4094 6354
248 455 391 511 ξιον

1139 456 1418 512 Βοιιιιιει
1455 413 1499 510 ιι
1532 457 1599 511 lN
1636 456 2053 516 ANNUNTIAT.
2090 459 2270 516 νίκα.
2309 461 2564 517 MANE.

3218 424 3222 429 ’
3312 460 3446 521 mo

245 579 345 633 καὶ
375 579 473 648 τὴν
502 571 760 646 διαθήκην
793 574 898 657 τὴν
920 573 1057 647 ¹’πρὸς
1099 579 1221 638 τοὺς
1252 576 1490 647 πατέρας
1521 576 1791 649 πληρῶσαι

1901 578 2141 649 patribus
2187 583 2540 636 constitutum
2608 581 2896 652 adimplere
2929 581 3178 639 Christus
3223 585 3441 646 volens.

245 673 642 744 βουλόμενος-ὀ
677 671 924 742 Χριστὸς,
977 671 1269 737 οὐρανοὺς
1313 671 1442 724 ποτὲ
1491 671 1586 741 μὲν
1643 672 1802 723 ἔκλι-

246 780 381 829 νεν,
428 765 526 817 καί
579 762 814 831 κατέϐη.
868 763 1050 826 Οὕτως
1091 763 1146 816 δὲ
1199 764 1274 826 ὡς
1324 763 1602 834 χωροῦμεν
1644 765 1806 834 ἡμεῖς

245 855 638 925 ἐμφανίζεται,
689 857 772 910 ίνα
821 856 943 909 ἰδεῖν
976 855 1159 921 αὑτὸν,
1191 857 1284 909 καὶ
1327 855 1663 926 ψηλαφῑψαι,
1712 856 1804 907 καὶ

244 946 477 999 ἀκοῦσαι
503 946 785 1010 λαλοῦντος
826 932 1149 1018 ίσχύσωμεν.
1167 947 1290 1000 ’Καὶ
1319 946 1406 1000 διὰ
1434 947 1587 1000 τοῦτο
1617 949 1646 998 ὁ
1675 945 1802 1009 Θεὸς

245 1033 418 1103 Λόγος
437 1036 614 1107 σάρκα
637 1037 730 1090 κα)⁵
755 1037 954 1091 τέλειον
979 1037 1256 1109 ἄνθρωπον
1281 1037 1343 1089 ὲκ
1370 1037 1621 1104 γυναικὸς
1646 1035 1800 1104 ἁγίας

247 1127 522 1198 Παρθένου
559 1127 846 1182 ἀναλαϐεῖν
881 1129 1235 1200 κατηξίωσεν,
1267 1128 1363 1182 κα)⁸
1406 1129 1669 1199 ’ἐγεννήθη
1712 1129 1802 1183 ἀν-

243 1218 483 1289 θρωπος,
518 1220 603 1273 ἵνα
636 1221 823 1291 ἐκτίσῃ
865 1221 928 1274 τὸ
958 1220 1220 1295 ἡμέτερον
1258 1221 1505 1295 ὄφλημα,
1539 1222 1634 1273 καὶ
1665 1221 1799 1291 πλη-

437 1310 626 1380 μέχρις
668 1310 882 1374 ἑαυτοῦ,
929 1314 1028 1381 τῆς
1069 1311 1204 1382 πρὸς
1247 1311 1494 1384 Ἀϐραὰμ
1515 1311 1796 1384 διαθήκης,

243 1400 546 1470 περιτομῆς
570 1417 632 1453 τε
657 1401 877 1455 καὶτῶν
900 1402 1094 1472 ἐφεξῆς
1115 1404 1358 1473 νομίμων
1383 1404 1451 1457 τὰ
1474 1405 1795 1475 ἐντάλματα.

241 1490 399 1546 Μετά
436 1490 493 1542 δὲ
536 1494 661 1556 τοὺς
703 1493 892 1561 λόγους
929 1493 1165 1557 τούτους,
1200 1497 1234 1565 ἡ
1267 1496 1396 1563 ἁγία
1424 1497 1692 1567 Παρθένος
1719 1499 1798 1559 εἰς

237 1582 343 1651 τὴν
402 1580 651 1654 Ναζαρὲτ
689 1584 999 1655 ἐπορεύετο·
1049 1585 1256 1640 ἐκεῖθεν
1308 1586 1378 1639 δὲ,
1415 1587 1574 1641 πάλιν
1626 1589 1798 1658 δόγμα

239 1669 520 1741 Καίσαρος
567 1674 656 1736 είς
699 1673 800 1743 τὴν
846 1673 1092 1745 Βηθλεὲμ
1133 1676 1390 1730 ἀνελθεῖν
1420 1678 1586 1748 αὐτὴν
1624 1695 1795 1749 παρεέ

239 1759 528 1814 σκεύασεν’
579 1762 727 1832 αὕτη.
754 1763 810 1815 δὲ
854 1764 930 1827 ὡς
974 1764 1085 1816 ἀπὸ
1116 1765 1216 1836 τῆς
1257 1764 1536 1836 βασιλικῆς
1563 1771 1794 1839 πατριᾶς

230 1854 688 1924 προϋπάρχουσα,
721 1857 799 1916 εἰς
819 1853 917 1925 τὴν
944 1854 1224 1928 βασιλικὴν
1248 1857 1340 1910 τοῦ
1366 1859 1530 1911 Δασὶδ
1562 1861 1794 1931 πατριὰν

237 1942 382 2012 μετά
425 1943 620 2016 Ἰωσὴφ
665 1944 759 1997 τοῦ
807 1946 1112 2017 μνηστῆρος
1159 1947 1451 2002 ἐστέλλετο.
1481 1951 1590 2003 Καὶ
1615 1951 1675 2002 τὺ
1700 1951 1794 2004 τοῦ

234 2035 442 2097 παντὺς
486 2036 738 2088 ἐπέκεινα
799 2034 1071 2107 θαύματος
1139 2038 1416 2108 ἠκολούθει
1482 2043 1790 2114 μυστήριον.

233 2126 510 2197 Παρθένος
552 2126 830 2191 τίκτουσα,
880 2130 975 2182 καὶ
1019 2133 1176 2201 χερσί⁸
1212 2123 1543 2201 βαστάζουσα
1571 2135 1662 2186 τὸν
1701 2136 1796 2205 ρή-

234 2235 371 2287 m
407 2220 585 2271 πᾶσαν
622 2220 729 2290 τὴν.
768 2221 942 2275 κτίσιν
982 2223 1335 2293 βαστάζοντα.
1380 2225 1490 2278 Καὶ
1535 2224 1674 2279 οὐδέ
1701 2229 1819 2280 τό·-

230 2325 353 2374 πος
391 2305 472 2378 ἦν
517 2312 721 2377 αὐτοῖς
765 2313 836 2366 ἐν
882 2314 964 2379 τῷ
1018 2318 1402 2385 καταλύματι.
1467 2298 1640 2371 Τόπον
1696 2319 1795 2372 ούκ

229 2396 378 2468 εἶχεν
399 2403 428 2453 ὀ
454 2403 632 2456 πᾶσαν
671 2404 768 2474 τῆν
800 2405 900 2475 τὴν
935 2406 1013 2475 τῷ
1052 2409 1251 2478 ῥήματι
1311 2407 1661 2478 θεμελιώσας.
1692 2410 1795 2464 Γά-

228 2491 391 2544 λακτι
431 2492 700 2563 τρέφουσα
741 2492 828 2546 τὸν
871 2497 1050 2548 πᾶσαν
1091 2498 1256 2567 πνοὴν
1287 2498 1636 2568 διατρέφοντα
1655 2543 1669 2563 ,
1700 2501 1796 2554 καὶ

228 2582 614 2649 ζωογονοῦντα.
650 2583 988 2652 Σπαργάνοις
1012 2584 1280 2655 δεσμοῦσα
1332 2586 1422 2639 τὸν
1453 2587 1593 2658 λόγῳ
1615 2591 1793 2642 πᾶσαν

228 2672 332 2740 τὴν
375 2671 550 2724 κτίσιν
603 2672 949 2747 δεσμεύοντα.
1001 2674 1088 2726 Ἐν
1143 2676 1316 2746 φάτνῃ
1374 2677 1645 2730 ἀνέκλινεν
1704 2678 1792 2732 τὸν

229 2766 332 2817 ἐπὶ
355 2764 619 2834 καθέδρας
643 2764 903 2836 χερουσὶμ
929 2765 1306 2836 ἐποχούμενον.
1333 2766 1451 2828 Φῶς
1477 2766 1534 2833 ἐξ
1563 2767 1790 2839 ούρανοῦ

227 2855 572 2926 περιέλαμπε
625 2855 715 2909 τὸν
742 2858 920 2910 πᾶσαν
945 2857 1045 2927 τὴν
1074 2858 1248 2910 κτίσιν
1278 2858 1600 2928 φωτίσαντα.
1625 2860 1794 2930 Στρα-

226 2951 346 3002 τιαὶ⁵
369 2949 612 3019 οὐράνιαι
630 2949 998 3016 δοξολογοῦσαι
1019 2948 1348 3021 παρίσταντο
1365 2950 1442 3020 τῷ
1460 2951 1564 3021 πρὸ
1583 2949 1792 3005 αἰώνων

227 3041 289 3091 ἐν
327 3039 575 3110 οὐρανοῖς
612 3037 967 3107 δοξαζομένῳ.
1017 3038 1214 3109 Ἀστὴρ
1250 3038 1519 3109 δῴουχῶν
1552 3040 1790 3110 κατεμή-

226 3144 357 3183 νυεν
387 3129 510 3191 τοὺς
539 3130 602 3181 ἐκ
632 3129 737 3197 γῆς
767 3127 1054 3198 πόρρωθεν,
1073 3127 1320 3192 ἐλθόντας
1348 3130 1483 3198 πρὸς
1511 3132 1599 3184 τὸν
1628 3131 1790 3194 ὅντως

1905 669 2055 722 catos
2083 670 2299 726 tandem
2341 673 2693 749 inclinavit,“
2732 676 2992 729 descendit
3019 676 3082 727 υ.
3121 674 3212 736 Sic
3265 684 3442 730 autem

1903 761 2194 814 secundum
2226 765 2574 831 capacitatem
2605 775 2842 820 nostram
2882 781 2940 821 se
2989 767 3152 822 nobis
3186 767 3440 826 ostendit.

1904 858 1962 904 ut
1987 852 2160 920 ipsum
2191 853 2372 908 videre
2423 870 2486 910 ac
2517 864 2766 928 tangere,
2808 866 2863 912 et
2905 858 3207 927 loquentem
3259 859 3443 913 audire

1901 944 2193 1011 possimus.
2241 944 2318 1000 Et'
2351 961 2627 1015 propterea
2678 947 2819 1004 Deus
2860 947 3089 1004 Verbum
3142 965 3356 1005 carnem
3390 959 3440 1003 et

1903 1034 2192 1112 perfectam
2226 1037 2513 1092 humanam
2546 1049 2793 1094 naturam
2839 1058 2906 1096 ex
2945 1041 3164 1096 muliere
3211 1042 3440 1096 sanctis-

1851 1125 1863 1136 ⁷
1901 1126 2040 1179 sima
2077 1125 2290 1197 Virgine
2316 1144 2592 1184 assumere
2609 1130 2865 1202 dignatus
2886 1143 2988 1199 est,
3016 1142 3069 1187 et
3099 1133 3260 1188 homo
3282 1141 3439 1188 natus

1899 1227 2002 1281 est,
2032 1226 2089 1273 ut
2119 1220 2352 1275 debitum
2382 1231 2654 1276 nostrum
2675 1227 3022 1292 persolveret,
3065 1235 3120 1280 et
3151 1241 3322 1294 usque
3371 1226 3438 1280 ad

1900 1324 1958 1362 se
1989 1309 2183 1378 ipsum,
2222 1320 2595 1367 testamentum
2627 1329 2748 1368 cum
2772 1315 3046 1368 Abraham
3097 1316 3439 1384 dispositum,

1898 1401 2347 1468 circumcisionis,
2399 1418 2462 1456 ac
2499 1413 2814 1459 cacterorum
2850 1408 3104 1475 legalium
3149 1414 3441 1476 prme

1898 1506 2018 1544 rum
2043 1492 2356 1562 adimpleret
2392 1494 2455 1547 ³ο.
2496 1494 2623 1549 Post
2655 1495 2755 1550 hos
2798 1512 2961 1564 porro
3002 1511 3280 1552 sermones
3320 1510 3442 1552 cou-

1896 1583 2059 1638 cessit
2107 1585 2162 1638 in
2219 1583 2484 1643 Nazareth
2536 1588 2876 1642 sanctissima
2909 1587 3101 1657 Virgo;
3144 1587 3268 1641 inde
3313 1600 3461 1641 vero.

1898 1690 2089 1732 rursus
2111 1677 2164 1730 in
2193 1677 2501 1733 Bethlehem
2526 1694 2620 1748 per
2640 1680 2875 1734 edictum
2905 1680 3131 1734 Caesaris
3153 1678 3442 1733 ascendere

1896 1777 2082 1824 coacta
2117 1779 2236 1831 est;
2266 1770 2380 1838 ipsa
2415 1781 2594 1825 autem
2630 1782 2885 1841 tanquam
2938 1787 3005 1827 ex
3051 1771 3198 1841 regia
3228 1770 3433 1824 familia

1895 1845 2210 1927 procedens,
2255 1861 2308 1915 in
2355 1862 2558 1932 regiam
2609 1861 2772 1916 David
2820 1863 3044 1932 patriam
3084 1877 3205 1916 cum
3241 1858 3438 1927 Joseph

1895 1966 2095 2019 sponso
2121 1954 2450 2008 mittebatur.
2475 1952 2540 2006 Et
2556 1953 2869 2024 mysterium
2901 1952 3044 2022 quod
3083 1967 3242 2005 omne
3283 1953 3448 2004 mira.

1894 2042 2090 2095 culum.
2124 2053 2341 2111 superat
2381 2054 2724 2098 consecutum
2777 2052 2863 2098 est
2894 2056 2909 2095 :
2937 2041 3098 2112 Virgo
3160 2041 3336 2111 parit,
3385 2049 3439 2093 et

1893 2131 2142 2185 manibus
2167 2140 2484 2200 gestat'eum
2507 2132 2602 2200 qui
2654 2133 2820 2188 verbo
2869 2146 3188 2187 res-omnes
3229 2137 3438 2185 creatas

1892 2228 2082 2289 gestat.
2109 2219 2288 2290 Neque
2315 2224 2456 2275 locus
2483 2233 2595 2276 erat
2631 2225 2704 2279 eis
2737 2226 2794 2278 in
2821 2225 3102 2278 diversorio
3126 2226 3191 2277 ⁸¹.
3233 2222 3436 2277 Locum

1892 2324 2002 2362 non
2033 2310 2304 2374 habebat,
2349 2312 2441 2380 qui
2495 2321 2663 2367 totam
2710 2321 2909 2368 terram
2956 2314 3120 2368 verbo
3169 2311 3434 2368 fundavit.

1893 2396 2055 2452 Lacte
2086 2398 2237 2469 virgo
2267 2410 2437 2452 mater
2457 2402 2708 2469 pascebat
2735 2418 2881 2465 eum,
2907 2404 2996 2470 qui
3025 2416 3240 2455 omnem
3271 2401 3436 2454 nutrit

1892 2491 2181 2560 vivumque
2238 2487 2486 2559 p‘roducit
2542 2493 2811 2560 Spiritum.
2873 2485 3078 2546 Fasciis
3133 2492 3438 2568 involvebat

1891 2597 2037 2646 eum,
2071 2583 2162 2650 qui
2195 2583 2359 2637 verbo
2380 2598 2594 2636 omnem
2621 2583 2752 2651 ligat
2776 2592 3099 2636 creaturam.
3145 2581 3202 2636 ln
3247 2597 3442 2652 praese-

1891 2672 1981 2739 pio
2002 2671 2296 2724 reclinahat
2322 2687 2471 2735 eum,
2496 2672 2588 2740 qui
2637 2672 2692 2723 in
2740 2672 2995 2726 cathedra
3049 2687 3211 2740 supra
3250 2674 3439 2727 cheru-

1891 2762 2000 2814 bim
2027 2761 2241 2814 vehitur
2273 2761 2338 2815 ³².
2385 2760 2504 2814 Lux
2541 2777 2571 2816 e
2613 2761 2764 2816 caelis
2806 2761 3249 2832 circumfulgebat
3288 2780 3434 2828 enim,

1889 2850 1984 2918 qui
2013 2865 2226 2904 omnem
2254 2852 2519 2906 illuminat
2547 2861 2872 2907 creaturam.
2892 2852 3148 2907 Caelestes
3167 2854 3435 2918 exercitus

1890 2941 2250 3009 gloriﬁcantes
2292 2944 2618 2998 assistebant
2652 2944 2722 3009 ei,
2752 2944 2994 3012 quiante
3033 2945 3228 3005 saecula
3271 2945 3437 3015 glori-

1889 3032 2081 3087 ﬁcatur
2103 3033 2156 3086 in
2181 3035 2350 3090 uelis.
2383 3036 2545 3090 Stella
2599 3036 2893 3103 praelucens
2931 3036 3186 3090 ducatum
3220 3047 3437 3106 praesta-

1890 3124 1980 3176 bat
2004 3125 2081 3178 eis
2105 3125 2171 3190 ³³,
2203 3127 2295 3194 qui
2327 3141 2392 3179 ex
2417 3126 2730 3193 longinquis
2751 3137 3010 3180 venerant
3035 3127 3342 3195 regionibus
3367 3131 3431 3184 ad

227 3219 512 3290 ἀνατολήν.
555 3220 644 3285 Ἐξ
667 3220 958 3275 Ἀνατολῶν
972 3223 1133 3290 ἦκασι
1166 3220 1594 3292 δωροφοροῦντες
1622 3223 1697 3293 τῷ
1723 3223 1790 3276 δι’

1891 3230 2014 3267 eum
2041 3216 2132 3283 qui
2157 3230 2280 3269 vere
2310 3215 2490 3267 oriens
2510 3224 2645 3269 erat.
2684 3215 2761 3270 Ex
2787 3219 3008 3276 Oriente
3033 3218 3279 3286 veniunt,
3319 3237 3437 3276 tuu-

227 3314 383 3383 ἡμᾶς
412 3309 803 3380 πτωχεύσαντι·
833 3313 866 3380 ἡ
896 3311 950 3364 δὲ
977 3311 1107 3378 ἀγία
1133 3309 1387 3373 Θεοτὸκος
1419 3316 1696 3384 συνετήρει
1719 3315 1788 3368 τὰ

230 3404 454 3473 ῥήματα
497 3398 686 3462 ταῦτα,
735 3397 1113 3467 συμϐάλλουσα
1157 3399 1213 3450 ἐν
1256 3399 1322 3467 τῇ
1368 3400 1561 3468 καρδίᾳ
1599 3401 1785 3470 αὐτῆς,

227 3492 308 3553 ὡς
355 3488 489 3543 ὅλων
541 3488 651 3540 τῶν
703 3488 1011 3559 μυστηρίων
1055 3487 1373 3558 ὑπάρχουσα
1420 3486 1644 3556 δοχείον.
1686 3490 1786 3542 Σοῦ

231 3581 355 3649 μὲν,
381 3572 429 3630 ὢ
452 3578 704 3645 ·παναγία
731 3575 992 3647 Παρθένε,
1028 3576 1293 3646 ἀνώτερος
1320 3577 1494 3646 πάσης
1517 3577 1788 3646 εὐφημίας

225 3674 257 3724 ὁ
287 3670 525 3733 ἔπαινος,
559 3668 645 3721 διὰ
672 3668 761 3720 τὸν
787 3671 852 3721 ὲκ
873 3667 964 3720 σοῦ
989 3665 1118 3719 Θεὸν
1147 3669 1322 3739 σάρκα
1346 3667 1661 3736 φορέσαντα,
1695 3668 1790 3719 καὶ

165 3769 177 3777 “
226 3760 557 3830 γεννηθέντα
601 3760 900 3830 ἄνθρωπον.
948 3761 1038 3813 Σοὶ
1083 3762 1231 3813 πᾶσα
1264 3759 1421 3827 φύσι-ς
1459 3759 1787 3825 ἐπουρανίων

225 3853 330 3908 καὶ
353 3853 628 3922 ἐπιγείων,
661 3853 754 3904 καὶ
782 3845 1143 3922 καταχθονίων
1174 3851 1282 3922 [ἵσ.
1325 3848 1672 3919 ὑποχθονίων]
1703 3848 1789 3900 σέ-

227 3945 338 4008 ϐας
364 3945 656 4017 προσφέρει
680 3942 740 3994 τὺ
773 3942 1094 4013 πρόσφορον.
1122 3944 1191 3995 Σὺ
1221 3940 1326 4011 γὰρ
1354 3939 1563 4009 άληθῶς
1602 3940 1786 4004 θρόνος

226 4035 548 4106 χερουϐικδς
592 4034 940 4096 ἀναδὲὂειξαι.
973 4035 1042 4084 Σὺ
1087 4035 1142 4085 ὲν
1175 4035 1285 4095 τοῖς
1321 4030 1506 4100 άκροις
1533 4029 1638 4081 τῶν
1666 4047 1786 4100 νοη-

224 4125 342 4179 τῶν
374 4123 498 4194 [ἄλ.
522 4123 693 4191 νότουι
723 4123 1021 4191 βασιλειῶν,
1067 4122 1238 4190 φωτὸς
1275 4123 1608 4190 ἀπαύγασμα
1649 4121 1786 4172 ἀπα-

228 4213 559 4285 στράπτεις·
610 4212 734 4264 ἔνθα
779 4211 1057 4276 δοξάζεται
1102 4211 1286 4283 Πατὴρ
1335 4212 1366 4263 ὁ
1417 4211 1666 4282 ἄναρχος,
1725 4207 1785 4266 οὗ

224 4304 335 4374 τὴν
378 4299 603 4371 δύναμιν
645 4299 800 4370 ἔσχες
846 4303 1280 4367 ὲπισκιάζουσαν·
1337 4305 1714 4374 προσκυνεῖται
1756 4308 1786 4357 ὁ

225 4392 398 4455 Υἱὸς,
431 4389 490 4443 ὃν
519 4389 659 4444 κατά
691 4390 866 4460 σάρκα
907 4393 969 4443 σὺ
1000 4394 1238 4454 τέτοκας·
1284 4389 1631 4459 δοξολογεῖται
1662 4392 1778 4463 [ἄλ.

222 4478 532 4552 δοξάζεται]
559 4479 778 4549 Πνεῦμα
803 4479 864 4532 τὸ
897 4481 1068 4546 ἆγιον,
1103 4483 1236 4551 ὅπερ
1268 4483 1324 4534 ὲν
1349 4484 1414 4552 τῇ
1445 4483 1636 4554 γαστρί
1664 4500 1778 4543 σου,

1889 3321 2017 3358 nera
2048 3305 2344 3359 deferentes
2369 3306 2415 3358 ei
2455 3309 2546 3376 qui
2597 3323 2801 3378 pauper
2848 3321 3065 3381 propter
3114 3329 3212 3366 nos
3258 3311 3432 3366 factus

1886 3406 1966 3450 est
1986 3397 2049 3450 ³⁵.
2081 3397 2434 3452 Sanctissima
2469 3415 2630 3468 porro
2658 3401 2748 3454 Dei
2790 3401 3033 3456 Genitrix
3082 3402 3441 3455 conservabat-7

1886 3488 2064 3540 omnia
2091 3487 2250 3540 verba
2283 3489 2418 3553 haec,
2445 3490 2728 3545 conferens
2753 3493 2805 3544 in
2852 3491 3014 3544 corde
3051 3507 3151 3544 suo
3173 3492 3215 3524 ³⁵
3241 3510 3257 3556 ;
3289 3491 3447 3546 velut:

1885 3593 2004 3645 quae
2063 3579 2303 3633 omnium
2353 3584 2726 3653 mysteriorum
2775 3596 2870 3633 vas
2915 3597 2978 3635 ac
3022 3584 3422 3651 receptaculum

1885 3677 2045 3720 esset.
2078 3667 2193 3722 Tua
2224 3687 2372 3735 sane,
2404 3688 2436 3726 ο
2461 3672 2801 3726 sanctissima
2833 3670 3017 3742 Virgo,
3064 3674 3184 3726 laus
3213 3688 3426 3745 omnem

1885 3774 2109 3827 prorsus
2134 3763 2345 3817 laudem
2369 3804 2384 3827 ,
2425 3773 2637 3831 propter
2681 3761 2846 3817 Deum
2889 3781 2956 3818 ex
2995 3775 3047 3818 te
3091 3765 3429 3821 iucaruatum

1884 3865 1948 3903 ac
1973 3852 2246 3907 hominem
2280 3863 2483 3917 natum,
2511 3853 2902 3910 cxcedit..Tibi
2936 3857 3116 3912 omnis
3160 3866 3428 3923 creatura,

1885 3941 1938 3994 in
1966 3945 2115 3998 caelis
2154 3960 2218 3997 ac
2251 3943 2406 3996 terris
2432 3951 2482 3996 et
2514 3945 2655 4010 apud
2693 3944 2925 4009 inferos,
2982 3949 3334 4001 reverentiam
3368 3964 3433 4010 ac

1885 4034 2087 4086 cultum
2116 4032 2520 4086 convenientem
2551 4035 2724 4091 offert.
2766 4036 2848 4090 Tu
2876 4037 3018 4091 enim
3047 4052 3170 4090 vere
3203 4039 3440 4091 thronus.

1883 4125 2099 4179 evasisti
2128 4123 2472 4179 cherubicus.
2506 4125 2586 4180 Tu
2621 4128 2673 4180 in
2718 4128 2943 4182 summis
2978 4127 3308 4193 spiritalibus
3352 4141 3432 4179 re-

1886 4217 2002 4283 gnis
2029 4215 2125 4285 [aL
2151 4216 2204 4267 in
2235 4218 2505 4283 supremis
2538 4219 2705 4273 austri
2736 4218 2961 4289 regnis],
2988 4217 3124 4272 lucis
3144 4219 3427 4286 splendore

1883 4318 2194 4378 coruscas:
2240 4304 2330 4358 ubi
2375 4306 2702 4373 glorificatur
2747 4304 2903 4358 Pater
2953 4306 3130 4360 omnis
3178 4308 3425 4378 principii

1882 4394 2312 4462 expers,'cujus
2361 4397 2769 4448 obumbrantem
2820 4395 3054 4449 habuisti
3099 4398 3426 4466 potentiam;

1883 4483 2138 4536 adoratur
2169 4483 2361 4547 Filius,
2394 4499 2551 4553 quem
2579 4481 2872 4535 secundum
2896 4498 3113 4538 carnem
3141 4486 3427 4554 peperisti;

196 4574 330 4644 {qv
359 4559 607 4642 γέννησιν
645 4569 754 4638 τοῦι
781 4569 1011 4640 μεγάλου
1042 4571 1306 4634 Βασιλέως
1345 4573 1661 4643 ἐνήργησεν.
1693 4571 1790 4624 Διά

1890 4573 2189 4628 celebratur
2235 4573 2331 4645 [αι.
2378 4569 2724 4642 gloriﬁcatur]
2761 4570 2998 4640 Spiritus
3045 4584 3284 4641 sanctus,
3335 4578 3426 4645 qui

223 4663 352 4727 σοῦ,
378 4664 809 4734 κεχαριτωμένη,
837 4661 1003 4731 Τριὰς
1035 4664 1163 4730 ἁγία
1209 4665 1302 4718 καὶ
1325 4664 1603 4734 ὁμοούσιος
1629 4665 1684 4713 ὲν
1706 4660 1782 4730 τῷ

221 4753 423 4823 κόσμῳ
449 4751 784 4825 γνωρίζεται.
818 4751 970 4804 Μετὰ
1004 4750 1094 4803 σοῦ
1115 4791 1129 4814 ,
1159 4754 1252 4805 καὶ
1284 4755 1425 4823 ἡμᾶς
1455 4750 1782 4813 καταξίωσον

223 4843 521 4913 μετασχεῖν
580 4841 681 4910 τῆς
733 4840 937 4902 τελείας
991 4856 1082 4891 σου
1143 4841 1396 4910 χάριτος,
1446 4841 1502 4888 ὲν
1567 4835 1781 4907 Χριστῷ

233 4934 417 5004 Ἰησοῦ
464 4935 542 5004 τῷ
588 4938 776 5007 Κυρίῳ
824 4936 996 5006 ἡμῶν⁶
1048 4935 1163 5003 μεθ’
1190 4930 1272 4997 οὗ,
1311 4933 1386 5002 τῷ
1421 4934 1592 5004 Ila-cpt
1635 4931 1779 4995 δόξα,

219 5027 347 5095 ἅμα
387 5040 451 5077 τι
498 5024 576 5095 τῷ
606 5015 752 5097 ’ἁγίῳ
798 5026 1102 5095 Πνεύματι·
1150 5025 1242 5077 νῦν
1282 5025 1374 5077 καὶ
1417 5024 1534 5084 ἀεὶ,
1563 5025 1653 5076 καὶ
1703 5027 1780 5086 εἰς

217 5112 432 5175 αἰῶνας
479 5113 586 5166 τῶν
633 5115 860 5169 αἰώνων.
897 5115 1065 5185 Ἀμήν
1249 5107 1291 5179 ᾧ
1332 5117 1363 5182 ἡ
1409 5113 1550 5176 δόξα,
1594 5115 1683 5166 καὶ
1721 5116 1780 5166 τὸ

218 5203 450 5277 κράτος,
481 5205 562 5268 εἰς
592 5207 717 5269 τοὺς
743 5206 940 5270 αἰῶνας
968 5205 1072 5259 τῶν
1093 5203 1316 5259 αἰώνων.
1356 5205 1570 5276 Ἀμήν].

298 5454 342 5483 η
377 5449 519 5504 Psal.
547 5467 679 5514 xvu,
709 5453 794 5506 10.

220 5522 266 5553 ³³·
303 5521 495 5574 Matth.
521 5536 581 5577 ﬂ.
659 5520 705 5552 “
726 5521 769 5574 ιι
788 5522 914 5579 Cor.
944 5542 1072 5593 vm,
1094 5527 1146 5582 9.
1223 5525 1266 5556 ³³
1295 5525 1424 5580 Luc-
1452 5542 1513 5591 11.
1541 5526 1626 5579 δίο

905 5457 950 5487 ”
975 5456 1106 5510 Gen.
1136 5472 1271 5516 xvn;
1331 5455 1470 5510 Psal.
1497 5472 1618 5520 Civ;
1673 5455 1829 5509 Rom.
1858 5471 1909 5508 iv
1939 5472 1951 5519 ;
1997 5454 2112 5509 Act.
2142 5470 2234 5509 vn.

1884 4665 1936 4717 in
1977 4673 2072 4719 tuo
2101 4676 2255 4720 utero
2288 4664 2621 4718 nativitatem
2664 4663 2842 4733 magni
2893 4664 3050 4734 Regis
3081 4668 3302 4735 peregit.
3327 4667 3428 4720 Per

1883 4758 1954 4816 te,
1987 4765 2020 4804 ο
2063 4755 2233 4822 gratia
2284 4751 2462 4818 plena,
2497 4747 2950 4805 Trinitas-sancta
2985 4762 3036 4806 et
3072 4756 3425 4807 consubstan-

1881 4844 2023 4897 tialis
2073 4845 2125 4896 in
2179 4841 2378 4894 mundo
2421 4844 2788 4909 cognoscitur.
2835 4842 3060 4906 Tecum,
3109 4851 3163 4897 et
3207 4857 3304 4895 nos
3344 4844 3426 4896 di-

1883 4950 2047 5003 gnare
2081 4931 2363 5000 participes
2395 4932 2603 4987 efﬁcere
2654 4933 2904 5002 perfecta:
2938 4943 3056 4994 tua:
3107 4935 3314 5001 gratiae,
3366 4935 3421 4986 in

1885 5026 2101 5080 Christo
2129 5023 2254 5076 Jesu
2297 5022 2526 5079 Domino
2557 5037 2740 5080 nostro
2769 5046 2782 5078 :
2812 5043 2933 5081 cum
2973 5041 3097 5094 quo,
3129 5023 3272 5076 Patri
3303 5025 3420 5094 glo—

1886 5117 1984 5180 ria,
2011 5115 2277 5182 simulque
2320 5112 2545 5181 Spiritui
2593 5131 2799 5181 sancto,
2827 5131 2967 5170 nunc
3008 5125 3058 5168 et
3096 5128 3326 5182 semper,
3367 5126 3421 5169 et

1884 5207 1938 5258 in
1969 5205 2158 5259 sarcula
2204 5206 2546 5260 saeculorum.
2579 5207 2747 5261 Amen
2792 5207 2887 5278 [αι.
2934 5208 3015 5257 cui
3053 5205 3219 5272 gloria
3245 5215 3294 5258 et
3326 5220 3418 5273 po-

1883 5296 2068 5359 tentia,
2097 5297 2149 5348 in
2175 5297 2369 5351 saecula
2392 5298 2728 5352 saeculorum.
2752 5293 2965 5364 Amen].

2348 5456 2388 5486 "
2428 5454 2556 5510 Luc.
2595 5469 2654 5513 ιι,
2686 5451 2732 5501 7.
2849 5451 2888 5479 ³³
2933 5447 3070 5502 Psal.
3123 5463 3316 5513 tuis,
3363 5449 3418 5500 2.
