4094 6354
243 465 389 527 1173

1153 469 1438 527 HOMILIA
1468 472 1533 528 ιη
1571 472 1640 528 I'N
1680 471 2102 558 ANNUNTIAT;
2133 461 2326 528 AVIRG.
2365 467 2649 526 MANE...

3338 460 3469 516 H74

242 586 360 659 γὰρ
401 586 623 642 Ἡσαΐου
669 587 762 641 καὶ
805 570 965 651 α’ὒτδς
1011 589 1248 661 ἠκροᾶτο
1297 592 1510 660 φωνῶν,
1543 592 1624 646 τό-
1672 592 1796 646 7601‘

1920 592 2047 646 bum
2079 607 2185 646 non
2208 590 2448 652 latebat;
2492 601 2616 642 nam
2653 593 2707 638 et
2742 581 2891 638 Isaia:
2918 581 3008 635 illa
3033 580 3196 635 verba
3232 579 3344 649 ipse
3374 593 3472 632 au-

244 678 289 746 ἡ
339 678 632 747 παρθένος
678 679 748 731 ἐν
793 680 1006 748 γαστρὶ
1059 681 1203 748 ἕξει,
1251 683 1347 736 καὶ
1384 684 1609 748 τέξεται
1639 687 1809 755 υἱόν.

245 767 372 824 Καὶ.
410 763 667 824 ἑκάστοτε
713 769 934 833 εἰκότως
977 774 1274 845 παρετήρει
1305 776 1400 845 τῆς
1442 775 1716 846 Παρθένου
1755 777 1816 828 τὸ

246 856 490 927 φθέγμα,
517 858 604 911 ἵνα
626 859 758 912 ὅπου
789 859 871 913 ὅτι
899 859 1196 931 πληροῦται
1227 861 1286 914 τὸ
1313 864 1609 934 μυστήριον
1636 863 1810 925 τοῦτο,

244 948 620 1020 προεξαρτύσῃ
663 950 754 1004 τὸν
799 951 980 1020 ψόγον.
1032 953 1128 1006 Διὰ
1153 953 1339 1018 τοῦτο,
1369 957 1397 1007 ό
1425 943 1696 1026 Δεσπότης
1726 956 1828 1008 διὰ

245 1039 732 1110 μεμνηστευμένης
771 1042 1047 1113 ἐλήλυθεν,
1074 1044 1160 1097 ἵνα
1188 1045 1279 1098 τὸν
1322 1046 1552 1116 πονηρὸν
1595 1035 1750 1116 λάθῃ,
1779 1049 1810 1116 ἠ

243 1129 354 1202 γὰρ
400 1131 791 1201 μηστευθεῖσα
830 1137 1176 1205 κατηγγυᾶτο
1220 1135 1420 1191 λοιπόν.
1460 1136 1542 1201 Τῷ
1559 1136 1703 1206 μηνὶ
1734 1135 1812 1201 τῷ

226 1218 416 1282 ἕκτῳ,
447 1219 758 1288 ἀπεστάλη
783 1223 1047 1290 Γαϐριὴλ
1079 1224 1220 1291 πρὸς
1256 1226 1557 1293 παρθένον
1590 1242 1812 1294 μεμνη-

238 1307 581 1375 στευμένην
627 1309 830 1375 ἀνδρὶ,
863 1303 912 1376 ᾧ
942 1311 1128 1381 ὄνομα
1181 1314 1409 1381 Ἰωσήφ.
1462 1316 1720 1366 ’Ἄκουσον
1757 1316 1809 1366 τί

241 1399 375 1467 περὶ
403 1398 586 1451 τούτου
614 1400 707 1453 τοῦ
735 1401 924 1471 ἀνδρὸς
949 1405 1041 1456 καὶ
1068 1404 1165 1473 τῆς
1188 1405 1460 1476 Παρθένου
1484 1409 1512 1459 6
1533 1409 1810 1476 προφήτης

239 1492 430 1562 φησίνο
480 1491 773 1561 Δοθήσεται
809 1493 868 1545 τὸ
909 1495 1338 1567 ἐσφραγισμένον
1398 1497 1553 1551 τοῦτο
1604 1499 1808 1569 βιϐλίον

240 1581 401 1652 ἀνδρὶ
433 1583 594 1636 εἰδότι
625 1586 942 1656 γράμματα.
975 1585 1117 1638 Τίτὸ
1141 1588 1566 1659 ὲσφραγισμένον
1585 1589 1805 1659 βιϐλίον,

238 1670 273 1741 ἢ
307 1673 525 1737 πάντως
698 1677 745 1727 εί
773 1674 846 1746 μὴ
869 1676 1107 1747 πάντως]
1131 1679 1162 1746 ή
1188 1678 1483 1747 ἀμόλυντος
1503 1677 1805 1751 Παρθένοςς

213 1763 396 1842 τπαρὰ
426 1764 586 1818 τίνων
613 1766 927 1836 δοθήσεται;
964 1767 1121 1838 Παρὰ
1153 1768 1261 1820 τῶν
1308 1769 1514 1839 ἱερέων,
1547 1771 1803 1842 δηλονότι.

237 1846 364 1908 Τίνι
393 1856 599 1928 τούτῳ;
629 1857 717 1927 Τῷ
746 1858 952 1913 τέκτονι
995 1861 1211 1932 Ἰωσήφ.
1253 1862 1403 1914 Ἐπεὶ
1430 1859 1521 1915 οὖν
1556 1866 1603 1916 οἱ
1645 1867 1806 1935 ἱερεῖς

233 1946 314 2009 ὡς
350 1946 581 2020 σώφρονι
611 1947 689 2017 τῷ
733 1949 928 2020 Ἰωσὴφ
974 1953 1280 2024 ἡρμόσαντο
1312 1953 1409 2024 τὴν
1444 1956 1679 2027 Μαρίαν,
1712 1956 1805 2007 καὶ

233 2040 536 2109 παρέθεντο
565 2039 729 2110 αὐτῷ,
748 2042 923 2111 γάμου
959 2043 1146 2114 καιρὸν
1186 2045 1563 2115 ἀναμένοντες,
1609 2031 1801 2116 ἔμελλε

228 2129 292 2181 δὲ
327 2122 482 2192 οὗτος
510 2129 799 2201 λαμϐάνων
829 2137 1015 2204 τηρεῖν
1061 2137 1118 2187 ὲν
1149 2128 1423 2207 ἀφθαρσίᾳ
1451 2136 1544 2206 τὴν
1595 2137 1803 2208 Παρθέ-

212 2217 349 2266 ’νςνο
380 2212 535 2268 τοῦτο
586 2218 865 2289 πόρρωθεν
912 2221 940 2273 6
993 2223 1276 2293 προφήτης
1333 2225 1798 2297 πρωνεφὼνησενο

228 2303 527 2374 [δοθήσεται
553 2308 614 2361 τὸ
637 2310 1068 2382 ὲσφραγισμένον
1111 2313 1266 2366 τοῦτο
1300 2315 1502 2385 βιϐλίον
1544 2317 1697 2388 ἀνδρὶ
1725 2320 1801 2370 εί-

229 2395 348 2449 δόιιι
375 2398 693 2468 γράμματα,
751 2404 846 2454 καὶ
894 2405 1026 2476 ἐρεῖ·
1063 2406 1136 2458 Οὐ
1195 2406 1427 2476 δύναμαι
1470 2408 1796 2475 ἀναγνῶναι.

230 2486 333 2539 Διά
355 2487 408 2539 τί
462 2490 522 2541 οὺ
547 2489 792 2556 δύνασαι,
825 2487 870 2544 ὧ
916 2495 1146 2563 Ἰωσήφς
1179 2485 1254 2548 Οὐ
1293 2497 1547 2568 δύναμαι,
1611 2500 1795 2567 φησὶν,

225 2577 558 2645 ἀναγνῶναν
586 2580 647 2633 τὸ
671 2581 777 2652 γὰρ
811 2582 1012 2651 βιϐλίον
1039 2585 1419 2656 ἐσφράγισται.
1458 2587 1573 2640 Τίνι
1605 2589 1800 2658 τηρού-

229 2685 433 2738 μενον;
465 2670 553 2740 Τῷ
577 2673 904 2744 Δημιουργῷ
934 2674 1040 2728 τῶν
1071 2675 1206 2729 ὂλων
1252 2679 1667 2749 κατοικητήριον
1695 2697 1795 2747 φυ-

226 2760 571 2832 λαττόμενον.
616 2764 752 2817 Ἀλλ’
782 2767 873 2819 ἐπὶ
895 2766 956 2821 τὺ
985 2767 1341 2838 προκείμενον
1395 2771 1790 2841 ἐπανέλθωμενο

231 2851 320 2917 Τῷ
348 2854 493 2922 μηνὶ
519 2854 599 2920 τῷ
623 2855 792 2924 ἕκτῳ,
821 2858 1134 2926 ἀπεστάλη
1159 2860 1422 2928 Γαϐριὴλ
1475 2862 1624 2928 πρὸς
1651 2877 1795 2929 παρ-

225 2943 430 2997 θένον.
467 2945 561 3009 Ὃς
587 2945 809 3010 πάντως
832 2965 935 3001 που
968 2950 1218 3013 τοιαύτας
1248 2941 1463 3014 ἐντολὰς
1483 2951 1790 3022 δεξάμενος·

225 3034 402 3106 Δεῦρο
421 3036 626 3102 λοιπὸν,
652 3032 695 3091 ὧ
716 3039 1038 3110 ἀρχάγγελε,
1076 3041 1342 3114 ὑπουργὸς
1372 3043 1528 3111 γενοῦ
1567 3030 1794 3114 φοϐεροῦ

229 3127 556 3196 μυστηρίου,
606 3128 1116 3201 ἀποκεκρυμμένου,
1172 3131 1471 3187 διακόνισον
1531 3135 1609 3204 τῷ
1668 3135 1795 3188 θαύ-

1917 683 2137 737 diebat:
2175 681 2308 734 Ecce
2353 681 2497 748 virgo
2537 679 2591 730 in
2630 686 2774 729 utero
2822 672 3048 736 habebit,
3090 681 3138 724 et
3186 671 3359 739 pariat
3402 671 3471 738 ﬁ-

1917 759 2044 835 lium
2072 773 2135 827 ³⁸.
2170 773 2350 838 Quare
2375 782 2428 825 et
2464 769 2704 839 quotidie
2737 765 2972 835 Virginis
3000 778 3184 817 vocem
3221 762 3472 817 observa-

1914 865 2022 928 bat,
2056 873 2115 918 ut
2147 866 2236 918 ubi
2275 862 2587 933 mysterium
2627 860 2730 912 hoc
2757 855 3156 925 adimpleretur,
3191 852 3469 907 infamiam

1914 952 2256 1024 praepararet.
2300 954 2476 1022 Atque
2517 951 2636 1004 ideo
2667 947 2924 1001 Dominus
2955 961 3049 1015 per
3082 945 3468 1014 desponsatam

1913 1045 2078 1110 venit,
2113 1053 2171 1099 ut
2201 1042 2504 1112 improbum
2554 1042 2775 1102 lateret;
2815 1052 2932 1105 qua!
2969 1035 3111 1089 enim
3144 1035 3465 1104 desponsata

1914 1133 2107 1199 fuerat,
2142 1134 2394 1201 deinceps
2440 1144 2639 1200 sponso
2672 1128 2924 1182 tradenda
2956 1133 3089 1180 erat.
3116 1124 3290 1178 Mense
3320 1135 3465 1178 sexto

1913 1227 2106 1279 missus
2142 1235 2218 1279 est
2254 1223 2464 1278 Gabriel
2508 1223 2576 1274 ad
2626 1221 2872 1290 virginem
2918 1218 3284 1286 desponsatam
3331 1215 3464 1276 viro.

1913 1319 1996 1377 cui
2058 1333 2241 1368 nomen
2303 1315 2514 1382 Ioseph.
2580 1314 2716 1367 Audi
2771 1311 2897 1380 quid
2954 1311 3020 1365 de
3072 1309 3176 1363 hoc
3237 1307 3355 1362 viro
3415 1316 3464 1361 et

1914 1406 2131 1476 Virgine
2175 1406 2319 1460 dicat
2367 1405 2623 1473 propheta
2656 1423 2668 1456 :
2701 1405 2943 1466 Dabitur,
2985 1402 3176 1469 inquit,
3220 1400 3353 1454 liber
3381 1397 3469 1455 hic

1911 1499 2226 1567 obsignatus
2254 1496 2371 1548 viro
2401 1498 2590 1549 scienti
2616 1495 2820 1547 litteras
2853 1494 2914 1546 ³⁵.
2943 1492 3007 1545 Et
3038 1493 3158 1562 quis
3189 1492 3288 1546 iste
3328 1491 3472 1564 obslf

1912 1599 2110 1659 gnatus
2155 1598 2238 1642 est
2282 1588 2434 1650 liber,
2479 1587 2579 1639 nisi
2623 1587 2844 1640 omnino
2892 1585 3233 1638 immaculata
3269 1582 3470 1654 Virgo?

1911 1680 1952 1731 A
1993 1680 2191 1748 quibus
2238 1678 2489 1734 dabitur?
2535 1676 2903 1733 sacerdotibus
2955 1674 3176 1728 scilicet.
3240 1672 3466 1727 Cuinatn

1910 1773 2082 1840 viro?
2159 1771 2312 1824 fabro
2399 1769 2616 1836 Joscph.
2690 1769 2823 1822 Cum
2912 1767 3072 1836 igitur
3159 1766 3466 1820 sacerdotes

1911 1863 2180 1932 Virginem
2215 1862 2437 1915 Mariam
2475 1870 2626 1915 casto
2655 1858 3065 1928 despondissent
3087 1855 3316 1926 Ioseph,
3345 1872 3465 1910 eam

1909 1956 2008 2024 ipsi
2049 1955 2515 2016 commendarunt,
2568 1964 2777 2021 tempus
2809 1951 3112 2018 nuptiarum
3147 1957 3468 2017 exspectan-

1906 2056 2018 2111 tes;
2074 2063 2235 2113 quam
2289 2047 2504 2114 quidem
2557 2047 2672 2115 ipse
2719 2043 2992 2112 accipiens
3042 2043 3469 2111 integram’erat

1905 2151 2359 2204 conservaturus;
2411 2138 2554 2207 quod
2598 2145 2649 2190 et
2714 2137 2872 2206 longe
2929 2141 3088 2188 antea
3150 2132 3476 2202 praedixerat

1904 2232 2159 2299 pr0pheta
2194 2250 2205 2283 :
2233 2231 2474 2292 Dabitur,
2521 2212 2789 2300 inquiens,
2821 2229 2954 2283 liber
2987 2227 3304 2295 obsignatus
3348 2226 3466 2278 vino

1903 2323 2090 2375 scienti
2128 2319 2364 2384 litteras,
2410 2329 2461 2374 et
2500 2321 2639 2374 dicet
2668 2338 2679 2372 :
2713 2303 2844 2372 Non
2876 2333 3095 2388 possum
3129 2317 3320 2384 legere.
3355 2312 3467 2367 Cur

1902 2426 2008 2463 non
2042 2419 2191 2479 potes
2223 2411 2429 2480 legere,
2471 2424 2504 2462 ο
2548 2409 2781 2478 Joseph?
2819 2407 2933 2462 Non
2967 2421 3188 2476 possum
3210 2443 3226 2470 ,
3257 2404 3464 2473 inquit,

1853 2533 1858 2538 -
1901 2499 2105 2566 legere;
2160 2514 2282 2550 nam
2330 2486 2464 2550 liber
2505 2498 2820 2566 obsignatus
2853 2505 2939 2551 est
2976 2497 3039 2546 ⁸ο.
3087 2495 3313 2547 Cuinam
3351 2509 3464 2547 ser-

1877 2587 2093 2640 “vatur?
2130 2586 2328 2638 lterum
2361 2587 2602 2638 nuntium
2625 2586 2869 2639 Creatori
2934 2599 3031 2652 pro
3068 2581 3339 2637 domicilio
3367 2596 3463 2636 en-

1899 2680 2150 2732 stoditur.
2175 2677 2440 2730 Czeterum
2470 2664 2535 2730 ad
2566 2677 2898 2746 propositum
2922 2675 3205 2729 redeamus
3240 2692 3252 2727 :
3287 2671 3462 2726 Mense

1898 2779 2064 2829 sexto,
2107 2769 2295 2821 missus
2342 2777 2416 2820 est
2463 2765 2671 2821 Gabriel
2710 2767 2779 2820 ad
2824 2767 3092 2837 virginem.
3147 2762 3249 2830 Qui
3303 2763 3460 2832 plane

1897 2859 2162 2927 ejusmodi
2201 2841 2453 2914 mandata
2501 2875 2531 2912 a
2566 2857 2676 2912 Deo
2713 2865 2994 2926 acceperat
3024 2874 3037 2910 :
3067 2855 3372 2919 Adesdum,
3425 2870 3463 2905 (ι

1897 2952 2218 3022 arcliangele
2241 2993 2255 3016 ,
2295 2952 2538 3006 minister
2574 2948 2832 3003 tremendi
2877 2958 2928 3001 et
2975 2946 3155 2999 arcani
3190 2955 3307 2999 esto
3345 2960 3460 3014 my-

1897 3042 2086 3105 stcrii;
2141 3040 2403 3094 miraculo
2452 3038 2680 3092 deservi.
2733 3035 2812 3088 Ad
2856 3033 3238 3103 requirendum
3287 3033 3456 3088 Adam

1895 3132 1986 3201 qui
2018 3140 2309 3194 erraverat,
2358 3128 2490 3182 meis
2534 3137 2836 3180 commotus
2880 3121 3332 3191 liiiserationibtts,
3365 3125 3459 3180 de-

229 3231 384 3312 ματι.
418 3216 510 3312 Ei;
534 3215 862 3312 dvaC‘hrqow
909 3220 1000 3287 τοῦ
1056 3223 1420 3294 πλανηθέντος
1463 3226 1638 3296 Ἀδὰμ
1663 3244 1794 3279 κατ-

1899 3223 2153 3276 scendere
2183 3234 2430 3289 propero.
2489 3219 2781 3272 Peccatum
2823 3215 3140 3270 inveteravit
3171 3233 3314 3280 eum,
3366 3218 3458 3286 qui

225 3304 403 3358 ελθεῖν
464 3306 566 3361 ὑπὸ
642 3309 751 3362 τῶν
806 3313 954 3383 ἐμῶν
1001 3315 1316 3387 οἰκτιρμῶν,
1366 3317 1671 3388 ἐπείγομαι.
1733 3319 1796 3371 Ἦ

224 3393 475 3464 ἁμαρτία
502 3394 591 3447 τὸν
621 3399 739 3451 κατ’
769 3401 950 3454 εἰκόνα
994 3403 1091 3474 τὴν
1145 3404 1280 3474 ἐμὴν
1335 3405 1636 3458 πλασθέντα
1664 3409 1795 3460 ἐπα-

227 3485 485 3548 λαίωσεν,
537 3486 630 3540 καὶ
685 3488 745 3540 τὸ
799 3490 907 3543 τῶν
963 3494 1110 3562 ἐμῶν
1168 3495 1362 3566 χειρῶν
1411 3496 1796 3569 δημιούργημα

227 3576 566 3648 ἑσάθρωσεν,
592 3579 923 3652 ὰμαύρωσεν
946 3584 1082 3656 ὅπερ
1114 3587 1320 3640 ἔπλασα
1351 3587 1558 3650 κάλλος.
1607 3591 1664 3640 ’0
1701 3589 1792 3640 λύ-

136 3710 147 3718 .
223 3684 325 3731 xc;
354 3668 425 3721 τδ
466 3669 593 3739 ἐμὸν
634 3673 996 3743 κατανέμεται
1029 3675 1268 3747 θρέμμα,
1322 3677 1524 3748 ἔρημόν
1559 3680 1671 3731 ἐστι
1699 3680 1791 3731 τοῦ

227 3760 559 3830 παραδείσου
594 3763 653 3816 τὺ
687 3766 1020 3836 οἰκητήριον,
1053 3767 1116 3820 τὸ
1171 3769 1320 3834 ξύλον
1370 3769 1469 3838 τῆς
1521 3769 1664 3839 ζωῆς
1691 3773 1793 3823 ὑπὸ

221 3853 328 3922 τῆς
357 3852 609 3925 φλογίνης
651 3857 919 3926 ῥομφαίας
973 3859 1313 3928 φυλάττεται,
1363 3859 1666 3914 κέκλεισται
1695 3864 1792 3932 τῆς

221 3943 443 4013 τρυφῆς
472 3944 533 3997 τὸ
564 3947 776 4018 χωρίον,
810 3947 944 4001 ἐλεῶ
976 3949 1036 4002 τὸ
1088 3949 1409 4020 πολεμηθὲν,
1452 3951 1544 4013 καὶ
1605 3952 1792 4005 συλλα-

223 4032 420 4086 ϐέσθαι.
445 4034 533 4088 τὸν
566 4036 819 4108 πολέμιον
846 4037 1122 4108 βούλομαι·
1148 4038 1325 4092 λαθεῖν
1346 4040 1400 4091 δὲ
1433 4039 1587 4104 θέλω,
1615 4042 1792 4107 πάσας

219 4123 329 4186 τὰς
352 4123 460 4175 τῶν
492 4125 733 4195 οὐρανῶν
760 4127 1037 4195 δυνᾲμεις,
1074 4129 1154 4179 σοὶ
1192 4129 1332 4197 μόνῳ
1361 4128 1544 4202 θαρρῷ
1587 4132 1645 4184 τὸ
1693 4151 1792 4202 μυ-

222 4215 472 4284 στήριον.
504 4216 646 4287 Πρὸς
676 4216 772 4286 τὴν
804 4213 896 4269 οὖν
928 4217 1202 4288 Παρθένον
1229 4221 1446 4290 Μαρίαν
1478 4225 1789 4294 πορεύθητι.

185 4326 188 4327 ⁷
223 4302 467 4356 Ἀπελοε
501 4304 634 4374 πρὸς
657 4304 758 4373 τὴν
780 4305 1018 4376 ἔμψυχον
1049 4308 1221 4374 πόλιν,
1247 4311 1375 4382 περὶ
1411 4307 1478 4383 ἦς
1505 4315 1533 4365 6
1572 4315 1789 4384 Προφήο

217 4411 327 4463 της
359 4393 563 4462 ἐλεγενο
607 4393 1020 4465 Δεδοξασμένίι
1065 4399 1334 4468 ἐλαλήθη
1381 4405 1512 4470 περὶ
1567 4404 1701 4466 σοῦ,
1751 4406 1788 4469 ἡ

219 4485 552 4552 πόλιςγτοῦ
612 4485 777 4538 Θεοῦ.
835 4488 1066 4540 Ἀπελοε
1109 4491 1245 4561 πρὸς
1299 4492 1387 4544 τὸν
1446 4491 1655 4559 λογικόν
1688 4510 1787 4561 μου

1899 3312 1964 3364 ad
1997 3311 2281 3379 imaginem
2310 3325 2483 3362 meam
2516 3307 2783 3363 formatus
2810 3317 2913 3370 est,
2949 3317 3002 3361 et
3033 3322 3170 3376 opus
3202 3323 3458 3362 manuum

1899 3418 2140 3455 mearum
2173 3401 2502 3462 debilitavit,
2557 3399 3118 3468 pnlcln'itudinemque
3145 3416 3173 3451 a
3211 3415 3295 3452 me
3322 3415 3456 3452 cou-

1898 3493 2089 3546 fectam
2122 3493 2450 3548 obscuravit.
2493 3491 2674 3561 Lupus
2703 3508 2879 3545 meum
2910 3492 3183 3543 alumnum
3212 3491 3469 3546 devorat.

1896 3583 2130 3652 paradisi
2162 3584 2492 3638 domicilium
2517 3585 2806 3646 desolatur,
2843 3581 3043 3649 lignum
3077 3580 3199 3635 vita:
3219 3595 3250 3634 a
3278 3581 3454 3649 gladio

1896 3677 2146 3728 ﬂammeo
2183 3676 2485 3730 custoditur
2519 3675 2584 3739 ιι,
2626 3686 2848 3738 campus
2882 3670 3196 3724 deliciarum
3233 3670 3465 3725 clausus.

1901 3777 2005 3822 est.
2036 3767 2340 3837 Oppugnati
2369 3768 2649 3826 misereor,
2678 3771 2732 3816 et
2765 3761 2972 3815 hostem
3004 3756 3453 3830 camprcbendere
3553 3807 3566 3813 -

1894 3859 2056 3924 volo;
2113 3857 2428 3925 mysterium
2487 3853 2590 3904 hoc
2643 3859 2866 3905 cunctas
2928 3852 3156 3905 virtutes
3209 3851 3454 3906 cmlestes

1895 3950 2060 4002 latere
2096 3949 2275 4015 cupio,
2307 3943 2450 4012 quod
2486 3941 2582 3995 tibi
2613 3941 2712 3996 soli
2743 3943 2972 3996 conﬁdo.
3014 3942 3158 3997 Vade
3199 3945 3358 4014 igitur
3388 3949 3454 3998 ad
3538 3943 3540 3947 ’

1894 4037 2115 4090 Mariam
2165 4033 2444 4101 virginem.
2479 4030 2578 4084 Abi
2618 4031 2682 4084 ad
2720 4031 3009 4084 animatam
3047 4033 3348 4095 civitatem,
3389 4036 3456 4086 de

1894 4145 1998 4199 qua
2041 4127 2251 4181 dicebat
2291 4123 2562 4193 Propheta
2595 4141 2608 4176 :
2644 4123 2884 4178 Gloriosa
2925 4126 3067 4177 dicta
3108 4127 3327 4178 snnt‘de
3369 4137 3450 4184 te.

1894 4222 2076 4273 civitas
2103 4218 2198 4269 Dei
2222 4219 2287 4270 ".
2314 4216 2412 4270 Abi
2447 4216 2511 4269 ad
2545 4215 2852 4285 paradisum
2880 4232 3058 4270 meum
3088 4218 3295 4275 ratione
3327 4232 3454 4286 pra:-

1892 4314 2096 4375 ditum;
2144 4310 2227 4363 abi
2266 4311 2330 4365 ad
2365 4319 2576 4379 portam
2618 4308 2967 4375 orientalem;
3018 4308 3101 4362 abi
3133 4311 3197 4364 ad
3228 4309 3453 4364 domici-

1891 4403 2020 4454 lium
2048 4401 2226 4455 Verbo
2256 4417 2375 4454 meo
2402 4401 2621 4470 dignum
2644 4402 2788 4465 ;.abi
2832 4401 2896 4453 ad
2929 4401 3154 4464 alterum
3176 4441 3191 4466 ,
3222 4400 3365 4470 quod
3397 4398 3452 4452 in

1893 4495 2034 4540 terra
2067 4497 2169 4552 est,
2198 4489 2424 4552 uelum;
2454 4487 2537 4540 abi
2569 4489 2633 4541 ad
2666 4489 2859 4540 nubem
2894 4487 3084 4550 levem,
3115 4495 3167 4540 et
3194 4489 3452 4540 adventus

217 4575 574 4648 παράδεισον·
621 4575 819 4629 ἄπελθε
871 4578 1003 4648 πρὸς
1029 4579 1125 4650 τὴν
1162 4581 1334 4651 πύλην
1378 4583 1475 4650 τῆς
1513 4581 1789 4650 ἀνατολῆςο

1900 4579 2005 4630 mci
2055 4579 2281 4632 imbrem
2330 4579 2427 4646 ipsi
2477 4593 2773 4642 annuntiat;
2830 4579 2915 4630 abi
2967 4579 3030 4631 ad
3083 4579 3449 4629 sanctuarium

215 4669 429 4726 ἄπελθε
463 4669 595 4741 πρὸς
625 4668 685 4722 τὸ
710 4668 854 4733 ἄξιον
889 4671 1019 4740 ἐμοῦ
1052 4672 1142 4725 τοῦ
1163 4673 1335 4739 Λόγου
1361 4675 1789 4744 κατοικητήριον·

217 4758 432 4814 ἄπελθε
466 4761 600 4832 πρὸς
629 4760 717 4812 τὸν
768 4759 1016 4831 δεύτερον
1073 4764 1165 4815 ἐπὶ
1191 4764 1291 4831 γῆς
1318 4763 1562 4831 ούρανόψ
1594 4763 1791 4818 ἄπελθε

217 4851 366 4920 πρὸς
397 4852 496 4922 τὴν
530 4851 737 4921 κούφην
791 4851 1036 4922 νεφέλην⁹
1078 4856 1308 4924 μήνυσον
1347 4854 1482 4923 αὐτῇ
1515 4856 1611 4926 τῆς
1656 4857 1794 4928 ἐμῆς

167 4931 174 4934 ’
215 4943 644 5014 παρουσίαςτὺν
672 4943 890 5015 ὅμϐροψ
923 4943 1118 4996 ἄπελθε
1176 4944 1310 5014 πρὸς
1372 4945 1432 4997 τὸ
1479 4948 1598 5016 ἐμοὶ
1643 4951 1787 5018 ἡτοι-

217 5033 506 5104 μασμένον
537 5036 800 5107 ἁγίασμαο
855 5036 1050 5089 ἄπελθε
1101 5036 1234 5106 πρὸς
1285 5036 1380 5106 τὴν
1425 5040 1668 5094 παστάδα
1692 5041 1789 5111 τῆς

210 5125 711 5199 ὲνανθρωπήσεως.
745 5128 975 5182 Ἀπελθε
998 5127 1139 5198 πρὸς·
1160 5129 1250 5180 τὸν
1274 5128 1505 5202 καθαρὸν
1528 5133 1788 5202 νυμφῶνα

207 5216 325 5284 τῆς
369 5219 514 5281 κατὰ
563 5222 738 5292 σάρκα
796 5239 894 5292 μου
941 5221 1263 5290 γεννήσεως.
1317 5223 1559 5294 Λάλησον
1604 5226 1682 5285 είς
1717 5223 1786 5275 τὰ

205 5300 342 5360 ὦτα
367 5307 468 5375 τῆς
499 5311 719 5382 λογικῆς
747 5313 996 5378 κιϐωτοῦ,
1042 5311 1326 5382 ἑτοίμασαί
1358 5332 1444 5384 μοι
1487 5315 1585 5384 τῆς
1619 5314 1784 5381 ἀκοῆς

203 5398 323 5462 τὰς
351 5399 602 5466 εἰσόδους.
647 5402 803 5459 Ἀλλὰ
848 5407 945 5478 μὴί
979 5404 1301 5476 θορυϐήσῃς,
1365 5407 1495 5477 μηδὲ
1550 5405 1782 5476 ταράξῃς

203 5489 320 5560 τὴν
345 5487 520 5559 ψυχὴν
573 5495 670 5563 τῆς
699 5497 991 5567 Παρθένου.
1054 5496 1337 5560 Ἐπιεικῶς
1370 5497 1447 5567 τῷ
1489 5498 1782 5565 ἁγιάσματι

205 5578 443 5650 φάνηθι·
469 5580 700 5651 ,πρώτην
745 5590 888 5658 αὐτῇ
929 5589 1109 5659 φωνὴν
1135 5591 1305 5659 χαρᾶς
1355 5588 1666 5657 ἀναϐόησον.

205 5669 345 5726 εἰπὲ
369 5671 699 5744 τῇΜαριὰμι
739 5677 818 5741 τὸ,
854 5657 1526 5749 Χαῖρε,-κεχάριτωμένησ
1563 5679 1626 5729 ἵν’
1676 5657 1784 5743 syri.

1897 4670 2029 4723 mihi
2056 4680 2452 4740 przeparatum;
2495 4671 2580 4722 abi
2614 4670 2679 4720 ad
2713 4667 3093 4721 incarnationis
3132 4681 3262 4719 mea:
3299 4667 3450 4719 cubi-

1896 4765 2098 4817 culum.
2153 4761 2299 4816 Vade
2352 4763 2416 4815 ad
2473 4775 2665 4829 purum
2711 4773 2844 4812 mea;
2890 4758 3184 4813 secundum
3233 4775 3452 4814 carnem

1895 4854 2187 4909 nativitatis
2245 4853 2560 4904 thalamum.
2617 4852 2861 4923 Loquere
2916 4853 2967 4906 in
3027 4845 3249 4907 auribus
3313 4869 3450 4906 arca:

1895 4959 2026 4997 mete
2058 4943 2262 4995 ratione
2290 4942 2541 5008 pra-diue,
2595 4951 2652 4996 ut
2694 4944 2984 5015 auditionis
3017 4944 3148 4998 mihi
3184 4951 3331 5013 paret
3362 4943 3447 4994 in—

1894 5047 2157 5102 gressum.
2195 5030 2298 5084 Sed
2331 5047 2460 5085 cave
2487 5034 2748 5100 oﬂendas,
2783 5046 2875 5090 aut
2905 5037 3189 5091 conturbes
3225 5032 3448 5101 virginis

1895 5123 2153 5176 animum.
2207 5120 2523 5178 liumanitcr
2557 5141 2621 5180 ac
2651 5129 2859 5196 placide
2908 5143 3087 5182 coram
3134 5125 3313 5178 divino
3355 5124 3447 5178 illo

1891 5212 2128 5265 sacrario
2157 5226 2471 5288 compareas
2491 5255 2504 5278 ,
2557 5218 2890 5286 primamque
2924 5217 3024 5286 ipsi
3055 5214 3230 5284 gaudii
3260 5228 3442 5268 vocem

1890 5305 2127 5358 enuntia.
2165 5303 2242 5357 Tu
2274 5307 2433 5371 illud,
2465 5309 2586 5370 Are,
2621 5310 2794 5378 gratia
2823 5309 2999 5376 pleno,
3027 5306 3090 5358 ad
3118 5305 3338 5364 Mariam
3368 5308 3442 5360 di-

1888 5396 2025 5460 cito;
2058 5407 2118 5450 ut
2151 5413 2249 5467 ego
2273 5414 2588 5453 arumnosas
2613 5410 2771 5469 atque
2796 5400 2999 5452 amictae
3018 5397 3274 5449 miserear
3301 5397 3441 5451 Erue.

1887 5490 2103 5544 Audivit
2146 5491 2246 5545 ista
2300 5493 2687 5564 archangelus,
2734 5499 2786 5545 et
2829 5489 2968 5557 apud
3012 5504 3087 5551 se,
3140 5499 3197 5542 ut
3248 5493 3440 5545 rationi

1890 5590 2312 5637 consentaneum
2349 5592 2497 5644 erat,
2531 5581 2804 5650 cogitabat
2824 5591 2982 5648 atque
3014 5579 3225 5634 dicebat
3254 5600 3265 5633 :
3294 5580 3443 5634 Nova

1889 5680 1942 5727 ct
1987 5673 2225 5728 inaudita
2269 5676 2381 5727 iure.
2415 5690 2500 5727 res
2537 5685 2634 5726 est.
2691 5670 3094 5746 lntclligentiam
3133 5681 3401 5748 superant
3423 5711 3462 5738 ,,

288 5847 462 5904 “lsa.
506 5865 577 5905 κιρ
636 5838 714 5906 is.
761 5819 794 5895 ξ
821 5854 840 5885 ⁹
869 5854 974 5909 lsa.
999 5872 1153 5923 xxix,
1185 5857 1268 5911 li.
1347 5856 1388 5889 ‘°
1423 5854 1554 5911 lb’nl.
1633 5855 1672 5888 δ’
1705 5854 1796 5911 Gel

1902 5871 1960 5922 ιι,
1986 5858 2073 5914 2t.
2153 5860 2194 5890 ’δ’
2222 5856 2364 5916 Psal.
2406 5872 2622 5926 tum,
2655 5857 2709 5913 5.
