4094 6354
729 487 864 563 ίίῖῦ
1355 486 1407 536 S.
1449 482 1773 538 CliEGORIl
1813 481 2171 538 TIIAUMAT.
2217 479 2365 534 OPP.
2420 478 2597 531 PARS
2634 475 2930 531 ALTERA.
2970 507 3039 516 -—
3076 475 3302 531 θυεμ..
3793 466 3917 523 1ιῖίί

725 625 840 676 qua:
880 606 1148 662 dicuntur.
1177 607 1347 672 Quem
1378 604 1723 658 reformidant
1762 605 2037 660 cherubim
2060 642 2075 665 ,
2112 618 2270 671 quem

2377 600 2577 671 ἐλεησω
2610 598 2751 652 Εὕαν
2784 600 2881 669 τὴν
2919 596 3326 667 κεκακωμένην.
3373 596 3643 647 Ἤκουσεν
3669 594 3694 645 6
3724 591 3922 662 ἀρχάγ-

721 698 986 766 εεηρῑιὶιιι
1034 698 1561 767 intuerinequeunt,
1600 712 1758 764 quem
1806 708 2013 750 cuncta:
2046 695 2271 749 virtutes

2377 691 2528 760 γελος
2562 690 2753 750 ταῦτα,
2787 691 2879 741 καὶ
2907 689 3027 741 καθ’
3060 687 3271 748 ἑαυτὸν,
3321 685 3396 748 ὠς
3444 684 3613 745 εἰκὸς,
3636 679 3919 749 ἐλογίζετοο

719 787 968 841 caelestes
1011 785 1115 857 [ιιι.
1169 783 1456 856 angelicae]
1502 786 1951 854 comprehendere
1997 786 2270 839 intellectu

720 893 827 931 non
858 877 1055 939 valent,
1091 879 1135 931 is
1165 891 1323 931 suum
1364 876 1629 945 promittit
1660 876 1847 943 puellae
1878 892 2225 944 congressum
2253 915 2267 940 ,

719 985 937 1038 suaeque
986 968 1155 1036 ipsius
1208 982 1451 1036 persona:
1497 967 1758 1021 adventus
1803 967 2115 1033 denuntiat;
2163 970 2272 1023 imo

719 1077 849 1114 vero
872 1063 1171 1128 ingressum
1202 1074 1296 1127 per
1317 1059 1555 1111 auditum
1584 1058 1879 1126 pollicetur;
1912 1068 1964 1113 et
1990 1062 2079 1129 qui
2108 1060 2269 1115 Evam

718 1152 1113 1215 condemnavit,
1165 1152 1283 1218 ejus
1313 1148 1471 1203 tiliam
1507 1158 1782 1217 tantopere
1809 1149 2105 1219 glorificare
2144 1166 2272 1205 con-

718 1243 923 1297 tendit?
976 1241 1061 1294 Ait
1109 1242 1251 1294 enim
1292 1258 1303 1294 :
1336 1239 1493 1294 Paret
1533 1241 1665 1293 mihi
1697 1239 1914 1294 auditus
1944 1240 2268 1310 ingressum.

719 1331 823 1384 Sed
853 1330 1096 1398 nunquid
1140 1329 1332 1397 poterit
1368 1328 1591 1398 virginis
1630 1338 1815 1384 uterus
1859 1329 2008 1383 illum
2040 1346 2268 1397 capere,

716 1421 810 1488 qui
840 1420 1213 1488 comprehendi
1241 1410 1457 1488 nequit?
1490 1419 1798 1491 Mysterium
1832 1434 2010 1474 revera
2040 1429 2271 1477 tremen-

717 1512 845 1562 dum
889 1523 952 1561 ac
989 1510 1347 1563 venerandum
1373 1518 1454 1563 est
1490 1510 1652 1563 istud.
1711 1508 1859 1563 Talia
1893 1510 2019 1563 dum
2053 1510 2273 1578 angelus

720 1614 905 1654 secum
944 1599 1229 1669 cogitaret,
1273 1601 1409 1654 dixit
1458 1600 1718 1653 Dominus
1764 1600 1831 1652 ad
1874 1600 2090 1668 ipsum:
2132 1602 2273 1666 Quid

720 1692 955 1745 turbaris
989 1692 1221 1744 novitate
1250 1692 1348 1754 rei,
1382 1706 1414 1745 ο
1440 1691 1691 1745 Gabriel?
1730 1686 1922 1745 Nonne
1948 1700 2104 1745 antea
2144 1694 2276 1747 mis-

718 1799 813 1836 sus
855 1796 885 1835 a
922 1796 1008 1835 me
1039 1796 1098 1835 es
1139 1783 1205 1834 ad
1240 1780 1555 1835 Zachariam
1592 1781 1923 1836 sacerdotem
1964 1782 2044 1834 “?
2088 1783 2275 1838 Nonne

718 1873 819 1943 ipsi
870 1874 1048 1927 laetum
1101 1873 1397 1927 nativitatis
1440 1871 1666 1928 Joannis
1711 1873 1937 1927 attulisti
1986 1875 2275 1928 nuntium?

716 1964 903 2019 Nonne
935 1965 1208 2021 incredulo
1238 1964 1503 2022 sacerdoti
1538 1965 1917 2020 taciturnitatis
1946 1978 2161 2035 poenam
2186 1966 2271 2019 in-
2306 1947 2348 2001 Β

716 2056 921 2108 tulisti?
945 2054 1131 2110 Nonne
1172 2072 1353 2111 senem
1400 2056 1626 2126 loquela:
1662 2056 1961 2125 privatione
1995 2056 2271 2111 multasti?

717 2143 904 2198 Nonne
934 2162 1051 2213 qua:
1083 2157 1136 2201 tu
1165 2149 1462 2212 asseruisti,
1503 2163 1604 2219 ego
1634 2148 1948 2203 conﬁrmavi
1986 2156 2039 2202 et
2076 2162 2270 2217 appro-

716 2237 875 2290 bavi?
922 2236 1108 2292 Nonne
1136 2249 1279 2293 tuam
1318 2241 1779 2295 annuntiationem
1817 2256 1907 2295 res
1937 2241 2050 2309 ipsa
2080 2240 2271 2295 subse-

716 2338 843 2383 cuta
881 2315 1006 2384 est?
1044 2329 1231 2385 Nonne
1274 2333 1473 2387 sterilis
1519 2318 1802 2401 concepit?
1853 2331 2043 2386 Nonne
2086 2340 2272 2397 uterus

717 2421 986 2479 obedivit?
1018 2420 1204 2476 Nonne
1227 2422 1524 2477 sterilitatis
1551 2423 1771 2477 morbus
1805 2425 2057 2479 recessit?
2088 2423 2273 2479 Nonne

718 2523 921 2568 natura:
966 2515 1170 2581 inertia
1223 2513 1400 2584 fugit?
1444 2512 1633 2568 Nonne
1696 2529 1838 2568 nunc
1892 2514 2269 2570 fecunditatem

717 2605 971 2667 ostendit,
998 2622 1117 2675 qua:
1145 2607 1294 2675 prius
1330 2615 1543 2659 uterum
1589 2620 1694 2659 non
1732 2605 1989 2675 gerebat?
2021 2591 2271 2676 Nunquid

718 2696 1046 2765 impossibile
1097 2696 1237 2765 apud
1289 2711 1375 2751 me
1414 2705 1732 2752 cunctorum
1776 2704 2073 2751 creatorem
2104 2738 2118 2761 ,
2172 2699 2275 2752 erit

718 2800 878 2838 omne
908 2786 1164 2839 verbum?
1188 2786 1469 2853 Quomodo
1499 2804 1625 2854 ergo
1664 2788 1917 2843 dubitas?
1944 2787 2081 2853 Quid
2114 2788 2281 2856 igitur

718 2874 956 2929 vicissim
982 2876 1047 2929 ad
1070 2864 1196 2932 haec
1223 2877 1482 2947 angelus?
1514 2878 1759 2943 Natum,
1791 2880 1995 2949 inquit,
2025 2893 2269 2943 errores,

718 2980 752 3018 ο
786 2963 1028 3038 Domine,
1059 2969 1358 3037 corrigere;
1400 2970 1713 3025 morborum
1754 2980 2134 3041 tempestatum
2162 2972 2275 3027 dis-

719 3058 945 3121 solvere,
975 3059 1209 3112 membra
1239 3060 1483 3115 emortua
1513 3062 1579 3116 ad
1606 3063 1820 3116 vitalem
1846 3064 1952 3118 vim
1983 3078 2269 3127 revocare;

719 3157 953 3213 naturae,
986 3156 1045 3201 ut
1083 3149 1275 3204 liberos
1304 3151 1511 3220 gignat,
1554 3155 1877 3222 praecipere;
1913 3154 1981 3208 ab
2012 3155 2263 3209 extermi-

718 3239 859 3293 natis
892 3239 1148 3294 membris
1195 3240 1523 3294 sterilitatem
1569 3244 1857 3311 repellere;
1904 3256 2270 3301 senescentem

2340 787 2532 840 .Ξένον
2575 786 2636 836 τὸ
2688 784 2914 854 πρᾶγμα
2969 781 3143 834 τοῦτο·
3216 777 3541 848 ὑπερσαῖνον
3600 775 3827 837 ἔννοιαν,
3870 772 3925 824 σὺ

2375 876 2717 945 λαλούμενον.
2766 875 2823 926 Ὀ
2854 876 2966 934 τοῖς
3000 872 3259 943 χερουϐὶμ
3308 869 3553 940 φοϐερὸς,
3574 869 3602 919 6
3628 869 3743 927 τοῖς
3776 881 3923 934 σερα-

2375 969 2479 1037 (pip.
2502 966 2826 1036 ἀθεώρητος,
2878 965 2905 1015 6
2962 966 3162 1025 πάσαις
3213 966 3330 1023 ταῖς
3380 959 3654 1029 οὐρανίαις
3689 957 3925 1027 ἀγ-

2371 1058 2634 1129 γελικαῖς]
2672 1058 2959 1133 δυνάμεσιν
3014 1054 3395 1122 ἀκατανόητος,
3433 1051 3601 1121 ίδικὴν
3650 1048 3925 1115 συντυχίαν

2373 1131 2764 1218 ἐπαγγέλλεται

2956 1165 2963 1173 ·
3018 1146 3437 1215 αὐτοπρόσωπον
3500 1144 3799 1212 παρουσίαν
3831 1158 3925 1210 μη-

2376 1242 2512 1303 νύει,
2546 1241 2741 1310 μᾶλλον
2763 1240 2817 1291 δὲ
2848 1239 3050 1291 εἴσοδον
3088 1238 3155 1289 δι’
3187 1239 3352 1307 ἀκοῆς
3399 1238 3752 1306 ὑπισχνεῖται·
3785 1237 3873 1287 καὶ
3900 1236 3925 1285 6

2376 1333 2474 1403 τὴν
2507 1331 2648 1383 Εὔαν
2679 1330 3061 1391 καταδικάσας,
3095 1330 3191 1398 τὴν
3219 1329 3385 1398 αὑτῆς
3432 1328 3703 1396 θυγατέρα
3746 1324 3925 1378 τοσοῦ-

2372 1442 2461 1476 τον
2494 1422 2733 1489 δοξάζειν
2785 1423 3086 1488 ὲπείγεται;
3134 1421 3293 1487 Λέγει
3342 1421 3469 1490 γὰρ,
3526 1420 3809 1488 ἑτοιμάσαι
3842 1418 3926 1485 μοὶ

2375 1516 2470 1584 τῆς
2503 1515 2669 1581 ἀκοῆς
2704 1514 2801 1576 τὰς
2838 1513 3093 1575 εἰσόδους.
3140 1512 3296 1563 Ἀλλά
3351 1512 3423 1580 μὴ
3472 1510 3690 1562 δύναται
3724 1510 3927 1577 γαστὴρ

2375 1608 2568 1674 χωρεῖν
2591 1605 2679 1655 τὸν
2714 1603 3025 1673 ἀχώρητον;
3062 1606 3264 1666 Ὄντως
3308 1603 3463 1655 τοῦτο
3492 1602 3718 1671 φοϐερὸν
3744 1602 3804 1652 16
3834 1618 3926 1669 μυ-

2376 1702 2613 1765 στήριον.
2684 1694 2913 1745 Τοιαῦτα
2973 1694 3063 1746 τοῦ
3128 1694 3357 1762 ἀγγέλου
3423 1692 3853 1761 ἐνθυμουμένου,
3903 1694 3927 1741 ὁ

2376 1786 2647 1852 Δεσπότης
2673 1772 2845 1853 φησιν
2872 1784 3007 1853 πρὸς
3060 1786 3237 1837 αὐτόν’
3301 1784 3363 1835 Τί
3401 1783 3661 1853 ταράττῃ,
3712 1780 3803 1831 καὶ
3855 1780 3929 1841 ξε-

2377 1875 2519 1946 νίζῃ,
2546 1868 2591 1926 ὦ
2623 1873 2893 1945 Γαϐριὴλ;
2943 1875 3016 1925 Οὑ
3039 1874 3226 1945 πρώην
3279 1875 3403 1944 παρ’
3429 1871 3560 1941 ἐμοῦ
3606 1861 3929 1937 ἀπεστάλης,

2381 1967 2517 2035 πρὸς
2538 1966 2810 2035 Ζαχαρίαν
2834 1965 2923 2018 τὸν
2953 1965 3100 2035 ἱερέα
3121 1982 3135 2028 ;
3160 1966 3233 2017 Οὑ
3258 1966 3490 2026 δέδωκας
3517 1963 3664 2031 αὑτῷ
3695 1962 3795 2030 τῆς
3819 1978 3932 2027 γεν-

2379 2058 2586 2126 νήσεως
2628 2058 2869 2111 Ἰωάννου
2900 2056 2966 2110 τὰ
3004 2056 3322 2123 εὑαγγέλια;
3364 2057 3475 2109 Οὑκ
3522 2054 3833 2109 ἀπιστοῦντι
3861 2054 3933 2121 τῷ

2381 2150 2531 2221 ἱερεῖ,
2563 2148 2623 2199 τὸ
2681 2148 2779 2217 τῆς
2828 2148 3037 2217 σιωπῆς
3086 2150 3429 2218 προσήγαγες
3482 2148 3814 2218 πρόστιμον;
3862 2146 3931 2197 Οὔ

2379 2240 2735 2300 κατεδίκασας
2766 2237 2853 2289 τὸν
2912 2236 3219 2306 πρεσϐύτην
3271 2242 3337 2307 τῇ
3394 2239 3645 2309 declivia;
3708 2238 3842 2305 Οὐχὶ
3873 2237 3930 2287 σὺ

2378 2334 2658 2400 ἀπεφήνω,
2724 2327 2833 2398 ἐγὼ
2875 2330 2928 2381 δὲ
2982 2329 3264 2399 ὲκύρωσα;
3298 2330 3371 2382 Οὐ
3420 2330 3497 2398 τῷ
3559 2328 3932 2398 εὐαγγελισμῴ

2380 2439 2492 2485 σου,
2516 2424 2573 2476 τὸ
2595 2423 2750 2493 ἔργον
2779 2421 3208 2492 ἐπηκολούθησεν
3234 2437 3246 2485 ;
3267 2421 3340 2473 Οὑ
3367 2421 3653 2475 συνέλαϐεν
3678 2425 3711 2491 ή
3734 2424 3931 2490 στεῖρας

2379 2516 2490 2567 Οὑκ
2552 2516 2855 2585 ὑπήκουσεν
2906 2515 2937 2583 ὴ
3000 2514 3215 2583 μήτρα;
3281 2512 3393 2564 Οὑκ
3438 2512 3783 2582 ἀνεχώρησεν
3840 2512 3931 2577 τῆς

2378 2607 2651 2677 ἀκαρπίας
2702 2609 2735 2675 ἡ
2793 2606 2979 2668 νόσου
3030 2606 3143 2657 Οὐκ
3177 2604 3371 2672 ἔφυγεν
3423 2607 3455 2673 ἡ
3494 2605 3660 2674 ἀΡὙία
3711 2604 3810 2673 τῆς
3842 2602 3932 2669 ᾤ’

2380 2715 2513 2760 σεως
2539 2715 2551 2761 ;
2582 2699 2654 2751 Οὐ
2686 2697 2778 2751 νῦν
2808 2700 2952 2750 ἐστιν
3008 2696 3468 2767 σταχυοφοροῦσα,
3497 2699 3531 2766 ἡ
3566 2698 3828 2767 πρότερον
3875 2696 3929 2746 οὔ

2380 2788 2748 2859 κυοφοροῦσα;
2802 2789 2893 2859 Μὴ
2920 2788 3179 2841 ἀδύνατον
3238 2787 3365 2857 παρ’
3390 2787 3511 2855 ἐμοὶ
3545 2785 3620 2853 τῷ
3672 2785 3928 2845 κτίσαντι,

2379 2880 2485 2932 πᾶν
2536 2880 2716 2950 ρἦας
2755 2880 2877 2941 Πῶς
2925 2876 3015 2931 οὖν
3067 2876 3365 2948 ἀμφιϐολίᾳ
3422 2873 3817 2945 περιεελήθηςς
3871 2872 3930 2924 Τί

2378 2964 2466 3020 οὖν
2498 2968 2655 3020 πάλιν
2680 2969 2708 3018 6
2740 2967 3000 3035 ἀγγελος;
3045 2968 3307 3027 Δέσποτα,
3366 2966 3447 3031 τὸ,
3510 2964 3842 3036 θεραπεῦσαι
3868 2965 3933 3016 τά

2376 3061 2472 3130 τῆς
2500 3061 2712 3129 φύσεως
2744 3060 3046 3129 σφάλματα
3083 3059 3162 3125 τὸ,
3196 3058 3449 3113 διαλῦσαι
3481 3060 3586 3112 τῶν
3638 3058 3823 3112 παθῶν
3846 3057 3931 3109 16v

2378 3151 2639 3221 χειμῶνα·
2675 3151 2753 3215 τὸ,
2779 3151 3113 3221 νεκρωθέντα
3147 3152 3280 3221 μέλη
3307 3144 3441 3221 πρὸς
3473 3152 3704 3220 ζωτικὴν
3737 3152 3933 3203 ἀνακα-

2377 3242 2633 3295 λέσασθαι
2664 3242 2908 3313 δύναμιν·
2942 3245 3019 3306 τὸ,
3046 3244 3293 3308 ἐπιτάξαι
3326 3248 3390 3315 τῇ
3418 3244 3574 3311 φύσει
3598 3242 3931 3301 παιδοποιίας

718 3331 972 3401 stipulam
1004 3332 1071 3385 ad
1102 3330 1319 3385 viridem
1360 3330 1591 3389 formam
1629 3335 1916 3402 reducere;
1948 3344 2145 3393 terram
2192 3340 2274 3394 in—

2377 3333 2671 3402 ὲνέργειαν,
2715 3334 2795 3396 τὸ,
2858 3334 3014 3388 λῦσαι
3063 3337 3363 3407 στείρωσιν,
3409 3336 3466 3389 ἐν
3496 3334 3800 3415 ὑπερορίοις
3826 3335 3932 3390 τοῖς

719 3422 1000 3478 fecundam
1052 3432 1270 3494 repente
1314 3424 1711 3493 manipulorum
1753 3437 1981 3483 matrem
2026 3431 2273 3498 efﬁcere;

720 3528 855 3581 opus
899 3522 979 3570 est
1026 3517 1170 3585 quod
1220 3525 1309 3571 tua
1352 3516 1549 3570 virtute
1597 3525 1755 3585 atque
1816 3522 2052 3586 potentia
2090 3522 2273 3591 perlici

720 3605 872 3658 solet.
896 3604 1178 3675 Testisque
1202 3618 1281 3663 est
1308 3591 1457 3673 Sara,
1484 3617 1542 3665 et
1563 3622 1686 3661 cum
1714 3607 1816 3660 hac
1842 3606 1938 3677 [αι.
1968 3620 2085 3679 post
2114 3613 2273 3685 hanc]

722 3694 960 3749 Rebecca
992 3697 1054 3759 “,
1085 3712 1379 3768 rursusque
1402 3704 1556 3757 Anna
1590 3717 1605 3753 :
1634 3712 1755 3769 qua:
1781 3698 1909 3754 dum
1940 3703 2089 3765 gravi
2117 3714 2276 3775 atque

721 3785 947 3841 molesto
977 3785 1273 3840 sterilitatis
1314 3789 1502 3843 morbo
1552 3789 1893 3853 laborarent,
1930 3799 2117 3856 postea
2151 3807 2181 3845 a
2226 3803 2277 3847 te

722 3877 962 3932 liberata:
992 3884 1137 3931 sunt.
1178 3876 1461 3943 Caeterum,
1493 3879 1750 3949 virginem
1787 3880 1993 3948 absque
2023 3880 2124 3935 viri
2149 3896 2278 3935 con-

722 3981 909 4034 gressu
935 3976 1394 4035 parere.cunctas
1427 3976 1634 4023 natura:
1663 3970 1804 4043 leges
1835 3979 2081 4041 superat;
2117 3979 2279 4040 atque

721 4054 857 4108 adeo
906 4064 1059 4110 tuum
1106 4054 1173 4107 ad
1208 4052 1437 4123 puellam
1476 4051 1745 4123 polliceris
1778 4060 2108 4115 adventum?
2142 4059 2277 4114 (Σωιὶ

722 4153 982 4213 terraeque
1026 4160 1131 4199 non
1162 4153 1213 4199 te
1242 4144 1376 4199 ﬁnes
1414 4145 1665 4215 capiunt;
1702 4152 1974 4219 quomodo
2019 4152 2181 4223 igitur
2227 4159 2279 4205 te

721 4233 1000 4302 virginalis
1025 4245 1211 4291 uterus
1243 4234 1455 4306 capiet?
1488 4234 1589 4291 Cui
1628 4237 1888 4297 Dominus
1925 4263 1937 4297 ;
1970 4241 2275 4308 Quomodo,

723 4320 936 4391 inquit,
984 4322 1208 4403 Abrahte
1255 4324 1657 4380 tabernaculum
1702 4343 1788 4381 me
1832 4344 2023 4395 capere
2065 4331 2280 4399 potuit?

725 4412 791 4466 Et
828 4412 1050 4479 angelus
1082 4431 1096 4464 :
1130 4415 1421 4481 Quoniam,
1459 4417 1669 4486 inquit,
1703 4418 2084 4487 h05pitalitatis
2114 4423 2276 4475 liabe-

724 4502 817 4553 bat
862 4501 1112 4569 pelagus;
1154 4501 1397 4569 illicque,
1450 4520 1483 4559 ο
1527 4503 1785 4569 Domine,
1835 4514 1885 4560 te
1922 4510 2273 4577 cbnspieuum

2379 3424 2612 3491 μέλεσιν·
2648 3424 2727 3488 τὸ,
2780 3430 3148 3495 γεγηρακυῖαν
3176 3428 3425 3497 καλάμην
3470 3422 3932 3497 μετασχηματίσαι

2378 3515 2511 3584 πρὸς
2568 3514 2865 3585 χλοηφόρον
2924 3517 3123 3585 σχῆμαο
3174 3517 3255 3580 τὸ,
3306 3516 3402 3587 τὴν
3464 3517 3653 3583 ἄγονον
3699 3517 3932 3585 ἄρουραν

2374 3602 2698 3673 δραγμάτων
2745 3603 2999 3675 ἐξαίφνης
3036 3606 3305 3669 ἀναδεῖξαι
3340 3606 3571 3677 μητέρα⁹
3603 3606 3760 3676 ἔργον
3792 3605 3934 3656 ἐστὶν

2376 3694 2473 3763 τῆς
2532 3694 2632 3763 σῆς
2666 3694 2965 3765 δυνάμεως,
3003 3694 3066 3746 ὲκ
3110 3695 3397 3763 συνηθείας
3446 3695 3785 3764 τελούμενον.
3827 3694 3934 3745 Καὶ

2379 3786 2644 3857 μάρτυςὴ
2670 3786 2875 3856 Σάρρα,
2911 3786 3000 3839 καὶ
3032 3783 3168 3854 μετὰ
3193 3784 3392 3855 ταύτης
3425 3787 3459 3855 ἠ
3490 3784 3611 3856 [ἀλ.
3642 3786 3779 3856 μετά
3802 3783 3932 3835 ταύ-

2375 3875 2499 3946 την]
2534 3875 2829 3928 Ῥεϐέκκα·
2879 3875 2971 3929 καὶ
3028 3874 3187 3929 πάλιν
3220 3876 3404 3936 Ἀννα,
3453 3874 3532 3945 τῷ
3576 3875 3793 3946 χαλεπῷ
3833 3873 3932 3943 τῆς

2379 3965 2713 4035 στειρώσεως
2749 3965 3096 4019 ὄουλεύσασάι
3152 3965 3333 4028 πάθει,
3376 3960 3494 4017 εἶτα
3519 3966 3668 4037 παρὰ
3714 3963 3806 4017 σοῦ
3834 3965 3932 4033 τὴν

2378 4056 2685 4128 ἐλευθερίαν
2736 4058 3039 4128 δεξάμεναι.
3072 4056 3145 4110 T6
3198 4057 3275 4120 δὲ,
3314 4056 3577 4127 παρθένον
3620 4059 3817 4117 τεκεῖν,
3863 4055 3934 4124 μὴ

2380 4145 2737 4215 συντυχοῦσαν
2763 4146 2935 4217 ἀνδρὶ,
2978 4146 3231 4218 άνὸτερὸν
3271 4148 3417 4197 ἐστιν
3464 4147 3679 4200 πάντων
3711 4145 3815 4197 τῶν
3847 4146 3931 4195 νό-

2383 4249 2496 4302 μων
2523 4235 2620 4304 τῆς
2646 4236 2879 4304 φύσεως·
2912 4238 3045 4291 ἀλλά
3075 4239 3167 4291 καὶ
3228 4236 3325 4308 τὴν
3380 4237 3476 4307 σὴν
3519 4234 3827 4305 ἐπαγγέλλῃ
3872 4236 3931 4303 τῇ

2381 4322 2530 4373 παιδὶ
2564 4326 2896 4395 παρουσίαν;
2933 4326 3174 4398 Οὐρανοῦ
3227 4327 3318 4379 καὶ
3346 4326 3447 4397 γῆς
3469 4326 3529 4378 οὑ
3562 4329 3728 4398 χωρεῖ
3758 4341 3816 4377 σε
3868 4323 3932 4374 τά

2380 4411 2609 4479 πέρατα,
2633 4414 2723 4465 καὶ
2752 4414 2865 4479 πῶς
2894 4432 2951 4469 σε
2976 4418 3154 4487 μήτρα
3180 4418 3411 4489 χωρήσει
3465 4416 3795 4487 παρθενική;
3827 4413 3930 4465 Καὶ

2377 4503 2405 4553 6
2435 4502 2708 4573 Δεσπότης
2760 4507 2940 4574 φησίν·
2990 4506 3113 4569 Πῶς
3143 4525 3208 4577 με
3260 4507 3534 4578 ἐχώρησεν
3562 4510 3594 4575 ή
3648 4506 3818 4574 σκηνὴ
3842 4502 3928 4554 τοῦ

722 4590 953 4645 Abrahae
997 4592 1049 4643 in
1090 4592 1228 4644 ostio
1270 4594 1598 4651 tabernaculi
1628 4597 1904 4651 reddidisti
1938 4600 1982 4630 “
2007 4640 2022 4662 ,
2068 4609 2119 4655 et
2152 4617 2273 4670 per-

2392 4590 2670 4662 Ἀϐραάμ;
2708 4596 2814 4647 Καὶ
2836 4597 2863 4646 6
2891 4596 3115 4663 ἄγγελός
3161 4614 3340 4667 φησιν·
3400 4597 3613 4667 Ἐπειδὴ
3670 4592 3811 4663 εἶχεν
3836 4593 3929 4659 τῆς

722 4684 967 4739 transisti
1015 4682 1161 4736 velut
1206 4682 1296 4750 qui
1339 4688 1517 4740 omnia
1564 4690 1753 4758 reples.
1813 4688 2095 4755 Quomodo
2144 4709 2272 4747 vero

723 4775 887 4831 Maria
920 4775 1217 4829 divinitatis
1249 4772 1377 4828 feret
1407 4775 1616 4844 ignem?
1662 4779 1916 4835 Thronus
1943 4792 2067 4836 tuus
2092 4783 2272 4849 splen—

720 4869 847 4922 dore
876 4869 1173 4922 illustratus
1202 4863 1526 4929 accenditur,
1552 4878 1604 4923 et
1630 4851 1779 4941 virgo
1810 4880 1862 4925 te
1888 4872 2028 4925 ferre
2055 4872 2271 4941 poterit,

723 4970 781 5012 ut
837 4975 942 5013 non
1006 4955 1394 5015 comburatur?
1432 4956 1531 5010 Cui
1585 4959 1845 5016 Dominus
1890 4984 1901 5017 :
1956 4962 2069 5016 lmo
2108 4978 2271 5027 vero,

719 5050 911 5120 inquit,
950 5052 991 5105 si
1024 5052 1162 5119 ignis
1186 5052 1239 5104 in
1285 5048 1574 5103 solitudine
1602 5050 1737 5105 laesit
1766 5055 1960 5107 rubum
1994 5054 2074 5121 “,
2121 5056 2275 5109 lmdct

722 5143 941 5194 omnino
975 5150 1027 5193 et
1053 5140 1273 5193 Mariam
1305 5154 1457 5193 meus
1483 5138 1768 5203 adventus;
1812 5153 1865 5195 at
1908 5147 1953 5198 si
1993 5145 2132 5213 ignis
2162 5147 2270 5213 ille,

724 5227 814 5293 qui
843 5229 1007 5281 divini
1037 5229 1138 5281 tnei
1170 5244 1234 5281 ex
1263 5228 1399 5282 caelo
1438 5225 1577 5295 ignis
1617 5226 1901 5283 adventum
1932 5233 2273 5303 designabat.

722 5315 912 5368 rubum
959 5320 1179 5387 rigavit,
1234 5334 1338 5373 non
1381 5316 1709 5378 combussit;
1754 5319 2011 5385 quidnam
2049 5325 2114 5378 de
2163 5327 2275 5395 ipsa

723 5407 943 5461 veritate
966 5410 1195 5473 dixeris,
1234 5426 1341 5464 non
1377 5412 1425 5463 in
1450 5408 1663 5463 ﬂamma
1689 5408 1848 5478 ignis,
1884 5414 1977 5467 sed
2010 5415 2062 5467 in
2096 5406 2278 5484 specie

722 5496 914 5564 pluviae
934 5537 946 5558 ,
981 5500 1332 5555 descendente
1361 5502 1443 5553 ‘7?
1497 5498 1648 5554 Tunc
1677 5499 1839 5569 igitur
1877 5502 2130 5570 angelus,
2180 5505 2271 5559 Dei

717 5583 871 5653 iussa
906 5584 959 5635 in
1005 5601 1062 5638 se
1108 5590 1371 5657 recipiens
1410 5597 1463 5642 et
1501 5588 1721 5657 exsequi
1749 5588 1964 5652 volens,
2001 5588 2270 5657 Virginem

720 5672 870 5733 aliti,
900 5682 953 5726 et
989 5674 1129 5728 clara
1158 5692 1273 5731 eam
1316 5693 1446 5733 voce
1474 5679 1840 5749 compellavit,
1876 5679 2060 5732 dicens
2104 5698 2114 5731 :
2150 5681 2271 5743 Are,

2380 4682 2681 4751 φιλοξενίας
2730 4686 2791 4738 τὸ
2842 4687 3091 4755 πέλαγος,
3146 4690 3407 4751 Δέσποτα,
3457 4689 3573 4739 ἐκεῖ
3627 4682 3815 4752 ὤφθης
3859 4684 3929 4751 τῷ

2392 4774 2637 4845 Ἀϐραάμ
2666 4776 2723 4827 ὲν
2752 4779 2815 4847 τῇ
2848 4778 3083 4849 παροδίῳ
3128 4783 3316 4849 σκηνῇ,
3347 4780 3439 4831 καὶ
3490 4774 3837 4845 παρέδραμες
3859 4776 3928 4836 ὡς

2380 4868 2596 4931 ᾶπαντα
2625 4866 2866 4936 πληρῶν.
2916 4869 3037 4933 Πῶς
3081 4871 3135 4922 δὲ
3166 4872 3377 4938 ἐνεγκεῖ
3421 4866 3652 4937 Μαριὰμ
3696 4867 3795 4936 τῆς
3815 4867 3926 4919 θεὸ-

2380 4972 2539 5025 τητος
2568 4954 2626 5008 τὸ
2655 4955 2798 5025 πῦρ;
2858 4956 2913 5008 '0
2942 4957 3125 5028 θρόνος
3154 4977 3248 5011 σου
3276 4957 3526 5026 φλέγεται
3552 4958 3619 5025 τῇ
3646 4955 3808 5029 αἴγλῃ
3838 4975 3926 5009 πε-

2378 5045 2797 5118 ριλαμπόμενος,
2859 5046 2952 5097 καὶ
3009 5047 3223 5100 δύναταί
3262 5064 3320 5099 σε
3376 5046 3557 5115 φέρειν
3606 5047 3639 5115 ἡ
3701 5049 3927 5102 εὐκατά-

2377 5139 2602 5207 φλεκτος
2625 5137 2925 5207 παρθένοςς
2958 5141 3065 5192 Καὶ
3112 5142 3139 5193 6
3169 5138 3440 5207 Δεσπότης
3490 5141 3672 5209 φησίνο
3731 5142 3857 5205 Ναὶ,
3884 5144 3925 5193 εί

2376 5216 2605 5299 ἔϐλαψεν
2644 5230 2702 5279 τὸ
2736 5228 2847 5297 πῦρ
2871 5232 2926 5281 ὲν
2949 5233 3135 5302 ἐρήμῳ
3161 5230 3257 5299 τὴν
3288 5228 3463 5297 βάτον,
3499 5230 3686 5300 βλάψει
3716 5235 3919 5293 πάντως

2378 5324 2472 5375 καὶ
2522 5318 2791 5389 Μαρίανή
2822 5319 2926 5390 ὲμὴ
2961 5319 3241 5390 παρουσία.
3280 5319 3340 5370 El
3368 5318 3421 5371 δὲ
3451 5323 3627 5373 ἐκεῖνο
3648 5323 3706 5374 τὸ
3731 5322 3842 5391 πῦρ
3874 5322 3924 5370 τὸ

2382 5407 2787 5479 σκιογραφῆσαν
2840 5408 2938 5477 τὴν
2991 5408 3082 5460 τοῦ
3145 5406 3323 5459 θεῖκοῦ
3366 5409 3535 5480 πυρὸς
3591 5410 3649 5475 ἐξ
3699 5408 3924 5480 οὐρανοῦ

2379 5499 2713 5571 παρουσίαν,
2750 5496 3005 5566 ἦρδευσεν
3055 5497 3149 5566 τὴν
3197 5495 3372 5564 βάτον,
3428 5501 3518 5551 καὶ
3562 5501 3659 5552 οὑκ
3690 5500 3920 5568 ἔφλεξεν·

2380 5592 2430 5643 τί
2460 5590 2523 5642 ἂν
2548 5590 2738 5651 εἴποις,
2773 5589 3023 5658 περὶτῆς
3071 5588 3339 5657 ἀληθείας,
3370 5591 3467 5643 οὑκ
3514 5594 3572 5643 ἐν
3614 5592 3776 5659 φλογὶ
3832 5607 3917 5642 πυ·

2384 5684 2488 5750 (Ag,
2534 5683 2644 5735 ἀλλ’
2681 5684 2737 5734 ἐν
2798 5682 3032 5751 σχήματι
3085 5682 3242 5734 ὑετοῦ
3283 5682 3742 5753 καταϐαινούσης;
3804 5681 3920 5734 Τόι

781 5842 833 5881 ⁵³
863 5852 987 5905 Luc.
1028 5868 1064 5907 ι.
1141 5854 1182 5882 ⁸³
1210 5853 1341 5910 Gen.
1377 5872 1532 5926 xvm,
1562 5859 1651 5917 25.
1727 5861 1774 5895 δ’
1803 5860 1936 5918 Gen.
1980 5874 2132 5915 xvtn.
2212 5862 2254 5891 “

2377 5864 2447 5917 ad.
2490 5881 2567 5918 ιιι.
2650 5867 2684 5897 δ’
2721 5864 2855 5920 Psal.
2890 5881 3035 5924 tut.
3077 5860 3128 5918 6.
