4094 6354
237 490 378 547 ηπ

1208 487 1492 545 HOMILIA
1527 487 1594 544 IV
1625 488 1699 544 ΙΝ
1729 487 1998 545 SANCTA
2034 487 2487 547 THEOPHANIA.

3306 493 3446 547 “73

232 612 421 664 Λοιπὸν
469 615 499 666 6
546 613 771 681 ἄγγελος
826 612 1120 682 ὲξεπλήρου
1174 610 1235 665 τὸ
1287 611 1641 683 προσταχθὲν,
1694 628 1755 665 κα

1857 659 1860 672 ,
1889 592 2061 681 gratia
2090 606 2263 681 plena,
2304 613 2559 667 Dominus
2596 622 2763 668 tecum
2788 615 2852 668 ⁸³.
2903 611 3021 668 Non
3061 613 3291 683 amﬂius
3329 614 3449 668 dia-

230 702 370 765 πρὺς
392 702 489 773 τὴν
518 703 786 774 Παρθένον
834 701 1105 765 εἰσελθὼν,
1152 701 1372 774 ἐϐόησεν
1421 705 1557 775 πρὸς
1600 704 1784 775 αὐτὴν,

228 792 424 860 λέγων’
447 793 641 861 Χαῖρε,
675 786 1128 867 κεχαριτωμένη,
1162 796 1195 846 ό
1237 795 1448 860 Κύριος
1464 796 1612 865 μετὰ
1648 796 1783 849 σοῦ.

1889 702 2044 757 holus
2072 704 2175 757 erit
2208 714 2394 764 contra
2425 713 2510 770 te;
2553 720 2675 758 nam
2713 696 2801 759 ubi
2829 714 2988 759 antea
3019 703 3191 759 hostis
3215 704 3308 759 ille
3323 704 3445 758 vol-

1886 810 1990 848 nus
2022 793 2232 857 inﬂixit,
2267 794 2373 848 illic
2405 795 2639 864 primum
2669 812 2812 849 nunc
2842 795 3082 849 medicus
3110 794 3299 848 salutis
3326 809 3441 846 me-

1884 887 2247 963 dicamentum
2276 886 2512 943 adhibet.
2548 884 2699 939 Unde
2722 901 2868 940 mors
2909 883 3123 954 prodiit,
3169 884 3291 938 inde
3334 884 3439 937 vita

1884 977 1984 1031 sibi
2026 977 2327 1045 ingressum
2359 978 2589 1045 paravit.
2638 974 2740 1030 Per
2788 976 3066 1029 mulierem
3110 976 3248 1027 mala
3282 975 3443 1026 ﬂuxe-

226 883 428 936 Οὐκέτι
458 886 486 936 ὀ
507 882 743 945 διάϐολος
772 884 911 936 κατὰ
954 882 1068 937 σοῦ·
1095 884 1226 936 ὅπου
1262 883 1369 955 γὰρ
1412 883 1473 936 τὸ
1525 884 1785 955 πρότερον

225 974 464 1044 ἔτρωσεν
483 976 511 1025 6
538 974 812 1043 πολέμιος,
828 977 941 1028 ἐκεῖ
965 974 1176 1046 πρῶτον
1195 975 1289 1029 νῦν
1304 978 1335 1028 6
1368 976 1546 1047 ἰατρὸς
1564 977 1667 1049 τῆς
1689 994 1787 1030 σω-

222 1065 422 1133 τηρίας
448 1065 543 1133 τὴν
580 1064 919 1137 ἔμπλαστρον
948 1066 1270 1137 ἐπιτίθησιν.
1313 1066 1471 1119 Ὅθεν
1512 1066 1728 1137 ἐξῆλθεν
1754 1070 1783 1121 6

222 1155 474 1219 θάνατος,
508 1156 712 1209 ἐκεῖθεν
742 1160 773 1226 ἡ
804 1157 913 1227 ζωὴ
941 1159 1037 1226 τὴν
1069 1158 1265 1210 εἴσοδον
1314 1160 1651 1228 ἐτεκτήνατο.
1683 1152 1781 1211 Διά

219 1246 479 1312 γυναικὸς
507 1248 687 1318 ἐρῤύει
716 1248 783 1301 τὰ
808 1249 1002 1317 φαῦλα,
1030 1250 1118 1301 καὶ
1149 1248 1237 1301 διὰ
1265 1251 1517 1316 γυναικὸς
1546 1245 1778 1320 πηγάζει

215 1338 287 1391 τὰ
314 1339 613 1407 κρείττονα.
650 1340 842 1407 Χαῖρε,
879 1341 1326 1407 κεχαριτωμένη.
1368 1340 1480 1409 Μὴ,
1510 1339 1584 1401 ὡς
1634 1340 1755 1413 alti:

1880 1352 1959 1403 ter
1990 1342 2119 1396 eris.
2164 1341 2295 1409 Ave,
2329 1340 2690 1405 immaculata,
2730 1343 2931 1394 viduali
2960 1340 3105 1395 orbis
3140 1356 3336 1409 sponsa
3364 1341 3441 1395 si--

216 1430 539 1499 καταδίκης,
570 1432 841 1501 αἰσχύνου.
898 1432 1091 1501 Μήτηρ
1140 1431 1246 1501 γὰρ
1269 1431 1360 1483 τοῦ
1394 1432 1755 1483 καταδικάσαν

1878 1431 1991 1485 mul
2025 1440 2079 1484 et
2124 1440 2313 1485 mater.
2346 1430 2475 1495 Ave,
2506 1446 2625 1500 qua:
2653 1432 2705 1483 in
2741 1441 2832 1485 tuo
2884 1443 3036 1493 utero
3078 1432 3266 1486 matris
3314 1418 3438 1485 Erae

212 1536 307 1582 τος
337 1521 432 1573 καὶ
467 1522 830 1591 λυτρώσαντος
882 1522 1025 1590 γίνῃ.
1084 1524 1272 1590 Χαῖρε,
1318 1522 1410 1573 τοῦ
1459 1522 1755 1590 χηρεύοντος

1878 1532 2108 1573 mortem
2152 1519 2474 1573 demersisti.
2526 1519 2969 1579 Ave,animatum
3021 1519 3112 1574 Dei
3157 1522 3445 1590 templum._

215 1610 447 1681 κόσμου,
479 1613 779 1683 νυμφοτόκε
810 1612 1056 1681 ἀμίαντε.
1088 1611 1279 1681 Χαῖρε,
1308 1614 1341 1681 ἠ
1376 1614 1432 1664 ὲν
1467 1615 1647 1683 μήτρα
1684 1613 1755 1664 τὸς

1872 1611 2005 1671 Ave,
2031 1610 2150 1666 ειειί
2201 1619 2255 1665 et
2296 1619 2453 1664 terrm
2482 1611 2808 1679 aquivalens
2840 1597 3171 1682 dignumque
3210 1614 3440 1667 domici-

210 1702 313 1772 τῆς
350 1704 553 1774 μητρὸς
599 1704 862 1773 βυθίσασα
920 1704 1165 1756 θάνατον.
1216 1707 1407 1774 Χαῖρε,
1456 1707 1484 1757 6
1539 1704 1755 1774 ἔμψυχος

1873 1704 2027 1757 lium.
2076 1704 2204 1768 Ave,
2228 1713 2433 1756 natura:
2477 1703 2621 1757 illius
2663 1704 3224 1772 incomprehensibilis
3269 1722 3437 1776 capa-

210 1794 342 1858 ναὸς
375 1796 467 1848 τοῦ
509 1795 660 1847 Θεοῦ.
710 1798 900 1864 Χαῖρε,
959 1797 1187 1866 οὐρανοῦ
1219 1800 1311 1849 καὶ
1353 1798 1455 1866 γῆς
1488 1798 1755 1866 ίσόρῤοποη

1875 1794 2157 1849 cissimum
2207 1793 2620 1861 receptaculum.
2669 1792 2913 1863 Cumque
2957 1795 3071 1849 haec
3119 1786 3188 1849 ita
3232 1811 3291 1849 se
3335 1797 3433 1850 ha-

204 1884 437 1955 οῐκημα.
465 1888 654 1956 Χαῖρε,
678 1886 777 1955 τῆς
831 1888 1114 1957 ἀχωρήτου
1146 1888 1356 1954 φύσεως
1383 1888 1579 1955 χωρίον
1614 1887 1755 1955 εὐρύ-

1872 1887 2051 1949 beant,
2087 1885 2237 1945 adest
2260 1900 2355 1954 per
2381 1901 2500 1939 eam
2534 1870 2915 1955 aegrotantibus
2945 1887 3215 1950 medicus;
3263 1888 3314 1939 in
3352 1897 3430 1940 te-

205 1993 405 2045 χωρου.
455 1977 831 2041 Ἀλλὰιτούτων
858 1977 1029 2041 οὕτως
1061 1981 1311 2049 ἐχόντων,
1346 1980 1543 2049 ἐπέστη
1577 1978 1643 2031 δι’
1671 1979 1755 2031 αὑ·

1874 1981 2055 2032 nebris
2080 1978 2411 2041 sedentibus,
2439 1978 2517 2031 sol
2540 1978 2790 2045 justitiaa;
2830 1979 3038 2031 cunctis
3070 1993 3195 2030 vero
3226 1980 3431 2045 tempe-

1884 1076 2043 1132 runt,
2092 1076 2144 1120 et
2190 1082 2283 1136 per
2324 1056 2600 1121 mulierem
2632 1068 2771 1121 bona
2800 1076 3071 1157 egnanant.
3095 1067 3218 1127 Ave,
3264 1069 3441 1135 gratia

1883 1158 2056 1227 plena.
2094 1157 2189 1220 Ne,
2225 1159 2366 1226 quod
2399 1158 2591 1211 mulier
2628 1158 2988 1227 damnationis
3020 1173 3181 1212 causa
3215 1158 3437 1210 exstile—
3496 1220 3499 1221 ν

1882 1251 1972 1314 rit,
2007 1250 2295 1304 erubescas
2330 1249 2568 1304 :Iudicis
2589 1251 2730 1304 enim
2756 1260 2807 1304 et
2832 1249 3203 1319 Redemptoris
3235 1258 3288 1302 tu
3323 1263 3441 1302 ma—

200 2062 302 2132 τῆς
324 2067 438 2125 τοίς
463 2063 769 2118 άσθενοῦσιν
822 2068 848 2118 6
891 2068 1089 2138 ἰατρός·
1144 2070 1255 2129 τοῖς
1293 2069 1350 2119 ἐν
1393 2067 1569 2119 σκότει
1600 2067 1767 2137 καθη-

202 2152 410 2221 μένοις,
466 2155 493 2205 ὁ
518 2154 663 2222 ἥλιος
690 2157 785 2225 τῆς
837 2157 1195 2227 δικαιοσύνης·
1230 2161 1391 2212 πᾶσιν
1437 2160 1492 2211 δὲ
1522 2164 1631 2221 τοῖς
1655 2178 1764 2227 χει-

201 2240 553 2309 μαζομένοις,
581 2245 612 2312 ή
649 2243 860 2315 ἄγκυρα
890 2248 981 2299 καὶ⁵
1012 2249 1039 2299 6
1069 2248 1393 2318 ἀχείμαστος
1424 2248 1602 2317 λιμήν.
1640 2250 1761 2311 Τοῖς

196 2329 530 2385 άδιάλλακτα
560 2337 902 2405 μισουμένοις
932 2338 1153 2401 δούλοις,
1184 2342 1212 2391 6
1242 2339 1511 2407 Δεσπότης
1543 2339 1754 2408 ἐτέχθη,

194 2421 291 2500 καὶ
318 2420 420 2489 τῆς
447 2425 665 2493 εἰρήνης
691 2427 718 2475 6
751 2426 1061 2496 σύνδεσμος,
1094 2431 1121 2480 6
1148 2427 1418 2498 λυτρωτὴς
1437 2432 1543 2489 τοῖς
1566 2431 1759 2497 αἰχμα-

190 2507 387 2573 λώτοις
438 2512 639 2575 δούλοις
692 2514 1051 2585 ἐπεδήμησεν,
1099 2520 1208 2578 τοῖς
1262 2516 1681 2586 πολεμουμένοις
1722 2520 1755 2588 ἡ

192 2603 407 2673 εἰρήνη.
443 2606 634 2671 Αὐτὸς
678 2607 787 2675 γάρ
814 2608 983 2660 ἐστιν
1043 2610 1080 2675 ὴ
1113 2607 1319 2675 εἰρήνη
1356 2608 1540 2676 ἡμῶν·
1566 2603 1633 2677 ἦς
1669 2608 1761 2675 γέ-

1871 2080 2009 2123 state
2026 2070 2259 2137 iactatis,
2282 2070 2516 2122 anchora
2535 2076 2826 2136 portusque
2846 2066 3163 2125 tutissimus.
3188 2064 3428 2121 Inimicis

1868 2170 1919 2213 et
1951 2159 2058 2213 Deo
2104 2160 2290 2214 invisis
2319 2161 2488 2213 servis
2528 2158 2789 2212 Dominus
2826 2167 2983 2210 natus
3015 2168 3129 2222 est,
3172 2159 3429 2227 pacisque

1869 2251 2140 2303 vinculum
2186 2249 2378 2314 factus,
2420 2250 2644 2317 captivis
2686 2250 2950 2315 liberatio,
2977 2260 3030 2304 et
3073 2249 3212 2303 bello
3242 2251 3428 2320 exagi-

1863 2341 1988 2394 tatis
2017 2340 2335 2407 paciticatio.
2382 2337 2497 2406 Ipse
2526 2341 2665 2390 enim
2711 2350 2787 2392 est
2826 2357 2930 2408 pax
2959 2351 3139 2393 nostra
3173 2340 3217 2371 ⁸⁸
3257 2358 3270 2393 :
3315 2353 3422 2408 qua

1862 2430 2078 2496 quidem
2125 2445 2253 2498 pace
2280 2469 2293 2491 ,
2346 2430 2554 2484 utinam
2595 2431 2920 2485 concedatur
2965 2432 3121 2485 nobis
3170 2431 3426 2483 omnibus

1863 2522 1990 2587 frui,
2014 2521 2185 2591 gratia
2213 2530 2266 2576 et
2299 2522 2626 2590 benignitate
2653 2519 2863 2575 Domini
2900 2523 3072 2577 nostri
3112 2521 3239 2576 Iesu
3269 2520 3419 2577 Chri-

1859 2612 1927 2664 sti
1960 2629 1972 2664 :
2001 2612 2088 2665 cui
2122 2610 2309 2680 gloria,
2334 2611 2499 2665 decus
2522 2621 2575 2664 et
2607 2610 2913 2679 imperium.
2936 2625 3081 2664 nunc
3106 2618 3162 2665 et
3184 2624 3416 2679 semper,

189 2710 341 2745 νοιτο
376 2694 580 2758 πάντας
612 2698 902 2750 ἀπολαύειν
926 2699 1092 2767 ἡμᾶς,
1124 2699 1327 2768 χάριτι,
1352 2698 1443 2750 καὶ
1467 2696 1755 2769 φιλανθρω-

1860 2708 1913 2753 et
1953 2700 2006 2752 in
2036 2702 2216 2753 omnia
2255 2701 2449 2754 saecula
2487 2699 2827 2755 szeculorum.
2870 2697 3061 2750 Amen.

190 2784 296 2856 πίᾳ
324 2786 419 2837 τοῦ
456 2788 659 2858 Κυρίου
719 2791 873 2860 ἡμῶν
910 2791 1080 2860 Ἰησοῦ
1120 2792 1373 2860 Χριστοῦο
1403 2784 1449 2859 ᾧ
1499 2795 1533 2861 ή
1579 2792 1723 2857 δόξα,
1754 2790 1907 2861 τιμὴ,
1939 2794 2114 2847 καὶτὸ
2160 2794 2410 2863 κράτος,;
2439 2792 2532 2848 νῦν
2577 2792 2670 2844 καὶ
2699 2790 2805 2852 ἀεὶ,
2860 2790 2953 2843 καὶ
2996 2792 3074 2851 είς
3115 2790 3241 2851 τοὺς
3280 2788 3419 2845 πάν-

187 2895 293 2941 τας
329 2882 528 2947 αίῶνας
561 2883 668 2937 τῶν
701 2885 929 2939 αἰώνων.
965 2889 1153 2957 Ἀμήν.

195 3012 405 3032 hut——

3025 3016 3387 3031 σι’-ια*

1442 3160 1967 3252 HOMILIA
2047 3160 2210 3248 IV.

906 3350 978 3408 In
1036 3357 1242 3411 sancta
1297 3348 1725 3427 TbeOphania,
1752 3349 1887 3410 sive
1932 3349 2009 3408 de
2058 3346 2289 3409 Christi
2330 3348 2661 3426 baptismo.

122 3678 131 3684 _
182 3614 300 3700 Τ
326 3618 513 3700 αὑτοῦ
538 3621 608 3699 ἐγ
632 3620 818 3700 ἁχίοις
842 3620 1067 3700 Πατρός
1091 3622 1255 3699 ἡμῶζ
1274 3619 1599 3700 {myroplas}
1622 3622 1744 3700 em:

1857 3620 2099 3690 Ejusdem
2129 3620 2298 3700 salicti
2342 3619 2517 3670 Patris
2552 3616 2716 3695 nostri
2745 3613 2981 3696 Gregorii
3007 3611 3230 3700 εηὶιςερὶ
3264 3611 3400 3700 Nico-

250 3688 487 3741 σκόπου
515 3689 625 3757 τῆς
657 3688 1257 3755 Νεοκαισαρείαςίτοῦ
1288 3690 1740 3757 Θαυματουργοῦ

248 3758 442 3896 hinc]
473 3761 559 3823 εὶς
604 3760 675 3812 τὰ
719 3759 853 3828 ἅγια
902 3758 1191 3827 Θεοφάνια
1235 3758 1342 3829 [ἄλ.
1385 3760 1471 3823 εὶς
1496 3758 1569 3811 τὰ
1605 3758 1740 3828 ἅγια

252 3842 419 3892 sputa
450 3866 463 3878 .

252 3842 463 3892 φωτιη.

253 3940 480 4013 ’Δνδρες
524 3942 874 4014 φιλόχριστοι,
908 3943 1001 3994 καὶ
1030 3940 1312 4010 φιλόξενοι,
1354 3942 1447 3993 καὶ
1494 3941 1739 4009 φιλάδελ-

168 4049 292 4101 φοι,
330 4032 705 4103 ξενοδοχήσατε
742 4033 838 4103 τὴν
877 4030 1013 4101 ἐμὴν
1051 4031 1321 4099 γλῶσσαν,
1366 4032 1459 4083 καὶ
1502 4033 1739 4103 τήμερον

169 4122 305 4193 [ἄλ.
339 4124 619 4195 σήμερονῙ,
651 4124 868 4185 καὶτὰς
892 4108 1059 4183 ἀόιοὰς
1098 4120 1248 4189 ὑμῶν
1283 4118 1358 4182 ὡς
1399 4120 1572 4185 πύλας
1607 4124 1739 4175 ἀνα-

165 4210 533 4274 πετάσαντες,
564 4213 787 4274 ταύταις
823 4211 913 4263 τὸν
950 4209 1078 4279 ἐμὸν
1109 4208 1262 4275 λόγον
1299 4208 1617 4271 ὲνοικίσατε,
1645 4210 1739 4260 καὶ

161 4300 402 4367 δέξασθε
444 4305 570 4372 παρ’
610 4304 741 4372 ἐμοῦ
784 4303 843 4355 τὸ
886 4300 1147 4369 σωτήριον
1186 4299 1466 4367 κήρυγμα,
1499 4300 1632 4370 ὅπερ
1680 4300 1737 4349 ὲν

160 4392 249 4462 τῷ
308 4390 542 4461 Ἰορδάνῃ
583 4392 809 4462 ποταμῷ
848 4393 943 4463 τῆς
991 4388 1329 4451 καταδύσεως
1372 4389 1464 4441 τοῦ
1502 4388 1734 4459 Χριστοῦ

161 4484 434 4552 γέγονεν’
465 4483 550 4535 ἴνα
588 4484 678 4535 τὸν
725 4482 972 4536 τοσοῦτον
1008 4484 1137 4552 ἡμῖν
1179 4480 1593 4546 συγκαταϐάντα
1638 4482 1735 4531 Δε-

162 4574 384 4642 σπότην
420 4572 575 4627 πλέον
605 4573 893 4644 ποθήσητε.
925 4574 986 4625 Ei
1027 4572 1133 4642 γὰρ
1166 4571 1257 4622 καὶ
1291 4570 1388 4640 τῆς
1432 4572 1523 4623 τοῦ
1555 4570 1736 4639 Σωτῆ-

160 4679 266 4735 ρος
298 4662 640 4730 Ἐπιφανείας
666 4666 699 4734 ἡ
721 4664 1019 4734 πανήγυρις
1050 4657 1431 4729 παρελήλυθεν,
1460 4660 1568 4712 ἀλλ’
1590 4661 1621 4728 ή
1640 4660 1734 4728 χά-

160 4770 255 4824 ρις
288 4752 456 4822 αὐτῆς
506 4754 653 4822 μένει
696 4752 781 4805 διὰ
822 4752 1037 4814 παντός.
1086 4752 1600 4820 Κατατρυφήσωμεν
1638 4746 1732 4801 οὖν

154 4842 397 4909 ταύτης,
436 4843 726 4912 ἀπλήστοις
752 4843 946 4913 ψυχαῖς
968 4860 980 4872 ·
1014 4841 1149 4910 καλὴ
1174 4840 1281 4909 γὰρ
1306 4842 1397 4894 ἐπὶ
1428 4842 1533 4893 τῶν
1567 4859 1733 4913 σωτη-

1914 3706 2153 3743 cwsarea:
2184 3687 2752 3754 Thaumaturgisermo
2771 3723 2787 3746 ,
2833 3676 2886 3754 in
2912 3676 3095 3754 sancta
3128 3676 3399 3751 Theopha-

1914 3762 2002 3813 nia
2033 3759 2218 3830 [al._in
2251 3757 2323 3830 S._
2358 3752 2602 3830 {mnino},
2632 3754 2686 3806 id
2720 3763 2817 3820 est,
2842 3753 2909 3807 de
2934 3753 3029 3807 Dei
3052 3756 3399 3822 apparitione,

1911 3833 2015 3883 sive
2034 3824 2105 3881 'de
2129 3827 2324 3883 Christi
2356 3824 2633 3889 baptismo.

1918 3941 2030 3995 Viri
2053 3939 2271 3994 Christo
2291 3934 2469 3989 dilecti
2507 3942 2562 3987 et
2609 3933 2991 4003 hospitalitatis
3019 3942 3180 4004 atque
3208 3932 3401 3989 frater-

1840 4035 2023 4088 nitatis
2054 4038 2326 4084 amatores
2349 4067 2364 4089 ,
2400 4027 2619 4080 auditus
2643 4026 2807 4081 vestri
2841 4025 3075 4095 hospitio
3100 4026 3399 4080 etiamnum

1838 4106 1997 4174 hodie
2038 4118 2273 4186 linguam
2304 4130 2481 4179 meam
2529 4114 2787 4183 excipite,
2835 4112 3165 4180 auribusque
3201 4114 3403 4167 vestris

1834 4218 2110 4280 portarum
2150 4208 2321 4261 instar
2350 4206 2570 4276 apertis,
2604 4219 2779 4259 meum
2799 4204 2939 4255 intra
2965 4215 3058 4255 eas
3089 4215 3398 4256 sermonem

1839 4299 2143 4363 admittite;
2180 4307 2235 4353 et
2273 4284 2565 4352 salutarem
2599 4310 2630 4348 a
2661 4309 2747 4346 me
2786 4290 3216 4360 praedicationem
3258 4291 3396 4346 acci‘

1836 4392 1964 4458 pite,
2014 4391 2369 4445 demersionis
2412 4385 2633 4444 Christi,
2679 4398 2799 4451 quae
2843 4382 2899 4436 in
2939 4379 3175 4437 Iordane
3225 4369 3401 4436 ﬂuvio.

1835 4481 1977 4537 facta
2006 4493 2091 4537 est
2116 4500 2129 4536 :
2155 4492 2217 4535 ut
2244 4480 2528 4534 Dominum
2560 4473 2652 4542 qui
2682 4487 2853 4542 usque
2876 4473 3011 4527 adeo
3038 4474 3191 4527 nobis
3215 4472 3390 4525 indui.

1833 4582 1953 4643 get,
2002 4572 2262 4628 adametis
2308 4566 2695 4622 vehementius.
2750 4563 2885 4618 Nam
2936 4566 3037 4619 etsi
3080 4563 3393 4632 Epiphaniae

1834 4666 1947 4720 sive
1977 4662 2330 4735 apparitionis
2361 4656 2655 4711 Salvatoris
2670 4656 2840 4711 nostri
2863 4655 3139 4711 celebritas
3161 4663 3384 4721 praeter-

1834 4756 1991 4821 ierit,
2041 4754 2209 4823 gratia
2255 4758 2433 4802 tamen
2484 4748 2650 4818 ipsius
2700 4758 2909 4815 semper
2958 4753 3155 4819 manet.
3208 4742 3390 4806 Quare

1832 4844 2231 4902 insatiabilibus
2288 4842 2487 4897 animis
2527 4840 2902 4911 perfruamur,
2944 4849 3007 4888 ac
3061 4833 3385 4888 delectemur

156 4933 306 5005 ρίων
338 4930 670 5000 πραγμάτων
703 4936 734 5004 ἡ
767 4934 1054 5003 ἀπληστία,
1083 4932 1385 5007 καλήηΚαϊ
1400 4931 1571 4995 δεῦτε,
1598 4934 1731 4987 πάν-

1857 4954 1929 5002 :a;
1971 4950 2093 4988 nam
2136 4933 2275 4986 bona
2316 4933 2383 4986 in-
2404 4933 2563 4988 rebus
2590 4927 2912 4987 salutaribus
2942 4934 3025 4979 est
3064 4924 3382 4979 insatiabili-

147 5041 252 5085 τες
303 5023 366 5073 ἐκ
405 5022 499 5090 τῆς
529 5024 810 5087 Γαλιλαίας
850 5027 929 5087 εἰς
973 5025 1068 5094 τὴν
1111 5023 1381 5087 Ἰουδαίαν,
1414 5024 1721 5096 συνεξορμί-

1824 5038 1924 5088 tas,
1959 5026 2098 5078 bona
2124 5024 2363 5092 inquam.
2398 5023 2774 5101 Venitejgitur
2792 5018 2969 5071 cuncti
3000 5032 3064 5070 ex
3086 5015 3298 5070 Galilaea
3321 5018 3379 5071 in

150 5126 353 5179 σωμεν
392 5109 469 5178 τῷ
513 5112 759 5185 Χριστῷο
799 5114 1063 5184 μακάριος
1103 5113 1207 5184 γὰρ
1249 5116 1277 5166 6
1319 5116 1607 5168 συνοδεύων
1651 5119 1717 5185 τῇ

1857 5117 2081 5179 udazam,
2111 5124 2164 5167 et
2189 5131 2293 5169 una
2314 5133 2433 5170 cum
2456 5116 2671 5171 Christo
2693 5124 2967 5164 exeamus.
2996 5107 3187 5160 Beatus
3208 5106 3375 5171 enim,

144 5200 264 5269 θδῴ
310 5198 408 5266 τῆς
445 5198 605 5268 ζωῆς.
637 5203 819 5266 Δεῦτε,
854 5208 964 5266 τοῖς
988 5204 1087 5272 τῆς
1119 5204 1353 5268 διανοίας
1388 5207 1530 5269 ποσὶ,
1557 5222 1718 5257 καταο

1862 5205 1913 5257 ui
1944 5204 2105 5257 simul
2136 5220 2256 5257 cum
2297 5206 2380 5257 via
2409 5205 2527 5257 vitze
2564 5202 2664 5253 iter
2693 5199 2842 5254 facit.
2895 5197 3114 5260 Venite,
3148 5196 3375 5263 pedibus

143 5292 417 5355 λάϐωμεν
445 5289 535 5341 τὸν
569 5291 853 5366 Ἰορδάνην,
887 5299 981 5349 καὶ
1009 5296 1097 5349 τὸν
1130 5297 1430 5369 Βαπτιστὴν
1472 5298 1713 5365 Ἰωάννην

1857 5295 2018 5348 tentis
2069 5293 2356 5349 Iordanem
2399 5303 2671 5363 petamus;
2719 5300 2773 5344 et
2826 5306 2855 5344 a
2893 5288 3094 5343 Joanne
3136 5285 3374 5355 Baptista

144 5378 494 5455 βαπτίξθντα
537 5381 748 5451 ἱ’(’ἶωειιεν,
784 5390 874 5441 τὸν
920 5390 1283 5459 βαπτίσματος
1334 5390 1405 5459 μὴ
1446 5390 1710 5457 δεόμενον,

1857 5398 1942 5436 um
1987 5384 2243 5451 baptizari
2284 5381 2699 5449 conspiciamus,
2746 5380 2837 5447 qui
2868 5376 3129 5443 baptismo
3162 5389 3267 5426 non
3294 5376 3370 5429 inc

143 5477 239 5530 ἵνα
298 5470 391 5523 τοῦ
436 5470 801 5541 βαπτίσματος
845 5481 973 5549 ⁴ἡμῖν
1025 5481 1121 5549 τήν
1177 5482 1333 5551 χάριν
1382 5479 1706 5549 δωρήσηται.

1857 5475 1993 5543 iget,
2041 5486 2101 5529 ut
2133 5474 2383 5543 baptismi
2430 5472 2603 5526 nobis-
2628 5475 2853 5541 gratiam
2906 5470 3081 5521 donet.
3138 5464 3367 5530 Venite,

137 5564 348 5626 Δεῦτε,
384 5560 699 5629 θεασώμεθα
730 5568 826 5635 τῆς
870 5571 1134 5639 ἡμετέρας
1173 5572 1571 5639 ἀναγεννήσεως
1616 5568 1729 5637 τὴν,

1857 5569 2237 5637 untemplemur
2266 5564 2680 5632 regenerationis
2700 5571 2891 5616 nostra:
2914 5559 3217 5624 imaginem,
3247 5571 3369 5626 qua:

139 5654 342 5710 εἰκόνα
368 5656 874 5725 σκιαγραφουμένην
902 5660 958 5709 ὲν
980 5661 1201 5723 ἐκείνοις
1230 5666 1338 5723 τοῖς
1372 5659 1541 5713 ὕδασι.
1580 5659 1713 5712 Τότε

1858 5675 1872 5711 t
1912 5659 2066 5727 aquis
2099 5658 2203 5711 illis
2235 5654 2602 5709 adumbratur.
2640 5654 2779 5708 Tum:
2807 5650 2939 5703 venit
2968 5647 3121 5701 Iesus
3157 5666 3188 5703 a
3217 5649 3364 5701 Gali-

217 5831 268 5866 “
292 5829 424 5884 Luc.
458 5845 494 5891 I,
528 5827 616 5883 9.8.
697 5830 737 5860 “
772 5829 965 5900 Ephcs.
997 5846 1057 5895 tt,
1088 5832 1168 5887 14.
