4094 6354
776 441 924 518 lno

1404 444 1462 503 s.
1504 442 1832 502 cneconu
1869 424 2222 497 τιιΑιιιιιιτ.
2264 430 2411 492 ore.
2454 416 2630 489 rans
2669 434 2963 493 uxrem.
3005 470 3063 479 —
3110 439 3336 497 DL'BlA.

2460 325 2471 380 l

3864 451 3974 505 ΗΜ

771 550 874 612 lea
897 558 955 610 in
991 555 1276 614 Iordanem
1303 563 1372 614 ad
1405 563 1700 629 Joannem,
1743 573 1802 617 ut
1846 563 1910 615 ab
1953 579 2010 616 eo
2040 560 2319 640 baptizare-

2435 557 2808 625 παραγίνεται
2834 562 2868 614 ό
2900 560 3125 628 Ἰησοῦς
3147 561 3399 629 ἀπόστῆς
3420 566 3752 632 Γαλιλαίας
3782 571 3865 634 εἷς
3890 573 3973 624 τὸν

765 657 862 709 .tur
893 645 960 699 ⁸⁸.
995 645 1071 703 0!
1109 661 1307 718 quanta
1330 650 1541 707 Domini
1569 645 1851 714 humilitas
1881 661 2042 721 atque
2073 650 2330 705 modestia

770 739 969 794 animi!
989 738 1284 816 Ollquanta
1313 745 1639 816 indulgentia
1659 749 1673 797 l
1705 746 1819 801 Rex
1841 745 2071 803 caelestis
2089 745 2155 799 ad
2175 744 2344 800 Joan--

758 842 894 898 nem
909 844 1294 898 praecursorem
1319 848 1479 887 suum
1497 834 1752 898 accurrit,
1765 850 1873 889 non
1894 835 2202 906 angelorum
2220 850 2337 889 mo-

721 921 724 924 ί
771 932 902 973 vens
933 922 1109 975 castra
1141 919 1238 994 [αι.
1267 923 1593 994 exercitus],
1640 938 1815 996 neque
1844 940 2205 996 prazcursores
2232 927 2333 982 sibi

771 1014 1118 1082 praemittens,
1149 1016 1499 1086 incerporeas
1516 1009 1836 1087 potestates;
1866 1017 2049 1074 verum
2075 1028 2331 1091 tanquam

770 1104 1119 1174 simplicis-ac
1144 1107 1318 1160 tenuis
1347 1107 1694 1173 conditionis,
1733 1109 1790 1161 in
1825 1108 2041 1162 militari
2078 1109 2336 1169 adventus

729 1223 737 1237 -
770 1193 942 1247 forma
977 1191 1073 1266 [αι.
1110 1196 1298 1257 sedita
1324 1195 1579 1264 demisse,
1611 1200 1664 1253 in
1694 1199 1910 1252 militari
1933 1199 2193 1254 accedens
2223 1198 2334 1254 for-

769 1282 909 1353 ma],
934 1285 999 1337 ad
1030 1301 1188 1339 suum
1222 1286 1389 1355 ipsius
1418 1289 1564 1361 venit
1592 1290 1848 1357 militem;
1892 1291 2117 1363 etquasi
2143 1306 2282 1346 unus
2304 1306 2335 1344 e

770 1373 929 1441 vulgo
950 1374 1016 1427 ad
1044 1389 1165 1429 eum
1202 1377 1428 1440 accedit,
1462 1395 1626 1449 seque
1648 1380 1823 1450 ipsum
1849 1382 1985 1436 inter
1999 1382 2240 1451 captivos
2255 1397 2334 1436 re-

771 1461 874 1524 fert
908 1463 1247 1542 Redemptor,
1280 1477 1332 1522 et
1362 1469 1500 1524 inter
1529 1487 1650 1526 reos
1676 1488 1732 1526 se
1759 1460 1911 1541 ponit
1937 1458 2329 1542 Jndex,'seque

735 1539 963 1611 ,ovibus
979 1558 1197 1626 perditis
1219 1562 1497 1630 coniungit
1513 1565 1700 1617 Pastor
1720 1539 1894 1618 bonus
1916 1564 1982 1628 ",
2001 1565 2091 1633 qui
2118 1539 2333 1634 propter

768 1659 921 1700 ovem
969 1657 1238 1704 errantem
1269 1667 1299 1705 e
1329 1652 1482 1706 caelis
1508 1653 1886 1715 descenderat,
1933 1663 1985 1708 et
2017 1656 2182 1710 cmlos
2222 1661 2351 1708 non‘

767 1737 1057 1807 reliquerat
1090 1758 1105 1793 :
1138 1742 1539 1811 admistumque
1562 1752 1679 1796 erat
1706 1743 1931 1799 zizaniis
1960 1747 2175 1800 caeleste
2199 1746 2325 1801 illud

764 1842 1012 1895 granum,
1050 1831 1188 1898 quod
1219 1833 1421 1902 absque
1457 1834 1696 1886 humano
1727 1836 1933 1888 semine
1966 1845 2320 1904 processerat.

2449 645 2747 716 Ἰορδάνην
2787 651 2937 718 πρὸς
2972 650 3080 705 τόν
3117 652 3412 723 Ἰωάννην,
3445 654 3550 709 τοῦ
3583 658 3972 728 βαπτισθῆναι

2435 739 2536 791 ὐπ’
2579 738 2782 792 αὐτοῦ.
2838 742 2903 793 Ὠ
2943 741 3080 812 πόση
3120 744 3153 810 ὴ
3194 743 3288 796 τοῦ
3329 745 3595 800 Δεσπότου
3637 764 3972 822 ταπεινοφρο-

2442 829 2607 901 σύνηί
2649 832 2711 883 Ὤ
2763 830 2900 904 πόση
2949 833 2981 903 ἡ
3017 827 3447 902 συγκαταϐασιςί
3494 839 3552 891 '0
3596 839 3858 905 Βασιλεὺς
3883 845 3972 896 τῶν

2433 921 2694 993 οὐρανῶν,
2730 923 2863 994 πρὸς
2902 925 3148 995 Ἰωάννην
3184 926 3274 978 τὸν
3301 928 3490 981 ἑαυτοῦ
3519 931 3822 1002 πρόδρομον
3845 933 3975 1003 ἐτρε-

2433 1029 2546 1083 χεν,
2581 1013 2640 1064 οὐ
2693 1015 2912 1088 κινήσας
2951 1015 3019 1069 τὰ
3060 1015 3166 1068 τῶν
3208 1017 3449 1084 ἀγγέλων
3491 1022 3829 1093 στρατόπεδα
3866 1023 3970 1095 [ἀλ.

2435 1105 2857 1178 στρατεύματα],
2899 1108 3018 1161 οὐδὲ
3060 1110 3392 1180 προδρόμους
3431 1115 3857 1182 προαποστείλας
3889 1121 3973 1180 τὰς

2432 1196 2753 1266 ἀσωμάτους
2792 1196 3046 1274 δυνάμεις
3068 1215 3080 1228 ·
3113 1198 3244 1252 ἀλλὰ
3279 1199 3416 1264 λιτὸς
3603 1204 3788 1276 λιτῶς]
3820 1206 3974 1271 οὕτως

2433 1287 2489 1339 ἐν
2522 1289 2587 1356 τῇ
2631 1290 2985 1357 στρατιωτικῇ
3025 1291 3457 1360 παραγενόμενος
3499 1298 3700 1364 μορφῇ,
3736 1297 3868 1367 πρὸς
3894 1298 3974 1348 τὺ)

2432 1375 2624 1426 ἑαυτοῦ
2670 1376 3026 1445 παραγίνεται
3074 1381 3424 1449 στρατιώτην.
3475 1381 3581 1433 Καὶ
3621 1383 3697 1446 ὡς
3753 1380 3832 1447 εἷς
3878 1386 3975 1437 τῶν

2433 1464 2638 1519 πολλῶν
2663 1464 2809 1534 αὐτῷ
2838 1468 3283 1536 προσερχόμενος,
3306 1469 3399 1521 καὶ
3426 1471 3769 1540 συναριομῶν
3798 1473 3976 1526 ἑαυτὸν

2431 1559 2540 1618 τοῖς
2567 1554 2924 1624 αἰχμαλώτοις
2955 1558 2982 1608 6
3010 1559 3315 1629 Λυτρωτὴς,
3347 1561 3438 1612 καί
3466 1563 3767 1614 συντάττων
3798 1565 3977 1616 ἐαυτὶν

2430 1650 2540 1708 τοῖς
2591 1645 2906 1708 ὑπευθύνοις
2946 1649 2973 1698 6
3013 1649 3297 1720 Δικαστὴς,
3345 1653 3438 1704 καὶ
3495 1654 3976 1724 συναγελαζόμενος

2429 1739 2540 1798 τοῖς
2579 1735 2877 1788 ἀπολωλόσι
2912 1734 3196 1804 προϐάτοις
3243 1741 3270 1790 6
3300 1739 3505 1809 Ποιμὴν
3533 1741 3562 1791 6
3605 1741 3797 1804 καλός·
3827 1742 3856 1792 6
3899 1742 3977 1792 διὰ

2429 1827 2488 1878 τὸ
2534 1825 2881 1895 πλανώμενον
2925 1825 3188 1896 πρόϐατον
3227 1829 3508 1898 οὐρανόθεν
3544 1831 3846 1894 κατελθὼν,
3893 1822 3977 1884 ῖωι

763 1917 1002 1982 Cernens
1033 1935 1160 1990 ergo
1183 1923 1356 1991 ipsum
1382 1922 1619 1980 Joannes
1655 1927 1892 1996 Baptista
1922 1934 1975 1980 et
2003 1941 2319 1995 agnoscens,

2423 1917 2548 1977 τοὺς
2576 1914 2833 1984 οὐρανοὺς
2869 1913 2940 1984 μὴ
2980 1915 3289 1969 καταλιπὼν
3315 1920 3407 1971 καὶ
3444 1914 3978 1990 ’συναναμιγνύμεειος

762 2023 924 2078 quem
978 2020 1218 2068 materno
1263 2030 1328 2068 ex
1381 2025 1534 2072 utero
1573 2020 1810 2073 noverat
1855 2027 1908 2072 et
1968 2018 2322 2086 adoraverat,

765 2097 1154 2169 manifestoque
1193 2103 1338 2159 hunc
1378 2107 1529 2160 illum
1577 2109 1750 2177 ipsum
1791 2102 2126 2178 ess‘e,,cujus
2161 2124 2322 2180 causa

765 2188 817 2240 in
844 2200 997 2243 utero
1035 2192 1223 2246 matris
1264 2209 1425 2262 supra
1464 2208 1670 2252 :etatem
1711 2200 2074 2254 exsultaverat
2107 2199 2186 2252 δίε
2227 2215 2324 2252 ua-

761 2282 897 2333 t‘uraa
928 2283 1183 2336 terminos
1217 2285 1535 2352 reprimens,
1566 2289 1840 2344 dexteram
1868 2291 2004 2344 intra
2032 2291 2320 2360 diploidem

765 2370 1056 2435 contraxit,
1096 2381 1151 2425 et
1178 2373 1434 2429 inclinato
1463 2391 1562 2430 suo
1591 2379 1785 2446 capite,
1826 2389 1887 2450 ut
1915 2383 2320 2437 amantissimus

766 2456 979 2512 Domini
1025 2476 1246 2524 servus,
1293 2464 1492 2518 talibus
1540 2452 1605 2519 ad
1651 2483 1772 2520 eum
1816 2469 2038 2524 vocibus
2077 2471 2321 2527 elocutus

761 2556 844 2602 est
873 2545 967 2620 [αι.
999 2557 1130 2604 usus
1162 2550 1265 2622 est]
1303 2571 1316 2605 :
1361 2552 1472 2623 Ego
1494 2570 1620 2622 Opus
1650 2555 1811 2634 habeo
1840 2566 1896 2610 ut
1929 2574 1961 2608 a
1993 2569 2041 2610 le
2068 2558 2319 2627 baptizer,

757 2648 807 2690 et
834 2650 888 2691 tu
923 2643 1062 2695 venis
1091 2644 1158 2694 ad
1187 2661 1264 2698 me
1281 2645 1326 2675 ⁵³
1350 2645 1373 2697 ?
1413 2645 1550 2711 Quid
1582 2647 1717 2717 agis,
1753 2664 1785 2698 ιι
1811 2646 2073 2710 Domine?
2099 2649 2206 2703 Cur
2233 2668 2318 2705 re-

757 2744 877 2783 rum
917 2732 1170 2789 immutas
1199 2735 1442 2791 ordinem
1461 2738 1780 2803 ?,Quorsum
1821 2755 1943 2794 cum
1979 2742 2180 2807 servis,
2225 2758 2318 2808 ea,

757 2835 879 2888 qua:
917 2836 1192 2880 servorum
1241 2839 1396 2891 sunt.
1446 2847 1490 2884 a~
1515 2847 1672 2886 servo
1708 2840 1800 2886 luo
1842 2835 2075 2904 quaeris?
2115 2833 2225 2887 Cur
2257 2849 2319 2888 ea

758 2909 913 2976 cupis
947 2914 1207 2980 accipere,
1242 2919 1439 2986 quibus
1491 2937 1594 2974 non
1645 2922 1884 2992 indiges?
1917 2922 2027 2976 Cur
2064 2933 2168 2976 tam
2201 2940 2318 2992 ma-

759 3012 865 3063 gna
892 2998 1220 3070 indulgentia
1249 3017 1406 3074 atque
1435 3009 1738 3064 humilitate
1765 3027 1848 3066 me
1875 3010 2134 3066 famulum
2166 2995 2316 3065 tuum

757 3088 992 3151 gravas?
1029 3087 1138 3158 Ego
1168 3093 1321 3146 debeo
1348 3113 1378 3148 a
1414 3107 1460 3150 te
1492 3100 1800 3167 baptizari;
1850 3114 1904 3155 at
1937 3111 2022 3167 tu,
2064 3113 2120 3156 ut
2160 3102 2188 3155 a
2233 3118 2318 3155 me

2423 2008 2534 2068 τοῖς
2564 2004 2838 2068 ζιζανίοις,
2875 2007 2904 2057 6
2942 2005 3189 2075 οὐράνιος
3215 2007 3414 2072 ἐκεῖνος
3438 2011 3634 2073 κόκκος
3668 2013 3698 2062 6
3727 2013 3975 2083 ἄσπορος.

2436 2095 2578 2148 Ἰδὼν
2611 2096 2787 2150 τοίνυν
2817 2096 2976 2150 αὑτὸν
3015 2097 3042 2147 6
3075 2097 3376 2169 Βαπτιστὴς
3417 2102 3686 2172 Ἰωάννης,
3730 2103 3827 2154 καὶ
3859 2120 3981 2170 γνω-

2422 2187 2694 2257 ρίσας,ιόν
2738 2189 2801 2240 ἐκ
2841 2187 3073 2257 γαστρὸς
3103 2189 3199 2259 τῆς
3249 2191 3452 2262 μητρὸς
3491 2192 3754 2264 ἐγνώρισέ
3801 2209 3862 2245 τε
3895 2196 3978 2244 καὶ

2426 2277 2812 2348 προσεκύνησε,
2843 2277 2935 2328 καὶ⁸
2975 2275 3158 2344 σαφῶς
3185 2277 3434 2344 ἐπιγνοὺς
3459 2279 3645 2332 τοῦτον
3676 2283 3888 2333 ἐκεῖνον
3916 2277 3978 2332 εἷ-

2422 2385 2526 2429 ναι,
2551 2367 2616 2434 διῗ
2652 2368 2710 2420 ὃν
2737 2369 2793 2419 ἐν
2825 2369 2889 2436 τῇ
2924 2368 3102 2437 μήτρᾳ
3135 2368 3230 2437 τῆς
3258 2368 3459 2439 μητρὸς
3480 2369 3619 2439 ὑπὲρ
3643 2370 3741 2439 τὴν
3772 2370 3977 2440 ἡλικίαν

2423 2458 2732 2528 ἐσκίρτησε,
2774 2456 3088 2528 βιαζόμενος
3117 2460 3243 2521 τοὺς
3274 2459 3562 2531 ,ὄρουςτῆς
3596 2459 3835 2528 φύσεως,
3869 2478 3976 2514 συν-

2423 2547 2654 2601 έστειλεν
2688 2548 2793 2602 ἔσω
2829 2550 2925 2618 τῆς
2963 2549 3226 2612 διπλοΐδος
3255 2548 3350 2619 τὴν
3384 2549 3580 2623 δεξιὰν,
3615 2552 3709 2604 καὶ
3736 2552 3839 2621 τὴν
3872 2553 3978 2604 ἑαυ-

2419 2638 2512 2691 τοῦ
2566 2640 2806 2711 κεφαλὴν
2861 2640 3169 2704 ὑποκλίνας,
3223 2641 3298 2704 ὡς
3345 2640 3724 2709 φιλοδέσποτος
3779 2641 3975 2703 δοῦλος.

2419 2730 2691 2794 τοιαύταις
2734 2733 2869 2804 πρὸς
2904 2733 3062 2785 αὑτὸν
3097 2732 3394 2800 ἐφθέγξατο
3428 2735 3627 2799 φωναῖς
3828 2735 3981 2803 ἐχρή-

2423 2837 2550 2874 σατο
2583 2822 2804 2894 φωναῖς]
2829 2840 2841 2852 ·
2889 2823 3025 2891 Ἐγὼ
3072 2824 3279 2891 χρείαν
3327 2820 3445 2891 ἔχω’
3471 2823 3587 2875 ὑπὸ
3624 2822 3744 2875 σοῦ
3767 2824 3970 2887 βαπτι-

2420 2909 2655 2978 σθῆναι,
2679 2913 2776 2964 καὶ
2808 2913 2888 2964 σὺ
2913 2913 3057 2980 ἔρχῃ
3093 2913 3240 2980 πρὸς
3255 2913 3367 2981 μέ;
3389 2913 3456 2984 Τί
3484 2917 3676 2977 ποιεῖς,
3707 2915 3973 2976 Δέσποτα;

2421 3002 2484 3053 Τί
2511 3001 2618 3054 τῶν
2651 3003 2986 3072 πραγμάτων
3029 3002 3366 3073 ἐναλλάττεις
3405 3003 3503 3074 τὴν
3535 3004 3718 3069 τάξινς
3749 3005 3817 3057 Τί
3849 3007 3980 3076 μετὰ

2420 3092 2526 3143 τῶν
2556 3092 2752 3145 δούλων
2779 3092 2847 3145 τὰ
2873 3093 2979 3145 τῶν
3007 3093 3208 3148 δούλων
3245 3095 3394 3165 παρὰ
3422 3095 3514 3148 τοῦ
3544 3094 3635 3149 σοῦ
3666 3095 3855 3149 δούλου
3882 3097 3972 3166 ζη-

754 3177 1065 3248 haptizeris,
1097 3197 1201 3234 non
1234 3185 1456 3253 indiges.
1486 3188 1640 3252 Quod
1673 3194 1852 3248 minus
1891 3207 2005 3260 est,
2036 3211 2064 3249 a
2111 3194 2316 3264 majore

2420 3185 2564 3246 τεῖς;
2601 3183 2664 3236 Τί
2698 3184 2868 3248 θέλεις
2896 3185 2930 3238 ἃ
2974 3185 3046 3256 μὴ
3090 3187 3309 3256 χρῄζεις
3352 3186 3566 3248 λαϐεῖνς
3600 3187 3664 3240 Τί
3699 3190 3763 3258 τῇ

756 3285 821 3323 ac
852 3271 1062 3340 potiore
1103 3273 1469 3342 benedicitur;
1512 3294 1617 3331 non
1665 3293 1840 3337 autem
1875 3288 2018 3355 quod
2051 3288 2252 3356 potius,
2286 3304 2314 3341 a

761 3363 968 3417 minore
995 3365 1330 3419 benedicilur
1361 3376 1414 3419 et
1450 3371 1834 3428 sanetilicatur.
1873 3376 2112 3435 Lucerna
2144 3395 2172 3434 a
2206 3381 2319 3435 sole
2348 3373 2359 3377 ﬁ

757 3454 997 3523 undique
1025 3456 1354 3524 illustratur,
1399 3474 1505 3513 non
1549 3460 1628 3514 sol
1657 3478 1686 3515 ιι
1717 3465 1932 3520 lucerna
1963 3470 2315 3526 illuminatur.

754 3541 955 3610 Argilla
983 3561 1011 3598 a
1045 3547 1205 3615 ﬁgulo
1244 3561 1607 3617 praeparatur,
1648 3566 1756 3606 non
1791 3553 1985 3623 ﬁgulus
2028 3559 2094 3612 ab
2128 3563 2315 3631 argilla

757 3630 1039 3690 formatur.
1091 3634 1195 3698 lies
1242 3649 1420 3693 creata
1470 3655 1499 3693 a
1550 3640 1801 3694 Creatore
1836 3657 2162 3710 renovatur,
2205 3630 2315 3703 non

756 3715 980 3772 Creator
1026 3738 1055 3775 a
1106 3739 1162 3777 re
1191 3737 1368 3780 creata
1411 3728 1682 3797 dirigitur.
1749 3727 2006 3798 Egrotus
2038 3750 2065 3785 a
2115 3738 2330 3791 medico—

755 3818 1005 3872 curatur,
1043 3829 1149 3867 non
1184 3818 1425 3870 medicus
1451 3819 1518 3871 ab
1546 3819 1760 3873 iulirmo
1789 3822 2035 3875 visitatur
2068 3823 2162 3892 [αι.
2191 3829 2318 3880 edo-

755 3899 952 3970 cclur].
989 3901 1201 3971 Egenus
1247 3921 1274 3958 a
1323 3907 1506 3972 divite,
1560 3925 1666 3964 non
1701 3911 1852 3966 dives
1881 3928 1909 3966 a
1939 3929 2172 3983 paupere
2199 3932 2317 3970 mu-

755 3997 956 4042 luatur.
999 3990 1110 4059 Ego
1141 4012 1171 4046 a
1211 4006 1256 4048 le
1299 3999 1561 4068 baptizari
1585 4017 1714 4072 opus
1742 4005 1940 4073 habeo,
1987 4019 2035 4062 et
2075 4019 2132 4062 tu
2179 4013 2316 4065 venis

754 4078 825 4131 ad
851 4079 968 4142 me?
988 4081 1068 4132 An
1095 4084 1235 4135 enim
1262 4087 1447 4152 ignoro
1470 4093 1592 4160 quis
1610 4094 1726 4149 sis?
1749 4105 1802 4149 et
1826 4112 1890 4151 ex
1917 4113 2025 4166 quo
2048 4099 2281 4155 eluxeris
2300 4143 2313 4165 ,

754 4178 807 4222 ct
832 4169 975 4223 unde
999 4174 1244 4225 veneris?
1271 4176 1349 4227 An
1379 4182 1503 4246 quia
1540 4185 1730 4241 similis
1758 4190 1890 4243 mihi
1921 4189 2096 4246 factus
2126 4209 2184 4247 es
2215 4192 2312 4264 [αι.

754 4275 823 4313 an
849 4261 973 4328 quia
1000 4271 1216 4328 propter
1247 4279 1330 4317 me
1363 4277 1523 4324 natus
1551 4289 1628 4338 es,
1659 4278 1850 4333 similis
1885 4281 2076 4352 mihi],
2109 4285 2316 4354 magni-

753 4349 1043 4403 ﬁcentiam
1074 4351 1369 4410 divinitatis
1421 4366 1524 4412 tua:
1571 4370 1798 4432 negem?
1841 4369 1920 4424 An
1973 4349 2098 4441 quia
2143 4349 2314 4445 usque

754 4440 891 4492 adeo
938 4440 1206 4495 indulsisti
1256 4443 1407 4507 mihi,
1443 4458 1498 4498 ut
1536 4463 1760 4518 corpore
1801 4440 2309 4526 prope-'iaccederes,

2419 3274 2820 3341 συγκαταῦάσει
2853 3276 3106 3348 βαρύνεις
3143 3277 3264 3349 [ἄλ.
3297 3277 3503 3350 βαρεῖς]
3539 3279 3605 3350 μὲ
3636 3281 3728 3334 τὸν
3766 3281 3975 3349 οἰκέτην

2415 3365 2505 3416 τὸν
2533 3365 2657 3429 σόν;
2704 3366 2843 3430 Ἐγὼ
2883 3370 3089 3436 χρείαν
3115 3370 3230 3437 ἓχω
3261 3368 3378 3422 ὑπὸ
3402 3370 3518 3424 σοῦ
3545 3372 3973 3438 βαπτισθῆναι.

2418 3457 2480 3510 σὺ
2522 3456 2577 3509 δὲ
2615 3456 2713 3509 06x
2760 3458 2900 3526 ἔχεις
2944 3459 3131 3527 χρείαν
3178 3461 3269 3512 ὑπ’
3311 3460 3445 3530 ἐμοῦ
3490 3462 3881 3532 βαινέτω-θῆναι⁸
3918 3464 3975 3516 τὸ

2416 3548 2629 3602 ἔλαττον
2651 3549 2752 3601 61:6
2779 3549 2872 3602 τοῦ
2912 3549 3216 3620 κρείττονος
3245 3553 3559 3621 εὐλογεῖται,
3603 3556 3664 3607 06
3703 3556 3763 3607 τὸ
3802 3559 3977 3625 κρεῖτ-

2415 3655 2503 3692 τον
2533 3639 2635 3692 61:6
2659 3640 2750 3693 τοῦ
2789 3640 3065 3702 ἐλάττονος
3094 3641 3412 3709 εὐλογεῖται,
3449 3647 3539 3696 καὶ
3577 3645 3877 3712 ἁγιάζεται.
3919 3646 3974 3695 '0

2416 3729 2602 3800 λύχνος
2629 3733 2731 3785 61:6
2761 3734 2853 3786 τοῦ
2887 3734 3032 3803 ἡλίου
3064 3735 3482 3806 περιλάμπεται,
3515 3739 3612 3806 οὐχ
3637 3741 3667 3790 6
3696 3739 3840 3808 ἣλιος
3872 3740 3974 3790 ὑπὸ

2414 3821 2512 3890 τῆς
2559 3822 2870 3892 Ορυαλλίδος
2920 3827 3335 3896 καταυγάζεται.
3397 3829 3453 3881 Ὀ
3502 3829 3671 3898 πηλὸς
3721 3831 3825 3883 ὑπὸ
3883 3829 3972 3881 τοῦ

2419 3915 2699 3983 κεραμέως
2728 3919 3124 3990 καταρτίζεται,
3151 3920 3246 3989 οὐχ
3274 3922 3301 3973 6
3324 3921 3598 3990 κεραμεὺς
3626 3922 3731 3974 61:6
3758 3921 3851 3975 τοῦ
3881 3939 3974 3991 πη-

2417 4000 2505 4052 λοῦ
2550 4005 2945 4062 διαπλάττεται.
2979 4010 3051 4061 T6
3090 4009 3289 4080 κτίσμα
3326 4009 3430 4062 ὑπὸ
3471 4009 3565 4063 τοῦ
3603 4011 3822 4065 κτίστου
3854 4014 3977 4067 ἀνα-

2417 4096 2726 4160 καινίζεται,
2757 4102 2853 4170 οὐχ
2880 4103 2908 4154 6
2937 4102 3125 4166 κτίσας
3152 4104 3254 4156 61:6
3280 4104 3372 4157 τοῦ
3405 4105 3701 4175 κτίσματος
3733 4105 3970 4176 81.69006-

2416 4199 2524 4235 ται.
2575 4186 2628 4238 '0
2661 4189 2940 4259 ἄρρωστος
2969 4192 3073 4244 61:6
3108 4193 3201 4246 τοῦ
3241 4194 3425 4267 ἰατροῦ
3465 4193 3844 4266 θεραπεύεται,
3879 4197 3970 4264 οὐχ

2414 4275 2442 4326 6
2475 4275 2652 4346 ἰατρὸς
2689 4281 2791 4332 61:6
2824 4283 2916 4335 τοῦ
2959 4283 3239 4356 ἀρρώστου
3267 4287 3633 4357 περιοδεύεται
3832 4291 3969 4343 ἐκδι-

2415 4363 2714 4436 δάσκεται].
2766 4369 2820 4418 ’0
2847 4373 3109 4444 προσδεὴς
3151 4375 3299 4445 παρὰ
3329 4377 3421 4429 τοῦ
3440 4359 3441 4368 1
3462 4359 3714 4431 πλουσία.)
3741 4379 3973 4444 δανείζε-

2416 4474 2524 4519 ται,
2560 4456 2657 4525 ούχ
2693 4458 2720 4508 6
2751 4458 2998 4524 πλούσιος
3053 4464 3202 4533 παρὰ
3241 4465 3334 4518 τοῦ
3377 4467 3605 4537 πένητος
3645 4472 3968 4539 ἐρανίζεται.

755 4545 959 4605 acme
1005 4539 1176 4584 totum
1217 4532 1268 4585 in
1306 4541 1358 4588 tn
1403 4535 1520 4603 ipso
1552 4537 1741 4604 ferres,
1779 4554 1837 4596 ut
1877 4556 2046 4602 totum
2075 4553 2311 4609 salvares

2427 4547 2567 4617 Ἐγὼ
2605 4548 2811 4616 χρείαν
2839 4550 2954 4616 ἔχω
3001 4552 3119 4604 ὑπὸ
3143 4532 3264 4606 νσοῦ
3299 4532 3728 4623 βαπτισθῆναι,
3895 4562 3985 4615 σὺ·

755 4620 1062 4685 bominem;
1100 4637 1197 4690 ego
1229 4633 1446 4692 pr0pter
1470 4640 1667 4695 corpus
1700 4639 1850 4684 tuum
1877 4637 2020 4702 quod
2047 4643 2306 4708 cernitur,

750 4712 893 4777 quod
935 4721 1109 4767 mente
1149 4715 1465 4790 intelligitur
1507 4719 1804 4775 divinitatis
1856 4724 2181 4793 despiciam?
2224 4717 2305 4788 Ain

751 4802 878 4867 quia
915 4803 984 4856 ob
1008 4819 1176 4858 meam
1208 4808 1457 4875 salutem,
1486 4826 1634 4866 meas
1666 4813 1884 4869 indutus
1913 4832 1971 4870 es
1999 4819 2266 4886 primitias
2291 4865 2305 4888 ,

751 4888 987 4956 ignorem
1026 4904 1078 4948 te
1117 4897 1264 4952 indui
1311 4901 1514 4956 lumine
1549 4904 1689 4958 sicut
1729 4908 2046 4962 vestimento
2099 4909 2182 4963 ιιι
2225 4914 2304 4966 An

749 4985 1004 5046 quoniam
1033 5001 1249 5042 carnem
1280 4993 1412 5044 mihi
1448 5005 1728 5064 cognatam
1756 5008 1932 5066 gestas
1959 4997 2056 5069 [αι.
2090 5015 2305 5056 carnem

751 5083 924 5125 meam
950 5076 1150 5143 gestas]
1173 5119 1186 5140 .
1220 5089 1272 5132 et
1304 5082 1610 5139 hominibus
1639 5088 1964 5156 conspicuus
1988 5104 2079 5154 es,
2115 5099 2174 5144 ut
2207 5091 2306 5156 ipsi

751 5161 1249 5237 te_videre.possint,
1275 5187 1358 5225 me
1387 5174 1636 5241 splendor
1662 5181 1997 5241 coruscantis
2015 5182 2308 5239 divinitatis

753 5253 855 5298 tua:
878 5249 1068 5306 lateat?
1100 5256 1180 5308 Au
1213 5260 1470 5325 quoniam
1505 5278 1677 5318 meam
1708 5266 1760 5319 in
1789 5275 1839 5320 te
1865 5283 2032 5323 cerno
2054 5267 2305 5333 formam,

749 5348 850 5400 ego
885 5338 1115 5431 divinam
1160 5357 1304 5404 tuam
1327 5355 1626 5408 essentiam
1672 5357 1994 5413 invisibilem
2035 5369 2195 5431 atque
2231 5362 2307 5416 in-

748 5430 1281 5522 comprehensibilem
1331 5440 1466 5497 falsa
1516 5446 1927 5505 ratiocinatione
1976 5430 2170 5522 negare
2207 5471 2304 5510 au-

750 5515 947 5614 deam?
981 5518 1108 5576 Novi
1135 5538 1204 5591 te,
1236 5529 1494 5600 Domine;
1539 5538 1663 5591 novi
1702 5546 1754 5593 te
1786 5540 1975 5609 plane;
2017 5546 2140 5599 novi
2170 5556 2240 5614 te,
2271 5563 2302 5602 a

749 5612 801 5663 te
824 5608 1081 5669 edoctus:
1127 5630 1284 5674 nemo
1311 5625 1452 5678 enim
1484 5638 1533 5681 te
1558 5643 1718 5686 nosse
1757 5608 2086 5700 potest,nisi
2118 5608 2302 5706 gratiae

2413 4637 2557 4706 ἔρχῃ
2599 4636 2744 4704 πρὸς
2767 4637 2844 4705 μέ
2856 4654 2874 4700 ;
2907 4639 2996 4708 Μὴ
3028 4640 3135 4709 γὰρ
3165 4627 3342 4710 ἀγνοῶ
3367 4647 3450 4707 τίς
3487 4642 3563 4708 ei;
3593 4650 3706 4702 Kal.
3733 4653 3798 4702 ἐκ
3833 4653 3971 4713 τίνος

2416 4727 2740 4800 ἐξέλαμψας,
2797 4731 2890 4784 καὶ
2945 4729 3104 4782 πόθεν
3149 4732 3444 4802 ὲλήλυθας;
3493 4737 3584 4806 Μὴ
3632 4739 3741 4810 γὰρ
3789 4743 3970 4809 ἐπειδὴ

2415 4821 2640 4887 γέγονας
2678 4823 2797 4874 κατ’
2828 4821 2928 4891 ἐμὲ
3111 4822 3176 4874 δι’
3207 4823 3305 4891 ἐμὲ
3339 4825 3567 4902 γέγονας
3593 4833 3714 4882 κατ’
3742 4834 3892 4906 sub],
3919 4833 3974 4884 τὺ

2419 4906 2697 4976 μεγαλεῖον
2752 4909 3018 4983 ἀρνοῦμαι
3073 4914 3169 4984 τῆς
3227 4913 3326 4981 σῆς
3374 4913 3657 4994 θεότητος-ς
3715 4923 3810 4994 Μὴ
3869 4925 3974 4992 γὰρ

2412 5000 2594 5070 ἐπειδὴ
2623 5003 2870 5057 τοσοῦτόν
2893 5022 2980 5074 μοι
3007 5006 3362 5076 ωγκατέὸης,
3385 5008 3506 5075 ὅσον
3534 5010 3700 5078 ἐγγὺς
3723 5013 3970 5082 γενέσθαι

2413 5087 2489 5156 τῷ
2514 5090 2722 5160 σώματι
2746 5095 2838 5147 καὶ
2865 5097 2982 5152 ὅλον
3139 5098 3321 5169 φέρεις
3350 5099 3406 5150 έν
3437 5100 3631 5172 ἑαυτῷ»
3664 5105 3754 5158 ἶνα
3796 5106 3970 5178 σώσΐῆ

2409 5179 2528 5233 ὅλον
2553 5181 2641 5232 τὸν
2671 5184 2970 5254 ἄνθρωπονο
2991 5189 3109 5256 ἐγὼ
3147 5189 3236 5241 διὰ
3264 5189 3324 5241 τὸ
3365 5187 3637 5260 ὁρώμενόν
3668 5210 3765 5248 σου
3795 5196 3967 5265 σῶμα.

2408 5268 2466 5319 :6
2507 5270 2790 5340 νοούμενον
2817 5277 2914 5345 τῆς
2951 5277 3202 5349 θεότητος
3233 5279 3485 5351 παρορῶς
3515 5284 3606 5355 Μὴ
3639 5286 3750 5357 γὰρ
3793 5286 3973 5352 ἔπειδὴ

2390 5362 2496 5415 ιδιὰ
2520 5357 2632 5433 τὴν
2651 5365 2786 5434 ἐμὴν
2812 5370 3078 5439 σωτηρίαν
3108 5369 3488 5443 περιϐέϐλησαι
3513 5376 3621 5446 τὴν
3637 5377 3783 5450 ἐμὴν
3809 5381 3972 5448 ἀπαρ-

2412 5455 2529 5524 χὴν,
2563 5456 2664 5508 οὐκ
2707 5457 2996 5526 ἐπίσταμαί
3029 5477 3109 5523 σε,
3147 5460 3235 5513 τὸν
3277 5466 3733 5538 περιϐαλλόμενον
3769 5471 3836 5524 τὸ
3866 5469 3980 5539 9:3;

2409 5544 2483 5607 ὡς
2514 5545 2755 5629 ίμάτιον;
2789 5546 2878 5618 Μὴ
2908 5547 3014 5619 γὰρ
3036 5549 3218 5618 ἐπειδὴ
3247 5552 3343 5623 τὴν
3371 5555 3491 5626 ἐμοὶ
3525 5562 3765 5632 συγγενῆ
3802 5561 3972 5631 σάρκα

2412 5643 2594 5712 φορεῖς
2774 5643 2870 5712 τὴν
2899 5644 3036 5714 ἐμὴν
3074 5643 3253 5718 σάρκα
3280 5652 3506 5723 copem,
3541 5653 3636 5712 καὶ
3664 5656 3848 5728 φαίνῃ-
3871 5656 3981 5714 τοῖς

819 5790 866 5828 ιο
893 5789 1078 5848 Matth.
1112 5808 1190 5861 ιιι,
1219 5794 1267 5850 5.
1345 5799 1385 5830 "
1408 5798 1560 5858 Juan.
1585 5777 1616 5857 lx
1639 5823 1652 5872 ;
1679 5805 1807 5865 Luc.
1841 5826 1927 5867 xv.
2004 5815 2050 5847 "
2081 5812 2210 5874 Luc.
2246 5835 2282 5887 ι,

2481 5823 2526 5856 ⁸⁸
2559 5822 2742 5883 Ιιῐιιιιίι.
2783 5841 2864 5896 ιιι,
2893 5826 2974 5882 u.
3051 5828 3093 5863 “
3128 5827 3271 5887 Psal.
3305 5845 3421 5900 cm,
3452 5833 3504 5886 2.
