4094 6354
147 441 168 490 Ι
184 436 278 491 181

1106 415 1384 492 Hunnus
1425 435 1489 490 tv
1529 435 1596 490 IN
1637 433 1906 489 sane“
1946 435 2406 492 TtlEOPllANlA.

3230 427 3366 486 H83

505 555 580 618 ὡς
617 554 766 608 αὐτοί
811 570 869 607 σε
914 553 1130 624 βλέπειν
1158 555 1418 626 ἰσχύουσι,
1463 556 1707 610 λανθάνει

1812 567 1914 610 tua:
1947 559 2148 611 lumine
2181 557 2496 610 illustratus.
2540 554 2672 609 Novi
2713 568 2798 624 te,
2852 555 3106 619 Domine,
3145 568 3362 623 aperte;

128 655 217 718 ⁸με
241 647 459 719 ήαῐγλη
491 646 591 716 τῆς
620 646 1032 717 ἀστραπτούσης
1054 664 1148 700 σου
1179 647 1456 719 θεότητοςς
1483 648 1573 718 Μὴ
1601 647 1708 718 γὰρ

149 737 338 808 iuta)
361 736 458 814 τὴν
498 735 636 808 ἐμὴν
666 738 724 790 ὲν
754 736 837 789 σοὶ
880 735 1070 814 βλέπω.
1090 737 1322 808 μορφὴν,
1355 736 1709 810 παραλογιζο-

150 829 250 900 μαί
281 845 376 882 σου
400 812 498 898 τὴν
529 826 679 881 θείαν
707 827 912 892 οὐσίαν,
941 830 1039 899 τὴν
1064 812 1290 900 ἀόρατον
1328 832 1420 884 καὶ
1442 829 1708 899 ἀκατάλη-

148 937 315 982 πτονς
356 913 484 972 Οἷδά
527 935 606 985 σε,
650 919 913 983 Δέσποτα,
953 914 1070 973 οἶδά
1116 937 1174 974 σε
1216 921 1433 996 σαφῶςο
1471 918 1589 974 οἶδά
1627 938 1705 982 σε,

149 1014 298 1085 παρά
323 1012 417 1066 σοῦ
455 1011 722 1083 διδαχθείς
741 1031 754 1042 ·
786 1014 959 1076 οὐδεὶς
985 1015 1094 1086 γὰρ
1129 1017 1419 1084 ἐπιγνῶναί
1451 1033 1510 1068 σε
1552 1016 1708 1069 δύνα-

146 1121 258 1167 ται,
287 1105 362 1176 μὴ
396 1104 497 1174 τῆς
533 1104 630 1176 σῆς
662 1104 948 1158 ἀπολαύων
975 1107 1305 1177 ὲλλάμψεως.
1338 1104 1467 1160 Οἶδά
1503 1125 1580 1171 σε,
1620 1109 1709 1162 Δέ-

147 1210 340 1258 σποτα,
367 1195 583 1263 σαφῶς·
621 1190 760 1248 εἶδον
787 1196 894 1266 γάρ
923 1213 979 1248 σε
1020 1198 1419 1267 πνευματικῶς,
1456 1199 1582 1268 πρὶν
1608 1192 1706 1249 ’ἴδω

145 1284 307 1338 τοῦτο
332 1286 394 1338 τὸ
426 1287 557 1354 φῶς.
591 1287 719 1340 Ὅτε
749 1287 813 1339 σὺ
857 1287 954 1357 μὲν
986 1286 1059 1339 ὣν
1089 1289 1205 1351 ὅλος
1230 1287 1350 1358 [ἀλ.
1381 1289 1462 1340 ὅτι
1504 1291 1568 1341 σὺ
1611 1289 1706 1357 μὲν

145 1376 268 1438 ὅλος
295 1375 394 1447 ὢν]
421 1379 477 1429 ὲν
500 1379 611 1439 τοῖς
631 1378 940 1447 ἀσωμάτοις
963 1378 1179 1440 κόλποις
1206 1377 1298 1430 τοῦ
1321 1379 1564 1450 οὐρανίου
1591 1380 1705 1430 Πα-

146 1467 294 1538 τρὸς,
331 1468 451 1530 δλος
492 1463 559 1538 ἦς
595 1469 652 1520 έν
677 1470 786 1530 τοῖς
816 1467 1001 1536 λαγόσι
1036 1465 1131 1538 τῆς
1161 1470 1256 1539 σῆς
1288 1469 1477 1540 δούλης
1517 1488 1576 1521 τε
1616 1471 1706 1523 καὶ

151 1559 388 1629 μητρός·
434 1560 540 1629 ἐγὼ
567 1559 624 1613 δὲ
662 1561 718 1610 ἐν
865 1559 1038 1631 κοιλία
1075 1560 1172 1628 τῆς
1210 1559 1482 1612 Ἐλισάὅετ
1527 1561 1602 1623 ώς
1647 1563 1704 1612 ἐν

147 1653 336 1723 εἱρκτῇ
367 1655 435 1722 τῇ
461 1652 615 1720 φύσει
642 1651 1018 1720 κατεχόμενος,
1047 1653 1138 1723 καὶ
1165 1651 1440 1720 δεδεμένος
1467 1653 1576 1714 τοῖς
1600 1652 1704 1702 τῶν

134 1743 410 1815 λὲμδρύων
459 1742 671 1805 ἀλύτοις
709 1743 947 1812 δεσμοῖς,
990 1745 1272 1813 ἐσκίρτων,
1315 1743 1704 1812 ἐπαντιγύριζον

145 1836 246 1904 τὴν
299 1836 399 1906 σὴν
437 1835 643 1904 γένεσιν
685 1833 1079 1905 προεορτάζων.
1131 1836 1187 1886 '0
1237 1834 1412 1886 τοίνυν
1462 1834 1567 1904 πρὸ
1612 1834 1704 1886 τοῦ

1808 647 1914 700 vidi
1943 649 2086 701 enim
2116 656 2168 702 te
2199 651 2250 701 in
2279 645 2492 716 spiritu,
2521 657 2806 715 antequam
2835 649 2975 700 hanc
3009 647 3180 700 lucem
3209 645 3366 713 inspi-

1809 753 2002 792 cerem.
2027 737 2190 804 'Quia
2217 748 2295 801 tu,
2326 753 2448 810 cum
2497 748 2642 792 totus
2685 739 2737 791 in
2779 739 3100 806 incorporeo
3130 737 3365 792 caelestis

1807 827 1983 882 Patris
2031 829 2152 882 sinu
2199 841 2384 888 esses,
2435 835 2579 882 totus
2621 842 2833 895 quoque
2872 827 2925 879 in
2975 837 3128 879 utero
3161 827 3367 881 ancilla:

1807 929 1912 972 tua:
1944 936 2007 974 ac
2047 922 2234 974 matris
2262 935 2414 985 eras;
2454 935 2553 989 ego
2582 934 2729 981 vero,
2763 919 2816 972 in
2851 927 3035 972 ventre
3070 917 3364 984 Elisabetb,

1807 1013 1952 1066 velut
1995 1015 2046 1066 in
2095 1029 2330 1078 carcere,
2365 1020 2558 1079 natura
2583 1012 2848 1074 detentus,
2891 1020 3050 1079 atque
3076 1010 3367 1062 indissolu-

1807 1105 2007 1158 bilibus
2053 1104 2336 1159 infantium
2367 1105 2596 1159 vinculis
2619 1103 2966 1164 constrictus,
3007 1101 3363 1162 exsultabam,

1807 1207 1860 1251 et
1884 1207 2030 1250 tuam
2061 1205 2215 1250 antea
2249 1197 2579 1250 nativitatem
2612 1194 2997 1274 collaudabam‘
3025 1208 3085 1245 ac
3125 1176 3367 1245 celebra--

1808 1288 1952 1340 bam.
1995 1286 2097 1352 Qui
2134 1287 2294 1357 igitur
2325 1296 2444 1340 ante
2493 1294 2883 1362 parturirtnum
2915 1283 3196 1337 adventum
3227 1298 3366 1349 pra:-

1806 1374 2085 1438 dicalsam,
2120 1373 2241 1441 post
2280 1383 2488 1441 partum
2520 1374 2835 1442 adventum
2881 1380 3030 1424 tuum
3079 1368 3364 1439 ignorabo?

1807 1463 1907 1528 Qui
1939 1465 1990 1515 in
2019 1471 2169 1517 utero
2204 1463 2465 1526 adven-tus
2493 1464 2566 1514 tui
2599 1462 2784 1515 doctor
2819 1462 2915 1524 fui,
2958 1476 3101 1514 nunc
3135 1460 3373 1526 perfecta-

1807 1554 1986 1607 habita
2017 1552 2321 1622 cognitione
2351 1551 2529 1606 infans
2550 1554 2681 1605 ero?
2721 1551 2984 1604 Cancrum
3021 1567 3122 1603 non
3149 1566 3366 1620 possum
3462 1553 3465 1556 ’

1806 1662 1910 1700 non
1956 1656 2005 1700 te
2052 1646 2228 1699 colere
2277 1661 2340 1699 ac
2382 1645 2666 1707 venerari,
2714 1645 2805 1712 qui
2836 1644 2902 1698 ab
2931 1646 3078 1698 omni
3126 1643 3368 1697 adorat-is

1807 1747 2074 1791 creatura.
2130 1735 2245 1788 Non
2277 1751 2494 1804 possum
2541 1751 2645 1788 non
2682 1734 2973 1804 praedicare
3016 1749 3160 1796 eum,
3206 1748 3364 1801 quem

1807 1834 2000 1887 caelum
2044 1831 2239 1884 ducatu
2289 1829 2456 1882 stella!
2499 1829 2947 1896 prmmonstravit,
2990 1837 3042 1881 et
3085 1838 3223 1877 terra
3271 1837 3366 1892 per

143 1900 304 1978 τόκου
339 1900 558 1995 τὴνγσὴν
585 1900 871 1994 ὲπιδήμίαν
901 1924 1305 1994 προκηρύττων,
1335 1923 1469 1993 μετά
1492 1900 1582 1975 τὸν
1616 1925 1703 1975 τό·

1810 1939 1994 1994 tnagos
2036 1923 2264 1991 benigne
2301 1923 2543 1989 excepit;
2597 1921 3014 1988 angelorumque
3059 1916 3240 1978 chori,
3295 1915 3364 1968 ob

144 2035 240 2071 κον
269 2018 370 2086 τὴν
395 2017 487 2084 σὴν
512 2017 806 2086 παρουσίαν
829 2017 1106 2086 ἀγνοήσυ›;
1147 2017 1203 2068 Ὀ
1225 2020 1280 2069 ἐν
1305 2016 1456 2086 νηδύῐ
1475 2016 1574 2084 τῆς
1604 2017 1701 2085 σῆς

147 2107 446 2177 παρουσίας
484 2106 816 2172 διδάσκαλος,
855 2108 1100 2178 νηπιάσω
1142 2106 1434 2176 νῦν,’πρὸς
1470 2107 1566 2177 τὴν
1615 2124 1700 2159 τε·

145 2201 292 2251 λείαν
321 2197 642 2264 ἑπίγνωσινς
684 2197 818 2249 Ἀλλ’
842 2199 901 2250 ού
924 2198 1153 2266 δύναμαι
1193 2197 1264 2266 μὴ
1293 2198 1466 2250 σέϐειν
1497 2215 1576 2260 σε,
1607 2199 1698 2250 τὸν

143 2290 609 2362 προσκυνούμενον
641 2291 788 2362 παρά
827 2291 1002 2358 πάσης
1037 2291 1133 2358 τῆς
1169 2290 1414 2351 κτίσεως,
1445 2291 1503 2340 ού
1541 2290 1696 2342 δύνα-

144 2400 241 2451 μαι
272 2383 347 2452 μὴ
375 2381 678 2452 κηρύττειν,
719 2383 777 2434 ὃν
814 2382 1036 2452 οὐρανὸς
1063 2381 1149 2433 διὰ
1175 2380 1267 2432 τοῦ
1309 2381 1532 2450 ἀστέρος
1571 2382 1698 2432 ύπέ-

140 2473 301 2538 δειΞε,
348 2473 440 2525 καὶ
476 2474 543 2542 γῆ
585 2472 673 2525 διὰ
719 2473 825 2522 τῶν
869 2473 1053 2540 μάγων
1093 2470 1422 2534 ἐδεξιώσατο,
1463 2472 1554 2523 καὶ
1592 2472 1697 2525 τῶν

139 2563 388 2633 ἀγγέλων
427 2565 475 2615 οἱ
506 2562 977 2632 χοροὶ,.χαίροντες
1001 2560 1086 2613 διὰ
1122 2561 1217 2631 τὴν
1254 2563 1350 2631 σὴν
1383 2563 1517 2631 πρὸς
1553 2564 1698 2631 ἡμᾶς

141 2653 564 2722 συγκατάὸασιν,
595 2654 933 2722 ἀνευφήμουν
965 2654 1056 2705 καὶ
1083 2652 1335 2721 ποιμένες
1371 2653 1699 2723 ἀγραυλοῦν-

139 2763 251 2810 τες,
272 2745 364 2797 τὸν
393 2744 747 2815 ἀρχιποίμενα
771 2743 874 2795 τῶν
893 2743 1122 2810 λογικῶν
1151 2743 1431 2812 προϐάτων
1459 2743 1693 2814 ἀνύμνη-

140 2851 263 2889 σαν.
313 2837 387 2888 Ού
430 2830 792 2905 δύναμαι,σοῦ
826 2833 1104 2903 παρόντος,
1155 2834 1340 2901 σιγᾷν·
1379 2832 1533 2900 μονὴ
1590 2835 1697 2905 γάρ

137 2931 276 2997 ειμι·
302 2925 470 2995 φωνὴ
493 2926 619 2994 γὰρ,
637 2927 786 2996 φησὶ,
807 2924 1071 2989 βοῶντος
1097 2925 1167 2976 ἐν
1188 2923 1261 2990 τῇ
1278 2925 1492 2991 ἐρήμῳο
1516 2927 1576 2977 Ἦ
1584 2943 1698 2977 τοι-

136 3015 371 3084 μάσατε
401 3014 514 3081 τὴν
545 3015 687 3068 ὀδόν
721 3017 957 3082 Κυρίου.
1005 3015 1143 3084 Ἐγὼ
1176 3018 1379 3084 χρείαν
1417 3017 1533 3083 ἔχω
1580 3015 1696 3066 ὑπὸ

135 3106 258 3160 σοῦ
297 3106 724 3172 βαπτισθῆναι,
767 3108 861 3159 καί
912 3108 991 3159 σὺ
1031 3108 1175 3174 ἔρχῃ
1219 3105 1362 3173 πρὸς
1399 3107 1507 3174 μέ;
1561 3101 1697 3174 Ἐγὼ

138 3197 439 3267 γεννηθεὶς,
469 3200 566 3269 τῆς
613 3199 946 3268 γεννησάσης
989 3196 1108 3266 [ἄλ.
1158 3199 1583 3269 γεννησαμένης]
1633 3216 1697 3267 με

141 3287 352 3358 μητρὸς
379 3287 475 3358 τὴν
506 3288 782 3363 στείρωσιν
813 3287 1002 3338 ἔλυσαο
1034 3287 1126 3337 καὶ
1157 3285 1351 3354 βρέφος
1380 3288 1454 3339 ὢν
1483 3289 1580 3347 ἔτι,
1610 3289 1700 3353 γέ-

135 3393 273 3442 γονα
299 3377 401 3445 τῆς
426 3377 663 3443 ἀφωνίας
697 3376 789 3428 τοῦ
826 3375 1026 3444 πατρός
1063 3392 1158 3443 μου
1192 3376 1389 3445 ἰατρὸς,
1426 3377 1573 3445 παρὰ
1608 3377 1698 3428 σού

136 3466 323 3519 λαϐὼν
367 3469 430 3519 ὲκ
477 3465 664 3527 παιδὸς
711 3465 807 3535 τὴν
850 3465 1007 3535 χάριν
1053 3465 1146 3516 τού
1200 3464 1490 3533 θαύματος.
1534 3468 1603 3518 Σὺ
1645 3467 1699 3518 δὲ

135 3557 356 3629 τεχθεὶς
379 3559 440 3609 ἐκ
466 3558 563 3627 τῆς
595 3556 866 3628 Παρθένου
910 3556 1142 3625 Μαρίας,
1183 3555 1259 3616 ὼς
1291 3555 1575 3624 ἠθέλησας,
1609 3558 1700 3607 καὶ

132 3649 218 3712 «τις
261 3647 329 3700 σὺ
373 3647 529 3717 μόνος
567 3648 873 3709 ἐπίστασαι,
904 3649 1003 3699 ούκ
1045 3646 1235 3707 ἔλυσας
1271 3645 1366 3714 τὴν
1407 3645 1698 3714 παρθενίαν

135 3734 316 3804 αὐτῆς
338 3751 352 3766 ·
384 3734 519 3787 ἀλλὰ
538 3735 630 3788 καὶ
655 3736 853 3806 ταύτην
882 3735 1241 3805 ἐφρούρησας,
1265 3735 1356 3786 καὶ
1381 3734 1476 3802 τῆς
1500 3733 1699 3805 μητρὸς

141 3823 282 3894 αὐτῇ
316 3825 414 3896 τὴν
443 3827 808 3897 προσηγορίαν
839 3825 1166 3895 δεδώρησαι⁹
1202 3823 1295 3875 καὶ
1333 3822 1451 3874 οὗτε
1488 3826 1534 3904 ἡΙ
1558 3842 1697 3896 παρ-

134 3913 298 3968 οινία
327 3915 418 3967 τὸν
444 3915 533 3968 σὸν
562 3915 715 3968 τόκον
740 3914 1024 3976 ἐκώλυσεν,
1060 3912 1180 3965 οὒτε
1203 3915 1230 3965 6
1257 3913 1410 3974 τόκος
1439 3912 1534 3982 τὴν
1565 3931 1700 3985 παρ-

133 4003 326 4057 θενίαν
383 4004 682 4073 ἐλυμήνατο
711 4019 725 4033 ο
776 4003 908 4055 ἀλλά
963 4001 1289 4071 συνέδραμον
1341 4001 1700 4054 ἐναντιώτατα

133 4091 464 4160 πράγματα,
495 4092 650 4154 τόκος
686 4093 779 4144 καὶ
804 4089 1064 4161 παρθενία
1095 4087 1229 4160 πρὸς
1265 4088 1389 4157 μίαν
1415 4091 1693 4158 ὁμόνοιαν·

131 4180 330 4249 ἐπειδὴ
360 4181 515 4232 τοῦτο
548 4179 667 4250 [ἄλ.
701 4181 864 4252 οὕτω]
897 4181 1121 4252 πάρεστί
1155 4196 1233 4231 σοι
1261 4179 1337 4248 τῷ
1365 4181 1573 4250 πλαστῇ
1600 4183 1699 4250 τῆς

127 4271 375 4337 ᾳύσεως.
434 4271 570 4336 Ἐγὼ
615 4273 896 4340 ἄνθρωπος
939 4271 1092 4341 μόνον
1133 4269 1245 4337 είμὶ
1287 4269 1432 4334 θείας
1482 4273 1698 4342 χάριτος

132 4359 369 4429 μέτοχος
386 4377 400 4389 ο
426 4361 487 4412 σὺ
514 4360 569 4411 δὲ
593 4360 725 4423 Θεὸς
752 4359 820 4425 εἶ,
839 4364 930 4415 καὶ
947 4361 1224 4430 ἄνθρωπος
1249 4362 1277 4412 ὀ
1301 4363 1478 4426 αὐτὸς,
1511 4361 1692 4430 ἐπειδὴ

127 4449 518 4521 φιλάνθρωπος
554 4450 816 4518 πέφυκας.
867 4453 1005 4522 Ἐγὼ
1046 4453 1251 4521 χρείαν
1282 4455 1396 4520 ἔχω
1427 4455 1543 4507 ὑπὸ
1582 4453 1696 4504 σοῦ

1804 2023 1947 2070 tuam
1992 2018 2043 2069 in
2086 2030 2186 2066 nos
2228 2012 2639 2080 indulgentiam,
2666 2011 2954 2079 gaudentes
2986 2009 3363 2073 decantarunt,

1801 2117 1853 2161 ct
1880 2119 2127 2176 pastores
2163 2104 2216 2155 in
2252 2117 2381 2172 agro
2413 2109 2794 2169 pernoctanles
2827 2101 2870 2130 ⁸⁵
2893 2140 2906 2163 ,
2937 2084 3230 2167 principem
3265 2113 3363 2166 pa-

1801 2214 2007 2259 storum
2051 2199 2394 2254 rationalium
2447 2198 2626 2250 ovium
2673 2196 3026 2250 celebrarunt.
3075 2193 3191 2248 Non
3241 2209 3367 2263 pos-

1799 2309 1952 2357 sum,
2001 2301 2052 2344 te
2094 2273 2374 2359 prmsentc,
2413 2297 2622 2357 latere;
2659 2303 2790 2351 nam
2821 2302 2918 2340 rox
2975 2302 3065 2356 ego
3124 2300 3272 2345 sum;
3314 2291 3368 2336 et

1798 2383 2012 2451 quidem
2046 2399 2142 2435 rex
2172 2381 2450 2434 clamamus
2494 2384 2543 2433 in
2585 2381 2784 2434 deserto
2816 2395 2832 2430 :
2861 2377 3053 2431 Parate
3088 2379 3222 2430 riam
3265 2376 3367 2427 Do-

1797 2475 1926 2526 mini
1954 2473 2017 2525 5°.
2051 2472 2158 2542 Ego
2187 2485 2290 2527 ate
2322 2475 2582 2541 baptizari
2613 2472 2790 2536 debeo,
2819 2481 2866 2524 ct
2899 2480 2953 2522 tu
2983 2471 3120 2521 venis
3155 2468 3222 2519 ad
3251 2467 3367 2518 me?

1801 2563 1911 2631 ligo
1939 2571 2131 2626 natus,
2159 2564 2347 2615 matris
2375 2577 2496 2631 qua:
2525 2577 2609 2615 me
2638 2561 2861 2630 peperit,
2891 2559 3219 2612 sterilitatem
3248 2556 3358 2608 sol-

1797 2654 1884 2719 vi;
1913 2663 1967 2706 et
1995 2652 2174 2706 infans
2209 2669 2330 2706 cum
2363 2653 2539 2706 adhuc
2574 2667 2769 2715 essem,
2800 2648 3155 2703 taciturnitati
3191 2647 3362 2714 patris

1798 2745 1902 2799 mei
1931 2732 2251 2798 medicinam
2278 2744 2518 2805 adhibui,
2557 2757 2599 2794 ac
2623 2751 2673 2794 te
2695 2756 2828 2809 puer
2858 2740 3104 2794 miraculi
3137 2740 3362 2808 gratiam

1798 2838 2091 2907 accipiens.
2135 2835 2212 2888 Tu
2252 2849 2398 2895 vero,
2428 2850 2491 2886 ex
2533 2831 2700 2885 Maria
2728 2840 2885 2885 natus
2909 2829 3152 2897 Virgine,
3189 2840 3248 2883 ιιι
3271 2846 3365 2885 vo-

1798 2932 1968 2995 luisti,
2003 2941 2056 2984 et
2088 2929 2228 2983 sicut
2255 2936 2310 2978 tn
2344 2925 2492 2979 solus
2521 2926 2682 2988 nosti,
2711 2939 2818 2977 non
2844 2923 3050 2977 solvisti
3080 2922 3363 2991 virginita-

1798 3029 1900 3078 ῑριιι
1927 3024 2073 3090 ejus;
2101 3019 2192 3072 sed
2219 3027 2270 3071 et
2295 3018 2430 3070 hanc
2451 3015 2752 3078 custodisti,
2778 3023 2830 3068 et
2858 3015 3026 3082 ipsam
3054 3014 3242 3066 matris
3267 3028 3363 3081 ap-

1798 3114 2080 3184 pellatione
2102 3109 2348 3172 donasti;
2371 3116 2424 3160 ct
2469 3121 2648 3172 neque
2674 3114 2823 3161 tuum
2850 3115 3063 3184 partum
3090 3104 3364 3173 impedivit

1727 3230 1768 3284 (ς
1803 3205 2122 3270 virginitas,
2173 3202 2741 3268 nequewrgimtatem
2802 3196 2937 3249 lmsit
2984 3205 3210 3264 partus;
3267 3193 3359 3246 sed

1803 3300 2191 3348 concurrerunt
2243 3306 2331 3344 res
2372 3288 2902 3357 repugnantissimaa,
2957 3296 3140 3353 partus
3201 3294 3361 3350 atque

1801 3383 2100 3449 virginitas,
2136 3381 2187 3432 in
2210 3396 2376 3434 unum
2398 3381 2571 3437 facies
2596 3377 2881 3444 :quoniam
2903 3374 3004 3426 hoc
3032 3372 3124 3424 tibi
3155 3380 3360 3423 natura:

1801 3471 2065 3527 conditori
2089 3481 2395 3540 promptum
2413 3480 2492 3524 est
2512 3469 2604 3539 [aL
2622 3468 2698 3521 sic
2721 3465 2812 3517 tibi
2841 3472 3045 3515 natura:
3059 3463 3265 3515 auctori
3281 3464 3358 3515 vi—

1800 3580 1921 3618 sum
1969 3564 2070 3634 est]
2114 3582 2178 3621 ac
2198 3552 2518 3631 facilefltigo
2544 3562 2703 3613 homo
2726 3557 2986 3610 duntaxat
3009 3572 3125 3610 sum
3163 3557 3359 3613 divina;

1801 3659 2067 3726 particeps
2099 3659 2312 3726 gratim;
2339 3665 2390 3706 at
2419 3664 2470 3705 tu
2492 3651 2629 3704 Deus
2654 3650 2791 3703 idem
2821 3664 2901 3708 es,
2926 3658 2978 3702 et
3005 3650 3165 3728 homo
3191 3665 3202 3700 :
3225 3663 3362 3718 quo-

1799 3745 1943 3799 niam
1977 3745 2239 3813 benignu‘s
2266 3754 2318 3796 et
2347 3741 2566 3792 humani
2598 3737 2808 3805 generis
2839 3734 3246 3788 amantissimus
3275 3751 3354 3788 es.

1801 3838 1912 3907 Ego
1936 3853 2061 3905 opus
2087 3835 2244 3886 habeo
2286 3844 2343 3883 ut
2371 3848 2400 3879 (ι
2437 3839 2481 3883 te
2513 3829 2762 3897 baptizer,
2795 3837 2841 3879 et
2871 3837 2926 3878 tu
2965 3826 3102 3880 venis
3135 3827 3203 3878 ad
3239 3827 3361 3879 me!

1800 3927 1878 3981 Tu
1901 3970 1914 3991 ,
1965 3927 2054 3993 qui
2088 3925 2140 3976 in
2182 3922 2446 3990 principio
2491 3935 2646 3983 eras,
2685 3927 2738 3971 et
2765 3917 2902 3985 apud
2932 3915 3098 3971 Deum
3135 3932 3276 3980 eras,
3305 3924 3358 3968 et

1800 4016 1940 4069 Deus
1964 4017 2075 4081 ipse
2095 4015 2212 4064 eras
2228 4013 2305 4075 ⁸⁷;
2332 4021 2384 4062 tn
2408 4011 2496 4078 qui
2526 4009 2766 4062 Paternaa
2787 4023 2845 4061 es
2867 4007 3048 4074 gloriae
3072 4007 3352 4075 splendor;

1799 4116 1853 4159 tu
1877 4106 1966 4172 qui
1999 4101 2231 4171 perfecta
2254 4117 2311 4154 es
2340 4101 2516 4168 imago
2541 4097 2757 4167 perfecti
2793 4097 2968 4151 Patris
3009 4097 3104 4167 [αι.
3135 4095 3352 4165 perfecti

1799 4193 2060 4254 luminis,
2136 4190 2377 4242 videlicet
2431 4187 2677 4256 Patris];
2730 4198 2786 4242 tu
2834 4189 2924 4256 qni
2973 4187 3065 4239 lux
3110 4201 3168 4239 es
3199 4201 3349 4245 vera,

1795 4296 1910 4349 quin
1956 4278 2220 4330 illuminat
2260 4294 2461 4329 onmem
2506 4279 2764 4329 hominem
2800 4279 3082 4329 venientem
3132 4276 3183 4324 in
3214 4274 3348 4325 hunc

1798 4370 2044 4424 mundum
2072 4371 2153 4433 53;
2187 4380 2241 4421 tn
2268 4371 2357 4437 qui
2384 4387 2503 4422 eum
2539 4369 2588 4421 in
2623 4370 2823 4421 mundo
2847 4371 3014 4429 eSses,
3049 4365 3234 4417 venisti
3260 4365 3351 4417 ubi

1800 4479 1954 4527 eras;
1993 4473 2043 4514 tn
2074 4463 2163 4529 qui
2198 4461 2372 4515 factus
2400 4478 2458 4515 es
2488 4478 2614 4516 caro
2643 4502 2657 4522 ,
2685 4463 2777 4514 sed
2821 4478 2922 4512 non
2965 4472 3254 4511 conversus
3298 4457 3348 4508 in

118 4538 572 4607 βαπτισθῆναι,
615 4541 712 4593 καί
758 4544 836 4601 σὺ
882 4545 1029 4611 ἔρχῃ
1085 4542 1231 4610 πρὸς
1273 4546 1379 4611 μέ;
1433 4544 1503 4595 Σὺ
1559 4545 1586 4593 6
1635 4545 1691 4596 ἐν

1799 4567 2049 4613 carm-ni;
2086 4560 2140 4602 tn
2177 4551 2265 4618 qui
2304 4550 2554 4602 habitasti
2593 4550 2644 4601 in
2697 4548 2851 4600 nobis
2876 4586 2888 4607 ,
2937 4551 2987 4594 et
3018 4543 3190 4595 servis
3243 4541 3351 4596 tuis

123 4631 280 4702 ἀρχῇ
317 4629 412 4695 ὢν,
456 4631 548 4685 καὶ
590 4633 724 4701 πρὸς
767 4632 898 4687 Θεὸν
934 4635 1028 4695 ὢν,
1081 4635 1171 4686 καὶ
1207 4635 1340 4696 Θεὸς
1385 4633 1489 4685 ὧν·
1530 4636 1591 4685 σὺ
1634 4634 1694 4684 τὸ

120 4723 233 4792 τῆς
265 4722 526 4792 πατρῴας
561 4721 715 4790 δόξης
744 4723 1078 4794 ἀπαύγασμα
1097 4742 1110 4753 ο
1150 4725 1211 4776 σὺ
1244 4727 1271 4775 ό
1296 4723 1495 4783 τέλειος
1525 4740 1692 4793 χαρα-

122 4810 279 4880 κτὴρ
318 4809 410 4862 τοῦ
453 4811 650 4884 τελείου
680 4811 892 4881 Πατρός
928 4811 1046 4883 [ἀλ.
1100 4813 1301 4864 τελείου
1355 4810 1546 4878 φωτὸς,
1596 4811 1690 4882 δη-

118 4898 268 4967 λαδὴ
304 4900 397 4952 τοῦ
431 4899 662 4972 Πατρός]
683 4917 695 4930 '
729 4901 792 4952 σὺ
823 4901 887 4953 τὸ
921 4902 1043 4970 φῶς
1068 4903 1133 4955 τὸ
1161 4902 1462 4967 ἀληθινδϊ,
1489 4903 1546 4954 τὸ
1573 4923 1685 4972 ρω-

120 4987 301 5048 τίζον
353 4988 546 5043 πάντα
592 4991 906 5057 ἄνθρωπον
946 4992 1268 5060 ἐρχόμενοι·
1313 4995 1397 5056 εἰς
1444 4993 1547 5044 τὸν
1597 4998 1692 5047 mi-

113 5090 327 5146 σμον·
355 5077 417 5128 σὺ
453 5081 481 5129 ὁ
509 5080 566 5129 ὲν
590 5079 667 5148 τῷ
695 5080 881 5148 κόσμῳ
901 5078 995 5139 ὢν,
1026 5081 1117 5131 καὶ
1143 5080 1306 5132 ἐλθὼν
1335 5083 1465 5134 ὅπου
1497 5080 1562 5153 ἧς
1587 5103 1598 5113 ·
1631 5087 1693 5137 συ

117 5170 149 5221 ὁ
177 5165 479 5234 γενόμενος
511 5170 664 5241 σὰρξ,
693 5170 807 5222 ἀλλ’
844 5171 942 5222 οὐκ
971 5172 1050 5234 είς
1079 5170 1253 5242 σάρκα
1279 5175 1504 5244 τραπείς
1526 5192 1538 5204 ο
1573 5177 1634 5226 σὺ
1669 5177 1697 5226 6

117 5253 424 5324 σκηνώσας
436 5257 492 5308 ἐν
505 5260 537 5328 ἡ
547 5263 657 5329 μίν,
674 5262 890 5323 καὶτοῖς
909 5255 1017 5320 σοῖς
1039 5260 1238 5325 δούλοις
1259 5264 1441 5330 φανεὶς
1456 5268 1510 5316 ἐν
1526 5269 1587 5335 τῇ
1606 5266 1695 5318 τοῦ

111 5347 324 5408 δούλου
345 5351 518 5419 μορφῇ
541 5368 552 5378 ’
573 5353 638 5404 σὺ
659 5353 687 5403 ό
701 5353 797 5423 τὴν
811 5353 912 5422 γῆν
925 5353 1016 5406 καὶ
1036 5352 1124 5404 τὸν
1139 5354 1360 5424 οὐρανὸν
1381 5356 1699 5425 γεφυρώσας

110 5437 249 5514 [τῃ.
304 5438 716 5511 γεφυράσας]τῷ
742 5443 879 5512 ἁγίῳ
910 5460 999 5495 σου
1031 5443 1271 5513 ὀνόματι,
1308 5448 1370 5498 σὺ
1403 5446 1532 5517 ἔρχῃ
1562 5448 1695 5518 πρὸς

111 5531 233 5604 pl;
267 5529 330 5602 Ὀ
351 5528 617 5597 τοσοῦτος,
646 5535 780 5604 πρὸς
801 5535 890 5589 τὸν
920 5536 1152 5589 τοιοῦτον
1173 5554 1186 5598 ;
1219 5539 1276 5589 '0
1299 5537 1544 5606 βασιλεὺς
1564 5539 1694 5607 πρὸς

111 5623 222 5680 τὸν
251 5617 595 5694 πρόδρομονς
641 5624 697 5674 ὐ
731 5627 1000 5695 Δεσπότης
1029 5629 1162 5697 πρὸς
1188 5629 1277 5680 τὸν
1308 5628 1518 5690 δοῦλον;
1559 5628 1692 5677 Ἀλλ’

191 5808 250 5843 ⁸⁸
286 5807 418 5868 Luc.
450 5822 510 5872 ιι,
552 5780 604 5861 8.

684 5808 726 5840 ³⁸
762 5807 942 5870 Matth.
977 5826 1065 5878 lli,
1092 5810 1155 5876 5;
1196 5810 1356 5867 Marc.
1387 5829 1436 5879 ι,
1471 5815 1535 5882 '5;
1580 5813 1708 5870 an.
1744 5829 1837 5882 ιιι,
1879 5815 1948 5882 4;
1991 5813 2144 5870 loan.
2176 5831 2210 5880 t,
2245 5813 2328 5867 25.

1795 4643 1847 4694 in
1884 4642 2054 4694 forma
2103 4641 2239 4694 servi
2286 4640 2612 4706 conspicuus
2669 4637 2848 4698 fuisti;
2895 4641 2948 4686 tu
3000 4633 3092 4701 qui
3147 4643 3343 4686 terram

1793 4739 1845 4782 et
1913 4730 2106 4782 malum
2186 4737 2277 4780 tuo
2356 4735 2543 4780 sancto
2611 4724 2824 4776 nomine
2896 4724 3129 4790 quodam
3192 4722 3345 4787 quasi

1793 4829 1954 4889 ponte
2002 4819 2222 4887 iunxisti
2251 4835 2264 4880 ;
2297 4827 2350 4869 tu
2381 4813 2630 4873 venisad
2668 4813 2793 4864 me?
2848 4811 2948 4878 Tn,
3009 4814 3098 4881 qni
3164 4820 3343 4866 tantus

1792 4926 1870 4972 es,
1932 4910 1994 4962 ad
2057 4907 2257 4961 talem?
2305 4903 2435 4967 Rex,
2500 4903 2563 4954 ad
2614 4900 3345 4971 przecursorem‘!Dmninns,

1798 5005 1861 5056 ad
1903 4999 2152 5054 servum?
2206 4994 2306 5046 Sed
2370 4994 2618 5060 quamvis
2673 4997 2752 5047 tu'
2796 4995 2848 5046 in
2907 4990 3195 5045 humilibus
3246 4991 3347 5042 liu-

1799 5090 2070 5145 manitatis
2103 5083 2278 5138 modis
2328 5084 2479 5137 nasci
2513 5099 2620 5136 non
2669 5085 2948 5138 erubueris
2975 5099 2987 5144 ;
3016 5095 3115 5146 ego
3167 5089 3347 5134 tamen

1804 5192 2009 5236 natnrze
2034 5174 2292 5228 terminos
2324 5175 2597 5242 praeterire
2628 5191 2732 5226 non
2760 5185 2993 5242 possum.
3019 5166 3148 5220 Novi
3175 5185 3350 5236 quan-

1802 5282 1911 5324 tum
1947 5269 2084 5321 inter
2125 5277 2322 5320 terram
2369 5278 2421 5320 et
2452 5267 2761 5319 Creatorem
2797 5265 2863 5315 sit
2905 5261 3194 5313 discrimen
3228 5260 3340 5328 [αι.

1803 5359 2030 5427 spatium
2056 5357 2094 5428 ].
2128 5356 2261 5411 Novi
2293 5366 2494 5426 quanta
2530 5357 2666 5409 inter
2697 5354 2877 5406 limum
2910 5360 3062 5403 terra:
3091 5361 3142 5402 et
3173 5349 3342 5403 faeto-

1802 5465 1913 5502 rem
1941 5450 2010 5501 sit
2049 5449 2365 5503 diﬂerentia.
2406 5446 2536 5500 Novi
2560 5454 2826 5514 quantum
2859 5442 2937 5494 sol
2975 5451 3098 5493 tuus
3127 5441 3346 5507 justitize

1797 5540 2064 5607 praecellat
2089 5541 2239 5603 mihi,
2267 5540 2356 5607 qui
2385 5539 2599 5590 lucerna
2635 5545 2736 5586 tua:
2767 5549 2882 5586 sum
2910 5533 3108 5598 gratiw.
3138 5530 3201 5584 Et
3223 5531 3345 5583 licet

1793 5647 1927 5702 pura
1953 5635 2192 5703 corporis
2221 5637 2451 5688 amictus
2479 5632 2552 5683 sis
2609 5629 2778 5688 nube,
2833 5643 2930 5696 ego
2963 5634 3140 5678 tamen
3194 5630 3344 5673 tuam

2433 5812 2474 5843 ⁵⁷
2505 5809 2657 5866 Joan.
2695 5827 2743 5877 ι,
2783 5812 2830 5865 l.
2907 5811 2950 5842 "
2984 5805 3131 5867 Joan.
3175 5817 3232 5866 1,,
3261 5794 3318 5854 9-,
