4094 6354
754 466 930 530 1133,

1381 460 1438 513 S.
1475 406 1803 514 Chl-360R"
1842 454 2198 510 THAL'MAT.
2238 453 2387 509 OPP.
2424 451 2610 508 MARS
2646 450 2943 507 ALTERA.
2985 479 3054 492 -—-
3091 450 3176 506 DU
3190 447 3318 504 BiA.

3833 443 3955 497 ΗΜ

754 594 989 649 agnosco
1021 575 1467 633 dominationem.
1520 571 1792 628 Confiteor
1825 571 2074 625 servilem
2127 586 2300 624 meam

2419 572 2452 621 εί
2484 568 2577 620 καὶ
2612 569 2675 620 σὺ
2713 569 2771 620 ἐν
2793 569 2904 628 τοῖς
2925 568 3197 628 ταπεινοῖς
3233 565 3450 634 μέτροις
3482 558 3583 632 τῆς
3621 561 3958 632 ἅνθρωπός-η-

753 670 1119 726 conditionem
1148 706 1165 731 ,
1193 675 1339 719 tuam
1371 663 1604 734 praedico
1629 660 2099 731 magnificentiam.
2135 661 2309 729 Agno«

757 776 850 816 sco
877 756 1256 811 dominationis
1293 765 1396 808 tua:
1429 753 1834 822 perfectionem.
1882 758 1936 804 et
1968 765 2141 803 meam
2195 750 2308 818 ipse

759 836 1107 913 alijectinnem
1133 857 1195 895 ac
1221 839 1473 895 vilitatem
1497 854 1786 909 cognosco.
1822 835 1942 905 Non
1965 855 2080 891 sum
2121 838 2308 907 dignus

761 949 814 989 ut
836 935 1029 987 solvam
1057 928 1333 1002 corrigiam
1358 931 1699 984 calceamenti
1727 932 1805 982 tui
1827 931 1871 961 ⁵9
1897 945 1910 993 ;
1943 937 2126 998 etquo
2155 940 2310 997 pacto

761 1027 1160 1081 innnmuilalum
1196 1025 1386 1093 capitis
1437 1024 1514 1076 tui
1545 1023 1795 1076 verticem
1830 1008 2354 1091 tangereaudebo?’

759 1119 875 1180 Qun
906 1128 1057 1186 pacto
1085 1131 1254 1168 meam
1300 1129 1461 1182 super
1501 1125 1550 1165 te
1577 1113 1858 1166 extendam
1889 1113 2185 1175 dexteram,
2220 1115 2311 1181 qui

761 1211 952 1260 ('(Bitllll
991 1206 1128 1259 sicut
1163 1206 1351 1273 pellem
1401 1203 1686 1255 extentlisti
1720 1202 1782 1263 “,
1819 1211 1872 1256 et
1922 1213 2118 1256 terram
2153 1218 2314 1271 super

761 1314 928 1364 aquas
953 1297 1188 1349 statuisti
1231 1294 1315 1346 “‘3
1347 1287 1629 1358 Quomodo
1657 1293 1877 1346 serviles
1922 1307 2070 1347 meos
2118 1293 2314 1360 digitus

763 1403 922 1455 sup-3r
949 1386 1188 1437 divinum
1215 1393 1375 1451 caput
1402 1394 1551 1435 tuum
1581 1381 1894 1450 explicabo?
1920 1381 2198 1449 Quomodo
2218 1382 2317 1433 im-

762 1474 1090 1527 maculatum
1117 1474 1246 1529 nulli
1271 1489 1353 1539 ;ue
1378 1482 1594 1540 peccati
1617 1473 1911 1526 obnoxium
1930 1472 2152 1525 lavabo?
2173 1470 2316 1536 Quo-

761 1565 924 1619 modo
951 1566 1116 1632 ipsam
1147 1565 1319 1616 lucem
1344 1563 1703 1616 illuminabo?
1728 1564 2042 1633 Cuiusmodi
2072 1578 2236 1632 super
2264 1574 2316 1616 te

763 1658 1060 1709 orationem
1091 1655 1317 1721 faciam,
1350 1657 1441 1724 qui
1472 1656 1632 1708 etiam
1655 1669 1842 1709 eorum
1873 1657 1964 1724 qui
1989 1665 2044 1708 te
2068 1656 2316 1725 ignorant

765 1738 947 1816 preces
974 1741 1241 1816 suscipis?
1678 1779 1679 1782 η
1819 1762 1824 1767 ‘

2405 677 2494 721 τος
2543 659 2791 727 γενέσθαι
2835 660 2934 711 οὐκ
2986 653 3329 730 ὲπησχύνθης
3534 651 3954 722 ἐπαισχυνθῇςῖ·

2407 749 2520 802 ἀλλ’
2559 748 2667 817 ἐγὼ
2710 749 2775 801 τὰ
2821 749 2990 820 μέτρα
3016 749 3112 818 τῆς
3154 747 3364 816 φύσεως
3401 744 3694 817 παρελθεῖν
3723 744 3822 796 οὐκ
3851 744 3958 795 ἀνέ-

2383 857 2589 909 γχομαι.
2631 839 2952 910 Ἐπίσταμαι
2995 840 3155 891 πόσον
3193 837 3254 890 τὸ
3290 835 3481 908 μέτρον
3523 834 3645 906 [ἄλ.
3681 835 3745 886 τὸ
3791 832 3958 904 μέσον]

2411 933 2515 1001 γῆς
2556 933 2648 984 καὶ
2674 931 3032 1002 Δημιουργοῦ.
3081 931 3405 999 Ἐπίσταμαι
3441 929 3603 982 πόσον
3631 926 3693 980 τὺ
3720 928 3959 996 διάφορον

2414 1025 2582 1094 πηλοῦ
2619 1025 2710 1076 καὶ
2750 1023 3004 1078 πλάστου.
3045 1021 3369 1091 Ἐπίσταμαι
3418 1021 3580 1073 πόσον
3627 1021 3688 1073 τὸ
3729 1019 3959 1090 κρεῖττόν

2415 1133 2506 1167 σου
2539 1115 2630 1167 τοῦ
2656 1115 2802 1186 ἡλίου
2827 1116 2925 1185 τῆς
2948 1114 3310 1183 δικαιοσύνης,
3338 1113 3513 1182 κάμοῦ
3547 1112 3639 1164 τοῦ
3666 1112 3858 1180 λύχνου
3880 1128 3961 1161 σου

2412 1206 2510 1274 τῆς
2538 1204 2773 1274 χάριτος.
2807 1186 2870 1256 Ei
2896 1207 2988 1256 καὶ
3013 1205 3074 1256 τὸ
3100 1203 3335 1274 καθαρὸν
3379 1203 3539 1271 νέφος
3581 1203 3676 1255 τοῦ
3730 1201 3962 1271 σώματος

2417 1292 2816 1363 περιϐέϐλησαι,
2851 1294 2962 1346 ἀλλ’
2999 1292 3108 1360 ἐγὼ
3144 1291 3486 1359 ὲπιγινώσκω
3517 1291 3614 1361 τὴν
3649 1291 3749 1361 σὴν
3783 1291 3961 1342 δεσπο-

2411 1381 2580 1433 τείαν.
2648 1382 2919 1451 Ὁμολογῶ
2973 1383 3071 1450 τὴν
3125 1381 3357 1450 ἐμαυτοῦ
3408 1381 3669 1444 δουλείαν,
3724 1379 3965 1451 κηρύττω

2421 1470 2516 1541 τὴν
2545 1473 2641 1541 σὴν
2691 1472 3173 1541 μεγαλοπρέπειαν.
3206 1470 3576 1539 Ἐπιγινὼσκω
3607 1470 3708 1540 τὴν
3889 1469 3964 1521 ἃ·

2421 1562 2670 1616 σποτείαν
2693 1562 2918 1625 τελείαν,
2937 1561 3278 1629 ἐπιγινώσκω
3299 1564 3394 1633 τὴν
3420 1561 3655 1632 ἐμαυτοῦ
3684 1560 3963 1614 εὐτέλειαν.

2415 1657 2535 1706 Οὐκ
2567 1655 2680 1723 εἰμὶ
2712 1653 2911 1718 ἱκανὸς
2933 1654 3118 1707 λῦσαι
3147 1654 3252 1708 τὸν
3289 1655 3499 1723 ἱμάντα
3530 1653 3637 1706 τοῦ
3669 1650 3964 1718 ὑποδήμα-

2420 1746 2520 1810 τός
2549 1761 2664 1799 σου
2683 1764 2696 1776 ·
2726 1747 2818 1799 καὶ
2849 1746 2964 1808 πῶς
2993 1745 3227 1814 ἅψασθαι
3273 1747 3521 1816 τολμήσω
3568 1746 3671 1814 τῆς
3715 1743 3967 1812 ἁχρὰντον

763 1859 856 1896 σου
889 1844 1158 1914 κορυφῆςς
1189 1844 1312 1906 Πῶς
1355 1842 1576 1897 ὲκτείνω
1615 1840 1711 1911 τὴν
1757 1838 1930 1902 δεξιὰν
1972 1839 2070 1891 ἐπὶ
2122 1839 2200 1902 σὲ,
2230 1839 2319 1891 τὸν
2363 1840 2674 1895 ἐκτείναντα
2880 1838 3206 1909 ἐκτείνοντα]
3231 1840 3318 1892 τὸν
3363 1840 3587 1908 οὐρανὸν
3623 1838 3757 1890 ὡσεὶ
3781 1836 3966 1914 δέρῤιν,

760 1935 854 1987 καὶ
900 1935 996 2004 τὴν
1023 1936 1125 2005 γῆν
1160 1935 1251 1986 ἐπὶ
1296 1934 1500 1988 ὑδάτων
1528 1932 1852 2001 ὲδράσαντα;
1897 1929 2020 1993 Πῶς
2046 1928 2348 1997 ἐφαπλώσω
2397 1933 2518 1991 τοὺς
2570 1932 2869 1995 οίκετικούς
2906 1949 3003 2000 μου
3038 1929 3328 1993 δακτύλους
3353 1934 3416 2001 τῇ
3447 1931 3566 2002 θεία
3606 1947 3702 1981 σου
3740 1927 3967 1996 κορυφῇς

760 2025 885 2088 Πῶς
914 2026 1087 2079 λούσω
1115 2027 1203 2082 τὸν
1233 2025 1478 2090 ἄσπιλον,
1506 2028 1598 2080 καὶ
1624 2025 1714 2078 τὸν
1761 2025 2175 2093 ὰναμάρτητον;
2209 2021 2332 2084 Πῶς
2379 2025 2594 2089 φωτίσω
2625 2027 2686 2078 τὸ
2711 2023 2858 2093 φῶς;
2885 2025 3049 2076 Ποίαν
3081 2021 3372 2094 ποιήσομαι
3418 2024 3510 2075 ἐπὶ
3565 2024 3624 2076 σὲ
3660 2019 3970 2091 προσευχὴν,

761 2118 853 2170 τὸν
877 2118 1299 2190 προσδεχόμενον
1333 2121 1426 2173 καὶ
1449 2121 1550 2182 τὰς
1574 2120 1678 2172 τῶν
1700 2117 2036 2186 ἀγνοούντων
2071 2133 2130 2168 σε
2163 2118 2492 2186 προσευχάςς
2713 2179 2718 2184 _

832 2213 981 2268 Alios
1013 2214 1139 2266 dum
1167 2214 1401 2282 haptizo,
1428 2216 1479 2266 in
1514 2224 1606 2267 tuo
1653 2212 2142 2280 nominebaptizo;
2177 2220 2234 2263 ut
2266 2209 2319 2262 in

2491 2213 2630 2274 Τοὺς
2656 2213 2847 2276 ἄλλους
2880 2213 3173 2283 βαπτίζων,
3199 2215 3276 2276 είς
3309 2215 3368 2266 τὸ
3397 2213 3486 2267 σὸν
3510 2215 3680 2283 ὄνομα
3721 2211 3970 2282 βαπτίζω,

766 2311 819 2356 te
843 2317 965 2356 cum
994 2302 1159 2372 gloria
1179 2302 1482 2356 venientem
1507 2303 1758 2367 credant;
1788 2311 1836 2358 te
1865 2317 1993 2354 vero
2023 2301 2322 2368 baptizans,

764 2393 924 2462 cujus
955 2392 1282 2446 mentionem
1317 2392 1550 2447 faciam?
1585 2393 1638 2445 In
1666 2391 1844 2460 cujus
1877 2402 1930 2447 te
1981 2394 2198 2445 nomine
2228 2392 2324 2464 ba-

766 2482 1018 2550 ptizabo?
1050 2481 1129 2534 An
1172 2481 1225 2534 in
1264 2482 1483 2535 nomine
1547 2479 1757 2534 Patris?
1811 2482 1880 2532 At
1931 2490 2103 2534 totum
2162 2481 2324 2534 habes

766 2572 978 2626 Patrem
1003 2573 1056 2626 in
1081 2574 1275 2641 teipso,
1305 2581 1358 2625 et
1387 2582 1532 2625 totus
1561 2572 1612 2625 in
1639 2570 1792 2624 Patre
1818 2587 1898 2624 es.
1923 2572 2002 2624 An
2029 2573 2078 2624 in
2107 2573 2326 2626 nomine

766 2664 1008 2718 Filii?At
1041 2679 1146 2718 non
1174 2672 1478 2732 est'przeter
1509 2672 1559 2716 te
1592 2663 1732 2716 alius
1778 2672 1970 2715 natura
2003 2661 2172 2716 Filius
2208 2663 2320 2717 Dei.

765 2751 937 2808 An'in
973 2757 1188 2808 nomine
1223 2753 1456 2822 Spiritus
1493 2753 1716 2808 sancti?
1758 2754 1826 2807 At
1873 2768 2085 2820 semper
2113 2769 2218 2806 una
2249 2763 2325 2807 te-

766 2861 889 2900 cum
917 2855 1002 2899 est
1053 2855 1112 2898 ut
1140 2845 1624 2901 consubstantialis
1653 2845 1746 2899 tibi
1779 2855 1832 2900 et
1855 2844 2104 2914 ejusdem
2136 2847 2327 2898 volun-

767 2938 894 2992 tatis
923 2946 1084 3006 atque
1125 2940 1436 3001 sententire,
1488 2939 1711 3008 aequalis
1738 2939 2041 3007 potestatis,
2085 2952 2148 2990 ac
2181 2938 2327 3004 paris

768 3025 1023 3093 honorisj;
1059 3037 1344 3102 tecumque
1374 3031 1440 3082 ab
1470 3029 1722 3083 omnibus
1753 3028 2122 3083 adorationem
2154 3028 2329 3080 susei-

769 3117 864 3186 pit.
897 3115 1112 3184 Baptiza
1143 3131 1290 3186 ergo,
1329 3118 1373 3171 si
1405 3119 1504 3180 vis,
1553 3118 1809 3186 Domine;
1856 3119 2068 3188 baptiza
2111 3133 2196 3172 me
2229 3118 2326 3170 ba-

764 3205 1009 3270 ptistam.
1046 3203 1319 3272 Regenera
1352 3221 1513 3272 quem
1547 3209 1694 3260 nasci
1727 3209 1921 3262 fecisti.
1951 3208 2191 3262 Evtende
2221 3216 2327 3259 tre-

770 3293 1019 3347 mendam
1049 3279 1322 3348 dexteram
1345 3303 1516 3356 tuam,
1540 3312 1699 3362 quam
1727 3299 1819 3350 tibi
1849 3301 1947 3367 ipsi
1976 3299 2322 3367 comparasti;

767 3393 819 3437 et
846 3393 930 3437 tuo
949 3392 1196 3436 contactu
1226 3396 1385 3452 caput
1407 3375 1585 3438 meum
1617 3401 1840 3447 corona,
1876 3398 1930 3440 ut
1959 3399 2080 3442 ante
2101 3405 2323 3458 regnum

769 3480 922 3524 tuum
952 3487 1198 3534 currens,
1241 3483 1536 3528 coronatus
1569 3475 1715 3529 velut
1760 3493 2078 3545 praecursor,
2110 3483 2324 3536 assidue

770 3562 1146 3629 peccatoribus
1177 3565 1538 3630 evangelizem
1562 3604 1578 3628 ,
1633 3564 1878 3619 clamans
1913 3568 1977 3620 ad
2017 3583 2146 3621 eos:
2196 3569 2324 3622 Ecce

768 3649 946 3716 Agnus
985 3649 1096 3715 Dei,
1122 3653 1208 3719 qui
1246 3653 1380 3704 tollit
1416 3664 1627 3719 peccata
1664 3657 1848 3706 mundi
1896 3656 1962 3708 ⁶’.
1996 3654 2060 3709 Ει
2094 3666 2172 3721 ιιι,
2209 3658 2314 3711 Jor-

769 3736 925 3789 danis
947 3737 1164 3803 flumen,
1197 3739 1393 3794 choros
1425 3757 1636 3796 mecum
1669 3758 1795 3812 age;
1824 3740 2065 3796 et‘simul
2096 3746 2325 3809 exsulta,

770 3839 836 3877 ac
883 3825 1146 3878 concinne
1196 3835 1424 3893 apteque
1471 3832 1642 3882 undas
1693 3840 1947 3900 tauquam
2015 3832 2328 3887 saltationes

774 3927 970 3978 move;
1028 3929 1150 3967 nam
1184 3924 1308 3969 tuus
1351 3918 1444 3969 tibi
1477 3918 1703 3973 Creator
1739 3937 1859 3975 cum
1908 3911 2134 3992 corpore
2165 3933 2323 3978 astat.

779 4001 967 4058 Vidisti
998 4004 1288 4087 aliquando
1318 4005 1481 4060 Israel
1518 4023 1612 4075 per
1642 4017 1693 4062 te
1721 4018 2111 4079 transeuntem,
2161 4025 2216 4068 et
2241 4014 2326 4067 di-

768 4095 903 4150 visis
927 4096 1081 4166 aquis
1122 4096 1451 4166 substitisti,f
1469 4098 1754 4153 transitum
1774 4105 1954 4171 populi
1973 4116 2321 4174 exspectans:

771 4201 915 4241 nunc
939 4203 1067 4241 vero
1090 4189 1462 4244 vehementius
1483 4189 1826 4257 diﬂ'undaris,
1850 4209 1914 4248 ac
1939 4199 2141 4253 tardius
2167 4199 2322 4265 fluas;

769 4285 823 4330 et
849 4278 1091 4330 membra
1121 4278 1466 4336 immaculata
1496 4282 1615 4352 ejus
1638 4283 1730 4352 qui
1761 4283 1925 4360 etiam
1958 4294 2084 4342 tunc
2108 4289 2324 4347 Judzeos

771 4367 867 4438 [αι.
893 4365 1164 4436 Hebraeos]
1189 4373 1505 4438 transmisit,
1527 4375 1868 4442 amplectere.
1895 4374 2102 4430 Montes
2134 4390 2184 4432 et
2214 4383 2324 4433 col-

770 4459 869 4523 les,
907 4459 1070 4510 valles
1110 4469 1162 4510 et
1190 4467 1472 4526 torrentes,
1510 4467 1679 4536 maria
1709 4477 1765 4522 et
1793 4467 2011 4522 flumina
2037 4509 2052 4533 ,
2104 4471 2322 4525 benedi-

771 4549 875 4602 cite
909 4548 1162 4613 Domino,
1211 4549 1428 4604 [luvium
1461 4554 1749 4612 Jordanem
1795 4546 2150 4630 ingredienti;
2200 4578 2321 4615 nam

772 4640 885 4709 ipse
912 4656 1006 4710 per
1056 4642 1153 4695 has
1194 4657 1362 4710 aquas
1411 4649 1620 4703 cunctis
1649 4653 1804 4718 aquis
1836 4653 2318 4708 sanctiticationem

2429 2303 2515 2356 ἵνα
2547 2303 2901 2374 πιστεύσωσιν
2933 2307 3012 2368 εἰς
3049 2305 3107 2356 σὲ
3142 2306 3231 2357 τὸν
3270 2304 3562 2375 ἐρχόμενον
3613 2305 3751 2373 μετὰ
3794 2304 3967 2371 δόξης·

2428 2395 2485 2446 σὲ
2520 2393 2816 2464 βαπτίζων,
2848 2396 2988 2458 τίνος
3023 2395 3368 2466 ἐπιμνησθῶ;
3400 2397 3492 2460 Εἰς
3532 2397 3679 2458 τίνος
3722 2397 3781 2448 δὲ
3822 2395 3971 2463 δνομίι

2428 2503 2486 2538 σε
2516 2486 2790 2556 βαπτίσω;
2817 2488 2910 2550 Εἰς
2935 2487 2994 2541 τὺ
3017 2487 3108 2540 τού
3146 2488 3389 2558 Πατρός;
3432 2488 3569 2540 Ἀλλ’
3598 2489 3717 2541 ὅλον
3759 2490 3850 2541 τὸν
3875 2489 3969 2540 Πα-

2424 2577 2555 2648 τέρα
2586 2577 2724 2646 ἕχεις
2751 2580 2806 2630 ὲν
2833 2577 3027 2648 ἐαυτῷ,
3057 2580 3148 2632 καὶ
3173 2579 3291 2655 όλος
3315 2579 3578 2650 ὑπάρχεις
3604 2583 3661 2633 ὲν
3686 2579 3766 2648 τῷ
3793 2580 3970 2649 Ilasz

2438 2669 2572 2720 Ἀλλ’
2605 2671 2681 2733 εἰς
2709 2671 2767 2722 τὺ
2797 2670 2887 2723 τοῦ
2918 2671 3079 2732 Υἱοῦς
3117 2668 3251 2723 Ἀλλ’
3277 2673 3373 2724 οὐκ
3406 2671 3520 2724 ἐστι
3547 2671 3699 2742 παρὰ
3725 2673 3806 2732 σὲ,
3831 2672 3969 2731 ἄλλος

2427 2759 2582 2828 φύσει
2608 2762 2731 2823 Υἱὸς
2763 2760 2918 2813 Θεοῦ.
2961 2761 3099 2813 Ἀλλ’
3134 2764 3213 2825 είς
3245 2762 3303 2814 τὸ
3337 2762 3428 2814 τοῦ
3452 2763 3608 2828 ἁγίου
3633 2761 3968 2830 Πνεύματος;

2440 2851 2595 2904 Ἀλλὰ
2626 2853 2839 2906 σύνεστί
2866 2871 2948 2905 σοι
2983 2853 3073 2905 διὰ
3106 2853 3323 2915 παντὸς,
3348 2852 3730 2921 ὼςόμοούσιόν
3771 2869 3850 2904 σοι
3887 2851 3971 2903 καὶ

2425 2943 2734 3011 ὁμόδουλον,
2765 2945 2858 2995 καὶ
2879 2943 3214 3012 όμόγνωμον,
3243 2942 3335 2994 καὶ
3357 2941 3709 3011 ὁμοδύναμον,
3736 2943 3830 2994 καὶ
3856 2941 3970 3010 ὀμό-

2425 3051 2475 3086 τι
2485 3051 2600 3102 μον,
2627 3036 2719 3087 καὶ
2749 3036 2842 3086 σὺν
2867 3034 2948 3085 σοὶ
2977 3034 3188 3117 δέχετειι
3214 3033 3308 3104 τὴν
3332 3033 3478 3106 παρὰ
3507 3034 3722 3088 πάντων
3746 3036 3972 3106 προσκύ-

2427 3143 2598 3196 νησιν.
2627 3126 2890 3178 Βάπτισον
2913 3123 3002 3179 οὖν
3032 3129 3078 3180 εἰ
3114 3126 3287 3198 θέλῃς,
3311 3129 3572 3191 Δέσποτα,
3606 3127 3862 3197 βάπτισον
3884 3127 3972 3196 ne

2427 3216 2515 3266 τὸν
2529 3215 2843 3285 βαπτιστήν.
2863 3217 3238 3288 Ἀναγέννησον
3253 3219 3312 3270 ὂν
3325 3218 3645 3289 γεννηθῆναι
3663 3217 3967 3288 πεποίηκας.

2431 3309 2704 3360 Ἔκτεινον
2753 3309 2850 3378 τὴν
2897 3309 3128 3379 φόὸεράν
3193 3325 3284 3362 σου
3343 3307 3555 3371 δεξιὰν,
3602 3309 3782 3377 ἥνπερ
3823 3307 3974 3369 αὑτὴ

2427 3399 2600 3469 ἑαυτῷ
2625 3400 3043 3464 κατεσκεύασας,
3075 3402 3165 3453 καὶ
3187 3401 3521 3468 στεφάνωσον
3548 3403 3614 3470 τῇ
3655 3402 3720 3466 σῇ
3755 3402 3856 3470 ἁφῇ
3883 3401 3970 3468 τὴν

2405 3474 2562 3560 ’ἐμὴν
2610 3490 2869 3560 κεφαλὴν,
2902 3490 2987 3542 ἵνα
3029 3491 3133 3559 πρὸ
3181 3491 3277 3560 τῆς
3321 3490 3418 3559 σῆς
3465 3488 3738 3559 βασιλείας
3776 3489 3972 3558 τρέχων

2375 3580 2394 3598 ⁴
2425 3582 2859 3650 ἐστεφανωμένος
2888 3581 2961 3643 ὡς
2993 3581 3292 3650 πρόδρομος
3338 3580 3580 3652 συνήθως
3611 3579 3969 3646 ἐὐαγγελίσω-

2431 3689 2526 3739 μαι
2554 3675 2661 3734 τοῖς
2695 3671 3053 3742 ἁμαρτωλοῖς,
3093 3669 3226 3739 βοῶν
3257 3671 3390 3742 πρὸς
3419 3669 3613 3731 αὐτούς
3631 3686 3644 3698 ⁸
3682 3668 3792 3721 Ἴδε
3817 3672 3847 3721 ὀ
3871 3669 3974 3736 ἀμ-

2427 3763 2531 3825 νὸς
2559 3762 2662 3814 τοῦ
2695 3762 2860 3822 Θεοῦ,
2892 3765 2922 3814 ό
2945 3761 3126 3826 αἴρων
3153 3760 3264 3828 τὴν
3283 3762 3573 3831 ἁμαρτίαν
3602 3760 3708 3812 τοῦ
3732 3761 3966 3828 κόσμου.

2442 3852 2672 3922 Ἰορδάνη
2704 3853 2932 3922 ποταμὲ,
2963 3851 3316 3922 συγχόρευσον
3346 3870 3453 3923 μοι,
3479 3853 3573 3904 καὶ
3603 3850 3968 3921 συσκίρτησον,

2434 3943 2526 3993 καὶ
2555 3943 2773 4011 κίνησον
2815 3944 3098 4014 εὐρύθμως
3137 3943 3202 3999 τὰ
3241 3946 3505 4015 ῥεύματα,
3539 3943 3787 4013 καθάπερ
3832 3959 3970 4012 σκιρ-

2426 4035 2680 4103 τήματα”
2720 4037 2748 4087 ό
2787 4035 2893 4106 γὰρ
2937 4038 3027 4099 σὸς
3064 4030 3401 4110 Δημιουργὺς
3458 4037 3659 4104 ἐπέστη
3717 4051 3797 4087 σοι
3843 4035 3967 4104 μετὰ

2429 4121 2688 4192 σώματος.
2726 4120 2878 4188 Εἶδες
2907 4129 3034 4180 ποτὲ
3060 4129 3150 4180 τὸν
3197 4127 3410 4199 Ἰσραὴλ
3440 4125 3527 4178 διὰ
3573 4123 3666 4177 σοῦ
3711 4126 3967 4196 παρερχό-

2431 4229 2604 4282 μενον,
2634 4213 2727 4266 καὶ
2763 4216 2986 4285 μερίσας
3019 4219 3085 4273 τὰ
3121 4218 3308 4282 ὕδατα,
3337 4217 3497 4287 ἔστης
3521 4217 3615 4270 τοῦ
3651 4216 3781 4270 λαοῦ
3819 4234 3964 4288 περν-

2426 4303 2600 4374 μένων
2625 4304 2722 4375 τὴν
2754 4306 2979 4377 πάροδον
2999 4324 3012 4338 ·
3045 4308 3138 4370 νῦν
3183 4310 3239 4362 δὲ
3281 4305 3560 4377 διαχύθητι
3605 4309 3973 4382 σφοδρότεραι

2424 4397 2517 4448 καὶ
2579 4395 2767 4466 ρεὖσον
2827 4400 3228 4473 σχολαιότερον,
3291 4398 3385 4452 καὶ
3446 4400 3814 4472 περιπλᾶκηθι
3864 4405 3968 4463 τοῖς

2423 4489 2709 4559 ἀχράντοις
2751 4492 2934 4561 μέλεσι
2975 4493 3067 4546 τοῦ
3109 4493 3200 4545 καὶ
3227 4491 3345 4542 τότε
3375 4492 3497 4555 τοὺς
3539 4480 3820 4557 Ἰουδαίους
3851 4493 3964 4565 [ἄλ.

2435 4581 2735 4652 Ἐϐραίους]
2759 4584 3301 4655 διαπορθμεύσαντος.
3333 4584 3469 4656 Ὀρη
3513 4586 3607 4638 καὶ
3648 4586 3844 4654 βουνοί,
3881 4587 3966 4636 νά-

2425 4687 2522 4723 παι
2557 4675 2647 4724 καὶ
2675 4673 2982 4744 χείμαρροι,
3019 4672 3276 4725 θάλασσαι
3314 4675 3405 4726 καὶ
3432 4677 3676 4745 ποταμοὶ,
3712 4676 3962 4744 εὐλογεῖτε

773 4732 1031 4786 immittit.
1068 4735 1417 4802 lies-pendens
1449 4747 1626 4791 autem
1661 4739 1818 4799 Iesus
1841 4746 1977 4800 dixit
2006 4746 2072 4800 ad
2103 4747 2276 4816 ipsum
2303 4764 2315 4798 :

2425 4760 2512 4810 τὸν
2534 4732 2731 4829 Κύριον
2877 4732 3137 4813 έπιδάντα
3159 4757 3233 4829 τῷ
3258 4760 3481 4831 ποταμῷ
3777 4778 3789 4791 ·
3815 4732 3961 4820 α’ύτὸς

773 4820 896 4876 Sine
920 4826 1070 4878 modo
1096 4841 1114 4877 :
1143 4827 1219 4880 sic
1246 4827 1382 4879 enim
1407 4843 1497 4879 nos
1527 4829 1668 4882 decet
1693 4849 1891 4888 omnem
1922 4840 2132 4905 implere
2152 4839 2319 4906 justi-

775 4912 904 4965 tiam
931 4913 996 4968 ”.
1032 4914 1155 4968 Sine
1185 4919 1376 4983 modo;
1409 4919 1607 4982 tribue,
1640 4936 1672 4974 ο
1701 4921 1959 4991 Baptista,
1980 4930 2320 4996 temporidis-

777 5004 1100 5066 pensationis
1162 5023 1294 5061 meae
1345 5009 1640 5062 silentium.
1696 5007 1851 5064 Disce
1879 5016 2011 5068 velle
2047 5033 2167 5084 quae
2195 5033 2314 5087 ego.

776 5090 927 5145 Disce
955 5097 1263 5153 ministrare
1291 5100 1422 5152 mihi
1453 5102 1505 5153 in
1535 5100 1619 5155 his
1647 5100 1712 5153 ad
1740 5117 1860 5168 qua:
1891 5112 1942 5155 te
1970 5107 2227 5173 sollicito;
2265 5120 2318 5165 et

775 5197 839 5233 ne
885 5187 1095 5241 curiose
1126 5189 1286 5244 nimis
1336 5207 1457 5259 qua:
1489 5193 1612 5246 volo
1650 5193 1911 5260 inquiras.
1952 5194 2074 5249 Sine
2126 5203 2316 5253 modo:

775 5274 1006 5328 nondmn
1041 5295 1211 5334 meam
1248 5283 1620 5351 pradicavcris
1662 5285 2036 5351 divinitatem;
2081 5292 2314 5344 nondum

775 5363 930 5415 labiis
955 5368 1062 5421 tuis
1089 5386 1264 5426 meum
1291 5375 1664 5430 bucciuaveris
1683 5391 1939 5446 regnum:
1971 5393 2044 5434 ne
2065 5378 2109 5430 si
2129 5394 2320 5450 cogno-

777 5454 909 5507 verit
958 5464 1216 5524 tyrannus
1243 5504 1258 5526 ,
1304 5465 1473 5536 fugiat
1520 5469 1804 5524 consilium
1837 5469 1980 5539 quod
2019 5479 2203 5523 contra
2238 5489 2321 5526 me
2356 5488 2358 5491 '

773 5548 1031 5614 suscepit.
1072 5549 1195 5605 Sine
1227 5557 1498 5612 diabolum
1555 5562 1620 5614 ad
1657 5577 1741 5616 me
1769 5570 2023 5630 tanquam
2059 5562 2124 5615 ad
2151 5578 2317 5616 unum

776 5637 1006 5705 aliquem
1031 5654 1095 5692 ex
1125 5648 1330 5699 caeteris
1364 5649 1672 5707 hominibus
1714 5654 1969 5709 accedere
2001 5668 2319 5723 mecumque

2418 4848 2523 4918 γὰρ
2555 4848 2642 4900 διὰ
2672 4850 2871 4902 τούτων
2895 4851 2999 4903 τῶν
3023 4849 3225 4902 ὑδάτων
3257 4851 3554 4921 ἐπιπέμπει
3584 4852 3673 4903 τὸν
3707 4852 3960 4920 ἁγιασμὸν

2421 4940 2552 4995 πᾶσι
2586 4940 2694 5000 τοῖς
2739 4939 2942 4992 ὕδασιν.
3001 4938 3338 5010 Ἀποκριθεὶς
3376 4942 3432 4995 δὲ
3480 4943 3510 4994 ό
3543 4940 3810 5010 Ἰησοῦς,
3853 4937 3959 4994 εἷπε

2421 5029 2554 5101 πρὸς
2592 5028 2776 5079 αὐτόν’
2812 5032 2984 5096 Ἄφες
3017 5027 3176 5095 ἀρτιο
3217 5030 3368 5083 οὕτω
3410 5031 3518 5100 γὰρ
3549 5031 3778 5098 πρέπον
3806 5031 3963 5086 ἐστὶν

2417 5119 2559 5186 ἡμῖν
2587 5118 2896 5184 πληρῶσαι
2935 5117 3138 5171 πᾶσαν
3162 5117 3570 5188 δικαιοσύνην.
3600 5123 3774 5188 Ἄφες
3806 5120 3954 5188 ἄρτι·

2421 5212 2657 5282 χάρισαι,
2698 5210 2994 5273 Βαπτιστὰ,
3027 5209 3101 5279 τῷ
3139 5211 3311 5283 καιρῷ
3356 5211 3452 5282 τῆς
3493 5212 3628 5280 ἐμῆς
3665 5211 3957 5281 οἰκονομίας

2421 5305 2513 5375 τὴν
2539 5303 2759 5372 σιωπήν.
2789 5299 2939 5352 Μάθε
2973 5300 3142 5354 θέλειν
3196 5303 3335 5375 ἇπερ
3366 5301 3494 5371 ἐγώ.
3529 5301 3684 5356 Μάθε
3709 5303 3962 5355 διακονεῖν

2421 5413 2508 5463 μοι
2550 5395 2690 5466 πρὸς
2723 5393 2863 5460 ἆπερ
2912 5390 3230 5462 ἐπείγομαι,
3273 5394 3367 5446 καὶ
3415 5393 3488 5464 μὴ
3531 5393 3956 5464 πολυπραγμόνει

2416 5484 2558 5551 ἅπερ
2590 5483 2863 5551 βούλομαι.
2913 5482 3082 5546 Ἄφες
3105 5482 3258 5550 ἄρτι·
3297 5485 3460 5552 μήπω
3506 5481 3602 5553 τὴν
3633 5484 3774 5553 ἐμὴν
3811 5481 3958 5552 κηρύ-

2417 5568 2511 5639 ξῃς
2536 5570 2778 5640 θεότητα,
2811 5572 2974 5641 μήπω
3018 5571 3279 5644 σαλπίσῃς
3309 5575 3418 5636 τοῖς
3460 5574 3661 5642 χείλεσι
3695 5577 3796 5644 τὴν
3832 5574 3955 5642 ιμὴν

2418 5657 2718 5725 βασιλείαν·
2753 5662 2838 5714 ἵνα
2867 5659 2939 5731 μὴ
2966 5660 3148 5731 μαθὼν
3176 5665 3203 5716 ό
3230 5663 3503 5732 τύραννος,
3533 5665 3681 5736 φύγῃ
3710 5663 3809 5735 τὴν
3836 5660 3954 5728 πρὸς

838 5818 883 5851 ⁸⁸
917 5817 1045 5876 Luc.
1088 5836 1164 5889 Ill,
1208 5822 1296 5888 16;
1321 5822 1473 5878 Joan.
1503 5844 1536 5893 I,
1561 5829 1648 5884 27.
1727 5835 1769 5865 ⁸ο
1797 5832 1935 5889 Psal.
1965 5851 2081 5902 cui,
2113 5837 2164 5891 2.
2243 5839 2281 5869 ⁶¹
2321 5836 2460 5892 Psal.
2489 5853 2680 5906 ctuv,
2712 5840 2745 5897 6
2839 5845 2882 5875 "
2913 5842 3062 5903 Joan.
3100 5862 3136 5913 ι,
3170 5846 3256 5901 29.
3335 5846 3376 5879 ⁸³
3412 5844 3596 5900 Matth.
3628 5861 3712 5903 III.
3745 5847 3835 5904 i5.
