4094 6354
728 461 866 515 1137

1370 459 1424 510 S.
1464 458 1793 513 GREGORII
1839 459 2194 517 THAUMAT.
2236 460 2386 515 OPP.
2441 459 2618 515 PARS
2656 460 2955 518 ALTERA;
2998 493 3068 504 —-
3103 462 3343 520 DUBIA,

3780 464 3949 525 ’1188

725 579 949 634 involvit
983 578 1185 632 fasciis.
1220 576 1419 631 Confer
1451 578 1582 631 mihi
1618 579 1961 645 baptismum,
1994 579 2133 633 sicut
2166 578 2255 630 Vir

2386 579 2715 647 σπαργάνοις
2768 580 3045 633 ένείλισσε.
3097 582 3195 647 Δός
3244 600 3333 653 μοι
3374 584 3437 637 τὸ
3477 582 3784 658 βάπτισμα,
3816 589 3945 665 ὡςὴ

722 689 790 741 go
817 673 900 727 lac
930 671 1174 739 praebuit.
1208 668 1561 738 Apprehcnde
1590 686 1653 723 ac
1687 681 1843 739 tange
1880 681 2041 739 caput
2074 687 2273 739 meum,

721 761 867 828 quod
906 760 1090 815 colunt
1133 774 1196 813 ac
1241 768 1565 813 venerantur
1596 760 1887 827 seraphim.
1922 760 2278 829 Apprehende

722 862 816 907 tua
847 853 1063 919 dextera
1091 859 1271 919 caput,
1302 851 1444 919 quod
1476 852 1739 921 sanguine
1767 852 1861 905 tibi
1894 853 2143 921 junctum
2173 868 2272 910 est.

720 942 1074 1012 Apprehende
1101 941 1242 1009 quod
1278 951 1469 996 natura
1493 942 1660 995 teneri
1693 951 1888 1009 potest.
1921 944 2278 1012 Apprebende

721 1023 1019 1104 quod-ideo
1052 1049 1081 1087 a
1111 1048 1197 1086 me
1232 1041 1286 1086 et
1314 1031 1472 1086 Patre
1491 1042 1739 1101 paratum
1785 1043 1886 1089 est.
1923 1035 2277 1104 Apprchende

720 1136 881 1197 caput
929 1142 1130 1189 meum,
1188 1125 1332 1194 quod
1360 1125 1448 1194 qui
1485 1125 1569 1193 pie
1603 1127 1955 1194 apprehendit
1986 1145 2049 1181 ac
2085 1132 2274 1199 tangit,

720 1233 996 1287 nunquam
1032 1216 1371 1285 naufragium
1426 1214 1602 1269 faciet.
1648 1215 1867 1285 Baptiza
1911 1234 2015 1284 me,
2056 1221 2149 1288 qui
2182 1236 2277 1289 per

719 1327 937 1381 aquam,
970 1320 1025 1363 et
1069 1309 1357 1378 Spiritum,
1408 1323 1469 1361 ac
1512 1307 1689 1376 ignem
1740 1309 2112 1378 baptizaturus
2154 1330 2273 1368 sum

718 1403 1043 1470 credentes:
1098 1415 1193 1470 per
1239 1414 1456 1469 aquam,
1514 1415 1634 1467 qua:
1688 1409 2029 1467 peccatorum
2085 1405 2272 1459 sordes

717 1465 935 1549 abluere
962 1465 1171 1557 valeat;
1202 1465 1306 1561 per:
1334 1465 1614 1559 Spiritum,
1660 1465 1754 1563 qui
1798 1502 2041 1550 terrenos
2066 1490 2274 1551 efﬁcere

718 1579 1025 1647 spirituales
1056 1578 1253 1647 possit;
1285 1594 1380 1648 per
1405 1581 1602 1648 ignem,
1639 1580 1732 1649 qui
1765 1581 1831 1636 ad
1865 1584 2128 1638 scelerum
2157 1587 2270 1655 spi-

716 1686 817 1724 nas
854 1670 1249 1733 comburendas
1276 1680 1359 1728 est
1384 1672 1631 1725 idoneus.
1660 1670 1754 1726 llis
1783 1675 2001 1741 additis,
2032 1675 2271 1745 Baptista

716 1760 773 1815 in
808 1776 1028 1831 scopum
1063 1761 1255 1816 salutis
1306 1761 1403 1833 [αι.
1431 1762 1752 1835 Salvatoris]
1806 1775 2041 1821 mentem
2094 1769 2273 1824 inten-

715 1850 870 1914 dens,
903 1862 957 1905 et
986 1853 1300 1921 mysterium
1341 1854 1487 1922 quod
1519 1862 1797 1924 acceperat
1829 1858 2151 1927 percipiens,
2187 1861 2270 1913 di-

712 1942 840 1995 vino
866 1941 1159 1997 obsecutus
1180 1952 1263 1997 est
1285 1943 1540 1998 mandato
1561 1963 1575 2010 ;
1599 1955 1716 2000 erat
1740 1947 1935 2017 quippe
1957 1950 2079 2017 pius
2107 1951 2268 2005 simul

713 2041 769 2084 et
813 2018 1161 2101 morigerus:
1198 2048 1460 2104 suamque
1505 2036 1621 2103 ipse
1662 2039 1936 2092 dexteram
1980 2041 2267 2095 sub‘tremi-

713 2128 952 2176 scentem
997 2137 1062 2176 ac
1093 2124 1289 2192 partim
1315 2126 1630 2194 gestientem
1666 2130 1920 2197 paulatim
1946 2131 2264 2200 extendens,

712 2208 1014 2266 Dominum.
1031 2213 1340 2283 baptizavit.
1371 2215 1505 2272 Cum
1530 2234 1658 2273 vero
1681 2208 1874 2288 Judaei,
1898 2223 1991 2292 qui
2020 2225 2267 2280 cominus

709 2310 765 2354 et
790 2300 1000 2359 eminus
1049 2304 1296 2367 aderant,
1349 2309 1488 2374 apud
1525 2324 1582 2363 se
1613 2312 1929 2387 cogitarent,
1961 2302 2014 2369 et
2038 2315 2180 2369 inter
2208 2332 2266 2371 se

711 2389 952 2444 dicerent
982 2410 995 2445 :
1022 2391 1278 2462 Nunquid
1324 2393 1521 2450 frustra
1557 2401 1983 2468 suspicabamur
2014 2404 2113 2474 [αι.
2147 2407 2264 2461 exi-

711 2482 1091 2557 stimabamus]
1141 2484 1399 2541 Joannem
1425 2490 1684 2565 potiorem
1710 2508 1773 2547 ac
1797 2496 2073 2551 meliorem
2103 2495 2266 2552 Jesu?

606 2570 608 2573 ’
706 2564 1188 2642 Nunquidfrustra
1210 2579 1656 2638 existimabamus
1691 2584 1841 2638 illum
1870 2585 1974 2641 hoc
1998 2588 2265 2643 excellen-
2298 2618 2300 2621 -

706 2664 939 2718 liorem?
965 2663 1155 2721 Nonne
1177 2668 1353 2737 ipsum
1385 2670 1650 2747 baptisma
1672 2672 1930 2744 Baptistae
1954 2686 2259 2757 attestatur,

705 2756 833 2823 quid
863 2756 933 2811 sit
968 2760 1180 2826 potius?
1205 2758 1395 2814 Nonne
1426 2763 1471 2816 is
1506 2762 1817 2830 baptizavit,
1846 2777 1902 2820 ut
1925 2768 1972 2823 is
2002 2769 2094 2838 qui
2126 2786 2262 2840 pra:-

705 2854 843 2911 stat;
878 2855 933 2899 at
958 2848 1047 2901 hic
1075 2850 1378 2919 baptizatus
1402 2862 1503 2917 est,
1536 2865 1594 2909 ut
1620 2856 1875 2911 inferior?
1901 2858 2025 2914 Haec
2044 2861 2183 2917 inter
2204 2879 2263 2918 se

705 2938 1171 2993 murmurantibus
1212 2941 1300 3003 iis,
1341 2944 1432 3010 qui
1480 2944 1898 3011 dispensationis
1945 2940 2259 3018 mysterium

704 3024 1056 3094 ignorabant;
1089 3029 1178 3083 ille
1221 3031 1312 3099 qui
1360 3032 1508 3086 solus
1553 3033 1816 3089 Dominus
1850 3044 1951 3097 est,
1988 3048 2041 3091 et
2066 3048 2259 3094 natura

702 3113 861 3171 Pater
912 3117 1204 3189 Unigeniti,
1250 3123 1343 3190 qui
1376 3124 1525 3179 solus
1552 3135 1805 3201 accurate
1834 3135 1999 3196 atque
2026 3128 2262 3197 perfecte

704 3210 852 3261 novit
885 3224 1034 3273 cum,
1063 3228 1221 3279 quem
1255 3215 1406 3268 solus
1435 3215 1641 3284 absque
1669 3218 1922 3285 passione
1951 3234 2012 3273 ac
2042 3231 2257 3288 pertur—
2285 3249 2326 3297 η

701 3299 917 3353 batione
950 3302 1160 3368 genuit,
1203 3304 1333 3371 ipse,
1357 3303 1601 3375 inquam,
1638 3323 1917 3363 erroneam
1946 3310 2255 3370 Judaeorum

700 3391 1067 3459 suspicionem
1110 3395 1411 3463 corrigens,
1436 3399 1648 3464 aperuit
1676 3401 1935 3455 cmlorum
1974 3413 2177 3471 portas,
2205 3417 2259 3462 et

700 3474 961 3547 Spiritum
995 3494 1241 3537 sanctum
1277 3484 1330 3536 in
1366 3485 1543 3553 specie
1569 3488 1829 3544 columbae
1856 3494 2071 3550 demisit
2094 3511 2258 3565 super

697 3578 860 3637 caput
886 3568 1026 3625 'Jesu
1073 3569 1169 3642 [αι.
1193 3588 1355 3641 super
1382 3572 1595 3627 Domini
1626 3578 1829 3649 caput],
1874 3581 2044 3650 digito
2074 3594 2256 3639 osten-

697 3658 830 3712 dens
865 3676 1059 3712 novum
1107 3659 1241 3727 Noe,
1294 3672 1348 3716 et
1397 3674 1696 3721 creatorem
1752 3666 1885 3735 Noe,
1945 3671 2255 3742 bonumque

696 3747 978 3818 naufragio
1030 3751 1379 3819 periclitantis
1436 3766 1643 3810 natura:
1694 3757 2131 3826 gubernatorem.
2190 3762 2259 3817 Et"

696 3837 811 3905 ipse
840 3842 1049 3896 coalitus
1085 3828 1534 3916 inclamat,-_clare
1562 3848 1748 3904 dicens
1774 3868 1787 3902 :
1814 3849 1916 3903 Hic
1956 3863 2031 3904 est
2075 3849 2251 3907 Filius

695 3944 837 3981 meus
866 3932 1085 3985 dilectus
1108 3934 1152 3964 “
1185 3950 1198 3985 :
1232 3935 1321 3987 ille
1361 3933 1538 4000 Jesus,
1578 3954 1685 3993 non
1710 3939 1979 4010 Joannes;
2018 3946 2110 4013 qui
2150 3945 2249 3999 ba-

693 4021 928 4087 ptizatus
959 4035 1061 4086 est,
1098 4015 1206 4078 non
1240 4027 1332 4094 qui
1355 4028 1676 4096 baptizavit;
1703 4033 1795 4099 qni
1826 4048 1892 4088 ex
1925 4050 2012 4088 me
2034 4037 2250 4104 genitus

692 4119 773 4163 est
801 4120 924 4164 ante
958 4128 1116 4166 omne
1162 4118 1451 4186 temporale
1492 4119 1747 4186 spatium,
1794 4136 1898 4175 non
1929 4125 2019 4192 qui
2050 4141 2113 4179 ex
2144 4126 2245 4181 Za-

692 4202 906 4270 cbaria;
949 4207 1041 4273 qui
1072 4222 1136 4259 ex
1166 4207 1332 4263 Maria
1359 4220 1518 4265 natus
1546 4222 1629 4265 est
1669 4214 1965 4266 secundum
2003 4199 2244 4280 carnem.

691 4308 797 4345 non
834 4296 927 4362 qui
966 4312 1032 4350 ex
1074 4296 1347 4368 Elisabctb
1396 4313 1591 4370 praeter
1621 4319 1771 4373 spem
1818 4307 2104 4372 apparuit;
2152 4311 2244 4376 qui

691 4400 796 4437 non
853 4388 977 4440 beSa
1030 4386 1365 4457 virginitate,
1428 4396 1682 4463 nullaque
1738 4397 1973 4450 humana
2029 4398 2245 4453 cultura

688 4475 908 4542 praavia,
949 4478 1143 4543 prodiit
1189 4479 1423 4545 fructus;
1462 4480 1579 4537 non
1618 4487 1712 4554 qui
1741 4502 1806 4539 es
1838 4489 2011 4542 soluta
2041 4488 2245 4543 sterili-

2382 670 2651 740 Παρθένος
2690 672 2751 723 τὸ
2788 671 2946 741 γάλα.
2989 674 3277 745 Κράτησον
3304 676 3403 746 τὴν
3434 678 3573 749 ἐμὴν
3598 679 3866 751 κεφαλὴν,
3889 686 3946 755 ἣν

2382 758 2527 809 σέϐει
2551 757 2671 829 [ἄλ.
2709 759 2947 831 σέϐεται]
2979 760 3047 813 τά
3086 764 3345 834 σεραφίμ.
3382 754 3673 836 Κράτησον
3700 770 3944 841 τὴνσυγ-

2379 850 2510 920 γενῆ
2541 850 2639 918 τῆς
2672 852 2769 921 σῆς
2808 851 3005 917 δεξιᾶς.
3042 855 3337 926 Κράτησον,
3361 855 3457 925 τὴν
3496 846 3807 927 πεφυκυῖαν
3833 878 3948 915 κατ-

2380 938 2616 1007 έχεσθαι.
2664 940 2949 1010 Κράτησον
2984 943 3081 1013 τὴν
3111 942 3197 997 διὰ
3222 944 3379 997 τοῦτο
3417 952 3945 1005 κατασκευασθεῖσαν

2380 1027 2471 1078 ὑπ’
2503 1027 2655 1096 ἐμοῦ,
2706 1029 2801 1081 καί
2843 1030 2936 1082 τοῦ
2968 1032 3197 1104 Πατρός.
3246 1033 3531 1105 Κράτησον
3555 1037 3655 1109 τὴν
3688 1039 3833 1111 ἐμὴν
3863 1058 3943 1094 κε-

2379 1120 2552 1190 φαλὴν
2577 1160 2591 1183 ,
2647 1120 2713 1190 ἦν
2752 1122 2781 1172 6
2825 1122 3040 1191 κρατῶν
3088 1124 3345 1191 εὐσεϐῶς,
3399 1128 3655 1184 οὐδέποτε
3702 1139 3938 1202 ναυαγείε

2379 1211 2644 1265 Βάπτισόν
2678 1231 2767 1283 με,
2805 1214 2897 1267 τὸν
2920 1215 3175 1285 μέλλοντα
3204 1212 3482 1287 βαπτίζειν
3511 1222 3637 1287 τοὺς
3669 1228 3944 1279 πιστεύονα

2375 1320 2474 1366 τας
2501 1303 2565 1355 δι’
2594 1303 2802 1368 ὕδατος,
2832 1307 2923 1359 καὶ
2956 1307 3287 1378 Πνεύματος,
3308 1311 3399 1362 καὶ
3423 1312 3592 1381 πυρὸς
3773 1316 3940 1385 ὕδατι,

2376 1395 2468 1445 καὶ
2502 1393 2778 1468 Πνεύματι
2798 1436 2811 1459 ,
2853 1396 2945 1448 καὶ
2977 1396 3132 1468 πυρί]
3161 1414 3174 1428 ⁸
3224 1398 3372 1452 ὕδατι
3393 1399 3674 1473 δυναμένῳ
3704 1406 3947 1460 άτσοπλῦο

2374 1504 2461 1539 ναι
2480 1486 2585 1539 τῶν
2612 1488 2893 1560 ἁμαρτιῶν
2914 1489 3005 1572 τὸν
3030 1487 3284 1562 βόρϐορον
3302 1508 3315 1521 ·
3346 1492 3640 1566 Πνεύματι,
3659 1498 3940 1573 δυναμένῳ

2372 1579 2496 1640 τοὺς
2508 1580 2742 1651 χοῖκοὺς,
2762 1568 3157 1649 πνευματικοὶις
3180 1583 3593 1655 ἀπεργάσασθαι
3612 1606 3625 1619 ·
3659 1594 3817 1663 πυρὶ,
3848 1611 3940 1647 πο

2374 1668 2564 1735 φυκότι
2580 1669 2897 1721 κατακαίειν
2918 1670 3013 1733 τὰς
3027 1670 3133 1722 τῶν
3150 1674 3512 1744 ἀνομημάτων
3527 1678 3785 1745 ἀκάνθας.
3812 1685 3938 1738 Tod-

2372 1774 2477 1809 των
2498 1758 2732 1821 ἀκούσας
2746 1758 2853 1811 τῶν
2866 1759 3038 1828 λόγων
3060 1763 3087 1813 6
3102 1761 3523 1835 Βαπτιστὴς,καὶ
3542 1766 3621 1839 τῷ
3638 1771 3828 1841 σκοπῷ
3849 1775 3939 1844 τῆς

2375 1848 2784 1921 σωτηρίας
2803 1848 2895 1902 τοῦ
2920 1852 3187 1924 Σωτῆρος]
3220 1857 3515 1928 ἐπιστήσας
3544 1858 3647 1912 τὸν
3669 1861 3817 1928 νοῦν,
3849 1868 3939 1919 καὶ

2371 1941 2628 2012 χωρήσας
2656 1940 2716 1992 τὸ
2740 1942 3033 2011 μυστήριον
3070 1930 3098 1995 ὃ
3131 1944 3431 2016 παρέλαϐεν
3450 1990 3464 2015 ,
3495 1952 3841 2024 ὺποὺργησεν
3865 1958 3938 2027 τῷ

2370 2029 2496 2099 θείῳ
2528 2031 2908 2101 προστάγματι
2928 2049 2940 2062 ’
2985 2029 3053 2103 ἦν
3085 2030 3195 2106 γὰρ
3226 2038 3460 2110 εὐλαϐὴς
3481 2041 3597 2112 ἅμα
3630 2046 3723 2097 καὶ⁵
3760 2048 3938 2100 etim-

2370 2118 2498 2191 θήςο
2532 2122 2625 2175 καὶ
2655 2120 2752 2193 τὴν
2793 2122 2986 2176 ἑαυτοῦ
3024 2124 3200 2188 δεξιάν
3244 2124 3485 2195 ἐκτείνας
3529 2134 3937 2206 ὑποτρέμουσαν

2365 2212 2548 2282 ἡρέμα
2576 2214 2673 2266 καὶ
2701 2214 3013 2290 χαίρουσαν,
3047 2218 3138 2270 τὸν
3168 2220 3441 2294 Δεσπότην
3479 2223 3790 2301 ἐϐάπτιβσενι
3820 2229 3936 2283 Τῶν

2366 2305 2423 2357 δὲ
2464 2306 2746 2377 παρόντων
2800 2307 3065 2361 Ἰουδαίων
3095 2310 3202 2362 τῶν
3256 2313 3421 2381 ἐγγὺς
3461 2318 3692 2372 καὶτῶν
3722 2321 3934 2392 πόρῤωέ

2367 2396 2459 2448 θεν
2504 2398 2967 2470 διαλογιζομένων,
3019 2402 3115 2453 καὶ
3152 2403 3275 2456 καθ’
3303 2406 3526 2471 ἑαυτοὺς
3550 2410 3934 2483 καὶηπρὺςνάλ-

2346 2486 2557 2557 Αλήλους
2585 2489 2849 2558 λεγόντων
2870 2508 2883 2520 ·
2948 2493 3040 2565 Μὴ
3075 2496 3251 2567 μάτην
3290 2497 3618 2569 ὑπενοοῦμεν
3810 2498 3934 2558 ἑνὶ)-

2368 2578 2617 2651 μίζομεν]
2664 2582 2754 2635 τὸν
2814 2584 3065 2658 Ἰωάννην
3123 2588 3381 2658 ἀμείνονα
3431 2591 3524 2645 τοῦ
3580 2593 3934 2668 ΊησοῦιΜή

2368 2671 2542 2740 μάτην
2556 2671 3091 2745 ὲνομίξομενέκεῖνον
3108 2680 3385 2749 κρείττονα
3397 2682 3609 2740 τούτου.
3648 2685 3764 2739 Οὐκ
3801 2688 3930 2741 αὐτὸ

2362 2763 2423 2815 τὸ
2470 2764 2748 2836 βάπτισμα
2794 2768 2870 2839 τῷ
2924 2770 3199 2844 Βαπτιστῇ
3247 2767 3319 2827 τὺ
3354 2778 3602 2846 κρεῖττον
3653 2796 3932 2851 προσμαρ-

2362 2860 2516 2927 τυρεί
2533 2874 2553 2921 ;ν
2594 2860 2706 2912 Οὐκ
2736 2863 2764 2913 6
2788 2862 2889 2931 μὲν
2916 2863 3230 2931 ἐϐάπτισεν,
3261 2867 3338 2931 ὼς
3373 2869 3676 2945 ὑπερέχων,
3705 2873 3735 2923 6
3758 2871 3817 2923 δὲ
3850 2871 3932 2939 βεέ

2362 2945 2683 3017 ϐάπτισται,
2729 2952 2806 3016 ὡς
2847 2953 3117 3030 ἐλάττων;
3150 2957 3384 3011 Τοιαῦτα
3422 2959 3792 3030 θρυλλούντων
3827 2961 3929 3014 τῶν

2360 3039 2697 3117 ἀγνοούντων
2736 3044 2798 3096 τὸ
2843 3026 3296 3118 τῆςόίκονομίας
3337 3026 3650 3122 μυστήριον,
3700 3056 3730 3106 6
3776 3056 3927 3125 μόνος

2359 3127 2559 3199 Κύριος
2594 3131 2683 3182 καὶ
2716 3130 2884 3200 φύσειι
2902 3134 3087 3205 Πατὴρ
3110 3134 3202 3187 τοῦ
3235 3137 3592 3205 Μονογενοῦς,
3626 3139 3655 3190 6
3682 3142 3844 3211 μόνος
3864 3145 3928 3197 ei?

2359 3216 2487 3284 δὼς,
2502 3219 2740 3291 ἀκριϐῶς
2784 3221 2842 3272 ὃν
2877 3222 3033 3289 μόνος
3077 3225 3365 3297 ἐγέννησεν
3399 3230 3659 3297 ἀπαθῶς,
3695 3234 3925 3307 διορθούέ

2364 3325 2522 3378 μενος
2589 3310 2687 3381 τὴν
2755 3313 3096 3386 ἐσφαλμένην
3173 3316 3279 3370 τῶν
3354 3321 3620 3381 Ἰουδαίων
3676 3326 3923 3383 ὑπόνοιαν

2356 3399 2558 3472 ἀνέῳξε
2592 3404 2690 3465 τὰς
2721 3404 2891 3469 πύλας
2927 3407 3035 3459 τῶν
3076 3410 3339 3483 οὐρανῶν,
3386 3414 3480 3467 καὶ
3518 3418 3841 3490 κατέπεμψε
3859 3422 3922 3474 τὺ

2358 3492 2583 3563 Πνεῦμα
2608 3494 2669 3546 τὸ
2696 3493 2850 3563 άγιον
2883 3499 2939 3550 ἐν
2965 3500 3093 3551 εῖδει
3121 3505 3447 3575 περιστερᾶς
3465 3546 3479 3571 ,
3519 3509 3612 3560 ἐπὶ
3637 3510 3738 3581 τὴν
3761 3528 3921 3582 κεφα-

2356 3580 2453 3651 λὴν
2498 3582 2590 3634 τοῦ
2622 3586 2817 3656 ,Ἰησοῦ
2866 3588 2986 3659 [ἄλ.
3022 3592 3115 3644 ἐπὶ
3146 3593 3244 3663 τὴν
3281 3595 3375 3648 τοῦ
3405 3598 3611 3669 Κυρίου
3640 3580 3917 3677 saeuam,

2355 3671 2805 3730 δακτυλοδεικτῶν
2832 3680 2923 3732 τὸν
2965 3681 3083 3734 νέον
3110 3680 3256 3760 “Νῶε
3275 3727 3291 3751 ,
3326 3688 3435 3740 καὶιλ
3457 3688 3789 3762 δημιουργὸν

2354 3762 2495 3828 Νῶε,
2516 3767 2606 3818 καὶ
2632 3768 2730 3850 τῆς
2745 3772 3081 3843 ναυαγούσης
3106 3775 3318 3842 φύσεως
3342 3779 3540 3854 ἀγαθὸν
3559 3780 3915 3855 κυϐερνήτηνε

2354 3854 2463 3907 Καὶ
2494 3857 2653 3921 αὐτὸς
2682 3845 2967 3934 οὐρανόθεν
3005 3865 3197 3937 ἐπιϐοᾷ
3224 3845 3460 3939 φαιδρῶς
3486 3860 3658 3939 λέγων
3679 3845 3712 3903 ο.
3738 3845 3917 3942 οὗτὶςς

2351 3946 2519 4000 ἐστιν
2552 3953 2583 4001 ὀ
2618 3952 2747 4016 Υἱός
2767 3970 2885 4021 μου
2924 3958 2957 4008 ό
2993 3956 3315 4024 ἀγαπητός.
3362 3960 3593 4024 Ἐκεῖνος
3617 3965 3647 4014 ὁ
3696 3966 3913 4036 Ἰησοῦς,

2348 4039 2446 4109 οὐχ
2474 4043 2503 4092 6
2543 4040 2786 4113 Ἰωάννης
2804 4063 2818 4074 ·
2850 4049 2877 4099 6
2919 4047 3231 4116 βαπτισθεὶς
3251 4089 3264 4111 ,
3299 4051 3395 4119 οὐχ
3418 4054 3447 4104 6
3476 4053 3775 4122 βαπτίσας
3803 4059 3832 4110 6
3861 4059 3914 4124 ἐξ

2348 4130 2483 4199 ἐμοῦ
2524 4136 2818 4207 γεννηθεὶς,
2861 4139 2968 4209 πρὸ
3006 4140 3204 4203 πάντος
3241 4143 3489 4212 χρονικοῦ
3528 4144 3909 4220 διαστήματος,

2346 4222 2443 4292 οὐχ
2465 4225 2493 4275 6
2522 4226 2585 4277 ὲκ
2616 4228 2885 4298 Ζαχαρίου
2905 4247 2919 4259 ·
2943 4232 2970 4283 6
3010 4232 3075 4282 ὲκ
3101 4230 3200 4299 τῆς
3239 4234 3453 4302 Μαρίας
3482 4238 3761 4309 γεννηθεὶς
3780 4242 3912 4295 κατὰ

2348 4313 2523 4382 σάρκα
2546 4355 2559 4378 ,
2592 4318 2688 4385 οὐχ
2717 4320 2745 4369 6
2774 4310 2843 4371 ὲκ’
2867 4322 2967 4390 τῆς
3010 4322 3284 4375 Ἐλισάϐετ
3315 4327 3502 4393 φανεὶς
3531 4329 3662 4400 παρ’
3690 4331 3913 4409 ἐλπίδαῆ

2434 4405 2457 4416 θ
2563 4408 2573 4420 ι
2603 4409 2618 4420 ς
2670 4409 2693 4420 Α
2738 4409 2750 4420 ι
2993 4413 3012 4420 Α
3090 4414 3101 4420 .
3200 4415 3209 4420 -
3309 4416 3319 4420 -
3402 4414 3409 4420 ς

2306 4549 2312 4555 _
2402 4498 2466 4549 ἐκ
2497 4498 2593 4567 τῆς
2626 4499 2874 4572 λυθείσης
2912 4504 3262 4577 στειρὼσεως,
3298 4508 3517 4575 κλάδος’
3567 4515 3596 4565 6
3622 4514 3908 4587 μεθ’λὺμῶν

689 4556 1121 4635 ιιιιερτοάυειιιε
1157 4580 1238 4623 εει
1266 4587 1486 4639 ramus;
1521 4576 1611 4642 qui
1646 4579 1922 4649 vobiscum
1952 4595 2239 4637 conversa-

2356 4556 2883 4665 αναστραφεὶςρὺέό
2898 4598 2958 4649 ὲν
2974 4556 3039 4668 τῇ
3058 4600 3154 4671 ὲρή
3164 4556 3507 4673 μςῦιτραφείς.
3536 4556 3726 4674 Οὗῖός
3744 4556 3908 4664 ἐστιν

686 4664 775 4711 ιιη
804 4668 904 4724 εει,
936 4676 1039 4712 non
1078 4663 1169 4729 qui
1202 4663 1254 4715 in
1284 4662 1495 4717 deserto
1522 4666 1799 4721 educatus.
1838 4669 1939 4722 Hic
1963 4682 2039 4724 est
2063 4670 2238 4727 Filius

684 4765 827 4801 meus
862 4751 1102 4816 dilectus,
1136 4755 1189 4805 in
1214 4770 1315 4822 quo
1344 4756 1470 4807 milii
1494 4757 1844 4824 complacui”
1871 4776 1883 4810 :
1912 4759 2082 4816 Filius
2111 4779 2240 4818 con-

685 4838 1081 4908 substantialis,
1112 4858 1216 4896 non
1241 4845 1459 4899 alterius
1487 4846 1837 4914 substantia;
1876 4851 2239 4912 consubstam

683 4930 825 4984 tialis
853 4932 1006 4994 mihi,
1036 4933 1087 4985 in
1119 4949 1183 4987 eo
1211 4936 1352 5003 quod
1380 4954 1411 4989 a
1432 4938 1584 4992 vobis
1608 4953 1713 4991 non
1735 4928 2006 5002 cernitur;
2037 4951 2091 4996 et
2111 4956 2241 4996 con-

683 5022 1050 5075 substantialis
1084 5026 1256 5090 vobis,
1281 5027 1331 5078 in
1356 5043 1420 5091 eo
1445 5031 1589 5098 quod
1611 5046 1641 5083 a
1671 5032 1824 5085 vobis
1855 5034 2088 5097 videtur,
2124 5036 2241 5089 sine

684 5124 917 5177 peccato.
967 5114 1065 5169 llic
1110 5124 1212 5179 est,
1259 5120 1351 5184 qui
1410 5136 1622 5176 mecum
1652 5123 1906 5179 formavit
1934 5126 2231 5181 hominem.

684 5200 885 5255 [liceat
913 5205 1083 5259 Filius
1111 5224 1251 5261 meus
1280 5208 1526 5284 dilectus,
1552 5215 1607 5267 in
1634 5232 1735 5284 quo
1767 5218 1894 5269 mihi
1918 5220 2229 5286 complacui.

680 5292 797 5345 Non
830 5295 965 5349 alius
992 5310 1071 5352 est
1098 5302 1182 5353 hic
1205 5314 1358 5354 meus
1384 5299 1573 5367 Filius,
1607 5319 1660 5359 et
1684 5307 2025 5383 aliusMarim
2054 5311 2227 5378 ﬁlius;

681 5394 735 5436 at
766 5385 851 5437 hic
876 5395 953 5437 est
988 5387 1156 5444 Filius
1187 5410 1328 5446 meus
1362 5394 1603 5463 dilectus,
1637 5401 1728 5467 qui
1758 5406 1811 5455 et
1844 5404 2016 5459 oculis
2044 5406 2223 5459 eerni-

682 5488 789 5537 tur,
820 5484 872 5532 et
902 5488 1077 5532 mente
1106 5482 1434 5556 intelligitur.
1467 5486 1571 5540 Hic
1605 5500 1679 5541 est
1710 5490 1880 5546 Filius
1916 5508 2056 5549 meus
2092 5497 2225 5550 dile-

682 5578 829 5631 (Ius,
885 5569 938 5620 in
994 5585 1095 5637 quo
1146 5574 1273 5627 mihi
1319 5578 1637 5645 complacui;
1683 5582 1853 5647 ipsum
1909 5588 2103 5641 audite.
2171 5588 2227 5641 Si

681 5657 875 5710 dixerit
903 5676 915 5711 :
946 5658 1056 5729 Ego
1083 5670 1129 5713 et
1148 5661 1307 5717 Pater
1326 5685 1491 5723 unum
1520 5688 1698 5725 sumus
1712 5672 1776 5740 ⁸⁸,
1816 5675 1989 5743 ipsum
2025 5681 2225 5735 audite.

2347 4684 2379 4734 ὀ
2415 4685 2543 4749 Υἱός
2560 4702 2677 4753 μοι)
2696 4689 2728 4739 ό
2749 4688 3071 4756 ἀγαπητός,
3092 4690 3160 4743 ἐν
3177 4684 3701 4764 ᾦηύδόχησαλΥἱδς
3730 4700 3909 4770 όμοού-

2347 4790 2478 4838 σιος,
2512 4778 2609 4847 οὐχ
2636 4780 2985 4850 ἑτεροούσιοςυ
3018 4783 3294 4853 ὁμοούσιος
3326 4788 3449 4857 ἐμοὶ
3480 4789 3617 4841 κατὰ
3655 4789 3719 4841 τὸ
3749 4792 3907 4863 άὸρα-

2345 4882 2453 4928 τον,
2494 4870 2587 4921 καὶ
2635 4872 2915 4940 ὁμοούσιος
2960 4874 3084 4944 ὑμῖν
3130 4876 3269 4930 κατὰ
3310 4878 3371 4930 τὸ
3411 4878 3706 4948 ὁρώμενον,
3744 4886 3903 4953 χωρὶς

2295 4999 2300 5004 .
2346 4956 2633 5025 ἁμαρτίας.
2667 4960 2832 5027 Οὗτός
2876 4968 3044 5035 ἐστιν,
3078 4971 3106 5022 6
3149 4970 3655 5038 σὺν-ὲμοὶ’πλάσας
3694 4974 3783 5027 τὸν
3811 4977 3902 5030 άν-

2342 5046 2574 5133 θρωπον.
2631 5051 2817 5120 Οὗτός
2858 5059 3025 5112 ἐστιν
3047 5064 3080 5113 ό
3116 5061 3246 5125 Υἱός
3270 5077 3388 5129 μου
3416 5063 3449 5113 ό
3480 5062 3806 5133 ἀγαπητὸς,
3836 5068 3903 5122 ἐι·

2428 5140 2758 5208 ηὑδόκησα.
2814 5146 2927 5201 Οὐκ
2972 5150 3128 5215 ἄλλος
3160 5151 3306 5205 ἐστὶν
3343 5144 3496 5214 οὗτος
3525 5155 3553 5206 6
3578 5155 3709 5224 ἐμὸς
3754 5132 3899 5225 Υἱὸς,

2338 5230 2430 5281 καὶ
2466 5230 2618 5293 ἄλλος
2652 5235 2681 5284 6
2713 5235 2930 5305 Μαρίας
2957 5239 3097 5302 υἱός·
3142 5240 3255 5293 ἀλλ’
3300 5236 3477 5317 οὗτός
3504 5243 3677 5297 ἐστιν
3702 5250 3735 5300 ό
3774 5250 3900 5315 Υἱός

2330 5340 2449 5389 μου
2472 5327 2500 5373 ὁ
2519 5324 2840 5390 ἀγαπητὸς,
2872 5329 2900 5379 6
2924 5320 3245 5401 βλεπόμενος
3267 5329 3357 5382 καὶ
3381 5332 3685 5403 νοούμενος.
3715 5335 3900 5405 Οὗτός

2332 5411 2501 5462 ἐστιν
2549 5418 2579 5463 o'
2624 5414 2751 5477 Υἱός
2790 5432 2907 5480 μου
2951 5421 2984 5470 ὁ
3010 5408 3330 5497 ἀγαπητὸς,
3367 5421 3436 5474 ἐν
3469 5415 3518 5488 ᾧ
3562 5424 3897 5493 ηὐδόκησα,

2334 5506 2524 5557 αὑτοῦ
2567 5505 2829 5558 ἀκούετε.
2878 5509 2997 5561 Ἐὰν
3024 5512 3152 5582 εἴπῃ
3177 5527 3192 5539 ’
3238 5508 3376 5581 Ἐγὼ
3408 5513 3505 5569 καὶ
3542 5521 3575 5569 d
3603 5518 3811 5585 Πατὴρ
3832 5520 3898 5573 ἓν

2333 5596 2536 5678 ἐσμεν,
2565 5598 2728 5649 αὑτοῦ
2762 5599 3009 5652 ἀκούετε.
3046 5600 3171 5654 Ἐάν
3204 5600 3331 5676 εἴπῃ
3350 5622 3363 5635 ·
3391 5605 3757 5678 βοέωρακὼς
3772 5610 3895 5678 ἐμὲ,

2336 5668 2553 5751 ἑώρακε
2569 5688 2663 5740 καὶ
2693 5688 2797 5741 τὸν
2822 5688 3067 5758 Πατέρα,
3098 5693 3260 5747 αὐτοῦ
3288 5668 3530 5751 άκούετε.
3559 5668 3703 5755 νἘάν

752 5836 793 5864 ⁸⁸
822 5836 1108 5909 Mattlmu,
1148 5846 1398 5915 173nm,
1431 5850 1492 5915 5;
1529 5852 1689 5909 Marc.
1728 5873 1765 5923 ι,
1802 5857 1899 5921 ll;
1936 5856 2066 5913 Luc.
2102 5878 2175 5926 ιι,
2202 5864 2289 5917 33.
2340 5868 2381 5897 ⁸⁷
2411 5866 2540 5921 ibid.
2587 5870 2630 5901 "
2660 5869 2815 5925 Joan.
2852 5888 2904 5937 κ,
2928 5870 3016 5926 50.
