4094 6354
238 461 383 516 1209

1087 461 1333 517 LEONIS
1370 464 1642 517 ALLATII
1706 464 2022 518 DlATRlBA
2062 467 2147 519 DE
2185 466 2587 525 THEODORIS.

3303 480 3439 536 1210

235 583 295 628 et
347 574 653 643 perspicax,
704 574 755 626 in
814 576 1199 628 commentario
1243 576 1308 629 ad
1356 586 1562 631 sextam
1619 581 1787 634 sancti
1821 587 1865 640 Α
1893 581 2163 661 siensibns
2183 584 2510 642 editionibus
2544 586 2896 643 adomantur.
2923 571 3031 647 Nec
3051 594 3294 650 exhausti
3312 607 3438 653 sunt

235 664 419 727 Procli
470 668 789 731 orationem,
835 666 1198 720 testimonium
1243 684 1308 721 ex
1355 671 1621 734 secunda,
1670 688 1790 741 quae

238 755 431 823 incipit
454 754 701 826 ;Ἐορτὰς
725 756 820 823 μὲν
848 755 1061 819 ἁπάσας
1078 757 1169 807 καὶ
1186 757 1475 828 ὑμνῳδίας,
1497 761 1787 827 adducens,

236 849 579 901 asseruerit:
614 863 634 897 ι
671 844 931 911 Quamvis
966 862 1308 916 summopere
1340 852 1557 915 ambigo
1592 863 1645 905 et
1682 853 1790 906 hae-

238 953 357 998 reo,
396 953 462 991 an
492 952 674 991 revera
692 936 933 1006 Gregorii
962 921 1348 1018 'l‘haumatuigi
1384 942 1453 994 sit
1473 943 1559 996 illa
1592 944 1787 999 oratio.

236 1027 416 1081 Dictio
443 1029 585 1081 enim
633 1028 747 1096 ipsa
794 1028 1005 1081 videtur
1048 1030 1225 1097 potius
1273 1032 1445 1086 sancti
1496 1032 1693 1100 Procli,
1736 1044 1791 1088 ct

233 1117 594 1171 sententizein
617 1133 679 1172 ea
705 1118 948 1186 plurimae
971 1119 1172 1185 insunt,
1206 1137 1325 1190 qua:
1354 1125 1629 1192 conceptis
1663 1116 1788 1179 ver-

234 1207 325 1261 bis
344 1217 474 1260 sunt
500 1208 553 1265 in
580 1210 824 1264 oratione
854 1211 1027 1280 prima
1050 1210 1248 1277 Procli,
1277 1224 1327 1265 et
1356 1213 1637 1267 innumera
1662 1215 1788 1281 alia,

234 1310 362 1361 qua:
391 1294 445 1347 in
476 1295 598 1350 aliis
627 1294 801 1351 Procli
829 1298 1166 1353 orationibus
1192 1299 1565 1363 offenduntur;
1602 1310 1658 1354 et
1682 1301 1791 1356 fre-

228 1400 414 1453 quens
445 1386 578 1438 adeo
605 1386 819 1441 iteratio
858 1390 1007 1443 vocis
1037 1389 1306 1456 θεοτόκου,
1344 1392 1560 1445 videtur
1597 1377 1791 1448 Nesto-

232 1472 383 1524 rium
414 1473 689 1541 impetere.
717 1494 735 1526 l
771 1474 835 1527 Et
864 1475 1004 1529 infra
1032 1492 1045 1527 :
1085 1495 1104 1527 ‹
1136 1477 1378 1533 Imitatus
1408 1493 1630 1536 sanctus
1656 1479 1790 1534 Pro-

231 1564 361 1617 clus
407 1573 653 1618 sanctum
701 1564 1016 1635 Gregorium
1054 1566 1519 1641 Thaumaturgum
1562 1572 1617 1625 in
1660 1586 1788 1625 ora-

238 1658 390 1708 tione
423 1655 657 1709 secunda
705 1654 772 1708 de
799 1655 1246 1719 Annuntiatione,
1276 1661 1319 1712 si
1356 1662 1518 1719 modo
1555 1661 1674 1731 ejus
1705 1673 1790 1718 est

238 1744 335 1799 illa
362 1744 556 1799 oratio.
598 1764 618 1797 ι
652 1743 762 1802 Nos
785 1746 837 1799 in
862 1747 1090 1815 epistola
1125 1750 1191 1802 ad
1223 1747 1506 1805 Nibusium
1538 1752 1607 1805 de
1637 1752 1793 1806 litur4

233 1837 327 1906 εἰει
356 1836 528 1889 sancti
572 1834 759 1891 Jacobi
798 1838 1049 1905 apostoli,
1095 1837 1162 1891 de
1206 1840 1356 1893 vocis
1393 1840 1649 1893 Θεοτόκου
1686 1858 1786 1895 usu

230 1912 404 1979 etiam
451 1938 576 1981 ante
618 1924 947 1992 Nestorium,
987 1928 1242 1982 nonnulla
1281 1930 1579 1983 attulimus.
1616 1928 1787 1995 Quid-
1820 1906 1862 1958 Β

231 2018 370 2085 quid
416 2024 591 2070 tamen
634 2017 727 2082 sit,
776 2018 987 2071 tertiam
1032 2034 1173 2073 unus
1219 2028 1424 2073 tantum
1471 2021 1635 2074 codex
1679 2036 1785 2075 ms.

230 2109 368 2162 licet
384 2108 800 2177 antiquissimus
822 2108 1227 2180 Thaumaturgo
1252 2111 1517 2178 attribuit,
1549 2111 1789 2184 athry—

230 2207 479 2264 sostomo
510 2206 750 2263 centum,
784 2215 884 2254 nec
916 2201 1097 2255 minus
1143 2201 1386 2269 antiqui;
1428 2203 1655 2271 ideoque
1687 2204 1817 2261 sub

229 2286 605 2357 Cbrysostomi
619 2288 834 2343 nomine
848 2299 901 2343 et
919 2289 1169 2360 Augusta:
1181 2290 1248 2343 ab
1265 2288 1569 2345 lltnschelio
1585 2291 1787 2357 Cum,

230 2387 288 2430 et
322 2377 391 2429 ab
413 2377 534 2431 aliis
559 2377 703 2431 edita
731 2386 831 2432 est.
864 2377 936 2433 De
966 2380 1307 2434 sermonibus
1330 2380 1791 2435 in'Annuntiatio—

233 2482 364 2520 neu
394 2475 449 2520 et
479 2466 885 2537 Thcophaniam
938 2468 1296 2537 Dominicam,
1334 2481 1391 2527 ut
1430 2473 1591 2526 etiam
1624 2474 1692 2527 de
1718 2474 1788 2527 li-

229 2556 383 2612 bello
404 2556 481 2611 De
500 2560 677 2612 anima
711 2560 777 2613 ad
809 2546 1114 2625 Tatianum,
1143 2562 1276 2613 nihil
1311 2563 1451 2619 certi
1480 2578 1538 2616 se
1585 2563 1785 2617 habere

230 2648 427 2703 scribit
454 2647 809 2705 Bellarminns
843 2669 856 2704 :
890 2668 910 2702 ι
940 2667 1061 2704 cum
1089 2666 1189 2706 nec
1204 2661 1409 2705 veteres
1435 2654 1627 2706 horum
1656 2668 1785 2723 ope-

231 2755 361 2793 rum
397 2740 771 2806 meminerint;
793 2748 982 2810 'neque
1003 2750 1185 2795 tamen
1207 2741 1453 2795 convinci
1484 2743 1675 2810 possit,
1693 2755 1790 2799 eos

229 2846 357 2885 esse
379 2831 751 2902 supposititios
784 2850 798 2899 ;
831 2852 849 2883 ι
880 2842 933 2886 et
966 2833 1066 2887 hoc
1088 2832 1286 2901 probis
1321 2834 1518 2897 tribus,
1549 2835 1631 2888 vel
1653 2850 1789 2904 qua-

231 2931 363 2975 tuor
396 2923 756 2990 orationibus,
785 2922 1140 2991 conjectando
1177 2924 1359 2993 potius
1392 2940 1556 2993 quam
1597 2926 1786 2981 decer-

230 3014 439 3069 nendo.
462 3012 707 3086 Namque
731 3032 836 3072 non
864 3014 1066 3072 absone
1094 3018 1220 3086 quis
1243 3017 1462 3082 dixerit,
1496 3032 1786 3088 argumen—

230 3101 359 3157 tum'
380 3119 448 3157 ex
468 3104 803 3169 charactere,
836 3114 891 3160 et
928 3106 1226 3160 dictionum
1267 3106 1513 3161 formulis
1571 3108 1789 3161 desum-

230 3204 411 3263 ptum,
468 3195 583 3247 leve
638 3195 934 3250 admodum
977 3212 1151 3253 esse:
1201 3197 1569 3252 alleclionibus
1592 3198 1789 3267 saepius

227 3285 403 3338 animi
436 3283 706 3339 calamum
738 3287 823 3355 agi
870 3288 1127 3356 regique;
1171 3298 1326 3341 atate
1366 3291 1527 3343 etiam
1582 3290 1787 3343 immu-

132 3451 141 3459 ψ
227 3376 361 3429 tari.
414 3372 549 3429 Hinc
578 3390 689 3445 non
723 3390 844 3435 esse
892 3391 1118 3432 necesse
1169 3378 1351 3431 omnia
1397 3377 1789 3450 Thaumaturgi

228 3456 435 3534 scripta
465 3466 654 3521 eodem
689 3481 901 3551 semper
931 3475 1094 3537 atque
1122 3483 1235 3521 uno
1259 3476 1447 3522 tenore
1478 3471 1683 3540 peragi.

300 3553 406 3608 Sed
432 3555 660 3610 Andreae
695 3554 865 3610 Riveti
897 3556 974 3628 (2)
1008 3558 1065 3612 in
1103 3557 1299 3612 .Critici
1344 3559 1486 3611 sacri
1546 3559 1688 3613 libro
1725 3576 1785 3625 ιι,

126 3692 129 3694 ,
225 3660 354 3714 cap.
403 3645 488 3711 i6,
529 3647 597 3701 de
644 3647 731 3701 his
775 3648 1114 3727 orationibus
1164 3649 1304 3704 dicta
1354 3650 1785 3705 consideremus.

160 3779 173 3787 .
231 3757 254 3789 ι
295 3737 443 3793 Guil.
475 3736 791 3794 Perkinsius
819 3740 1066 3795 meminit
1098 3741 1440 3809 homiliarum
1474 3741 1541 3795 de
1564 3741 1787 3794 Annuu-

170 3879 175 3882 .
226 3830 480 3893 tiatione,
508 3838 636 3895 etc.,
672 3832 801 3887 huic
844 3831 1102 3902 Gregorio
1130 3834 1508 3913 ascriptarum,
1542 3848 1678 3902 quas
1707 3832 1789 3886 vi-

226 3919 361 3974 dere
389 3921 521 3975 mibi
569 3938 678 3977 non
724 3923 1025 3993 contigerat
1060 3933 1172 3977 tum
1207 3938 1329 3978 cum
1388 3924 1625 3993 primum
1674 3923 1789 3979 hare

228 4014 464 4084 scripsi;
503 4030 680 4084 neque
710 4030 789 4071 eae
818 4032 850 4072 a
879 4017 1175 4071 Possevino
1214 4017 1266 4069 in
1310 4016 1602 4085 Αρραηιιι,
1632 4026 1726 4071 aut
1757 4032 1787 4069 a

231 4102 394 4159 Sixto
438 4117 831 4161 memorantur.
890 4126 911 4160 ι
946 4107 1247 4174 Antequam
1307 4120 1528 4163 causam
1576 4106 1785 4175 perspi-

227 4198 365 4260 ciat,
397 4199 719 4252 sententiam
751 4198 873 4254 fert.
910 4198 1056 4262 Esto,
1088 4212 1196 4250 non
1218 4198 1352 4251 vidit
1382 4196 1623 4260 Rivetus,
1660 4212 1786 4252 cum
1830 4250 1835 4257 ,

230 4286 517 4342 scriberet.
564 4288 703 4355 Quid
756 4305 886 4360 ergo
940 4289 1062 4343 inde
1110 4288 1393 4355 sequitur?
1426 4288 1519 4342 Vel
1566 4287 1788 4343 Rivetus

229 4379 563 4435 temerarius
610 4390 714 4445 est,
758 4383 844 4437 vel
891 4397 1080 4452 parum
1125 4380 1375 4449 diligens.
1426 4380 1497 4434 De
1546 4381 1787 4447 Gregorii

230 4468 457 4537 scriptis
479 4482 663 4536 agens,
688 4478 749 4522 ut
772 4486 895 4524 vera
913 4471 1235 4533 enuntiaret,
1262 4470 1448 4523 sedulo
1470 4472 1801 4540 inquirenda,

1887 684 2056 724 sacrae
2090 673 2425 740 antiquitatis
2461 675 2721 742 thesauri,
2746 679 2791 731 si
2815 679 2879 731 de
2904 680 2985 744 eis
3011 689 3222 735 taceant
3251 681 3434 739 Posse-

1886 761 2048 813 vinus
2073 771 2127 815 et
2155 762 2363 817 Sixtus.~
2389 763 2776 834 lgnoratplane
2808 767 3031 825 Rivetus
3062 772 3174 825 haec
3197 772 3439 843 Gregorii

1887 865 2047 917 opera
2078 851 2168 904 diu
2199 864 2322 905 autc.
2345 853 2412 907 ab
2438 853 2624 908 eodem
2651 855 2843 913 Vossio
2865 860 3004 914 notis
3033 861 3294 915 illustrata
3316 878 3442 932 pro-

1888 941 2056 996 diisse
2086 940 2271 998 Graece
2301 952 2355 1000 et
2393 943 2605 1009 Latine,
2646 955 2700 1000 et
2732 957 2791 1001 ut
2830 952 3170 1017 postmodum
3193 953 3439 1023 Parisiis,

1890 1028 2180 1097 Moguntina
2215 1047 2356 1088 anno
2388 1033 2546 1101 1604.
2584 1054 2602 1084 s
2632 1035 2734 1101 Qui
2774 1053 2978 1092 merces
3010 1040 3151 1105 illas,
3176 1052 3441 1110 quantum

1888 1129 2084 1188 potest,
2107 1125 2468 1178 commendat.
2504 1144 2524 1176 ι
2562 1126 2869 1181 lllaudabile
2895 1134 2976 1181 est
3001 1129 3205 1186 scilicet
3226 1122 3438 1199 Riveto,

1889 1213 2093 1283 scripta
2134 1213 2355 1269 Patrum
2385 1216 2786 1280 commendare,
2821 1228 2875 1285 et
2910 1233 3115 1275 merces
3152 1222 3286 1275 adeo
3316 1237 3442 1292 pre-
3512 1268 3515 1271 ,
3548 1220 3551 1221 ⁷

1890 1307 2058 1359 tiosas
2082 1314 2135 1359 et
2161 1305 2575 1373 pulcherrimas,
2616 1317 2675 1361 ut
2704 1316 2766 1361 ut
2788 1323 2864 1361 ese
2893 1314 3057 1373 sunt,’
3079 1310 3448 1372 ambientibus

1889 1401 2197 1469 propinare.
2231 1398 2607 1464 Commendat,
2642 1410 2907 1470 quantum
2936 1411 3132 1469 potest,
3168 1402 3445 1457 Thauma-

1890 1492 2030 1560 turgi
2054 1480 2274 1558 scripta,
2300 1504 2421 1558 qua:
2453 1490 2850 1543 commendavit
2903 1491 3218 1558 antiquitas,
3243 1501 3296 1546 et
3343 1507 3443 1561 po-

1889 1577 2134 1631 sterioris
2149 1578 2245 1630 aevi
2266 1576 2846 1631 illustriorcs'doctores
2862 1578 3211 1632 ecclesiastici
3228 1595 3442 1647 omnes;
3456 1631 3467 1637 -

1890 1676 1945 1721 at
1969 1652 2407 1720 exterminarunt
2433 1665 2692 1729 bzeretici,
2736 1667 2876 1734 apud
2921 1681 3058 1735 quos
3098 1670 3258 1722 etiam
3291 1661 3345 1723 in
3376 1684 3445 1726 ea

1890 1758 2244 1814 testimatione
2275 1756 2459 1823 fuere,
2499 1767 2560 1811 ut
2608 1758 2691 1811 vel
2733 1774 2920 1812 eorum
2964 1758 3083 1815 solo
3131 1760 3444 1815 testimonio

1893 1867 1990 1905 sua
2018 1850 2364 1905 constabilire
2391 1849 2735 1905 crediderint.
2760 1848 2897 1904 [line
2914 1857 2998 1903 tot
3022 1849 3152 1914 illis,
3170 1852 3327 1906 malis
3352 1868 3444 1907 ar-

1898 1941 2061 2005 tibus,
2093 1955 2323 2005 annexa,
2356 1948 2411 1992 et
2432 1949 2625 2009 praeter
2668 1954 2872 1995 morem
2904 1926 3066 2009 atque
3110 1941 3280 2012 legem
3310 1957 3433 2011 pro-

1895 2031 2086 2083 borum
2123 2032 2400 2084 hominum
2455 2031 2739 2102 immutata
2776 2046 2789 2082 :
2822 2031 3075 2100 pleraque
3111 2032 3275 2085 etiam
3300 2018 3475 2086 rora--

1894 2123 2073 2176 tiones
2099 2132 2261 2191 atque
2293 2122 2555 2191 opuscula
2576 2137 2645 2184 ex
2676 2124 2814 2192 penu
2847 2110 3338 2183 haereticorumillis
3353 2139 3445 2199 ap-

1895 2214 2054 2282 picta.
2088 2211 2429 2268 Tanta-erat
2469 2214 2523 2268 in
2571 2211 2734 2268 unius
2777 2214 3002 2285 hujusce
3042 2215 3454 2271 commentariis

1895 2304 2213 2358 auctoritas!
2245 2303 2659 2359 Cnmmendavit
2686 2305 2872 2373 itaque
2893 2302 3145 2371 Vossius,
3174 2322 3297 2376 quae
3321 2315 3446 2361 ante

1895 2408 2018 2446 eum
2050 2404 2079 2447 ιι
2108 2395 2546 2463 texscriptorum
2578 2394 2773 2450 calami
2815 2384 2967 2469 inter
2994 2396 3444 2469 aliasanctorum

1895 2483 2117 2538 Patrum
2148 2485 2347 2555 scripta
2376 2486 2576 2555 scripto
2603 2487 3130 2541 commendaverant.
3156 2486 3448 2543 Commen—
3484 2512 3487 2515 ι

1894 2576 2020 2629 dant
2076 2578 2291 2630 codices
2344 2577 2735 2645 antiquissimi,
2789 2586 2841 2630 et
2881 2578 3102 2644 Optima-
3142 2578 3302 2644 notas,
3352 2579 3448 2647 qui

1894 2664 2072 2719 dictas
2118 2664 2363 2735 Gregorii
2397 2668 2673 2736 orationes
2704 2667 2925 2736 praelle
2954 2666 3173 2723 nomine
3201 2666 3445 2738 Gregorii

1834 2802 1839 2805 .
1892 2753 2165 2805 exhibent.

1966 2860 1987 2893 ι
2019 2840 2221 2895 Dubias
2244 2857 2365 2896 esse.
2395 2844 2586 2912 probat
2610 2842 2925 2898 Perkinsius
2954 2856 3121 2905 exeo,
3150 2841 3294 2911 quod
3310 2839 3448 2897 Vita

1893 2941 2227 2994 sanctorum,
2264 2931 2389 2985 item
2415 2941 2470 2985 et
2495 2932 2681 3002 hymni
2715 2947 2901 2986 eorum
2937 2930 3087 3006 festis
3119 2932 3433 2985 convenien-

1894 3030 1996 3083 tes,
2028 3022 2263 3090 primum
2296 3036 2326 3074 a
2356 3020 2555 3074 Carolo
2587 3021 2781 3089 Magno
2805 3020 3085 3074 constituti
3117 3031 3268 3085 sunt,
3298 3022 3447 3076 circa

1894 3126 2095 3165 annum
2175 3112 2278 3166 807
2334 3111 2553 3182 (Paulus
2613 3109 2867 3165 Almilius
2921 3111 3015 3165 lib.
3070 3100 3117 3179 tt,
3163 3111 3238 3165 De
3286 3114 3445 3182 gestis
3524 3126 3530 3130 '

1899 3198 2244 3266 Francorum,
2280 3199 2593 3269 Sigebertus
2620 3201 2772 3265 item,
2790 3215 2932 3255 anno
2950 3201 3076 3273 807)
3125 3202 3448 3274 multispost

1895 3286 2355 3360 Thaumaturgum
2408 3290 2641 3345 szeculis.
2693 3307 2713 3340 ι
2759 3287 3103 3345 Persiusium
3159 3292 3275 3360 ipse
3333 3306 3444 3345 non

1890 3380 2017 3434 vidi.
2046 3379 2227 3434 Credo
2259 3387 2439 3434 tamen
2476 3379 2726 3434 Rivetum
2772 3378 3041 3435 Perkinsii
3072 3382 3236 3435 verba
3259 3384 3441 3450 'ncque

1887 3468 2192 3533 invertisse,
2213 3483 2389 3537 neque
2409 3469 2710 3533 mutilasse,
2742 3468 2835 3523 sed
2857 3468 3087 3533 ingenue
3104 3480 3439 3520 numerasse.

1888 3558 2202 3625 Videamus,
2243 3567 2301 3612 ut
2331 3559 2433 3613 sibi
2468 3567 2675 3613 constet
2703 3555 2967 3611 Perkinsii
3001 3555 3432 3623 ratio;namque

1888 3648 1933 3702 si
1964 3662 2024 3702 ea
2055 3649 2329 3711 ceciderit,
2373 3649 2528 3703 cadet
2569 3646 2730 3700 etiam
2764 3644 3026 3699 sententia
3068 3642 3357 3714 Perkiusii,
3387 3652 3443 3698 et

1886 3741 2155 3794 orationes
2185 3738 2468 3807 praedictas
2496 3736 2688 3789 dubias
2709 3749 2848 3788 esse.
2866 3732 3004 3787 Cum
3034 3735 3150 3789 ista:
3167 3734 3443 3788 orationes

1889 3831 2041 3886 factae
2067 3836 2402 3889 asseruntur,
2418 3834 2531 3878 tum
2559 3839 2733 3893 neque
2755 3822 2890 3877 Vitae
2915 3833 3246 3889 sanctorum,
3267 3836 3443 3891 neque

1890 3922 2073 3991 hymni
2100 3932 2289 3973 eorum
2320 3914 2472 3971 festis
2502 3913 2884 3971 convenientes
2907 3914 2959 3967 in
2987 3912 3223 3969 Ecclesia
3250 3922 3437 3967 erant:

1888 4023 2010 4062 nam
2050 4009 2259 4078 primus
2280 4006 2512 4063 Carolus
2536 4010 2706 4060 multa
2738 4013 2860 4074 post
2890 4004 3085 4061 smeula
3114 4002 3395 4057 constituit
3420 4015 3437 4054 :

1887 4115 2015 4169 ergo
2043 4099 2197 4153 dicta:
2214 4099 2510 4160 orationes,
2540 4098 2692 4152 festis
2717 4096 2910 4150 diebus
2942 4103 2995 4149 et
3012 4094 3441 4170 solemnitatibus
3470 4098 3473 4101 ’
3501 4092 3510 4099 ’

1888 4200 2201 4245 sanctorum
2244 4190 2645 4252 convenientes,
2697 4200 2806 4238 non
2854 4192 3147 4252 potuerunt
3200 4184 3361 4237 scribi
3407 4197 3440 4237 ι

1888 4281 2150 4352 Gregorio.
2174 4279 2597 4344 Thaumaturgo,
2624 4275 2717 4343 qui
2750 4273 2919 4325 multo
2939 4271 3190 4325 Carolum
3209 4285 3441 4338 praeces-

1888 4381 2050 4428 serat.
2098 4370 2294 4423 Probat
2341 4375 2678 4435 assumptum
2710 4362 3052 4423 auctoritate
3098 4359 3339 4424 Emilii,
3385 4366 3441 4415 et

1892 4461 2171 4534 Sigebcrti.
2202 4459 2339 4513 Tum
2363 4460 2476 4529 ipse
2500 4456 2709 4512 infero:
2746 4460 2811 4510 At
2846 4455 3043 4510 falsum
3072 4446 3174 4519 est,
3208 4454 3440 4525 primum

230 4568 393 4612 erant
414 4556 584 4625 ipsius
619 4554 862 4624 Gregorii
891 4561 1111 4628 scripta,
1140 4556 1456 4611 consulendi
1492 4556 1670 4620 amici,
1703 4558 1785 4610 in-
1816 4562 1859 4614 Ι)
1886 4552 2232 4608 (ἑποιιιωλίᾱ
2263 4552 2587 4613 instituisse,
2615 4546 2881 4619 quidquid
2913 4546 3166 4602 IEmilius
3198 4556 3251 4602 et
3283 4546 3439 4617 Sige-

232 4653 386 4707 dices
411 4648 713 4712 evolvendi,
749 4657 996 4703 auctores
1025 4652 1126 4719 ipsi
1160 4648 1547 4718 conquirendi;
1579 4660 1638 4702 ut
1660 4650 1785 4701 dili-

232 4743 418 4815 gentia
450 4757 556 4795 non
582 4741 743 4804 desit,
775 4755 873 4794 nec
902 4749 1099 4797 temere
1126 4744 1193 4797 de
1235 4744 1303 4796 iis
1362 4757 1480 4810 qua:
1511 4758 1620 4795 non
1652 4741 1789 4795 vidi-

230 4849 360 4888 mus
417 4833 844 4903 pronuntiemus.
882 4848 902 4881 ι
938 4830 1121 4901 Neque
1150 4850 1179 4887 a
1212 4833 1507 4888 Possevino
1530 4833 1582 4885 in
1610 4833 1787 4901 Appa-

230 4940 384 4991 ratu,
418 4943 593 4997 neque
616 4944 645 4982 a
680 4926 832 4981 Sixto
868 4936 1256 4981 memorantur.
1298 4946 1315 4978 ι
1353 4926 1547 4981 Demus
1600 4925 1790 4981 Riveto

233 5031 347 5071 non
378 5012 813 5071 commemorari.
842 5013 980 5084 Ergo
1011 5030 1116 5068 non
1155 5014 1535 5070 sunt?Stolida
1568 5017 1665 5070 ista
1699 5032 1786 5070 ar-

233 5108 574 5176 gumentatio
605 5117 709 5162 est.
737 5105 904 5173 Quasi
936 5118 1066 5159 vero
1096 5121 1218 5173 quae
1262 5122 1365 5161 non
1392 5123 1786 5161 commemora-

233 5196 415 5250 verint
444 5198 643 5265 scripta
672 5197 997 5252 Possevinus
1021 5205 1075 5249 et
1101 5195 1305 5271 Sixtus,
1336 5214 1603 5266 nusquam
1636 5200 1787 5266 alibi,

232 5296 335 5341 aut
363 5287 507 5340 nulla
535 5290 661 5342 sint.
695 5307 717 5341 α
753 5288 857 5343 Sed
883 5296 1066 5357 postea
1095 5285 1249 5339 edita:
1284 5287 1501 5342 fuerunt
1528 5288 1709 5344 Graece
1737 5300 1792 5343 et

236 5379 431 5435 Latine
481 5377 709 5436 Parisiis
753 5397 879 5436 cum
927 5380 1070 5435 notis
1100 5376 1275 5432 Vossii
1312 5378 1665 5447 Tungrensis,
1697 5383 1789 5449 qui

237 5483 457 5525 merces
501 5469 620 5523 illas
667 5483 931 5538 quantum
978 5479 1153 5541 potest
1198 5470 1557 5523 commendat.
1600 5489 1619 5519 ι
1652 5468 1792 5525 Bene

234 5565 343 5613 est.
362 5554 503 5625 Ergo
521 5566 648 5609 sunt
675 5560 780 5611 alia
804 5562 1020 5615 tandem
1052 5559 1249 5627 scripta
1276 5557 1493 5611 Patrum
1521 5573 1627 5611 non
1648 5573 1793 5611 com-

239 5657 545 5704 memorata
569 5665 601 5702 a
630 5646 927 5706 Possevino
955 5661 1011 5706 et
1034 5651 1208 5716 Sixto,
1240 5651 1459 5721 quando
1490 5650 1603 5719 jam
1641 5649 1795 5727 Pari:

1890 4648 2075 4701 bertus
2095 4647 2355 4701 crociteut
2379 4664 2394 4700 ε
2422 4658 2553 4713 ergo
2587 4642 2783 4696 falsum
2808 4654 3023 4710 quoque
3048 4638 3154 4691 erit
3186 4639 3283 4691 has
3325 4651 3441 4691 ora-

1890 4739 2066 4792 tiones
2110 4727 2301 4791 du‘bias
2342 4750 2481 4789 esse.
2530 4732 2645 4786 lmo
2690 4740 2865 4786 certas
2909 4738 3068 4795 atque
3113 4721 3440 4780 indubitatas

1890 4844 2012 4885 esse
2038 4830 2322 4890 evincitur,
2350 4840 2474 4879 cum
2496 4832 2641 4876 certe
2670 4832 2830 4888 atque
2867 4816 3163 4871 indubitate
3214 4815 3438 4868 demon-

1895 4930 2121 4985 stretur,
2155 4927 2279 4972 ante
2305 4914 2560 4970 Carolum
2603 4913 2871 4967 orationes
2912 4921 2967 4964 et
2998 4895 3229 4981 hymnos
3261 4909 3315 4961 in
3344 4922 3438 4963 so-

1892 5010 2258 5069 lemnitatibus
2294 5017 2627 5069 sanctorum,
2666 5012 2721 5057 et
2764 5004 2832 5056 ab
2874 5003 2993 5071 ipso
3021 5000 3294 5057 nascentis
3330 4997 3434 5053 Ec-

1892 5104 2067 5159 clesia:
2109 5096 2333 5153 exordio
2376 5096 2433 5148 in
2474 5092 2713 5149 Ecclesia
2772 5094 3084 5162 frequentes
3132 5091 3315 5143 fuisse.
3371 5086 3438 5142 Et

1891 5195 2105 5250 Judaeos
2133 5190 2280 5259 ipsos
2316 5204 2383 5242 ex
2422 5195 2605 5241 vetere
2634 5186 2855 5241 Patrum
2890 5182 3227 5241 institutione
3265 5180 3438 5249 legiti-

1895 5288 1999 5340 mis
2027 5282 2413 5353 praetinitisque
2451 5280 2643 5335 diebus
2675 5294 2742 5333 ex
2778 5279 2893 5347 lege
2936 5286 2993 5331 et
3035 5271 3307 5343 prophetis
3358 5272 3437 5325 le-

1892 5380 2095 5435 ctiones
2128 5377 2354 5431 recitare
2404 5375 2765 5436 consuevisse,
2797 5371 2958 5425 tradit
3011 5366 3246 5420 Isidorus
3291 5363 3385 5417 lib.
3418 5379 3437 5419 ι

1893 5470 1967 5523 De
1986 5467 2349 5521 ecclesiasticis
2387 5465 2555 5535 ofﬂa,
2585 5480 2703 5533 cap.
2742 5462 2828 5525 10,
2858 5458 3150 5527 probatque
3179 5452 3440 5507 Rabanus

1891 5559 2109 5612 Maurus
2136 5559 2231 5613 lib.
2294 5575 2331 5612 ιι
2371 5558 2445 5612 De
2487 5557 2713 5617 institut.
2756 5552 2954 5612 cleric.,
2982 5559 3099 5613 cap.
3143 5544 3194 5596 5.
3228 5542 3443 5595 Lectio~

1894 5663 2025 5703 num
2060 5651 2307 5703 meminit
2342 5649 2601 5718 Origenes
2643 5653 2822 5697 contra
2854 5638 3060 5693 Celsum
3106 5634 3198 5687 lib.
3225 5650 3313 5699 ιιι,
3346 5631 3446 5692 50:

312 5758 387 5829 (2)
413 5758 680 5837 Andream
704 5758 1176 5837 Bivetummontra
1203 5783 1360 5836 quem
1382 5766 1471 5819 diu
1499 5771 1833 5837 pugnaturus
1881 5775 1962 5823 est
1985 5767 2234 5837 Allatius,
2268 5767 2488 5823 doctum
2553 5762 2848 5825 hominem,
2882 5755 2975 5812 sed
3011 5753 3239 5825 rigidum
3290 5766 3431 5811 acer

240 5826 483 5902 bum'que
507 5826 719 5885 Calviui
747 5826 1004 5889 asseclam
1038 5826 1232 5902 fuisse,
1259 5838 1476 5891 scimus.
1500 5826 1678 5888 ἈΪΜ.
