4094 6354
2218 282 2224 328 ί
2290 286 2292 289 ,

1596 402 1845 458 LEONIS
1872 401 2110 456 ALATII
2154 376 2473 461 DIATRIilA
2512 398 2597 451 DE
2636 384 3077 452 THEODOBIS.

726 369 855 461 té‘n

3798 381 3943 436 1212

723 524 867 594 Ὅρα
893 522 957 591 δὴ
983 522 1158 589 καιὲν
1182 522 1382 584 τούτοις
1410 520 1528 573 τίνα
1541 521 1738 591 τρόπον
1760 521 1906 591 ἡμᾶς
1938 518 2256 585 συκοφαντεῖ

2372 496 2585 571 Canime
2625 515 2876 583 paschali,
2906 513 2993 569 ubi
3029 511 3283 565 lectiones
3305 506 3614 576 bujusmodi
3642 506 3699 559 in
3730 506 3939 558 cellulis

722 612 980 685 ἐξομοιῶν
1009 614 1120 675 τοῖς
1145 615 1203 665 ὲν
1228 615 1348 675 ταῖς
1372 613 1593 681 ἀγοραῖς
1610 612 1681 665 τὰ
1711 608 2124 682 ἀπορῤητὸτατα
2155 612 2275 660 ἑπι-

687 700 1083 772 σηδεικνυμένοις
1115 702 1204 754 καὶ
1244 701 1548 771 ἀγείρουσι⁸
1596 703 1729 753 ποῖα
1767 700 1825 753 δὲ
1862 697 2275 769 ἀπορρητότατα

718 790 1150 861 ἐπιδεικνύμεθα,
1176 791 1209 863 ἢ
1236 790 1287 845 τί
1312 790 1520 854 τούτοις
1536 790 1912 861 παραπλήσιον
1937 788 2272 857 arpi-stays);

716 885 766 936 οἱ
811 885 903 939 καὶ
933 884 1000 940 δι’
1026 884 1466 953 ἀναγνωσμάτων
1485 921 1500 947 ,
1554 882 1647 934 καὶ
1676 879 1763 933 διὰ
1790 879 2002 941 τῶνεῐς
2032 879 2098 931 τὰ
2136 877 2274 930 αὐτὰ

713 975 1012 1047 διηγήσεων
1047 974 1445 1047 προτρέποντες
1489 973 1589 1043 μὲν
1626 972 1718 1024 ἐπὶ
1750 971 1847 1042 τὴν
1887 972 1965 1033 εἰς
2004 970 2093 1022 τὸν
2141 968 2272 1021 Θεὸν

711 1046 817 1118 τῶν
838 1046 973 1119 ὅλων
993 1046 1291 1131 εὐσέὀειαν,
1309 1064 1403 1118 καὶ
1422 1062 1518 1125 τὰς
1534 1046 1850 1133 σύνθρόνους
1862 1060 2031 1132 ταύτῃ
2051 1057 2267 1129 ἀρετᾶς.

718 1175 739 1208 ι
775 1155 910 1212 Vide
939 1156 1213 1229 quomodo
1246 1155 1406 1210 in~liis
1427 1167 1644 1236 quoque
1668 1151 1847 1206 verbis
1871 1149 2144 1205 calumnia
2168 1162 2267 1201 nos

711 1250 928 1314 alliciat,
961 1265 1101 1329 quos
1135 1263 1259 1303 cum
1291 1245 1727 1311 circulatoribus,
1749 1244 1923 1313 turpia
1953 1250 2007 1296 et
2035 1239 2266 1295 nefanda

711 1341 765 1396 in
788 1337 907 1395 foro
928 1338 1355 1410 praponentibns
1376 1345 1675 1407 comparat.
1708 1332 1845 1402 Quae
1874 1349 2003 1390 vero
2031 1333 2263 1388 nefanda

712 1431 1106 1502 proponimus?
1126 1438 1221 1485 aut
1249 1428 1379 1501 quid
1410 1428 1663 1493 facimus,
1681 1426 1825 1496 quod
1854 1425 1923 1481 ad
1956 1422 2266 1494 hujusmodi

709 1522 990 1576 hominum
1020 1522 1413 1591 impudentiam
1442 1518 1663 1574 accedat
1687 1518 1711 1571 ?
1741 1533 1871 1584 nos,
1898 1514 2144 1586 inquam,
2172 1514 2263 1584 qui

661 1636 670 1649 ι
707 1624 805 1679 per
832 1608 1110 1675 lectiones,
1137 1618 1191 1664 et
1218 1624 1312 1678 per
1335 1623 1523 1663 earum
1560 1606 2054 1675 interpretationes,
2089 1604 2265 1657 homi-

708 1711 804 1753 nes
843 1698 909 1752 ad
936 1699 1188 1769 pietatem
1215 1713 1342 1770 erga
1373 1697 1617 1751 omnium
1654 1711 1836 1752 rerum
1871 1696 2062 1761 Deum,
2090 1696 2263 1749 virtu~

705 1798 893 1859 tesque
930 1807 1050 1862 qua;
1081 1778 1296 1847 easdem
1320 1800 1481 1859 atque
1509 1792 1683 1861 pietas
1722 1788 1876 1845 sedes
1897 1788 2117 1849 habent,
2136 1786 2264 1841 hor-

2370 623 2506 661 arca:
2532 608 2773 661 laterculi
2794 614 2944 660 stata:
2965 604 3329 673 designantur,
3353 602 3419 656 de
3442 616 3548 671 quo
3570 600 3735 669 plene
3759 596 3934 664 alibi),

2374 708 2523 753 certo
2551 712 2762 768 quoque
2791 696 3030 765 corporis
3074 695 3255 748 habitu
3284 692 3575 747 Christiani
3611 691 3666 744 in
3706 688 3936 744 ecclesia

2374 784 2524 840 fuere
2555 805 2568 839 ι
2614 800 2803 856 nempe
2834 786 2977 839 enim
3011 800 3039 838 a
3076 786 3343 840 stantibus
3390 782 3812 852 Evangeliorum
3859 779 3933 832 le-

2374 877 2581 933 ctiones
2609 878 2782 931 audiri
2807 877 3131 947 oportuisse,
3176 876 3263 929 hic
3278 873 3626 943 Philostorgii
3651 874 3808 926 locus
3847 870 3932 923 in-

2372 966 2535 1021 dicat.
2579 986 2597 1017 ι
2625 966 2690 1020 Et
2709 976 2783 1021 ex‘
2807 966 3093 1021 Sozomeni
3126 965 3265 1020 libro
3292 981 3391 1027 νιι,
3419 980 3542 1033 cap.
3575 964 3662 1025 19,
3689 970 3851 1015 notat
3880 961 3931 1011 in

2372 1061 2485 1113 sola
2503 1059 2863 1123 Alexandrina
2887 1057 3126 1112 Ecclesia
3143 1056 3454 1126 episcopum
3474 1053 3932 1110 Alexandrinum.

2370 1151 2497 1205 dum
2542 1152 2887 1221 Evangelium
2936 1152 3290 1215 recitaretur,
3345 1166 3449 1205 non
3505 1148 3931 1203 assurrexisse:

2366 1242 2525 1297 Ξένον
2555 1244 2611 1296 δὲ
2642 1246 2863 1299 κάκεῖνο
2908 1247 3041 1317 παρ’
3079 1226 3479 1314 Ἀλεξανδρεῦσι
3520 1241 3751 1304 τούτοις·
3798 1240 3933 1291 ἀνα-

2369 1330 2783 1405 γινωσκομένων
2835 1337 2941 1408 γὰρ
2988 1335 3097 1390 τῶν
3152 1333 3529 1403 Εὐαγγελίων,
3584 1334 3685 1386 οὐκ
3741 1331 3933 1385 ἐπανί-

2369 1442 2557 1479 σταται
2609 1426 2936 1489 ὲπισκοπος,
2962 1426 2990 1479 ὃ
3043 1428 3172 1498 παρ’
3198 1426 3375 1489 ἄλλοις
3412 1424 3524 1478 οὔτ’
3556 1424 3729 1491 ἔγνων
3750 1463 3764 1486 ,
3816 1420 3933 1473 οὔτ’

2365 1515 2593 1587 ἀκήκοα.
2624 1535 2643 1567 ι
2674 1514 2881 1570 Novum
2912 1527 2964 1568 et
2981 1515 3107 1569 illud
3128 1515 3266 1585 apud
3287 1516 3506 1579 eosdem
3530 1513 3933 1568 Alexandrinos

2365 1616 2479 1673 est,
2508 1608 2653 1677 quod
2682 1607 2999 1676 episcopus,
3056 1607 3183 1661 dum
3244 1608 3500 1662 recitatur
3533 1606 3888 1676 Evangelium
3913 1646 3927 1665 .

2366 1712 2475 1752 non
2499 1707 2783 1769 assurgat,
2819 1698 2963 1767 quod
3006 1701 3146 1767 apud
3189 1700 3326 1755 alios
3355 1713 3594 1769 unquam
3626 1698 3744 1750 ﬁeri
3770 1698 3929 1764 equi-

2366 1791 2488 1846 dem
2533 1804 2709 1860 neque
2749 1792 3202 1860 comperi‘neque
3247 1791 3448 1845 audivi.
3500 1807 3519 1840 ι
3583 1788 3737 1842 Adde
3766 1797 3925 1859 tu.ex

705 1887 905 1933 tamur.
937 1895 957 1930 ι
991 1879 1122 1934 Vide
1151 1878 1392 1949 ejusdem
1422 1878 1497 1933 De
1528 1877 1942 1948 cngastrimytlm
1981 1888 2258 1945 commen-

2360 1884 2545 1939 eodem
2598 1881 2902 1938 Sozomeno
2929 1882 3067 1953 (loc.
3100 1882 3219 1949 cit.)
3247 1897 3261 1934 :
3303 1879 3519 1952 Ταύτην
3552 1879 3608 1934 δὲ
3633 1877 3736 1948 τὴν
3774 1876 3929 1947 ἱερὰν

628 1987 630 1989 ν
702 1968 903 2022 tarium
940 1968 1016 2039 (3)
1064 1969 1117 2023 in
1160 1969 1446 2038 principio.
1500 1968 1730 2025 Sanctus
1790 1967 2151 2037 Augustinus~
2183 1967 2258 2035 (in

698 2058 926 2129 prologo
966 2059 1033 2114 ad
1080 2064 1345 2137 tractatus
1391 2058 1544 2130 suos)
1586 2060 1639 2112 in
1684 2058 1981 2127 Epistulam
2031 2057 2257 2125 primam

698 2148 928 2206 Joannis
958 2152 1072 2207 ait:
1106 2170 1125 2201 ι
1167 2150 1273 2205 Sed
1300 2151 1431 2220 quia
1470 2140 1902 2219 interposita‘est
1945 2144 2261 2203 solemnitas

700 2250 1017 2294 sanctorum
1075 2239 1323 2303 dierum,
1368 2239 1568 2307 quibus
1614 2247 1797 2293 certas
1847 2254 1912 2292 ex
1970 2236 2260 2308 Evangelia

699 2330 959 2386 lectiones
983 2339 1195 2399 oportet
1222 2331 1278 2384 in
1327 2327 1567 2384 Ecclesia
1609 2329 1845 2393 recitari,
1877 2343 1997 2397 quze
2030 2328 2100 2382 ita
2136 2338 2259 2383 sunt

699 2433 915 2487 annua,
958 2428 1019 2475 ut
1062 2418 1185 2474 alia:
1214 2433 1339 2491 esse
1366 2434 1476 2474 non
1508 2418 1720 2495 possint
1739 2430 1763 2482 ;‘
1782 2418 1916 2472 ordo
1958 2417 2064 2482 ille,
2097 2431 2257 2487 quem

699 2523 1147 2580 susceperamus,
1197 2507 1530 2571 necessitate
1575 2506 1855 2577 paululum
1917 2505 2260 2561 intermissus

695 2607 797 2665 est,
832 2615 937 2653 non
968 2597 1222 2655 omissus.
1251 2618 1270 2651 ι
1297 2596 1439 2653 idem
1475 2599 1529 2652 in
1552 2613 1804 2670 sermone
1827 2598 1901 2670 (v,
1931 2598 2068 2669 l)de
2088 2599 2259 2655 lueta—

697 2688 843 2742 tione
863 2686 1049 2747 Jacobi
1078 2676 1142 2739 εἰ
1177 2673 1294 2741 Ista:
1322 2688 1601 2751 lectiones,
1645 2702 1767 2755 quae
1799 2687 1951 2742 vobis
1983 2689 2255 2757 leguntur,

694 2779 940 2849 nunquid
977 2774 1141 2835 modo
1169 2779 1406 2849 primum
1439 2777 1606 2837 vobis,
1620 2777 1891 2846 leguntur,
1930 2788 1985 2834 et
2007 2796 2113 2835 non
2148 2796 2255 2837 em-

694 2868 816 2923 dem
848 2870 1091 2940 quotidie
1119 2872 1468 2940 repetuntur?
1497 2869 1652 2924 Sicut
1678 2878 1857 2949 autem
1877 2870 2137 2926 lectiones
2158 2871 2250 2927 Dei

694 2961 933 3029 quotidie
962 2977 1100 3032 opus
1133 2974 1237 3031 est,
1266 2952 1788 3033 utrepetanturfne
1818 2964 2000 3018 saeculi
2027 2965 2167 3035 mala
2201 2973 2255 3018 et

697 3052 865 3121 spinae
909 3063 1208 3109 nascantur
1250 3055 1306 3110 in
1349 3055 1608 3111 cordibus
1659 3054 1877 3120 vestris,
1923 3063 1979 3108 et
2023 3053 2257 3109 etl'occnt

695 3158 882 3200 semen
951 3145 1097 3213 quod
1143 3132 1245 3200 ibi
1276 3147 1601 3202 seminatum
1648 3156 1766 3215 est;
1809 3148 1891 3205 sic
1944 3154 2161 3217 oportet
2204 3156 2257 3201 et

610 3231 617 3241 “
693 3212 1001 3288 sermonem
1031 3230 1125 3309 Dei
1152 3224 1542 3303 vobis'semper
1571 3212 1762 3304 repeti,
1788 3252 1856 3291 ne
1875 3212 2029 3291 obliti
2058 3235 2253 3291 dicatis
2282 3212 2322 3269 θ

610 3322 613 3323 ⁷
695 3340 791 3380 vos
829 3340 937 3379 non
973 3324 1229 3391 audisse,
1267 3325 1411 3395 quod
1448 3325 1681 3395 dicimus
1724 3343 1825 3383 nos
1875 3329 2104 3382 dixisse.
2139 3346 2158 3379 ι
2191 3325 2257 3380 Ει

692 3415 1010 3472 sermones
1039 3416 1093 3471 in
1128 3415 1215 3470 die
1239 3410 1616 3471 Pentecostes:
1642 3435 1661 3468 ι
1697 3416 1997 3473 Adventum
2019 3407 2291 3488 Spiritus.”

692 3509 866 3563 sancti
921 3508 1293 3562 anniversaria
1352 3506 1644 3561 festivitate
1697 3506 2055 3565 celebramus.
2116 3507 2255 3564 Huic

692 3597 950 3653 solemnis
980 3599 1348 3671 congregatio,
1374 3598 1633 3669 solemnis
1653 3596 1834 3661 lectio,
1852 3598 2105 3653 solemnis
2134 3615 2260 3654 ser-.

695 3704 783 3742 mo
815 3687 1061 3743 debetur.
1080 3705 1109 3739 ο.
1131 3684 1420 3754 Grsgorius
1450 3680 1926 3751 Nyssenusorat.2
1965 3688 2164 3757 (initio)
2190 3689 2255 3744 de

632 3784 635 3787 ’
677 3767 1028 3833 Βεειπιϊεοι.
1048 3776 1278 3830 Christi:
1300 3778 1504 3839 Παντες
1524 3777 1641 3847 μὲν,
1661 3776 1952 3848 ἀγαπητοὶ,
1973 3777 2047 3840 ὡς
2063 3779 2252 3843 εἰπεῖν,

690 3859 1038 3935 ἄποδέχονται
1067 3865 1166 3935 τὴν
1193 3867 1251 3917 ὲν
1276 3866 1528 3936 κυριακῇ
1568 3869 1721 3921 νυκτὶ
1756 3869 1885 3939 παρ’
1912 3869 2068 3938 ἡμῶν
2108 3871 2256 3940 εἰση-

690 3956 947 4026 ηθετσαν
974 3956 1248 4035 ἁρμοδίως
1272 3955 1378 4009 τῶν
1406 3959 1565 4029 ἱερῶν
1587 3959 1927 4028 Εὐαγγελίων
1953 3961 2255 4028 ἀνάγνωσιν

691 4044 821 4114 περὶ
846 4043 945 4112 τῆς
977 4045 1321 4109 ἀναστάσεως
1340 4047 1432 4105 τοῦ
1460 4049 1694 4119 μεγάλου
1721 4049 1856 4103 Θεοῦ
1885 4051 1978 4104 καὶ
2005 4051 2255 4123 Σωτῆρος

689 4132 848 4205 ἡμῶν
885 4134 1067 4202 Ἰησοῦ
1096 4137 1352 4209 Χριστοῦ.
1399 4158 1419 4191 ι
1454 4140 1655 4195 Omnes
1700 4142 1917 4210 quidem
1969 4157 2254 4212 propemo-

690 4225 842 4289 dum,
869 4223 1070 4292 dilecti,
1098 4229 1398 4297 approbant
1430 4232 1714 4287 lectionem
1759 4247 2038 4294 sacrorum
2078 4232 2252 4287 Evan-

690 4316 981 4387 geliorum,
1014 4328 1135 4393 qua:
1173 4333 1204 4372 a
1240 4320 1400 4375 nobis
1447 4330 1605 4376 nocte
1642 4321 1923 4379 Dominica
1970 4323 2252 4379 commode

672 4398 796 4460 fuit
822 4405 1236 4470 introductade
1273 4411 1671 4465 resurrectione
1710 4415 1890 4484 magni
1918 4413 2011 4469 Dei
2050 4423 2106 4470 et
2133 4414 2251 4471 Sal-

692 4494 899 4550 vatoris
936 4496 1106 4549 nostri
1130 4494 1255 4550 Jesu
1280 4495 1505 4551 Christi.
1538 4518 1557 4551 ι
1904 4508 1912 4531 ί

763 4609 963 4664 Scribit
983 4608 1376 4681 Philestorgius
1404 4609 1522 4680 (lib.
1554 4625 1634 4675 ιιι,
1683 4612 1717 4665 5
1739 4611 1757 4681 )
1777 4610 2131 4683 Theophilum
2164 4616 2249 4669 ln-

691 4702 819 4755 dum
855 4689 1092 4772 legatum
1116 4719 1146 4757 a
1174 4702 1493 4759 Constantio
1517 4702 1767 4768 missum,
1798 4704 1864 4758 ad
1900 4704 2129 4769 Divaaos,
2155 4709 2248 4777 qui

702 4792 813 4847 Indi
852 4804 1041 4858 erant,
1096 4794 1394 4864 profectum
1415 4837 1430 4861 ,
1458 4794 1628 4848 multa
1659 4809 1780 4864 quae
1814 4803 1938 4849 ante
1980 4797 2119 4866 apud
2152 4812 2250 4851 eos

696 4882 835 4939 haud
868 4885 971 4939 rite
1005 4884 1205 4940 ﬁebant
1237 4870 1579 4947 emendasse,
1600 4895 1654 4939 et
1678 4886 1815 4938 inter
1838 4885 1965 4949 alia,
1998 4886 2140 4954 quod
2175 4887 2249 4939 illi

694 4974 937 5031 sedentes
952 4975 1210 5030 lectiones
1220 4978 1556 5047 evangelicas
1567 4975 1994 5031 audiebant.Kai
2007 4975 2114 5046 γὰρ
2128 4976 2253 5028 καθ-

701 5064 943 5134 εζόμενοι
977 5066 1084 5118 τῶν
1108 5067 1477 5135 εὖαγγελικῶν
1512 5067 1953 5136 ἀναγνωσμάτων
1976 5066 2251 5119 ἐποιοῦντο

695 5153 792 5222 τὴν
822 5156 1099 5226 ἀκρόασιν.
1140 5176 1158 5207 ι
1185 5156 1429 5227 Namque
1448 5161 1697 5227 sedentes
1720 5159 2043 5230 evangelicis
2067 5158 2250 5211 lectio—

697 5245 856 5299 nibus
883 5264 1040 5303 aures
1068 5249 1399 5318 praabebant.
1442 5269 1461 5302 ι
1499 5250 1759 5307 Observat
1781 5250 2013 5306 Iacobus
2043 5248 2250 5302 Gotho-

698 5332 877 5388 fredus
909 5338 1001 5404 (in
1044 5343 1170 5396 adn.
1209 5341 1281 5404 ,ad
1328 5341 1430 5395 loc.
1462 5341 1580 5411 cit.)
1614 5360 1625 5394 :
1663 5363 1680 5393 ι
1717 5342 1779 5396 Ει
1812 5359 1936 5398 cum
1967 5338 2250 5409 Evangelia

698 5423 1017 5490 legerentur,
1052 5445 1279 5497 quorum
1314 5440 1468 5485 statas
1502 5432 1663 5486 ctiam
1701 5442 1965 5502 certeque
1995 5429 2252 5485 lectiones

699 5509 1073 5579 [ἀναγνώσεις,
1119 5520 1460 5592 ἀκούσματαῖ
1492 5530 1648 5575 erant
1671 5522 1863 5591 (cujus
1905 5522 1980 5575 rei
2012 5520 2253 5574 luculen-

611 5622 615 5625 ·
703 5610 815 5654 tum
872 5600 1010 5653 inter
1072 5605 1175 5659 alia
1224 5610 1591 5665 testimonium
1646 5620 1823 5665 exstat
1874 5611 1926 5662 in
1985 5607 2252 5680 Hippolyti
2318 5660 2323 5665 .

2366 1972 2543 2043 βίϐλον
2588 1964 2946 2040 ἀναγινώσκει
2998 1968 3180 2023 ἐνθάδε
3239 1970 3395 2040 μόνος
3442 1971 3472 2022 ὁ
3525 1967 3923 2038 ἀρχιδιάκονος⁸

2363 2063 2514 2134 παρὰ
2530 2063 2586 2115 δὲ
2614 2062 2810 2126 ἄλλοις,
2840 2060 3091 2113 διάκονον
3121 2061 3186 2114 ὲν
3213 2060 3432 2124 πολλαῖς
3461 2058 3518 2113 δὲ
3556 2057 3925 2126 Ἐκκλησὲαις,

2360 2154 2408 2206 οἱ
2446 2154 2607 2224 ἱερεῖς
2642 2152 2808 2221 μόνον
2833 2152 2890 2203 ὲν
2922 2151 2978 2203 δὲ
2998 2151 3286 2221 ἐπισήμοις
3315 2150 3578 2222 ἡμέραις,
3615 2148 3925 2205 ἐπίσκοποι.

2360 2243 2434 2307 ὠς
2464 2245 2522 2295 ὲν
2546 2241 3111 2305 Κωνσταντινουπόλει
3150 2241 3288 2295 κατὰ
3316 2241 3415 2311 τὴν
3441 2241 3664 2312 πρώτην
3712 2239 3926 2310 ἡμέραν

2361 2334 2457 2404 τῆς
2488 2321 2853 2403 ἀναστασίμου
2883 2334 3091 2406 ἑορτῆς.
3131 2352 3150 2385 ι
3183 2333 3336 2389 Hunc
3394 2333 3557 2389 etiam
3587 2346 3807 2386 sacrum
3835 2345 3925 2384 eo-

2359 2427 2532 2481 dicem
2559 2425 2647 2480 hic
2672 2426 2799 2496 legit
2830 2427 2979 2481 solus
2994 2426 3435 2490 archidiaconus,
3466 2423 3609 2490 apud
3632 2424 3774 2477 alios
3796 2436 3925 2477 vero

2358 2520 2574 2577 diaconi
2634 2518 2687 2572 in
2732 2522 2917 2578 multis
2953 2522 3117 2577 etiam
3158 2520 3415 2575 Ecclesiis
3448 2518 3545 2574 soli
3578 2517 3925 2578 sacerdotes,

2358 2611 2550 2672 diebus
2580 2628 2757 2674 autem
2814 2615 3149 2671 solemnibus
3194 2614 3466 2683 episcopi,
3512 2621 3571 2665 ut
3601 2610 3919 2665 Constanti—

2359 2707 2540 2781 nopoli
2564 2710 2738 2779 primo
2768 2709 2855 2765 die
2885 2708 3154 2775 paschalis
3178 2704 3556 2759 solemnitatis.
3599 2721 3617 2751 ι
3650 2700 3763 2753 Leo
3783 2714 3920 2767 pon-

2358 2802 2488 2857 tifex
2526 2801 2580 2855 in
2608 2796 2968 2865 sermonem,
2991 2797 3017 2850 l
3051 2797 3069 2863 )
3106 2796 3158 2849 in
3177 2793 3530 2863 Epiphaniam
3560 2808 3575 2842 :
3610 2808 3629 2839 ι
3658 2788 3920 2854 Quamvis

2356 2907 2484 2963 ergo
2513 2891 2753 2946 narratio
2787 2886 3112 2957 evangeliea:
3146 2869 3392 2939 lectionis
3417 2882 3542 2935 illos
3579 2879 3800 2948 proprie
3834 2892 3919 2931 re.

2357 2990 2576 3037 censeat
2593 2980 2731 3045 dies,
2754 2980 2810 3034 in
2833 2978 3034 3048 quibus
3050 2984 3159 3031 tres
3179 2973 3298 3039 viri,
3318 2987 3458 3042 quos
3480 2987 3578 3027 nec
3606 2968 3920 3048 prophetica

2357 3067 2665 3141 praedicatio
2695 3043 2985 3131 docuerat,
3018 3081 3118 3120 nec
3142 3063 3447 3119 testificatio
3475 3061 3607 3131 legis
3641 3043 3921 3114 instruxei

2358 3170 2461 3225 rat,
2486 3161 2553 3214 ad
2586 3158 3019 3229 cognoscendum
3048 3155 3217 3212 Deum
3260 3172 3291 3208 a
3336 3153 3700 3209 remotissima
3725 3149 3918 3205 Orien-

2357 3250 2425 3306 tis
2457 3258 2607 3318 parte
2641 3256 2935 3312 venerunt;
2979 3247 3081 3302 hoc
3105 3247 3244 3301 idem
3274 3252 3455 3299 tamen
3484 3251 3540 3298 et
3572 3239 3919 3296 manifestius

2356 3357 2501 3397 nunc
2545 3350 2599 3396 et
2635 3340 2911 3410 copiosius
2944 3338 3059 3394 ﬁeri
3086 3338 3140 3393 in
3171 3338 3414 3392 omnium
3446 3344 3763 3389 vocatorum
3793 3331 3916 3385 illu—

2356 3436 2651 3490 minatione
2679 3433 3055 3504 perspicimus.
3100 3450 3119 3484 ι
3172 3429 3438 3485 Maximus
3468 3424 3829 3481 Taurinensis
3862 3423 3915 3475 in

2356 3526 2574 3580 homilia
2619 3542 2671 3580 ix
2717 3526 2784 3580 de
2828 3522 3124 3593 Epiphania
3157 3540 3170 3575 :
3230 3538 3249 3572 ι
3277 3519 3540 3585 Audistis,
3578 3517 3802 3581 fratres,
3834 3515 3912 3567 le-

2355 3618 2585 3671 ctionem
2601 3615 2870 3684 Evangelii
2892 3610 3147 3669 salutaria
3162 3609 3555 3682 praesentisdiei
3577 3615 3915 3663 sacramenta

2354 3708 2691 3763 recitantem.
2736 3727 2754 3759 ι
2805 3707 2998 3762 Petrus
3051 3702 3495 3774 Chrysologusin
3532 3714 3786 3755 sermone
3810 3714 3865 3751 rx
3899 3717 3912 3750 :

2361 3816 2380 3869 ι
2415 3799 2536 3868 Agit
2556 3800 2835 3853 nobiscum
2863 3798 3036 3862 Deus,
3069 3794 3179 3863 agit
3213 3794 3267 3846 in
3295 3793 3398 3845 hoc
3425 3790 3654 3853 saeculo,
3685 3802 3756 3841 ne
3787 3788 3914 3855 quid

2355 3888 2511 3943 nobis
2543 3897 2727 3957 pereat
2751 3889 2807 3941 in
2837 3885 3040 3949 futuro,
3071 3883 3213 3937 sicut
3235 3895 3297 3935 ex
3324 3870 3443 3947 ipso
3478 3879 3619 3933 lucet
3646 3876 3913 3944 principio

2355 3977 2618 4033 lectionis.
2653 3999 2672 4031 ι
2703 3978 2769 4033 Ει
2795 3979 2848 4032 in
2873 3987 3122 4030 sermone
3148 3986 3237 4025 xv:
3271 3989 3285 4023 :
3320 3987 3340 4021 ι
3371 3968 3484 4021 Ibat
3505 3966 3571 4019 ad
3599 3979 3790 4019 eorum
3820 3979 3913 4017 cu-

2356 4082 2491 4133 ram,
2521 4068 2718 4138 quibus
2736 4068 2847 4138 jam
2878 4068 3114 4121 humana
3138 4059 3414 4117 defecerat
3445 4071 3575 4113 cura
3596 4099 3611 4122 ,
3646 4056 3787 4110 sicut
3818 4054 3915 4108 h0-

2351 4157 2538 4213 dierna
2589 4159 2874 4227 probatum
2904 4166 2985 4212 est
3016 4154 3267 4208 lectione.
3306 4170 3326 4204 ι
3358 4140 3504 4206 item
3543 4164 3711 4205 serm.
3739 4160 3907 4202 xvnl:

2359 4271 2379 4304 ι
2410 4250 2679 4305 Hodierna
2702 4250 2929 4304 lectione
2966 4246 3155 4300 didicit
3197 4245 3434 4298 attentus
3466 4241 3701 4298 auditor.
3734 4258 3754 4292 ι
3806 4238 3908 4293 Le-

2350 4340 2648 4399 ctionarius
2667 4341 2750 4395 vel
2775 4339 2971 4407 Comes
2998 4336 3139 4407 apud
3166 4334 3463 4390 Pamelium
3486 4344 3635 4388 tomo
3665 4332 3687 4385 Ι
3724 4331 3902 4387 Litur-

2350 4434 2515 4505 gicwn
2562 4428 2738 4484 editus
2763 4436 2875 4491 est,
2910 4440 3019 4497 quo
3045 4424 3387 4479 continentur
3432 4438 3498 4478 ex
3538 4422 3816 4492 prophetis
3857 4429 3906 4473 et

2350 4521 2610 4594 Apostolo
2659 4518 2916 4574 lectiones
2960 4530 3055 4585 per
3088 4524 3257 4570 totum
3298 4514 3425 4568 anni
3470 4512 3801 4568 curriculum
3831 4512 3905 4565 le-

2351 4619 2553 4685 gendm,
2586 4629 2681 4685 per
2708 4613 2890 4668 divum
2936 4610 3321 4681 Hieronymum
3355 4609 3625 4668 collectae,
3678 4614 3738 4659 ut
3796 4602 3905 4656 vult

2354 4702 2676 4770 Micrologus
2710 4707 2785 4761 De
2841 4706 3022 4759 eccles.
3076 4705 3299 4771 observ.,
3351 4717 3471 4770 cap.
3517 4700 3622 4760 25.
3669 4706 3723 4751 et
3780 4696 3899 4750 alibi

2347 4799 2563 4864 saepius.
2586 4796 2759 4849 Berno
2790 4793 3076 4863 Augiensis
3098 4792 3174 4845 De
3201 4791 3382 4853 missa,
3405 4796 3458 4841 et
3475 4782 3712 4839 Joannes
3754 4781 3899 4836 Bele-

2347 4884 2472 4941 thus
2528 4884 2737 4938 Ration.
2762 4883 2923 4940 divin.
2953 4881 3045 4949 οιῖ.
3073 4881 3294 4950 cap.57,
3321 4892 3368 4938 el
3399 4890 3506 4931 ιωη
3563 4872 3736 4928 miluo
3784 4882 3899 4944 νοεῖ

2358 4992 2374 5022 ι
2404 4972 2633 5029 Musaeus
2657 4967 3007 5029 MasSiliensis
3036 4970 3289 5026 Ecclesize
3310 4964 3607 5036 presbyter,
3643 4980 3663 5013 ι
3710 4971 3774 5017 ιιι
3797 4972 3898 5016 tra-

2353 5062 2432 5115 dit
2456 5060 2763 5115 Gennadius
2791 5062 2861 5115 De
2882 5060 3227 5130 scriptoribus‘
3241 5051 3607 5111 ecclesiasticis
3636 5052 3782 5120 (cap.
3817 5050 3903 5119 79)

2358 5171 2374 5202 ι
2410 5152 2492 5204 vir
2521 5152 2573 5204 in
2609 5150 2805 5205 divinis
2833 5151 3128 5221 Scripturis
3152 5149 3363 5208 doctus,
3392 5152 3447 5196 et
3473 5142 3528 5194 in
3558 5154 3749 5195 earum
3782 5155 3899 5195 sen-

2353 5244 2504 5297 sibus
2540 5242 2907 5295 ‘subtilissima
2957 5242 3186 5310 quadam
3222 5235 3606 5291 exercitatione
3654 5233 3899 5292 limatus,

2352 5334 2533 5402 lingua
2559 5347 2777 5403 quoque
2822 5332 3199 5393 scholasticus,
3236 5328 3449 5381 hortatu
3481 5325 3656 5381 sancti
3690 5322 3899 5379 Venerii

2353 5426 2610 5493 episcopi,
2641 5423 2911 5490 excerpsit
2955 5422 3022 5475 de
3077 5419 3278 5476 sanctis
3324 5416 3618 5488 Scripturis
3648 5416 3903 5471 lectiones

2355 5510 2518 5570 totius
2540 5515 2666 5569 anni
2694 5512 2906 5567 festivis
2927 5510 3117 5566 diebus
3147 5518 3321 5577 aptas,
3356 5507 3699 5579 responsoria
3720 5506 3900 5567 etiam,

2354 5608 2684 5677 psalmorum
2716 5602 2947 5673 capitula
2983 5600 3312 5670 temporibus
3336 5610 3389 5655 et
3421 5598 3751 5656 lectionibus
3771 5612 3901 5653 con-

771 5714 848 5801 (ᾖ)
873 5712 1558 5801 πριῐοτιξτθιεμιε.φιλῇίιιιθ
1592 5726 1757 5801 edidit
1789 5728 1888 5783 hoc
1919 5726 2235 5797 opusculum
2298 5724 2407 5791 ipse
2466 5724 2691 5776 Allalius
2742 5736 2859 5776 cum
2932 5724 3261 5801 syntagmate
3296 5716 3611 5772 doctissimo
3647 5713 3722 5768 De
3750 5728 3903 5781 enga-

704 5780 1000 5852 slrimyl'ho,
1018 5780 1270 5855 Lugduni
1314 5780 1560 5845 “529.1.
1594 5795 1660 5849 Μ.
