4094 6354
175 420 315 478 1215

1014 402 1267 471 LEONIS
1295 412 1564 467 ALLATII
1600 410 1916 467 θιΑτιιιΒΑ
1955 407 2042 462 DE
2078 404 2482 483 THEODORIS.

3231 405 3365 462 £2“

168 534 420 599 [ruentia
444 571 461 597 ,
488 533 629 603 quod
659 545 797 601 opus
823 539 932 584 tam
976 528 1338 583 necessarium
1367 543 1396 580 a
1425 526 1714 582 lectoribus
1743 531 1788 585 Α
1814 519 1970 591 quasi
1995 520 2105 576 Deo
2132 520 2309 575 dicere
2332 532 2514 575 secum
2545 518 2797 601 invicem.
2835 535 2854 568 ι
2891 515 3028 582 Quid
3056 516 3155 572 iste
3175 528 3366 574 cantus

161 620 223 685 lu
250 618 493 675 Ecclesia
518 620 795 690 probatur,
821 627 879 673 ut
908 616 1200 686 expetitum
1224 624 1278 671 et
1302 610 1711 671 sellicitudinem

163 710 320 763 tollat
342 722 397 765 et
426 724 632 765 moram
652 748 668 773 ,
697 708 945 779 plebique
977 708 1184 776 ingerat
1222 705 1499 760 scientiam
1517 746 1533 772 ,
1568 705 1710 760 cele-

164 799 461 869 britatique
486 801 752 854 decorem.
793 818 812 852 ι
848 798 1043 854 Eadem
1082 800 1273 869 repetit
1300 796 1569 852 Honorius
1602 798 1710 849 Au-

163 887 586 956 gustodunensis
634 886 709 943 De
762 889 1100 956 scriptoribus
1129 887 1218 957 (n,
1283 886 1373 955 78)
1406 885 1461 940 in
1508 882 1708 939 Musteo

162 974 508 1031 Massiliensi.
535 972 611 1029 De
637 973 935 1043 Scripturis
956 974 1058 1045 legi
1094 971 1271 1028 solitis
1300 973 1357 1026 in
1389 969 1626 1047 Ecclesia
1653 975 1708 1022 et

159 1078 352 1117 eorum
368 1063 817 1131 expositionibus,
838 1062 960 1116 vide
989 1052 1385 1116 Socratem‘lib.
1404 1075 1458 1126 v,
1474 1072 1593 1128 cap.
1614 1055 1704 1120 22,

158 1165 211 1209 et
237 1154 599 1223 Nicephorum
626 1154 902 1209 Callistum
926 1152 1018 1206 lib.
1044 1167 1118 1206 ιιι
1139 1189 1153 1215 ,
1186 1166 1306 1228 cap,
1326 1145 1426 1204 '34.

228 1242 305 1297 De
346 1243 560 1314 hymnis
601 1257 814 1312 quoque
853 1240 1118 1297 dubitabit
1165 1237 1428 1294 Rivetus?
1475 1237 1583 1292 Nos
1610 1236 1704 1306 qui

155 1332 390 1401 singulis
430 1332 581 1388 horis
607 1332 662 1385 in
692 1330 856 1400 gestis
883 1330 1149 1399 dictisque
1174 1327 1374 1383 Christi
1397 1341 1699 1389 versamur,

154 1424 361 1476 scimus
413 1420 689 1477 Christum
752 1428 875 1491 post
914 1433 1123 1475 sacram
1173 1408 1383 1473 cenam
1441 1419 1699 1486 hymnum

150 1512 397 1565 dixisse:
433 1509 745 1579 hortarique
775 1508 1033 1575 Paulum,
1075 1525 1095 1557 ι
1131 1516 1189 1563 ut
1224 1522 1323 1562 nos
1350 1508 1578 1563 invicem
1600 1506 1699 1560 do-

150 1615 375 1655 ceamus
394 1640 409 1664 ,
441 1607 601 1668 atque
624 1612 1065 1654 commoneamus
1103 1581 1355 1667 psalmis,
1384 1597 1620 1668 hymnis,
1646 1604 1701 1651 et

147 1691 381 1747 canticis
406 1688 772 1758 Spiritualibus
819 1704 1014 1745 canere
1034 1732 1047 1755 ,
1084 1709 1103 1742 ι
1146 1689 1213 1744 ad
1240 1688 1452 1743 Coloss.
1482 1701 1571 1753 ut,
1609 1680 1695 1741 l6.

149 1780 214 1834 Et
244 1779 313 1835 ad
354 1779 612 1848 Ephesios
664 1794 717 1842 v,
770 1778 881 1833 l9:
928 1797 947 1829 ι
987 1778 1284 1849 lmplemini
1335 1776 1569 1846 Spiritu,
1618 1774 1696 1828 lo-

1814 611 1995 671 fuerit.
2018 612 2213 666 haheat
2242 609 2345 663 sibi
2370 607 2599 663 ,Rivetus
2627 621 2693 663 ex
2716 598 2970 663 Conrado
3008 606 3373 667 Ritterhusio.‘
3401 666 3410 690 ι

1808 709 1864 754 et
1890 698 2182 755 Francisco
2227 697 2525 763 Balduino,
2568 712 2707 766 quos
2738 698 2815 751 uti
2859 698 3148 767 proprios,
3189 705 3363 769 magis

1806 791 1967 845 etiam
1995 791 2099 845 sibi
2132 788 2394 860 propitios
2415 788 2473 842 in
2508 786 2612 841 hoc
2640 787 2885 859 negotio:
2906 788 3359 855 habebit-Carmi-
3389 861 3391 866 η

1808 896 1873 936 na
1903 881 1996 935 illa
2040 880 2473 937 Christianorum
2514 877 2775 933 trifariam
2822 877 3076 934 distincta
3118 889 3247 935 sunt
3292 882 3361 936 ab

1805 971 2082 1041 Apostolo,
2136 970 2190 1025 in
2234 969 2494 1040 psalmos,
2530 969 2789 1040 hymnos,
2829 978 2882 1024 et
2926 970 3059 1026 odas
3107 969 3360 1049 spiritua-

1803 1060 1913 1123 les,
1964 1076 2083 1129 qua:
2132 1060 2372 1115 carmina
2408 1059 2546 1113 inter
2587 1074 2647 1113 se
2692 1059 2765 1113 ita
2805 1059 3016 1115 din‘erre
3050 1070 3258 1131 putant,
3298 1070 3357 1117 ut

1801 1152 2026 1221 psalmis
2077 1151 2447 1220 signiﬁcentur
2484 1165 2820 1220 quaecunque
2845 1166 3009 1206 sacra:
3045 1152 3354 1218 conciones,

1800 1242 1965 1295 variis
1994 1241 2328 1310 argumentis
2372 1240 2626 1309 scriptae;
2672 1240 2906 1311 hymnis.
2956 1240 3141 1295 laudes
3186 1241 3353 1295 divini

1799 1331 2037 1405 nominis
2067 1333 2152 1387 vel
2191 1340 2533 1397 sanctorum;
2565 1332 2683 1387 odis
2706 1332 2818 1387 sive
2839 1332 3086 1403 canticis,
3114 1333 3353 1402 peculia-

1799 1436 1885 1475 res
1908 1423 2151 1490 quaedam
2188 1432 2245 1478 et
2270 1422 2442 1491 magis
2489 1422 2793 1477 artiﬁciosae
2825 1422 3126 1485 cautiones,
3157 1436 3277 1492 quae
3302 1432 3357 1477 et

1797 1512 1927 1580 ipsa:
1951 1512 2167 1582 quidem
2188 1514 2501 1569 contineant
2529 1512 2733 1577 laudes,
2755 1513 2850 1567 sed
2885 1508 3198 1581 augustiore
3220 1530 3352 1584 qua-
3436 1576 3437 1579 η

1796 1601 1920 1656 dam
1957 1611 2011 1655 et
2046 1602 2350 1657 sublimiori
2399 1601 2569 1655 forma
2611 1602 2980 1671 compositae.»
3007 1599 3143 1660 Tum
3161 1605 3355 1673 prohat

1794 1692 2115 1747 auctoritate
2143 1690 2512 1762 Chrysostomi
2540 1692 2725 1748 homil.
2754 1708 2807 1746 ιι
2840 1692 2947 1763 (ed.
2969 1690 3154 1763 ﬂontf.
3185 1702 3222 1748 t.
3253 1685 3346 1760 XI,

1793 1795 1847 1849 p.
1879 1779 2005 1849 592)
2032 1780 2087 1835 in
2119 1779 2287 1851 Epist.
2340 1781 2408 1835 ad
2441 1782 2653 1840 Coloss.
2694 1783 2928 1853 hymnos
2960 1782 3181 1851 psalmis
3215 1782 3348 1851 ipsis

143 1858 378 1940 q'uentes
404 1869 802 1938 vobismetipsis
831 1869 882 1922 in
916 1871 1137 1940 psalmis
1168 1877 1222 1925 et
1250 1869 1462 1940 hymnis
1492 1876 1543 1923 et
1567 1883 1697 1922 can-
1731 1863 1772 1915 Β
1799 1870 2114 1925 diviniorem
2166 1887 2279 1926 rem
2335 1886 2456 1927 esse
2512 1884 2674 1942 atque
2730 1873 3120 1928 sublimiorem.
3172 1871 3344 1929 Verba

143 1961 269 2016 ticis
291 1960 658 2030 spiritualibus
676 2001 692 2025 ,
716 1969 1023 2028 cantantes,
1056 1970 1109 2015 et
1131 1958 1417 2029 psallentes
1442 1958 1496 2012 in
1519 1957 1695 2013 cordi-

143 2052 247 2105 bus
300 2049 493 2104 vestris
550 2047 795 2103 Domino.
837 2069 857 2102 »
909 2048 1325 2120 Chrysostomus
1371 2048 1458 2119 (in
1503 2046 1689 2101 Matth.

141 2138 331 2203 homil.
366 2137 572 2206 Luxu)
601 2152 860 2192 enarrans
889 2138 997 2203 illa,
1024 2137 1090 2191 Et
1133 2139 1320 2208 hymno
1346 2138 1507 2201 dicto,
1534 2138 1695 2193 exivit

138 2228 193 2279 in
213 2236 443 2281 montem
468 2226 655 2283 Olivcti
671 2246 689 2283 :
720 2247 737 2280 ι
770 2228 1002 2291 Gratias,
1030 2229 1220 2298 inquit,
1245 2226 1374 2298 agit,
1405 2235 1688 2298 posvwam

136 2316 412 2383 dedisset;
454 2317 708 2388 hymnum
740 2319 955 2382 cecinit,
983 2327 1041 2373 ut
1073 2335 1171 2373 nos
1197 2333 1416 2387 quoque
1441 2318 1492 2372 id
1514 2317 1688 2387 ipsum

136 2408 427 2465 faciamus.
464 2428 484 2461 ι
516 2408 581 2462 Ει
603 2410 897 2479 apostolos,
927 2420 979 2465 ct
1002 2411 1319 2465 subsecutos
1354 2408 1690 2465 Christianos

135 2498 373 2567 hymnos
398 2515 429 2553 a
461 2515 518 2554 sc
550 2501 899 2568 compositos,
926 2501 1005 2554 vel
1035 2502 1102 2554 ah
1125 2500 1308 2569 aliquo
1327 2510 1508 2554 vatum
1538 2510 1685 2555 vete-

134 2599 258 2636 rum
305 2584 618 2654 desumptos
658 2587 957 2650 cecinisse,
1005 2587 1381 2656 exstitisseque
1423 2602 1487 2641 ea
1532 2596 1687 2642 aetate

132 2672 381 2726 carmina
408 2674 583 2742 prisca
614 2684 767 2730 versu
796 2677 1056 2741 trimetro,
1086 2685 1138 2729 et
1165 2676 1392 2745 hymnos
1425 2690 1548 2730 cum
1571 2675 1686 2730 suis

130 2764 449 2818 accentibus
473 2766 613 2820 inter
637 2781 789 2821 sacra
831 2776 953 2821 ante
981 2767 1463 2834 altaria‘canenda,
1494 2769 1685 2837 prohat

132 2856 460 2910 testimoniis
513 2856 730 2917 Patrum
772 2858 1004 2914 Joannes
1043 2859 1345 2928 Stephanus
1391 2858 1684 2915 Durantius

130 2944 210 2998 De
232 2947 425 3000 ritibus
480 2947 679 3004 Eccles.
733 2950 951 3016 cathol.,
982 2952 1073 3006 lib.
1111 2968 1195 3016 Ill,
1232 2967 1351 3021 cap.
1393 2952 1478 3007 M.
1504 2951 1569 3005 Et
1617 2968 1683 3008 ne

128 3051 236 3091 uos
258 3037 313 3090 in
344 3039 480 3092 adeo
510 3041 685 3109 opima
716 3042 967 3112 lautaque
992 3059 1145 3099 omna
1162 3042 1330 3116 jejuni
1353 3059 1473 3099 esse
1501 3044 1683 3099 videa-

128 3141 275 3190 mur,
306 3127 620 3195 adjiciemus
650 3120 905 3187 nonnulla
928 3150 1046 3203 quae
1084 3143 1273 3201 erunt,
1305 3134 1349 3189 si
1384 3136 1523 3189 ratio
1548 3146 1681 3189 tem-

126 3216 279 3285 poris
314 3220 699 3287 consideretur,
728 3224 1121 3293 antiquissima.
1158 3225 1307 3279 Philo
1332 3224 1548 3281 Iudaeus
1584 3226 1676 3281 lib.

131 3305 207 3358 De
243 3307 349 3359 vita
378 3308 431 3361 in
459 3312 888 3366 contenmlatione
916 3314 1105 3380 posita,
1137 3330 1435 3369 sermonem
1480 3317 1681 3370 habens

124 3397 191 3448 de
227 3394 449 3452 Esscnis
477 3438 491 3462 ,
518 3396 844 3452 Christianis
890 3400 1094 3453 scilicet
1122 3401 1173 3452 in
1215 3401 1332 3468 ipso
1362 3409 1552 3454 exortu
1581 3399 1680 3454 Ec-

122 3486 327 3551 clesiae,
353 3497 412 3541 ut
436 3488 733 3543 doctissimi
785 3490 986 3559 quique
1024 3489 1441 3545 alﬁrmatissime
1462 3507 1675 3545 asseve-

123 3584 280 3640 rant,
314 3586 367 3629 et
410 3575 604 3632 Suidas
637 3578 846 3632 titulum
885 3580 1111 3647 praebuit
1160 3580 1229 3635 De
1272 3582 1378 3634 vita
1419 3578 1677 3634 Christia-

52 3722 53 3725 η
119 3680 345 3729 norum,
395 3666 549 3735 cujus
591 3668 751 3722 verba
797 3668 1105 3725 referuntur
1146 3672 1211 3725 ab
1254 3670 1485 3727 Eusebio
1530 3670 1671 3725 Hist.

118 3753 249 3806 ccci.
285 3753 378 3807 lib.
415 3770 482 3821 ll,
505 3771 623 3826 cap.
656 3757 740 3819 l7,
769 3759 837 3813 de
854 3775 1043 3814 eorum
1075 3761 1316 3816 ccclesiis
1349 3762 1545 3815 refert:
1588 3763 1675 3815 Ἐν

116 3837 163 3911 ᾧ
188 3845 507 3916 μονούμενοι
533 3848 598 3901 τὰ
620 3850 712 3904 τοῦ
744 3852 940 3921 σεμνοῦ
956 3852 1066 3923 βίου
1101 3854 1364 3925 μυστήρια
1379 3853 1671 3919 τελοῦνται,

118 3936 293 4005 μηδὲν
327 3939 751 4008 εἰσκομίζοντες,
785 3944 859 4013 μὴ
894 3945 1071 4009 ποτὸν,
1114 3944 1188 4015 μὴ
1215 3930 1398 4001 σιτίον,
1434 3947 1507 4017 μή
1537 3947 1597 4000 τέ
1620 3966 1674 4000 τι

117 4024 229 4076 τῶν
258 4026 454 4091 ἄλλων,
484 4030 584 4083 ὅσα
617 4032 749 4100 πρὸς
778 4032 875 4096 τὰς
905 4033 997 4085 τοῦ
1024 4033 1267 4104 σώματος
1298 4036 1485 4105 χρείας
1509 4038 1675 4105 ἀναγ-

116 4117 249 4168 καῖα
269 4156 284 4179 ,
315 4117 448 4170 ἀλλὰ
473 4120 666 4189 νόμους
708 4108 799 4175 καὶ
850 4123 1004 4190 λόγια
1050 4122 1401 4177 ΟεσπισΘέντα
1425 4126 1511 4179 διὰ
1542 4145 1672 4196 προσ

112 4206 327 4273 φητῶν,
352 4209 443 4259 καί
468 4209 686 4278 ὕμνους.
728 4230 745 4263 ι
785 4210 839 4265 In
868 4228 975 4281 quo
999 4212 1070 4265 illi
1090 4211 1156 4265 ab
1189 4212 1307 4267 aliis
1334 4217 1565 4283 separati
1588 4232 1671 4269 sco

108 4293 399 4364 iunctique
425 4295 542 4349 vita:
572 4299 671 4366 piae
704 4301 956 4370 mysteria
981 4301 1198 4365 obeunt,
1221 4300 1460 4370 nihilque
1478 4288 1557 4357 .eo
1588 4303 1669 4356 vel

109 4380 243 4443 «sibi,
280 4382 364 4433 vel
393 4383 646 4450 potionis,
674 4387 755 4440 vel
787 4389 1013 4442 aliarum
1058 4402 1255 4455 rerum,
1287 4406 1407 4459 qua:
1449 4391 1515 4444 ad
1549 4371 1669 4446 cor—

1792 1959 2160 2029 Chrysostomi
2187 1970 2354 2016 sunt:
2387 1961 2549 2015 Ὄταν
2590 1961 2797 2024 τούτοις
2820 1963 2884 2014 ὲκ
2924 1962 3110 2025 παιδὸς
3154 1962 3343 2033 ὲνάξῃς

1790 2047 1971 2111 αὑτὸν,
2004 2050 2141 2103 κατὰ
2172 2051 2361 2122 μικρὸν
2396 2052 2488 2104 καὶ
2517 2052 2607 2103 ἐπὶ
2646 2050 2712 2104 τὰ
2743 2050 3043 2122 ὑψηλότερα
3076 2038 3220 2119 ἄξεις
3246 2072 3258 2084 -
3293 2055 3343 2107 cl

1788 2135 1989 2207 ψιλμοὶ
2004 2136 2187 2191 πάντα
2206 2137 2433 2207 ἔχουσιν,
2452 2139 2501 2190 οἱ
2527 2134 2583 2192 δὲ
2604 2138 2759 2209 ὕμνοι
2789 2138 2946 2192 πάλιν
2969 2139 3118 2193 οὐδὲν
3138 2140 3344 2211 ἀνθρώ-

1789 2244 1959 2280 πινον·
1990 2229 2117 2281 ὅταν
2148 2229 2204 2281 ἐν
2235 2231 2345 2292 τοῖς
2374 2229 2606 2299 ψαλμοῖς
2632 2229 2776 2303 μάθῃ
2794 2269 2809 2294 ,
2843 2231 2962 2284 τότε
3010 2233 3103 2285 καὶ
3144 2232 3343 2303 ῦμνους

1789 2317 1990 2371 εἵσεται
2032 2319 2126 2372 ἇτε
2172 2319 2435 2391 θειότερον
2468 2322 2712 2391 πρᾶγμα·
2741 2322 2797 2374 αἱ
2824 2320 2931 2392 γὰρ
2957 2322 3067 2377 ἄνω
3091 2323 3343 2394 δυνάμεις

1789 2408 2066 2478 ὑμνοῦσιν,
2086 2411 2145 2463 οὐ
2165 2409 2471 2479 ψάλλουσιν.
2507 2429 2524 2461 ι
2558 2409 2615 2465 Si
2644 2427 2674 2465 a
2696 2423 2863 2480 pnero
2887 2413 3004 2467 istis
3034 2414 3343 2470 assuefece-

1788 2498 1861 2551 ris
1896 2513 2041 2560 eum,
2072 2498 2329 2566 paulatim
2357 2507 2411 2554 et
2432 2499 2497 2551 ad
2525 2498 2839 2553 sublimiora
2865 2498 3118 2554 deduces.
3144 2500 3340 2557 Psalmi

1784 2585 2213 2654 complectuntur
2238 2586 2438 2640 omnia.
2472 2584 2683 2643 Rursus
2714 2597 2769 2641 et
2796 2587 2981 2656 hymni
3008 2603 3225 2658 quoque
3252 2591 3337 2643 ni-

1787 2675 1859 2730 hil
1896 2676 2093 2729 habent
2122 2675 2368 2730 humani.
2407 2674 2567 2741 Quod
2592 2675 2637 2731 si
2688 2676 2743 2730 in
2790 2678 3014 2746 psalmis
3044 2679 3338 2737 instructus

1776 2764 1969 2828 fuerit,
1990 2774 2107 2821 tum
2134 2780 2187 2823 et
2215 2768 2442 2838 hymnos
2463 2768 2721 2837 intelliget
2746 2783 2809 2823 ac
2838 2768 2972 2824 sciet
3012 2778 3195 2838 utpote
3223 2786 3335 2826 rem

1781 2857 2122 2911 diviniorem.
2156 2856 2366 2911 Etenim
2397 2864 2691 2927 potestates
2721 2872 2929 2926 supera:
2950 2859 3178 2927 hymnos
3208 2874 3335 2914 con—

1781 2947 1990 3011 cinunt,
2020 2961 2127 3000 non
2162 2946 2416 3016 psallunt.
2452 2963 2471 2997 ι
2508 2943 2775 3000 Hactenus
2805 2943 3121 3000 Balduinus.

1852 3035 2217 3091 Tertullianus
2249 3037 2303 3088 in
2355 3033 2609 3102 Apolog.,
2661 3048 2782 3101 cap.
2835 3034 2933 3099 39,
2976 3034 3042 3088 de
3086 3034 3335 3089 convivio

1780 3123 2210 3181 Christianorum
2239 3142 2252 3177 :
2286 3141 2304 3174 ι
2334 3120 2462 3178 Post
2482 3137 2675 3193 aquam
2698 3124 3003 3177 manualem
3028 3134 3080 3179 et
3108 3124 3332 3194 lumina,

1783 3226 1841 3273 ut
1876 3219 2124 3288 quisquis
2157 3218 2223 3270 de
2247 3216 2541 3285 Scripturis
2562 3216 2784 3279 sanctis,
2812 3217 2895 3271 vel
2924 3216 2989 3271 de
3016 3218 3234 3286 proprio
3259 3219 3336 3271 in-

1780 3310 1935 3378 genio
1969 3316 2160 3376 potest,
2199 3303 2523 3376 provocatur
2557 3306 2609 3359 in
2634 3306 2870 3360 medium
2903 3305 3010 3360 Deo
3054 3322 3266 3361 canere.
3308 3325 3327 3359 ο

1780 3402 1907 3451 Item
1949 3399 2044 3455 lib.
2079 3415 2117 3452 ιι
2140 3399 2217 3468 (in
2253 3399 2377 3466 line)
2418 3400 2498 3452 Ad
2542 3414 2785 3463 uxorem,
2827 3395 3161 3450 Christianos
3211 3411 3331 3450 sese

1778 3498 1967 3543 mutuo
1998 3503 2341 3558 provocasse,
2371 3490 2494 3557 quis
2528 3488 2717 3541 melius
2761 3483 2869 3537 Deo
2917 3496 3018 3536 suo
3062 3492 3278 3536 caneret
3310 3500 3325 3535 :

1779 3591 1953 3646 neque
1980 3578 2153 3631 solum
2187 3578 2240 3630 in
2265 3578 2489 3632 ecclesia
2519 3584 2611 3628 aut
2655 3582 2821 3635 coetu,
2859 3571 2951 3627 sed
3006 3572 3059 3625 in
3105 3571 3327 3639 privatis

1776 3668 2206 3723 Christianorum
2255 3668 2495 3730 aedibus,
2533 3665 2771 3735 psalmos
2827 3664 3172 3719 concinuisse
3229 3666 3325 3719 ait.

1775 3758 1931 3812 Certe
1955 3758 2007 3812 in
2032 3759 2117 3821 iis,
2148 3766 2207 3810 ut
2231 3758 2282 3808 ia
2308 3755 2535 3809 ecclesia
2560 3795 2574 3819 ,
2619 3770 2806 3823 preces
2852 3754 3100 3809 sonuisse
3123 3756 3329 3810 scribit

1773 3840 2075 3919 Cyprianus
2108 3847 2175 3899 ad
2201 3853 2473 3913 martyres.
2503 3843 2604 3897 Sed
2632 3852 2687 3899 et
2715 3842 2965 3898 Clemens
3010 3845 3329 3899 Alexandri-

1775 3955 1877 3994 nus
1911 3939 2003 3993 lib.
2032 3951 2105 3990 vn
2138 3936 2275 4005 (cap.
2306 3936 2363 4004 '7)
2393 3934 2721 3989 Stromatsm
2754 3935 2955 3989 indicat
3004 3935 3173 3990 moris
3193 3936 3329 3990 fuis-

1773 4044 1850 4094 se,
1879 4037 1939 4081 ut
1964 4041 2087 4080 cum
2114 4026 2294 4081 cibum
2320 4039 2597 4083 sumerent
2622 4026 2933 4091 Christiani,
2960 4026 3150 4095 psalmi
3173 4028 3325 4095 hym-

1772 4118 1936 4185 nique
1963 4125 2337 4184 personarent,
2374 4128 2477 4171 etc.
2517 4115 2631 4169 Erit
2667 4130 2795 4184 ergo
2840 4129 3057 4169 carmen
3108 4129 3323 4180 canere,

1772 4206 1998 4275 hymnos
2058 4205 2110 4259 in
2160 4205 2343 4259 laudes
2388 4205 2555 4259 divini
2602 4206 2835 4259 nominis
2882 4205 2965 4257 vel
3009 4212 3321 4260 sanctorum

1769 4295 2109 4364 conscriptos
2141 4297 2446 4349 concinere.
2494 4294 2718 4359 Auctor,
2749 4296 2843 4365 qui
2889 4296 2990 4351 sub
3022 4297 3321 4353 Commodo

1770 4384 2034 4438 scribebat
2058 4385 2313 4438 adversus
2343 4384 2652 4440 Artentonis
2671 4387 2943 4453 haeresim,
2967 4398 3026 4441 ut
3055 4405 3119 4443 ex
3151 4388 3317 4441 Eusc-

112 4473 272 4539 poris
309 4488 465 4526 usum
510 4477 825 4531 necessaria:
862 4489 1019 4547 sum,
1056 4480 1275 4534 omnino
1304 4497 1489 4537 secum
1535 4480 1667 4534 iure.
1699 4504 1742 4558 ι)
1772 4472 1842 4524 bii
1874 4470 2113 4524 Historia
2138 4470 2449 4533 ecclesiast.,
2485 4472 2578 4526 lib.
2604 4488 2658 4538 v,
2685 4489 2801 4542 cap.
2829 4474 3320 4539 27,discimns,suh

111 4570 285 4617 runt:
344 4563 439 4618 sed
485 4564 629 4632 leges
684 4573 737 4617 et
772 4571 989 4624 oracula
1024 4587 1051 4624 a
1093 4572 1367 4641 prophetis
1405 4570 1664 4625 divinitus

108 4656 280 4719 edita,
312 4654 662 4726 hymnosque.
702 4677 721 4709 ν
753 4658 817 4712 Et
839 4662 972 4715 infra
1001 4665 1169 4733 magis
1195 4673 1375 4732 aperte
1406 4689 1417 4717 -.
1453 4662 1578 4714 ὡστ’
1601 4663 1662 4713 οὐ

108 4740 379 4809 Θεωροῦσι
437 4742 626 4811 μόνον,
669 4743 803 4797 ἀλλὰ
861 4750 954 4801 καὶ
1007 4748 1245 4810 ποιοῦσιν
1305 4751 1521 4820 ᾅσματα
1572 4752 1663 4802 καὶ

108 4830 318 4898 ὕμνους
343 4834 426 4895 εις
472 4834 563 4887 τὸν
605 4834 735 4888 Θεὸν
773 4835 862 4889 διὰ
910 4844 1174 4894 παντοίων
1206 4842 1415 4912 μέτρων
1446 4844 1537 4896 καὶ
1569 4858 1663 4911 με-

105 4919 251 4984 λῶν,
306 4921 530 4992 ρύθμοις
569 4926 910 4997 σεμνοτέροις
944 4931 1251 4999 ἀναγκαίως
1279 4931 1656 5002 χαράσσοντες.

112 5030 131 5061 ι
171 5010 250 5063 lta
290 5013 446 5080 plane
489 5032 595 5071 non
646 5021 1080 5089 contemplationi
1114 5024 1288 5078 solum
1316 5040 1375 5080 se
1418 5026 1659 5093 dedunt,

105 5100 209 5156 sed
234 5101 401 5155 etiam
434 5108 713 5163 cautiones
745 5119 797 5165 et
820 5110 1047 5180 hymnos
1072 5112 1136 5165 ad
1165 5112 1259 5168 Dei
1287 5116 1497 5173 laudem
1521 5134 1662 5173 com-

112 5196 329 5257 ponunt
358 5196 507 5248 omni
534 5208 829 5255 metrorum
861 5215 925 5254 ac
944 5201 1368 5259 modulationum
1398 5223 1608 5277 genere.
1637 5228 1653 5258 ι

104 5280 320 5334 Plinius
353 5282 561 5353 (neque
590 5289 734 5344 enim
782 5292 1075 5347 absurdum
1120 5294 1282 5350 fuerit
1323 5300 1389 5351 ad
1446 5306 1658 5351 nostras

103 5384 195 5422 res
221 5370 671 5439 comprobandas,
696 5393 761 5432 ex
795 5380 1026 5436 inimicis
1059 5382 1311 5441 Ecclesiae
1356 5386 1655 5440 testimonia

104 5461 353 5537 sumere)-
389 5455 443 5511 in
483 5461 709 5528 epistola
742 5468 807 5520 ad
852 5469 1144 5539 Trajanum
1184 5476 1303 5544 (lib.
1335 5492 1368 5529 ι
1393 5518 1406 5540 ,
1454 5475 1544 5543 9⁸7)
1592 5475 1658 5528 de

104 5548 435 5617 Christianis
468 5567 481 5602 :
516 5570 533 5601 ι
563 5552 913 5615 Afﬁrmabant
939 5574 1116 5619 autem
1142 5567 1279 5623 hanc
1312 5568 1479 5621 fuisse
1504 5582 1653 5619 sum-

115 5656 244 5698 man
274 5640 359 5698 vel
389 5637 555 5707 culpa:
587 5657 699 5697 sua:
729 5648 807 5700 vel
835 5654 1032 5707 erroris
1053 5696 1067 5718 ,
1117 5660 1257 5723 quod
1289 5664 1467 5712 essent
1512 5654 1677 5709 soliti‘

92 5742 234 5789 vtato
271 5726 363 5785 die
390 5740 512 5786 ante
538 5733 705 5791 lucem
741 5745 1045 5801 convenire.
1075 5756 1398 5811 carmenque
1438 5744 1654 5799 Clu-isto

1771 4562 1942 4627 initio,
1975 4563 2309 4618 canticorum
2333 4572 2387 4618 et
2411 4564 2730 4634 hymnorum
2764 4566 2815 4617 in
2850 4569 3021 4633 ipsum
3042 4566 3316 4618 Christum

1769 4666 1797 4703 a
1826 4651 2070 4709 ﬁdelibus
2100 4655 2366 4709 editorum
2397 4656 2644 4709 meminit
2678 4674 2695 4707 :
2727 4655 2941 4723 Ψαλμοὶ
2973 4655 3027 4706 δὲ
3069 4656 3178 4705 ὅσοι
3228 4657 3318 4705 καὶ

1767 4742 1900 4813 ᾠδαὶ
1952 4744 2192 4814 ἀδελφῶν
2248 4746 2341 4799 ἀπ’
2393 4748 2565 4818 ἀρχῆς
2629 4747 2731 4797 ὑπὸ
2786 4745 2985 4797 πιστῶν
3030 4736 3315 4815 γραφεῖσαι

1766 4833 1859 4887 τὸν
1892 4834 2060 4903 Λόγον
2088 4835 2179 4888 τοῦ
2205 4835 2338 4888 Θεοῦ
2358 4835 2447 4889 τὸν
2484 4834 2713 4905 Χριστὸν
2756 4828 2979 4903 ὑμνοῦσι
3012 4834 3315 4902 Θεολογοῦν-

1765 4942 1872 4988 τες.
1912 4942 1933 4976 ι
1966 4924 2242 4995 Quotquot
2270 4926 2395 4991 item
2426 4925 2614 4993 psalmi
2646 4932 2806 4999 atque
2842 4926 3027 4995 hymni
3052 4927 3120 4978 ab
3161 4924 3314 4977 initio

1768 5016 2060 5085 (nascentis
2078 5032 2269 5085 nempe
2286 5028 2404 5084 post
2418 5014 2690 5068 Christum
2710 5014 2981 5080 Ecclesim)
3008 5030 3036 5068 a
3057 5014 3315 5069 fratribus

1765 5108 2077 5176 conscripti,
2108 5108 2164 5161 hi
2194 5120 2379 5161 omnes
2400 5104 2673 5159 Christum
2699 5105 2929 5161 Verbum
2960 5105 3049 5159 Dei
3074 5105 3310 5159 concele-

1764 5201 1961 5265 brant,
2008 5199 2341 5253 divinitatem
2388 5197 2437 5250 ei
2486 5199 2788 5253 tribuendo.
2833 5218 2851 5249 ι
2894 5196 2959 5248 Et
2996 5198 3046 5247 in
3082 5198 3310 5251 concilio

1764 5291 2100 5345 Antiocheno
2141 5288 2243 5342 sub
2285 5288 2575 5343 Aureliano
2609 5290 2747 5357 apud
2780 5286 3023 5341 eumdem
3070 5284 3145 5338 lib
3214 5302 3311 5350 ru,

1764 5398 1881 5450 cap.
1913 5381 2001 5444 50,
2030 5381 2167 5433 inter
2195 5379 2299 5432 alia
2323 5382 2550 5435 crimina
2580 5380 2747 5433 Paulo
2784 5378 3134 5430 Samosateno
3160 5377 3309 5445 obje-

1763 5481 1869 5535 cta,
1904 5486 2007 5523 non
2034 5477 2365 5538 postremum
2407 5472 2581 5525 locum
2618 5469 2875 5533 obtinuit,
2913 5482 3035 5520 eum
3072 5468 3307 5536 psalmos

1761 5572 1811 5614 et
1840 5569 2049 5623 cantus,
2080 5563 2171 5629 qui
2204 5564 2267 5616 ad
2294 5578 2388 5617 sua
2420 5548 2653 5630 tempora
2673 5562 2722 5613 in
2754 5558 3035 5612 Dominum
3063 5568 3303 5610 nostrum

1762 5653 1972 5707 recitari
2018 5639 2643 5723 solebanﬁcxplosisse,
2684 5662 2735 5704 ct
2778 5652 2829 5703 in
2877 5648 3048 5703 media
3081 5646 3305 5700 ecclesia

1760 5747 1981 5801 solemni
2017 5744 2292 5802 Paschalis
2330 5749 2413 5803 die
2445 5747 2727 5813 mulieres,
2766 5761 2883 5814 ane
2927 5742 3223 5798 cantilenas
3255 5741 3309 5795 in
