4094 6354
771 457 904 513 1215

1622 419 1887 507 ἰΕοΝιε
1925 449 2195 505 ALLATII
2234 406 2551 502 primum
2594 445 2678 498 os
2704 443 3122 500 Timeamus.

3846 434 3977 489 me

766 575 936 643 ipsius
960 574 1146 629 laudes
1178 573 1480 638 funderent,
1518 547 1880 627 nitroduxisse
1914 591 1924 625 :
1956 570 2216 640 Ψαλμοὺς
2259 569 2316 621 δὲ

2422 567 2672 639 φέροντες
2701 566 2851 632 φῶτα
2881 567 2949 618 ὲκ
2972 565 3077 618 τῶν
3109 564 3342 635 κηρίνων
3369 559 3664 634 λαμπάδων
3682 601 3697 625 ,
3731 561 3836 630 τῆς
3883 560 3975 628 βα-

761 672 892 734 τοὺς¹
918 669 1014 739 μὲν
1046 670 1124 730 είς
1155 669 1242 720 τὸν
1275 666 1474 737 Κύριον
1497 667 1650 737 ἡμῶν
1682 666 1885 736 Ἰησοῦν
1910 664 2140 736 Χριστὸν
2182 661 2315 715 atad-

765 745 892 829 σας(
907 757 980 817 ὡς
1002 755 1062 825 δὴ
1085 755 1244 808 νεωτέ
1256 771 1396 824 ρους,
1420 754 1512 807 καὶ
1531 756 1804 823 νεωτέρων
1823 753 2028 824 ἀνδρῶν
2052 751 2322 822 συγγράμ-

769 833 933 919 ματα,
964 851 1040 910 είς
1066 830 1331 900 ἑαυτὸνδὲ
1367 848 1423 897 ἐν
1457 847 1594 916 μέσῃ
1623 849 1688 915 τῇ
1719 846 2006 916 ἐκκλησίᾳ,
2025 848 2089 915 τῇ
2112 844 2320 914 μεγάλῃ

763 937 858 990 τοῦ
887 937 1072 1006 Πάσχα
1101 937 1303 1006 ἡμέρᾳ,
1347 934 1652 1002 ψαλμῳδεῖν
1685 938 1942 999 γυναῖκας
1981 932 2323 1005 παρασκευά-

766 1028 890 1091 ζων·
928 1022 1000 1081 ὧν
1025 1029 1118 1081 καὶ
1146 1028 1378 1088 ἀκούσας
1409 1027 1471 1080 ἄν
1500 1041 1582 1086 τις
1609 1024 1862 1094 φρίξειεν.
1906 1044 1922 1076 ι
1975 1025 2222 1078 Psalmos
2271 1032 2325 1076 et

765 1127 977 1178 cantus.
1011 1118 1101 1185 qui
1135 1117 1200 1170 ad
1238 1114 1450 1168 Domini
1478 1115 1648 1167 nostri
1681 1112 1805 1166 Jesu
1837 1113 2036 1168 Christi
2062 1112 2320 1167 hondrem

765 1207 1039 1262 deeantari
1069 1209 1334 1270 solebant,
1365 1213 1622 1276 tanquam
1656 1205 2001 1266 recentiores,
2044 1214 2098 1258 et
2129 1219 2156 1257 a
2194 1204 2323 1258 viris

766 1302 1085 1370 recentioris
1119 1300 1394 1353 memoriae
1427 1299 1619 1363 editos,
1648 1299 1878 1367 explosit
1911 1317 1923 1350 :
1958 1307 2012 1351 et
2054 1298 2107 1350 in
2147 1296 2336 1350 media-

765 1390 1016 1450 ecclesia,
1035 1389 1270 1446 solemni
1294 1388 1572 1443 Paschatis
1602 1388 1709 1452 die,
1742 1388 2014 1451 mulieres,
2044 1403 2164 1456 quae
2194 1404 2324 1441 can-

768 1481 981 1540 tilcnas,
1013 1495 1148 1548 quas
1169 1480 1214 1534 si
1243 1474 1513 1549 quispiam
1548 1481 1778 1542 audiret,
1795 1479 1962 1549 plane
1978 1480 2323 1533 exhorresce-

767 1580 873 1645 ret,
909 1571 961 1624 in
995 1572 1164 1639 ipsius
1193 1570 1404 1624 laudem
1438 1569 1758 1634 funderent,
1799 1570 2148 1638 comparavit.
2203 1588 2222 1619 ι
2261 1567 2317 1622 S.

753 1662 1099 1733 ,Augnstinus
1127 1664 1180 1715 in
1224 1663 1450 1729 cpistola
1478 1678 1573 1726 υ,
1605 1661 1706 1724 54..
1748 1677 1868 1730 (ιυτε
1904 1670 1988 1715 est
2017 1662 2084 1716 ad
2121 1659 2321 1714 lanna--

768 1754 910 1804 rium
941 1771 956 1806 :
990 1771 1007 1802 ι
1040 1752 1168 1806 Sine
1200 1753 1537 1806 dubitatione
1571 1751 1881 1806 faciendum
1916 1761 2000 1804 est
2024 1793 2038 1818 ,
2088 1752 2321 1809 maxime

734 1879 738 1882 -
768 1842 823 1895 id
859 1842 1001 1910 quod
1030 1843 1188 1896 etiam
1212 1844 1277 1897 de
1301 1843 1593 1912 Scripturis
1622 1842 1832 1897 defendi
1864 1851 2060 1912 potest;
2089 1843 2228 1896 sicut
2255 1843 2321 1907 de

769 1931 985 2000 hymnis
1016 1941 1069 1985 et
1101 1932 1324 2000 psalmis
1350 1931 1630 1996 canendis,
1663 1948 1786 1985 cum
1826 1941 1878 1985 et
1908 1932 2076 2000 ipsius
2098 1930 2319 1984 Domini

765 2030 819 2073 et
847 2020 1209 2089 apostolorum
1243 2021 1540 2076 habeamus
1569 2023 1894 2076 documenta
1917 2031 1968 2076 et
2001 2023 2240 2092 exempla
2269 2031 2324 2076 et

765 2122 1046 2180 praecepta.
1121 2131 1140 2163 ι
1191 2111 1492 2167 Concilium
1543 2112 1861 2166 Toletanum
1909 2128 1961 2166 iv
2016 2113 2123 2185 (ed.
2169 2114 2319 2168 card.

766 2199 998 2265 Aguiz'rii
1028 2209 1068 2253 t.
1107 2200 1192 2263 Ill,
1225 2199 1443 2271 p.368),
1464 2214 1568 2268 cap
1602 2184 2144 2272 13,quodBaronius
2171 2215 2324 2258 vocat

769 2289 1177 2343 celeberrimum
1203 2301 1257 2343 et
1284 2290 1530 2359 generale
1561 2291 1661 2361 (At),
1695 2293 1856 2345 tradit
1897 2309 1911 2342 :
1951 2310 1970 2342 ι
2006 2292 2082 2346 De
2111 2293 2322 2365 hymnis

767 2378 933 2432 etiam
955 2382 1234 2445 canendis,
1266 2391 1318 2435 et
1345 2378 1718 2436 Salvatoris'et
1743 2367 2108 2450 apostolorum
2155 2383 2321 2437 habe-

769 2482 891 2546 mus
916 2470 1241 2540 exemplum.
1275 2490 1294 2522 i
1323 2469 1552 2540 Operam
1581 2473 1696 2542 ipse
1722 2473 2024 2542 perderem,
2041 2474 2087 2527 si
2112 2488 2233 2544 quae
2255 2473 2322 2527 ad

767 2559 907 2615 hanc
933 2563 1209 2616 veritatem
1235 2563 1658 2637 confirmandam
1702 2563 1938 2631 faciunt,
1984 2581 2048 2621 ex
2097 2552 2321 2640 Patruus

771 2653 987 2721 scriptis
1009 2653 1336 2724 colligerem.
1365 2655 1585 2710 Certum
1622 2665 1706 2711 est
1735 2672 1863 2728 ergo
1895 2667 1946 2713 et
1995 2670 2117 2712 ante
2161 2658 2321 2712 Chri-

771 2738 938 2808 stum,
973 2757 1026 2797 et
1049 2745 1234 2799 eodem
1288 2747 1464 2801 adhuc
1497 2750 1812 2818 superstite,
1856 2760 1908 2802 et
1937 2750 2119 2803 statim
2162 2758 2323 2816 atque

769 2833 821 2884 iu
851 2834 1045 2888 coalum
1077 2837 1339 2902 ascendit,
1370 2846 1495 2890 ante
1522 2839 1683 2890 etiam
1730 2841 1902 2908 ipsum
1954 2837 2318 2894 Thaumatur—

768 2921 1135 2999 gum,rtideles
1181 2924 1232 2975 in
1280 2925 1506 2978 ecclesia
1561 2925 1810 2996 hymnos,
1860 2928 1952 2996 qui
2005 2927 2100 2982 Dei
2137 2929 2322 2985 laudes

767 3011 1125 3078 continerent,
1153 3014 1491 3070 decantasse.

833 3098 1057 3154 Noncst
1085 3109 1260 3157 tan-.en
1305 3107 1670 3179 praetereunda
1714 3110 2006 3165 auctoritas
2057 3109 2318 3180 Socratis,

766 3193 891 3256 licet
919 3194 1200 3262 prolixior,
1243 3206 1300 3250 ut
1333 3206 1385 3250 et
1428 3199 1749 3267 hymnorum
1801 3203 1854 3255 in
1901 3203 2143 3259 Ecclesia
2189 3194 2320 3261 usus

767 3275 1201 3354 ainiquissiums,
1232 3295 1285 3340 et
1312 3301 1501 3340 eorum
1534 3291 1686 3359 origo
1732 3293 1801 3346 ab
1837 3293 1954 3363 ipso
2001 3294 2325 3351 Christiana:

768 3375 1041 3443 religionis
1069 3376 1292 3430 exordio
1315 3377 1687 3446 dignoscatur,
1715 3380 1809 3435 lib.
1837 3399 1890 3435 νι
1915 3424 1930 3450 ,
1970 3400 2090 3454 cap.
2122 3386 2158 3440 8
2205 3405 2218 3440 :
2261 3389 2323 3440 υί

779 3465 1194 3536 Ἀρειανίζοντες
1260 3466 1364 3532 ἔξω
1416 3468 1516 3538 τῆς
1581 3467 1784 3533 πόλεως
1849 3473 1950 3536 τὰς
2010 3477 2326 3545 συναγωγὰς

660 3592 667 3599 ,
767 3554 1055 3611 ἐποιοῦντο·
1085 3557 1240 3625 ἡνίκα
1271 3553 1363 3611 οὖν
1389 3559 1624 3628 ἑκάστης
1645 3559 1933 3629 ἑϐδομάδος
1951 3563 2139 3634 ἑορτὰς
2164 3583 2325 3619 κατε-

765 3643 1056 3714 λάμὸανον,
1084 3649 1222 3718 φημὶ
1245 3649 1308 3719 δὴ
1329 3648 1388 3701 τό
1406 3666 1463 3702 τε
1497 3649 1772 3704 Σαϐϐατον
1795 3653 1887 3703 καὶ
1910 3654 1942 3722 ἡ
1970 3654 2240 3726 Κυριακὴ,
2267 3657 2326 3709 ὲν

768 3731 855 3798 αἷς
885 3737 938 3789 at
971 3738 1224 3802 awdﬁu;
1235 3742 1373 3794 κατὰ
1393 3743 1491 3804 τὰς
1510 3727 1801 3813 ἐκκλησίας
1822 3743 2042 3797 εἰώθασι
2062 3745 2323 3813 γίνεσθαι,

767 3829 918 3880 αὐτοὶ
947 3829 1096 3893 ἐντὸς
1122 3831 1228 3883 τῶν
1253 3832 1349 3899 τῆς
1383 3833 1586 3896 πόλεως
1616 3835 1818 3902 πυλῶν,
1855 3837 1981 3907 περὶ
2023 3836 2122 3899 τὰς
2168 3836 2327 3900 στοὰς

768 3916 1156 3988 ἀθροιζόμενοι,
1188 3923 1280 3973 καὶ
1309 3920 1452 3990 ᾠδὰς
1478 3923 1804 3992 ἀντιφώνους
1821 3928 1956 3997 πρὸς
1983 3928 2082 3999 τὴν
2119 3928 2328 4000 Ἀρεια-

755 4005 865 4076 ’νὴν
894 4005 1048 4072 δόξαν
1077 4009 1409 4084 συντιθέντες
1439 4006 1582 4082 ᾖδονο
1620 4014 1713 4064 καὶ
1747 4014 1905 4068 τοῦτο
1945 4018 2159 4071 ἐποίουν
2186 4019 2326 4087 κατὰ

768 4096 1014 4152 πλεῖστον
1045 4099 1208 4170 μέρος
1238 4101 1334 4172 τῆς
1356 4103 1565 4166 νυκτός⁹
1591 4104 1694 4156 ὑπὸ
1715 4106 1771 4158 δὲ
1797 4107 1988 4178 ὄρθρον
2009 4109 2078 4164 τὰ
2105 4111 2328 4167 τοιαῦτα

765 4192 1040 4262 ἀντίφωνα
1064 4191 1338 4261 λέγοντες,
1370 4194 1458 4247 διὰ
1501 4196 1670 4266 μέσης
1711 4197 1810 4267 τῆς
1849 4199 2054 4263 πόλεως
2103 4201 2328 4272 ἐξῄεσαν

764 4283 872 4338 τῶν
902 4283 1104 4348 πυλῶν,
1133 4285 1224 4338 καὶ
1257 4287 1382 4349 τοὺς
1415 4286 1611 4351 τόπους
1644 4287 1771 4341 ἔνθα
1797 4290 2023 4360 συνῆγον
2053 4290 2326 4361 κατελάμ-

767 4376 944 4427 ϐανον·
973 4375 1158 4444 ἐπειδὴ
1189 4376 1246 4427 δὲ
1276 4378 1592 4448 ὲρεθισμοίἱς
1617 4381 1760 4434 κατὰ
1791 4381 1899 4434 τῶν
1946 4381 2008 4435 τὸ
2049 4381 2328 4452 όμοούσιον

767 4462 1102 4532 ιρρονοὺντων
1121 4463 1368 4531 λέγοντες
1393 4469 1492 4518 οὐκ
1511 4469 1793 4523 ἐπαύοντο·
1825 4472 2078 4545 πολλάκις
2099 4472 2208 4544 γὰρ
2234 4475 2328 4528 καὶ

769 4553 1017 4624 τοιαύτην
1040 4554 1180 4625 ᾠδὴν
1205 4555 1408 4638 ελεγον·
1442 4559 1551 4610 Ποῦ
1589 4563 1725 4613 εἰσὶν
1749 4565 1798 4615 οἱ
1824 4539 2070 4631 λέγοντές
2097 4538 2328 4638 ’τὰ-τρία
2359 4538 2402 4590 D

772 4644 902 4712 pm
923 4643 1171 4715 δύναμιν;
1206 4633 1337 4700 Τότε
1361 4649 1426 4717 δὴ
1459 4649 1552 4700 καὶ
1588 4649 1840 4720 Ἰωάννης
1870 4653 2214 4722 εὐλαϐηθεὶς,
2240 4633 2327 4727 ’μή

765 4752 850 4797 τις
874 4735 988 4789 τῶν
1006 4737 1387 4809 ἁπλουστέρων
1425 4740 1530 4791 ὑπὸ
1562 4740 1668 4791 τῶν
1709 4739 1960 4792 τοιούτων
1991 4741 2142 4810 ᾠδῶν
2168 4745 2329 4812 ἀφελ-

767 4826 936 4897 κυσθῇ
969 4828 1068 4897 τῆς
1111 4828 1454 4899 Ἐκκλησίας,
1494 4828 1821 4897 ἀντιτίοησιν
1855 4828 2037 4891 αὐτοῖς
2067 4831 2192 4893 τοὺς
2233 4832 2326 4884 τοῦ

771 4917 896 4970 ἰδίου
925 4917 1076 4981 λαοῦ,
1112 4915 1257 4983 ὅπως
1284 4919 1348 4973 ἂν
1383 4921 1478 4974 καὶ
1502 4921 1655 4974 αὐτοὶ
1691 4921 1811 4983 ταῖς
1842 4924 2182 4990 νυκτεριναίς
2225 4922 2330 4990 ὐμ-

768 5008 979 5076 νῳδίαις
1001 5010 1368 5079 σχολάζοντες,
1393 5013 1680 5084 ἀμαυρῶσι
1708 5013 1805 5083 μὲν
1838 5013 1936 5083 τὴν
1964 5013 2182 5064 ἐκείνων
2207 5014 2331 5082 περὶ

769 5100 952 5153 τούτου
981 5102 1234 5171 σπουδὴν,
1271 5101 1518 5171 βεϐαίους
1545 5105 1600 5156 δὲ
1630 5107 1754 5168 τοὺς
1792 5105 2022 5165 οἰκείους
2053 5103 2188 5174 πρὸς
2233 5105 2330 5174 τὴν

772 5190 971 5244 ἑαυτῶν
1004 5193 1182 5244 πίστιν
1211 5192 1564 5262 ἐργάσωνται·
1599 5193 1763 5250 ἀλλ⁹ό
1789 5196 1887 5264 μὲν
1917 5195 2117 5256 σκοπὸς
2161 5195 2331 5246 Ἰωάν-

769 5292 858 5325 νου
892 5279 1060 5331 ἐδόκει
1096 5277 1232 5332 εἷναι
1265 5282 1519 5349 χρηστὸς,
1559 5283 1655 5332 σὺν
1700 5288 1908 5354 ταραχῇ
1938 5285 1994 5338 δὲ
2029 5285 2120 5337 καὶ
2149 5284 2328 5338 κινδύ-

772 5381 880 5426 νοις
911 5368 968 5418 τὸ
1001 5369 1148 5430 τέλος
1181 5371 1394 5435 ἐδέξατο
1415 5388 1426 5399 ο
1469 5372 1543 5434 ὡς
1589 5373 1696 5442 γὰρ
1730 5374 2093 5446 λαμπρότεροι
2140 5377 2188 5428 oi
2234 5374 2326 5428 τοῦ

772 5456 1048 5523 ὁμοουσίου
1073 5460 1226 5528 ὕμνοι
1249 5465 1305 5512 ὲν
1331 5466 1448 5523 ταῖς
1478 5469 1810 5533 νυκτεριναῖς
1839 5465 2180 5534 ὑμνολογίαις
2204 5465 2330 5518 ἐδεί-

774 5560 980 5596 κνυντο·
1011 5551 1350 5621 ὲπινενόηντο
1371 5553 1477 5622 γὰρ
1514 5556 1639 5624 παρ’
1669 5556 1828 5606 αὑτοῦ
1863 5561 2081 5628 σταυροὶ
2099 5559 2328 5629 ἀργυροῖ
2377 5548 2382 5554 ’

811 5675 920 5758 ..(4)
944 5675 1204 5733 Baronius
1224 5685 1398 5758 adan.
1423 5685 1525 5758 Q33
1551 5703 1653 5739 non
1679 5688 1791 5755 ipse
1814 5691 2055 5758 generale
2081 5691 2182 5744 hoc
2204 5705 2327 5744 con-

776 5746 957 5794 cilium
978 5753 1298 5821 _vorat,_scd
1350 5771 1375 5803 a
1427 5746 1888 5821 l’att'ilitIs-qttivei
1946 5760 2322 5818 interfuerunt.

779 5813 1024 5866 cem-tale
1060 5818 1374 5882 appellatum
1404 5824 1548 5876 dicit.
1588 5813 1768 5889 Neque
1796 5842 1924 5880 sane
1954 5829 2023 5881 ita
2063 5813 2316 5896 appellari

2419 657 2613 719 σιλίδος
2642 655 2893 721 Εὐδοξίας
2926 654 3266 725 παρεχούσης
3294 653 3390 722 τὴν
3423 655 3504 715 εἰς
3536 651 3678 705 αὐτὰ
3710 652 3971 716 δαπάνην-

2419 749 2616 818 πλῆθος
2638 749 2783 811 ὄντες
2804 751 2851 800 οἱ
2887 745 3300 818 ’Δρειανίςυντες
3320 745 3413 797 καὶ
3433 743 3730 815 ζηλοτυπίᾳ
3752 742 3975 810 ληφθέν-

2417 853 2539 900 τες.
2590 837 2885 907 ἀμύνεσθαί
2925 855 2981 889 τε
3011 877 3025 896 ,
3087 836 3181 888 καὶ
3233 835 3619 904 συμπληγάδας
3659 833 3974 902 ἐπεχείρουν

2419 931 2588 980 ποιεῖν
2610 947 2623 958 ·
2661 929 2736 981 ἐτι
2773 928 2880 1000 γὰρ
2911 931 2972 980 ὲκ
2998 927 3095 998 τῆς
3129 925 3496 997 προλαϐούσης
3534 925 3854 988 δυναστείας
3892 923 3973 975 ἕνα

2421 1015 2606 1088 Θερμοί
2637 1034 2692 1068 τε
2730 1017 2863 1088 πρὸς
2887 1018 3062 1087 μάχην
3082 1013 3238 1087 ἦσαν,
3270 1017 3360 1069 καὶ
3389 1017 3752 1088 κατεφρόνουν
3778 1013 3972 1066 αὐτῶν·

2424 1108 2495 1176 μὴ
2533 1107 2892 1178 μελλήσαντες
2923 1104 3013 1160 οὖν
3034 1109 3089 1158 ὲν
3122 1108 3218 1176 μιᾷ
3238 1107 3344 1158 τῶν
3365 1107 3571 1158 νυκτῶν
3592 1103 3975 1176 συγκρούουσι,

2422 1198 2514 1250 καὶ
2540 1198 2786 1266 βάλλεται
2816 1180 2917 1268 μὲν
2945 1197 3077 1266 λίθῳ
3105 1196 3242 1249 κατᾶ
3279 1196 3526 1266 μετώπου
3567 1197 3781 1266 Βρίσων
3821 1197 3850 1248 ό
3887 1197 3978 1264 τῆς

2423 1287 2687 1358 βασιλίδος
2713 1289 2980 1359 εὐνοῦχος,
3016 1287 3321 1360 συγκροτῶν
3356 1289 3474 1362 τότε
3505 1291 3629 1352 τοὺς
3679 1288 3974 1358 ὑμνῳδούς
4013 1293 4015 1295 ’

2420 1379 2740 1432 ἀπόλλυνται
2773 1379 2827 1431 δὲ
2856 1378 2946 1430 καί
2980 1395 3119 1442 τινες
3154 1378 3244 1432 τοῦ
3275 1377 3402 1432 λαοῦ
3428 1376 3486 1443 ἐξ
3514 1379 3838 1450 ἀμφοτέρων
3877 1378 3978 1432 τῶν

2423 1471 2625 1541 μερῶν·
2667 1472 2756 1540 ὑφ’
2789 1463 2869 1533 οἷς
2897 1469 3134 1540 κινηθεὶς
3173 1471 3202 1522 ό
3249 1469 3494 1540 βασιλεὺς
3523 1471 3813 1524 διεκώλυσε
3857 1471 3979 1534 τοὺς

2434 1562 2741 1633 Ἀρειανοῦς
2765 1562 2862 1624 τὰς
2883 1563 3199 1632 ὑμνολογίας
3226 1564 3284 1616 ὲν
3304 1562 3380 1636 τῷ
3403 1562 3645 1632 δημοσίῳ
3670 1565 3866 1614 ποιεῖν’
3891 1561 3980 1612 καὶ

2420 1653 2488 1706 τὰ
2511 1655 2609 1729 μὲν
2639 1654 2905 1723 λεγόμενα
2927 1651 3149 1706 τοιαῦτα
3174 1649 3262 1726 ἦν.
3284 1652 3513 1722 Λεκτέον
3543 1653 3597 1705 δὲ
3623 1654 3717 1707 καὶ
3738 1653 3863 1706 ὅθεν
3887 1653 3980 1723 τὴν

2421 1745 2593 1815 ἀρχὴν
2623 1745 2810 1799 ἐλαϐεν
2839 1744 3041 1815 ὴ-κατὰ
3073 1746 3197 1807 τοὺς
3229 1743 3558 1814 ἀντιφὼνους
3592 1743 3793 1813 ὓμνους
3826 1745 3887 1796 ὲν
3915 1745 3978 1813 τῇ

2422 1836 2684 1908 ἐκκλησίᾳ
2731 1837 3003 1908 συνήθεια·
3057 1837 3310 1905 Ἰγνάτιος
3366 1835 3688 1905 Ἀντιοχείας
3740 1836 3841 1904 τῆς
3885 1835 3981 1910 ξυ-

2424 1926 2564 1998 ρίας,
2591 1927 2770 1997 τρίτος
2789 1927 2895 1980 ἀπὸ
2918 1927 3010 1979 τοῦ
3039 1925 3331 1978 ἀποστόλου
3359 1925 3562 1996 Πέτρου
3587 1919 3904 1985 ἐπίσκοπος,
3926 1923 3983 1985 ὃς

2421 2020 2516 2071 καὶ
2546 2021 2657 2081 τοῖς
2685 2007 2994 2080 ἀποστόλοις
3015 2019 3192 2079 αὐτοῖς
3220 2016 3604 2087 συνδιέτριψεν,
3623 2015 3892 2068 ὀπτασίαν
3915 2010 3983 2066 εἷ-

2420 2108 2506 2160 δεν
2542 2109 2786 2178 ἀγγέλων
2819 2109 2906 2162 διὰ
2939 2108 3048 2162 τῶν
3093 2104 3400 2172 ἀντιφώνων
3453 2104 3638 2175 ὓμνων
3672 2104 3773 2175 τὴν
3820 2104 3982 2170 ἁγίαν

2421 2203 2624 2274 Τριάδα
2648 2202 2978 2274 ὑμνούντων,
3007 2201 3098 2253 καὶ
3119 2199 3208 2252 τὸν
3227 2200 3423 2268 τρόπον
3436 2199 3528 2252 τοῦ
3549 2199 3824 2269 ὁράματος
3841 2199 3908 2266 τῇ
3928 2198 3982 2249 ὲν

2416 2291 2696 2362 Δντιοχείᾳ
2759 2293 3049 2366 ᾘκκλησίᾳ
3068 2292 3392 2361 παρέδωκεν·
3416 2291 3537 2343 ὅθεν
3559 2291 3652 2344 καὶ
3694 2293 3756 2342 ὲν
3785 2292 3984 2352 πάσαις

2419 2387 2538 2446 ταῖς
2571 2383 2912 2452 Ἐκκλησίαις
2933 2382 3070 2454 αὓτη
3105 2385 3136 2453 ή
3169 2383 3467 2455 παράδοσις
3503 2383 3677 2451 ἐδόθη·
3709 2374 3866 2445 οὗτος
3889 2383 3983 2451 μὲν

2420 2467 2512 2524 οὖν
2532 2473 2559 2524 ὁ
2585 2489 2650 2523 πε
2658 2471 2711 2542 ρὶ
2733 2469 2839 2522 τῶν
2857 2468 3167 2539 ἀντιφώνων
3192 2468 3375 2540 ὓμνων
3393 2469 3546 2537 λόγος
3562 2471 3730 2523 ἐστίν.
3754 2489 3772 2520 ι
3799 2469 3978 2522 Ariani

2422 2570 2574 2614 extra
2606 2562 2796 2614 urbem
2828 2568 3128 2614 conventus
3171 2559 3420 2628 agebant.
3469 2559 3653 2628 Itaque
3682 2575 3808 2613 cum
3848 2557 3982 2611 festa

2421 2652 2685 2722 cujusque
2715 2651 3060 2706 hebdomadas
3093 2651 3476 2716 occurrebant,
3507 2650 3759 2704 videlicet
3781 2648 3984 2704 Sabba-

2423 2752 2533 2797 tum
2563 2753 2618 2798 et
2644 2743 2760 2797 dies
2793 2741 3131 2802 Dominicus.
3170 2742 3224 2795 in
3269 2743 3471 2811 quibus
3501 2751 3804 2796 conventus
3829 2741 3884 2794 in
3904 2755 3983 2793 ec-

2421 2835 2600 2889 clesiis
2649 2835 2765 2888 lieri
2807 2835 3002 2898 solent,
3058 2834 3136 2887 illi
3176 2833 3318 2886 intra
3347 2841 3532 2903 portas
3553 2832 3791 2886 civitatis
3845 2832 3982 2886 circa

2420 2927 2664 2995 porticus
2701 2926 2756 2979 in
2783 2941 2953 2980 unum
2999 2923 3334 2993 congregati,
3364 2931 3559 2976 cantus
3589 2930 3714 2991 apte
3744 2922 3983 2991 opinioni

2423 3016 2636 3070 Ariana:
2663 3015 3049 3083 respondentes
3073 3053 3088 3078 ,
3119 3027 3260 3082 quos
3301 3012 3402 3082 ipsi
3442 3023 3890 3082 composuerant,
3919 3013 3985 3065 al-

2424 3107 2672 3161 ternatim
2697 3105 2962 3159 canebant
3003 3123 3016 3157 :
3049 3104 3210 3172 idque
3249 3119 3344 3174 per
3371 3103 3630 3173 majorem
3665 3105 3844 3159 noctis
3869 3119 3985 3174 par-

2346 3211 2392 3272 c
2425 3207 2529 3250 tem
2559 3174 2845 3251 faciebant.
2882 3196 3069 3251 Primo
3096 3196 3337 3250 diluculo
3363 3189 3514 3251 tales
3557 3197 3862 3250 cantilenas
3904 3194 3982 3250 al-

2427 3287 2594 3341 ternis
2618 3302 2712 3355 per
2751 3285 2987 3369 mediam
3012 3286 3200 3340 urbem
3225 3287 3539 3350 recitantes,
3569 3301 3605 3351 ,e
3635 3286 3808 3356 portis
3836 3300 3986 3356 egre-

2424 3377 2728 3444 diebantur,
2785 3387 2837 3432 et
2868 3378 2936 3432 ad
3004 3376 3121 3432 loca
3171 3378 3266 3432 ubi
3328 3378 3628 3448 agebantur
3686 3389 3985 3433 conventus

2383 3462 2397 3470 “
2424 3469 2835 3524 contendebant.
2880 3468 3081 3524 Verum
3130 3471 3255 3540 quia
3306 3470 3568 3526 adversus
3608 3471 3733 3525 fidei
3765 3471 3984 3526 consub-

2425 3559 2692 3611 stantialis
2764 3557 3002 3614 fautores
3063 3558 3224 3612 verba
3299 3560 3729 3623 contumeliosa,
3788 3561 3984 3629 quibus

2424 3665 2611 3703 eorum
2659 3653 2874 3705 animos
2916 3650 3225 3716 irritarent,
3269 3651 3453 3705 dicere
3475 3667 3584 3705 non
3632 3651 3982 3714 desinebant,

2425 3756 2547 3794 nam
2573 3757 2718 3810 sarpe.
2748 3743 2890 3797 hanc
2918 3740 3075 3811 quasi
3127 3739 3455 3795 cantilenam
3491 3743 3544 3795 in
3583 3757 3679 3797 eos
3697 3743 3980 3797 cecinere:

2426 3829 2527 3884 Ubi
2558 3841 2685 3886 sunt
2710 3833 2787 3898 hi,
2816 3833 2909 3902 qui
2953 3832 3056 3886 tria
3091 3846 3253 3884 unam
3291 3832 3624 3906 dicuntesse
3655 3833 3985 3901 potentiam?

2425 3919 2661 3975 Joannes
2690 3923 2893 3976 veritus
2946 3937 3013 3976 ne
3047 3920 3244 3990 aliquis
3280 3936 3347 3974 ex
3398 3922 3822 3990 simplicioribus
3841 3925 3984 3992 ejus-

2427 4012 2572 4064 modi
2597 4013 2846 4067 cantibus
2877 4014 2945 4067 ab
2973 4011 3211 4067 Ecclesia
3253 4010 3632 4076 abduceretur,
3657 4013 3922 4081 quosdam
3955 4031 3984 4068 e

2427 4118 2528 4158 suo
2560 4104 2758 4173 populo
2794 4104 2902 4160 illis
2931 4101 3285 4173 opponendos
3312 4105 3524 4158 atravit
3543 4144 3560 4170 ,
3585 4104 3682 4174 qui
3703 4108 3984 4162 nocturnis

2427 4196 2644 4266 hymnis
2674 4197 3023 4252 decantandis
3042 4194 3288 4251 similiter
3321 4209 3541 4263 operam
3570 4197 3795 4261 darent,
3826 4197 3981 4252 Aria-

2427 4301 2731 4354 norumque
2755 4285 2810 4339 in
2840 4303 2902 4341 ea
2949 4303 3006 4341 re
3041 4286 3280 4340 studium
3315 4301 3381 4340 eo
3418 4294 3577 4355 pacto
3597 4288 3979 4358 reprimerent,

2427 4383 2658 4452 denique
2704 4399 2833 4438 suos
2872 4385 2924 4438 in
2960 4384 3197 4452 ipsorum
3242 4382 3346 4437 lide
3368 4383 3660 4438 admodum
3689 4386 3983 4439 continuae

2428 4481 2565 4526 rent.
2617 4471 2686 4525 At
2744 4475 2992 4542 quamvis
3041 4473 3144 4525 hoc
3204 4471 3426 4527 Joannis
3475 4474 3781 4530 institutum
3830 4476 3982 4528 valde

2431 4563 2771 4615 commodum
2803 4563 3093 4623 videretur,
3126 4569 3304 4614 tamen
3332 4563 3474 4616 illius
3496 4574 3725 4618 eventus
3751 4564 3980 4617 tumultu

2429 4662 2588 4720 atque
2619 4653 2780 4704 etiam
2807 4651 3045 4720 periculo
3069 4666 3173 4702 non
3211 4654 3402 4707 caruit.
3429 4653 3563 4707 Nam
3593 4654 3682 4707 ubi
3712 4655 3898 4723 hymni
3927 4655 3978 4706 in

2429 4741 2894 4794 consubstantith
2929 4739 3141 4792 laudem
3176 4741 3468 4807 decantati,
3501 4754 3718 4810 propter
3747 4755 3976 4794 concen-

2430 4841 2542 4886 tum
2599 4834 2747 4884 illnm
2804 4843 3126 4885 nocturnum
3167 4835 3337 4889 multo
3364 4833 3486 4904 plus
3522 4833 3801 4901 dignitatis
3854 4842 3976 4888 sunt

2430 4925 2726 4989 consecuti,
2763 4934 2920 4976 erant
2951 4925 3094 4977 enim
3124 4941 3315 4981 cruces
3344 4936 3611 4993 argentea:
3637 4926 3975 4994 excogitata,

2430 5014 2628 5081 quibus
2650 5014 2790 5066 cerei
2825 5014 3260 5081 imponebantur,
3291 5013 3533 5067 Eudoxia
3558 5013 3798 5081 Augusta
3829 5031 3974 5070 sum-

2431 5112 2580 5168 ptum
2611 5104 2676 5155 ad
2713 5104 2763 5156 id
2792 5103 3189 5172 suppeditante,
3220 5106 3375 5159 turba
3404 5102 3729 5158 Arianorum
3759 5117 3938 5161 coacta
3957 5147 3972 5166 .

2429 5204 2483 5247 et
2511 5195 2869 5248 :cmnlationis
2892 5195 3084 5250 ardore
3124 5197 3368 5253 incensa.
3401 5208 3459 5246 se
3509 5194 3731 5260 ulcisci,
3763 5207 3815 5251 et
3857 5212 3971 5251 cum

2429 5287 2751 5342 adversariis
2798 5288 3085 5360 confligere
3123 5286 3376 5343 instituit.
3422 5285 3632 5338 Etenim
3682 5289 3972 5358 principatu

2430 5377 2552 5440 illo,
2595 5394 2753 5447 quem
2795 5379 3120 5450 jampridem
3161 5377 3510 5432 obtinuerant
3540 5377 3697 5440 elati,
3722 5387 3877 5432 erant
3912 5379 3972 5430 a-J

2428 5484 2658 5537 pugnam
2693 5473 2861 5524 multo
2882 5471 3216 5523 ardentiores
3233 5505 3248 5530 ,
3272 5462 3692 5536 defensoresque
3717 5468 3836 5522 tide‘.
3863 5484 3975 5520 cou-

2427 5561 2787 5614 substantialis
2848 5575 3069 5629 prorsus
3123 5555 3554 5611 contemnebant.
3608 5558 3790 5623 Quare
3839 5557 3976 5610 nuli:

2427 5694 2616 5748 stricto
2651 5709 2810 5746 sensu
2854 5700 3062 5758 poterat
3106 5690 3343 5760 synodus
3386 5688 3450 5742 ad
3502 5706 3664 5758 quam
3716 5690 3980 5760 Hispani:

2428 5775 2637 5884 tantum;
2666 5762 2943 5883 (ιξιϐλιιιὶιο
2997 5761 3359 5816 Narbonensis
3403 5761 3641 5832 episcopi
3692 5777 3981 5817 concurre-

2426 5843 2552 5888 runt
2597 5869 2612 5884 ι
2648 5874 2658 5885 .
2694 5860 2706 5882 ι
2751 5874 2762 5884 .

2597 5860 2637 5884 λι
2648 5874 2658 5885 ι
2694 5860 2738 5883 ΠΙ
2751 5874 2762 5884 .
