4094 6354
140 457 282 516 1237
319 518 322 521 Α

986 453 1225 538 LEONIS
1257 450 1526 507 ALLATII
1566 445 1882 503 DlATRlBA
1919 445 2006 500 DE
2047 437 2454 498 THEODORIS.
2495 438 2497 440 ’

3252 435 3356 490 ‘218

143 579 464 650 interposita
503 594 675 644 mora,
716 540 873 633 nocte
893 578 1124 646 quadam
1150 574 1437 629 tumultum
1467 571 1687 635 faciunt.
1721 573 1759 627 Α
1788 581 1905 636 cap.
1933 565 1998 620 l7
2026 584 2040 617 :
2073 583 2092 615 ι
2147 562 2282 617 Vita:
2313 561 2532 615 Patrum
2578 561 2695 616 sine
2748 559 3117 645 probabilibus
3159 571 3356 614 aucto-

141 669 298 724 Briso
320 669 677 738 imperatricis
703 669 986 734 eunuchus
1005 709 1020 733 ,
1044 667 1135 736 qui
1170 675 1350 734 partes
1400 660 1705 716 canentium

145 760 388 830 hymnos
420 761 486 813 ad
523 759 1043 814 commendationem
1087 755 1205 810 ﬁdei
1245 750 1707 807 consubstantialis

141 854 401 912 tuebatur
434 891 448 915 ,
505 851 676 919 lapide
715 851 767 902 in
817 849 992 903 fronte
1031 846 1347 917 percutitur.
1388 841 1712 896 lnterierunt

57 948 60 949 ⁷
145 943 312 996 etiam
347 942 633 1009 utriusque
675 943 842 1009 partis
889 938 1132 993 nonnulli
1158 937 1229 990 'de
1253 935 1471 1005 pepulo.
1502 931 1709 998 Quibus

146 1035 315 1090 rebus
345 1037 638 1104 imperator
663 1021 954 1089 admodum
989 1023 1292 1086 commotus
1312 1069 1327 1089 ,
1366 1019 1579 1080 Arianis
1627 1024 1711 1077 in-

128 1127 382 1200 terdixit
431 1141 498 1180 ne
519 1127 744 1196 hymnos
767 1125 818 1177 in
843 1124 1055 1193 publico
1071 1128 1370 1174 cantarent.
1394 1117 1566 1185 Atque
1596 1115 1708 1167 bare

143 1218 374 1287 quidem
423 1217 528 1271 hoc
560 1217 721 1270 modo
753 1225 901 1286 gesta
954 1222 1098 1271 sunt.
1145 1211 1262 1264 Jam
1311 1224 1440 1264 vero
1465 1208 1710 1261 dicamus

146 1307 339 1370 etiam,
366 1307 504 1360 unde
530 1307 860 1360 consuetudo
891 1305 1232 1374 hymnorum,
1259 1299 1350 1368 qui
1388 1304 1448 1354 in
1477 1297 1704 1352 ecclesia

148 1395 382 1470 alternis
411 1396 787 1456 decantantur,
837 1393 1052 1446 initiunt
1088 1391 1308 1459 ceperit.
1341 1389 1574 1458 Ignatins
1599 1385 1709 1439 An-

149 1485 404 1549 tiochiae,
437 1501 561 1554 qme
588 1495 672 1539 est
703 1486 755 1542 in
791 1485 943 1554 Syria
963 1483 1199 1546 ,tertius
1223 1496 1254 1535 a
1282 1479 1441 1533 Petro
1464 1477 1707 1547 apostolo

144 1573 462 1642 episcopus,
489 1573 726 1643 quicum
754 1572 1010 1642 apostolis
1042 1571 1176 1640 ipsis
1210 1570 1436 1623 multum
1464 1574 1708 1621 versatus

146 1671 271 1725 est,
300 1663 567 1717 visionem
598 1658 1070 1732 vidirangelOrum
1114 1668 1355 1714 sanctam
1390 1656 1711 1711 Trinitatem

147 1753 373 1822 hymnis
417 1754 625 1808 alterna
671 1753 788 1807 vice
811 1751 1113 1806 decantatis
1163 1748 1584 1805 collaudantium
1607 1785 1624 1810 ,
1656 1755 1710 1801 et

149 1843 388 1896 turmam
423 1842 651 1896 canendi
683 1843 736 1895 in
766 1856 827 1894 ea
859 1841 1068 1895 visione
1107 1853 1416 1908 expressam
1458 1837 1708 1891 Ecclesia:

149 1932 508 1986 Antiochente
531 1930 774 1985 tradidit.
813 1930 968 1986 Unde
993 1932 1081 1984 illa
1116 1930 1334 1984 traditio
1371 1929 1423 1980 in
1461 1927 1718 1997 omnibus,

147 2021 417 2089 Ecclesiis
465 2032 675 2090 recepta
726 2031 828 2076 est.
889 2018 958 2072 Et
995 2018 1063 2073 de
1100 2020 1313 2088 hymnis
1351 2019 1554 2072 alterna
1597 2018 1712 2070 vice

147 2112 392 2166 cantatis
450 2111 549 2163 ista
583 2111 873 2182 hactenus.
915 2126 934 2159 ι
985 2108 1100 2163 Non
1143 2109 1244 2159 alia
1294 2114 1518 2159 narrant
1548 2104 1714 2158 Sozo—

150 2218 356 2257 mentis
410 2201 505 2252 lih.’
559 2215 674 2264 vni,
723 2215 840 2269 cap.
888 2199 957 2264 8,
991 2213 1053 2253 ac
1091 2194 1426 2266 Nicephorus
1459 2195 1552 2249 lib.
1583 2210 1709 2258 χιιι,

149 2307 279 2360 cap.
309 2291 366 2346 8.
402 2290 466 2344 Et
503 2305 568 2344 ne
612 2282 760 2343 dieas
816 2299 928 2343 tum
967 2289 1196 2358 primum
1226 2286 1530 2355 hujusmodi
1562 2286 1715 2356 hym-

152 2388 598 2452 nos,.non'antca,
627 2381 681 2433 in
712 2378 948 2433 Ecclesia
970 2379 1302 2447 excogitatos
1332 2365 1714 2439 fuisse,anim-

152 2473 380 2523 adverte
428 2469 667 2522 Socratis
721 2470 883 2521 verba
943 2467 1116 2536 capite
1170 2468 1449 2534 superiore
1499 2463 1586 2534 (id
1635 2475 1717 2517 cst

152 2563 255 2616 lib.
273 2577 350 2625 vt,
373 2561 425 2622 7,
453 2558 570 2628 lin.)
601 2578 616 2614 :
646 2558 941 2628 Hquaeé‘e
970 2558 1182 2628 πρῶτος
1212 2545 1422 2617 καὶτὰς
1449 2556 1569 2625 περὶ
1595 2554 1715 2616 τοὺς

153 2650 508 2718 νυκτερινοὺς
539 2648 752 2718 -ὓμνους
782 2647 964 2716 εὐχὰς,
998 2647 1057 2712 ἐξ
1086 2647 1262 2708 αἰτίας
1277 2628 1505 2699 τοιᾶσδε.
1525 2637 1529 2644 ’
1551 2661 1570 2695 ι
1601 2643 1716 2696 Pri-

154 2756 284 2795 mus
317 2741 478 2793 ctiam
505 2738 694 2807 (Joan.
723 2738 938 2808 Chrys.)
966 2737 1319 2804 precationes,
1357 2751 1477 2803 quae
1522 2733 1574 2786 in
1618 2747 1716 2786 no-

95 2843 100 2848 ‘
154 2831 372 2885 cturnis
421 2829 634 2899 hymnis
679 2824 996 2885 ﬁeri'solent
1029 2827 1393 2895 ampliﬁcavit,
1426 2825 1516 2878 tali
1555 2838 1718 2877 causa

157 2923 439 2977 inductus.
473 2941 491 2972 ι
525 2901 1022 2990 Αιιιριὶιὶοειιιιυιδτι
1041 2934 1160 2987 qua:
1188 2933 1289 2970 usu
1321 2926 1531 2983 recepta
1554 2925 1715 2968 sunt:

155 3028 284 3081 qua:
312 3022 491 3066 autem
533 3012 710 3080 primo
754 3005 1146 3079 exeogitantur,
1192 3023 1313 3062 eum
1342 3007 1582 3072 nondum
1633 3005 1718 3057 uls

159 3108 270 3161 iam
303 3104 816 3159 sui'subsistentiam
843 3103 1093 3163 habeant,
1123 3099 1439 3168 ampliﬁcari
1457 3113 1570 3158 non
1596 3113 1720 3170 pos-

157 3205 315 3252 sunt.
346 3193 639 3263 Quidni-go
670 3209 736 3247 ex
766 3199 1085 3259 argumento
1110 3189 1371 3242 Pcrkinsii
1407 3187 1572 3255 probe
1604 3187 1718 3238 col--
1747 3208 1790 3263 ε

129 3289 298 3356 'ligat
328 3285 571 3350 Rivetns,
605 3286 718 3352 ipse
751 3283 966 3346 viderit.
999 3281 1100 3335 Sed
1119 3280 1247 3349 quid
1282 3295 1404 3334 cum
1438 3279 1544 3332 illis
1571 3294 1719 3346 agas,

161 3379 260 3447 qui
300 3391 476 3444 neque
499 3376 698 3442 scripta
721 3373 963 3435 Patrum,
983 3387 1155 3439 neque
1178 3371 1596 3423 consuetudines
1624 3368 1723 3420 Ec-

161 3468 368 3529 clesiae,
397 3479 571 3532 neque
594 3463 860 3515 instituta
894 3459 1163 3525 majorum
1198 3456 1412 3510 sciunt?
1446 3456 1512 3508 Et
1536 3456 1580 3508 si
1621 3469 1721 3506 ur.-

161 3570 335 3625 quam
362 3554 521 3605 etiam
551 3553 690 3602 inter
718 3548 998 3617 legendum
1016 3545 1330 3606 occurrerit,
1364 3543 1505 3610 quod
1535 3557 1722 3594 eorum

167 3646 332 3701 [ictas
357 3653 519 3711 atque
549 3656 713 3694 vanas
741 3639 1022 3708 opiniones
1056 3637 1281 3698 minuat,
1315 3635 1395 3686 vel
1423 3649 1526 3686 non
1553 3633 1721 3685 anim-

168 3738 496 3800 advertunt,
542 3733 636 3786 Vel
661 3732 1086 3785 animadversum
1128 3728 1401 3796 negligunt
1434 3743 1445 3778 :
1481 3735 1533 3779 et
1581 3711 1723 3793 quod

171 3828 340 3898 pejus
358 3835 464 3879 est.
499 3824 610 3882 alio,
632 3822 959 3884 distrahunt,
986 3829 1039 3874 et
1067 3827 1394 3888 pervertunt.

238 3912 362 3967 Jam
384 3911 548 3965 audio
603 3909 851 3962 Rivetnm
903 3911 1116 3968 dicere,
1151 3921 1325 3975 neque
1351 3904 1494 3958 enim
1528 3902 1728 3969 desipit

167 4019 410 4072 semper,
457 4003 599 4072 quod
647 4004 852 4056 utinam
884 4001 1053 4054 esset!
1105 3998 1357 4050 lectiones
1406 4006 1460 4050 et
1503 3997 1728 4066 hymnos

170 4097 504 4149 constitutos
549 4102 578 4148 a
610 4093 830 4154 Carolo,
864 4106 928 4143 ex
948 4089 1171 4141 Patrum
1207 4088 1420 4155 scriptis
1449 4099 1501 4141 et.
1531 4089 1582 4140 in
1609 4088 1725 4139 lau-

170 4187 301 4241 dem
331 4195 638 4238 sanctorum
680 4183 845 4235 fuisse
878 4199 892 4233 :
929 4187 1033 4232 non
1062 4179 1283 4232 dubium
1315 4194 1441 4232 vero
1473 4179 1728 4231 lectiones

170 4291 247 4331 ex
291 4272 724 4332 sacrisvlitteris,
767 4277 821 4324 et
866 4269 919 4322 in
964 4269 1175 4322 laudem
1227 4267 1319 4320 Dei
1378 4267 1727 4334 Christique,

175 4366 357 4421 multo
415 4362 755 4428 antiquiores
803 4359 1001 4421 fuisse,
1051 4368 1103 4412 et
1162 4354 1303 4410 ante
1341 4357 1498 4409 etiam
1554 4358 1726 4423 ipsum

174 4453 458 4510 Christum
496 4462 666 4505 natas.
701 4449 806 4503 Sed
831 4465 1004 4518 neque
1034 4449 1134 4502 hoc
1165 4447 1324 4500 modo
1346 4447 1536 4513 probat
1572 4447 1731 4513 hasce

176 4541 577 4610 Thaumaturgi
617 4540 888 4592 orationes
931 4528 1123 4596 dubias
1166 4553 1304 4592 esse.
1351 4537 1416 4589 Et
1450 4537 1730 4605 negabitne

179 4636 304 4703 ipse
331 4643 386 4687 et
417 4628 888 4684 Annuntiationcm
921 4625 1176 4695 Virginis,
1209 4636 1262 4679 et
1291 4625 1633 4692 Theolihania
1663 4624 1729 4677 ad

176 4721 466 4776 Christum
511 4717 812 4788 pertinere?
852 4715 1080 4785 Negabit
1133 4717 1354 4771 scilicet.
1409 4715 1546 4779 Quid
1583 4714 1733 4771 tum?

182 4811 472 4867 Lectiones
503 4811 558 4862 in
576 4807 1000 4865 solemnitatibus
1022 4815 1332 4861 sanctorum
1361 4807 1512 4859 valde
1539 4805 1734 4858 Carolo

185 4901 523 4966 antiquiores
578 4906 735 4952 sunt:
791 4904 843 4950 et
879 4905 1173 4964 martyrum
1221 4898 1350 4948 Acta
1409 4896 1462 4946 in
1500 4892 1735 4946 Ecclesia

185 4999 318 5044 ante
341 4991 584 5042 eumdem
607 4989 858 5042 Carolutn
889 4986 1220 5054 legebantur.
1258 4985 1452 5038 Valens
1477 4992 1604 5050 puto
1635 4983 1735 5032 hoc

190 5079 463 5151 ignoravit
519 5079 786 5151 Rivetus:
844 5090 1015 5144 neque
1059 5076 1203 5127 enim
1258 5076 1392 5127 adeo
1453 5072 1629 5125 infans
1684 5071 1734 5122 in

191 5171 361 5226 rebus
394 5170 795 5232 ecclesiasticis,
848 5177 900 5220 et
934 5165 1146 5232 scriptis
1180 5165 1397 5219 Patrum
1420 5207 1432 5228 ,
1481 5179 1601 5231 qua:
1643 5173 1738 5228 pro

191 5259 417 5317 libidine
435 5260 712 5323 deartuat,
745 5255 1134 5312 existimandus
1162 5264 1263 5308 est.
1295 5255 1447 5319 Quod
1483 5255 1526 5307 si
1556 5251 1740 5303 nolens

193 5353 250 5405 id
274 5349 578 5408 nesciverit,
620 5349 842 5401 edoctus
872 5347 1030 5399 modo
1058 5344 1191 5399 sciat
1222 5353 1276 5398 et
1302 5346 1661 5403 Obmutescat,
1688 5348 1741 5392 et

195 5442 430 5508 deponat
454 5437 652 5505 aliquid
673 5454 737 5490 ex
761 5437 900 5490 fastu
934 5437 1024 5489 illo
1045 5478 1059 5500 ,
1088 5444 1140 5488 et
1171 5442 1317 5486 tanta
1337 5434 1425 5487 illa
1453 5446 1610 5501 quam
1641 5428 1740 5481 sibi

199 5530 440 5585 vindicat
464 5529 727 5580 doctrina.
760 5530 887 5580 Acta
920 5537 1211 5596 martyrum
1240 5525 1461 5593 probata
1501 5529 1623 5574 ante
1643 5518 1744 5569 Ca-

199 5620 379 5675 rolum
409 5619 459 5669 in
490 5616 724 5669 Ecclesia
751 5618 1080 5686 legebantur,
1111 5626 1601 5683 consequentcrque
1628 5611 1747 5665 festi

202 5718 516 5761 sanctorum
563 5705 676 5757 dies
715 5705 1140 5759 celebrabantur.
1193 5704 1462 5756 Adrianus
1505 5710 1638 5766 papa
1685 5702 1739 5755 in

202 5794 427 5862 cpistola
461 5792 527 5846 ad
557 5793 794 5860 ejusdem
819 5792 996 5844 Caroli
1024 5794 1279 5858 scriptum
1318 5791 1389 5841 De
1414 5784 1748 5857 ttltuyinibua,

1809 655 1959 708 ribus
1987 653 2208 706 minime
2236 651 2291 704 in
2321 648 2557 705 Ecclesia
2587 648 2858 718 leguntur.
2909 647 3041 701 Nam
3074 642 3142 701 ab
3172 649 3357 700 Ot'llm-
3390 642 3393 643 ⁷

1809 742 1965 796 doris
2013 742 2241 794 titulatae
2277 749 2332 793 et
2365 739 2734 806 suscipiuntur
2769 748 2824 792 et
2871 734 3142 807 leguntur.
3187 738 3356 806 Magis

1807 831 1948 884 enim
1983 829 2275 904 Passiones
2298 835 2606 881 sanctorum
2622 835 2917 896 martyrum
2949 826 3091 879 sacri
3120 841 3357 880 canones
3446 833 3450 839 '

1808 907 2251 987 censuerunt,‘vut
2293 920 2453 974 liceat
2494 933 2586 971 eas
2625 918 2786 970 etiam
2839 918 2893 970 in
2929 916 3180 972 Ecclesia
3220 918 3355 985 legi,

1808 1025 1930 1064 cum
1960 1007 2318 1062 anniversarii
2347 1007 2472 1066 dics,
2495 1020 2684 1060 eorum
2716 1006 3077 1058 celebrantur.
3121 1024 3139 1056 ι
3168 1006 3356 1060 Canon

1806 1100 1898 1170 qui
1923 1099 1973 1152 id
1997 1099 2205 1152 censuit
2238 1099 2376 1150 inter
2401 1095 2629 1149 concilia
2661 1093 2911 1148 Africana
2941 1104 3022 1148 est
3053 1109 3202 1160 num.
3239 1096 3312 1152 50,
3341 1113 3356 1151 :

1818 1189 2045 1256 Ἐξὲστω
2063 1188 2141 1239 ἔτι
2166 1187 2270 1257 μὴν
2295 1183 2750 1251 ἀναγινώσκεσθαι
2773 1183 2838 1247 τὰ
2862 1184 3012 1255 Πάθη
3028 1172 3135 1236 τῶν
3155 1184 3362 1256 μαρτύ-

1808 1297 1944 1350 ρων,
1973 1279 2132 1350 ἡνίκα
2177 1279 2231 1330 αἱ
2287 1276 2497 1345 ἐτήσιαι
2524 1274 2703 1328 αὐτῶν
2743 1275 2942 1345 ἡμέραι
2973 1274 3358 1333 ἐπιτελοῦνται.

1814 1389 1830 1420 ι
1865 1369 2046 1423 Liceat
2077 1366 2238 1421 etiam
2278 1366 2380 1435 legi
2417 1365 2703 1418 Passion:s
2735 1373 3062 1434 martyrum,
3109 1381 3228 1419 cum
3261 1383 3360 1418 au-

1809 1458 2086 1514 niversarii
2136 1457 2251 1510 dies
2304 1469 2493 1510 eorum
2558 1455 2921 1508 celebrantur.
2960 1474 2978 1506 ι
3045 1453 3164 1508 Dixi
3231 1471 3359 1510 vero

1805 1549 2049 1619 probata,
2074 1556 2134 1600 ut
2155 1533 2275 1615 tunc
2301 1545 2367 1598 dc
2386 1543 2970 1598 sanctorumhistOriis
2994 1542 3061 1596 ab
3091 1543 3360 1597 ha'reticis
3441 1602 3445 1606 ,

1809 1623 1888 1694 vel
1939 1639 2064 1692 aliis
2101 1635 2244 1690 falso
2279 1637 2476 1704 scripta
2518 1643 2646 1688 sunt
2683 1632 3018 1687 excluderem
3070 1633 3162 1702 (ut
3207 1634 3360 1702 jubet

1808 1740 1980 1781 canon
2013 1723 2304 1777 Trullanus
2331 1722 2510 1792 um).
2543 1721 2661 1786 Quo
2689 1721 2771 1775 vel
2797 1721 2912 1780 solo
2933 1719 3131 1775 factum
3160 1730 3268 1784 est,
3300 1731 3360 1775 ut

1808 1831 1870 1869 ea
1914 1812 2122 1882 legendi
2179 1813 2233 1864 in
2269 1810 2510 1864 Ecclesia
2529 1818 2705 1863 --vetus
2740 1811 3070 1864 consuetudo
3095 1825 3125 1862 a
3146 1810 3358 1864 Gelasio

1743 1888 1784 1943 Β
1812 1904 2088 1982 antiquata
2112 1903 2197 1958 sit.
2219 1900 2464 1958 Gelasius
2485 1916 2616 1969 papa
2641 1900 2692 1952 in
2724 1899 2968 1954 Romano
2995 1901 3224 1955 concilio
3251 1902 3356 1968 (ed.

1813 1979 1976 2042 Labb.
2001 1997 2040 2040 t.
2074 1987 2161 2052 ιν,
2190 2002 2244 2055 p.
2269 1985 2424 2054 l265)
2457 2004 2470 2038 :
2509 1985 2707 2040 «Gesta
2742 1996 3049 2042 sanctorum
3066 1997 3358 2058 martyrum
3404 1979 3411 1985 ’

1813 2077 2106 2133 secundum
2135 2078 2408 2145 antiquam
2440 2077 2905 2149 consuetudinem,
2938 2079 3198 2148 singulari
3233 2090 3362 2131 rau-
3440 2094 3446 2101 ·

1813 2167 1915 2220 tela
1932 2155 1991 2225 in
2022 2177 2210 2222 sancta
2245 2167 2481 2220 Romana
2519 2164 2752 2219 Ecclesia
2773 2182 2886 2228 non
2911 2167 3159 2235 leguntur
3192 2187 3204 2220 :
3234 2170 3384 2236 quia-

1811 2272 2021 2322 eorum,
2075 2249 2167 2326 qui
2206 2255 2612 2324 conscripsere,
2679 2255 2898 2307 nomina
2943 2255 3152 2323 penitus
3211 2256 3355 2322 igno-

1815 2358 2022 2412 rantur,
2063 2356 2116 2400 et
2158 2346 2226 2400 ab
2275 2344 2581 2399 inﬁdelibus
2616 2354 2733 2398 aut‘
2764 2345 2943 2399 idiotis
2991 2344 3258 2413 superﬂua
3307 2354 3362 2397 et

1817 2438 1996 2491 minus
2019 2445 2140 2505 apta
2160 2479 2174 2502 ,
2206 2450 2365 2505 quam
2401 2436 2473 2488 rei
2502 2436 2634 2488 ordo
2667 2434 2856 2498 fuerit,
2883 2435 3078 2501 scripta
3111 2450 3231 2488 esse
3263 2450 3364 2504 pu-

1816 2537 2022 2592 tantur,
2083 2527 2223 2580 sicut
2257 2526 2537 2592 cujusdam
2590 2524 2795 2588 Quirici
2849 2534 2900 2577 et
2949 2524 3180 2589 .luiittze,
3224 2525 3363 2578 sicut

1815 2617 2028 2686 Georgii
2074 2616 2409 2684 aliorumque
2467 2615 2732 2683 ejusmodi
2782 2613 3091 2678 Passiones,
3134 2630 3252 2682 qua:
3296 2616 3379 2668 ab.
3433 2666 3437 2668 _

1815 2707 2080 2762 haereticis
2107 2693 2454 2777 perhibentur
2477 2706 2787 2774 composita:
2817 2724 2831 2759 :
2876 2697 3091 2774 propter
3114 2706 3275 2774 quod,
3306 2715 3365 2760 ut
3391 2692 3393 2694 ’

1817 2799 2019 2854 dictum
2046 2807 2148 2859 est,
2175 2813 2242 2850 ne
2278 2797 2360 2849 vel
2385 2797 2516 2850 levis
2550 2796 2919 2849 subsannandi
2946 2779 3178 2849 oriretur
3208 2810 3365 2850 occa-

1818 2885 1930 2951 sio,
1980 2887 2032 2938 in
2087 2893 2272 2940 saneta
2326 2884 2566 2938 Romana
2613 2883 2849 2942 Ecclesia
2894 2900 3000 2937 non
3039 2885 3304 2953 leguntur.
3339 2905 3359 2936 ι

1818 2976 2107 3045 Antiquam
2147 2975 2588 3029 consuetudinem
2637 2974 2842 3042 legendi
2870 2984 3023 3042 gesta
3069 2983 3365 3044 martyrum
3419 2971 3422 2974 ’

1822 3069 1871 3121 in
1902 3068 2138 3122 Ecclesia
2178 3067 2424 3120 Gclasius
2471 3066 2638 3117 multo
2662 3076 2783 3118 ante
2810 3065 2987 3117 Caroli
3027 3062 3260 3134 tempora
3289 3063 3367 3117 fa-

1820 3170 1982 3227 tetur,
2015 3169 2065 3213 et
2097 3160 2366 3212 Adrianus
2390 3155 2563 3210 eidem
2598 3156 2790 3209 Carolo
2832 3152 3148 3210 denuntiat:
3186 3149 3238 3211 et
3271 3157 3369 3208 ιιι.
3398 3196 3406 3201 .

1822 3260 1972 3303 vetus
2006 3259 2058 3301 et
2106 3246 2416 3301 Petkinsius
2458 3246 2688 3312 primunt
2725 3262 2752 3297 a
2784 3245 2976 3301 Carolo
3021 3247 3366 3300 constitutam

1821 3355 1939 3394 esse
1984 3338 2236 3392 tradunt?
2291 3337 2353 3390 Et
2411 3348 2467 3390 ut
2523 3338 2693 3406 magis
2742 3332 2921 3390 tetieas
2980 3337 3108 3404 quid
3147 3347 3365 3399 essent.

1822 3431 2044 3483 adeatur
2096 3427 2322 3481 Basilius
2375 3427 2735 3481 Seleuciensis
2778 3426 2849 3477 Dc
2877 3437 2980 3476 rita
3012 3435 3058 3477 ct
3101 3427 3367 3477 mirncmis

1823 3534 2018 3574 sancta:
2061 3521 2293 3582 Tlieclw,
2342 3521 2434 3575 lib.
2468 3537 2529 3575 tt.
2563 3521 2610 3572 ls
2636 3517 2882 3586 martyris
2911 3513 3119 3569 Thecla:
3161 3516 3245 3566 die
3278 3532 3389 3568 Suo.

1825 3611 1984 3663 letnni
2032 3612 2097 3663 ad
2141 3611 2438 3664 habendam
2479 3605 2779 3661 Orationem
2819 3605 2871 3656 in
2903 3605 3019 3670 ejus
3052 3605 3257 3658 laudem
3308 3619 3369 3660 se

1813 3693 2167 3767 comparans,
2208 3698 2294 3750 die
2334 3696 2677 3750 antecedente
2722 3695 2774 3746 in
2822 3695 3189 3760 aegritudinem
3245 3711 3368 3761 per-
3458 3761 3459 3768 κ

1825 3807 1985 3860 quant
2019 3806 2236 3860 pravam
2269 3779 2482 3850 incidit,
2525 3794 2579 3839 et
2620 3794 2852 3855 martyre
2886 3785 3131 3870 morbum
3176 3784 3370 3837 dissol-
3457 3828 3461 3832 .
3514 3797 3520 3803 ·

1825 3886 2001 3944 vente,
2030 3884 2078 3935 in
2101 3883 2282 3933 laudes
2302 3874 2418 3946 ejus
2439 3876 2732 3931 eﬂ‘unditur
2757 3879 2810 3930 in
2833 3876 3054 3929 ecclesia
3084 3895 3097 3930 :
3129 3872 3233 3929 Ἷίν
3262 3876 3370 3947 γὰρ
3450 3908 3452 3911 -

1827 3975 1990 4042 αὐτῆς
2021 3973 2053 4040 ἠ
2084 3971 2292 4038 ὲτὴσιος
2344 3970 2523 4039 ἑορτή·
2572 3969 3060 4039 παρεσκευασάμην
3108 3968 3163 4020 δὲ
3218 3967 3371 4036 κάγὼ

1827 4064 1964 4135 πρὸς
1981 4063 2196 4115 ἔπαινον
2222 4062 2414 4132 μικρὸν
2429 4062 2523 4130 τῆς
2535 4062 2743 4129 ἑορτῆς·
2758 4059 2942 4128 ὤφθην
2957 4061 3045 4111 ἐπὶ
3061 4059 3149 4112 τοῦ
3163 4059 3371 4129 δεικτη-

1828 4154 1963 4222 ρίου’
2004 4151 2218 4218 λέγεται
2249 4151 2304 4202 δὲ
2330 4143 2724 4210 οὕτως’ὀτόπος
2745 4149 2801 4199 ἐν
2835 4137 3287 4212 ᾤ’ἐπιδεὶκνυνται
3319 4150 3368 4198 oi

1825 4245 2091 4311 λέγοντες,
2115 4240 2271 4292 τοῦτὸ
2302 4242 2454 4291 ἐστιν
2481 4241 2508 4289 ὁ
2535 4238 2720 4307 ἄμϐων
2751 4239 2864 4307 ἢτοι
2898 4237 2956 4289 τὸ
2994 4238 3366 4307 ἀκροατήριον

1827 4337 1919 4388 καὶ
1947 4329 2097 4385 εἶπον
2126 4331 2220 4400 μὲν
2257 4334 2408 4385 ἄττα.
2441 4348 2457 4379 ι
2486 4329 2794 4382 Conventus
2833 4329 3231 4382 anniversarios
3251 4329 3370 4397 ejus

1832 4420 2106 4488 agebatur,
2135 4425 2188 4468 et
2217 4417 2280 4467 ad
2300 4414 2594 4466 orationem
2619 4414 2865 4482 exiguam
2889 4415 2952 4467 de
2980 4414 3226 4467 laudibus
3252 4413 3370 4486 festi

1762 4496 2130 4582 D‘habendam
2157 4520 2238 4556 me
2266 4517 2725 4570 comparaverant.
2752 4502 2805 4554 ιιι
2824 4489 3047 4556 dicterio
3070 4504 3369 4570 comparui,

1833 4598 2046 4650 hocest
2075 4595 2127 4646 in
2179 4594 2296 4644 loco
2338 4593 2425 4644 ubi
2459 4592 2614 4643 verba
2649 4591 2837 4643 facturi
2880 4607 2936 4645 se
2965 4593 3236 4653 exhibent,
3260 4593 3374 4646 sive

1832 4687 2137 4746 ambonem,
2166 4683 2276 4736 sive
2299 4691 2626 4749 suggestum,
2645 4677 3095 4732 sive'auditorium
3114 4679 3367 4747 appelles,

1832 4786 1884 4829 et
1913 4789 2080 4843 pauca
2123 4771 2362 4840 qumdam
2397 4768 2527 4820 dixi.
2583 4787 2601 4818 ι
2648 4767 2748 4832 Qui
2785 4769 2896 4836 jam
2934 4770 3177 4823 adductis
3222 4770 3371 4822 testi-

1833 4864 2025 4918 moniis
2062 4863 2215 4913 tidem
2246 4875 2351 4910 non
2386 4858 2621 4917 adhibet,
2651 4856 2858 4908 etiamsr
2888 4865 3138 4907 sexcenta
3167 4865 3265 4906 alia
3295 4857 3375 4906 of—
3404 4858 3414 4862 “

1834 4953 2093 5010 ferantur,
2123 4946 2450 5016 pervicacius
2483 4939 2806 5012 indurescet.
2836 4943 3168 5012 Legebantur
3197 4944 3374 5011 itaque

1798 5042 1889 5094 -in
1931 5039 2164 5093 Ecclesia
2193 5046 2304 5090 tum
2345 5037 2532 5090 Latina
2581 5045 2694 5088 tum
2735 5034 2914 5089 Graeca
2945 5040 3051 5087 non
3091 5033 3377 5100 Scriptura:

1834 5143 1996 5181 sacra:
2020 5126 2371 5191 solummodo,
2400 5126 2494 5179 sed
2521 5135 2572 5178 et
2611 5127 2740 5187 Acta
2770 5132 3075 5182 martvrum,
3115 5130 3170 5174 et
3201 5122 3254 5174 in
3284 5123 3376 5177 iis-

1834 5217 1954 5269 dem
1978 5213 2402 5269 solemnitatibus
2425 5214 2491 5267 ab
2514 5210 2898 5279 antiquioribus
2922 5209 3166 5262 Patribus
3186 5203 3394 5265 habiue’

1842 5308 2111 5361 orationes
2133 5317 2255 5361 ante
2278 5306 2546 5368 Carolum,
2574 5300 2812 5372 quamvis
2840 5297 2892 5352 id
2917 5300 3162 5367 nequiter
3184 5313 3380 5372 negent

1837 5410 1891 5456 ct
1919 5399 2143 5456 Rivetus
2169 5409 2224 5454 et
2250 5398 2573 5454 Perkinsius.

1915 5510 2128 5573 Dicent,
2161 5507 2368 5562 facinus
2407 5489 2514 5560 hoc
2543 5517 2646 5556 non
2691 5513 2809 5552 esse
2848 5506 3028 5550 natum
3065 5497 3211 5563 'apnd
3264 5497 3382 5549 illos

1848 5613 1919 5654 no
1954 5617 2064 5665 um,
2095 5603 2184 5655 scd
2205 5602 2414 5667 culpam
2448 5592 2773 5652 referendam
2799 5603 2918 5641 esse
2945 5587 2997 5638 in
3022 5584 3385 5651 Sigebertnm.

1829 5681 2147 5746 et-Paulum
2170 5689 2470 5747 IEmilium,
2487 5683 2718 5749 quiante
2748 5695 2806 5732 se
2830 5675 3071 5730 fraudem
3094 5671 3231 5723 hanc
3246 5687 3382 5722 cono

1847 5765 2118 5848 ceperunt.
2166 5777 2352 5832 Dicent
2400 5773 2645 5841 equidem
2672 5812 2686 5837 ,
2733 5768 2823 5825 sed
2859 5760 3047 5820 callido
3080 5754 3355 5812 mendacio
