4094 6350
736 478 869 533 1219

1546 502 1549 507 ν
1609 482 1856 542 LEONIS
1890 488 2168 546 ALLATll
2207 490 2525 549 DIA'I‘RIBA
2560 476 2663 552 nu
2684 484 3088 552 rneononis.

3797 490 3944 546 £9.30

728 598 1103 668 Proponamus
1129 599 1289 653 verba
1320 598 1580 668 Sigeberti
1612 610 1727 656 tum
1760 618 1825 656 ex
1856 603 2132 671 Chronico,
2156 616 2268 659 tum
2302 617 2344 669 Α
2372 608 2519 664 nium
2552 610 3021 665 Annnntiationem
3046 608 3398 663 sanctissimae
3422 606 3513 663 Dei
3544 604 3881 669 Gcnitricis;
3917 623 3934 652 ι

728 703 794 742 οι
826 689 963 743 libro
991 687 1062 741 De
1092 690 1431 759 scriptoribus
1475 692 1625 760 (cap.
1682 692 1781 761 8i)
1821 714 1833 746 :
1875 712 1892 744 ι
1929 694 2154 749 Carolus
2181 696 2282 749 im-

700 770 955 847 pet-ator
999 792 1092 848 per
1130 794 1353 834 nianum
1409 780 1563 836 Pauli
1607 783 1819 838 diaconi
1868 786 1951 841 sui
1992 786 2282 855 decerpens

731 867 931 935 optima
960 882 1189 938 quaeque
1241 868 1307 924 de
1349 871 1565 939 scriptis
1613 873 1997 927 catholicorum
2024 872 2241 929 Patrum
2262 918 2278 943 ,

731 960 991 1014 lectiones
1017 944 1308 1029 unicuique
1338 960 1611 1017 iestivitati
1642 965 2025 1021 convenientes
2057 980 2153 1035 per
2175 962 2282 1022 cir-

731 1052 913 1105 culum
946 1051 1072 1105 anni
1108 1052 1162 1105 in
1195 1050 1437 1107 Ecclesia
1470 1053 1727 1129 legendas
1755 1056 2037 1126 compilari
2077 1057 2205 1114 fecit
2225 1059 2281 1113 in

729 1142 943 1197 duobus
1006 1142 1396 1198 voluminibus.
1448 1163 1468 1196 ι
1523 1143 1600 1199 De
1630 1144 1767 1201 Vitis
1825 1140 2171 1216 sanctorum,
2215 1150 2282 1205 de

732 1220 946 1302 hymnis
973 1232 1027 1285 in
1058 1231 1163 1297 his,
1198 1245 1266 1285 ne
1291 1231 1513 1286 verbum
1530 1231 1766 1303 quidem.
1808 1231 1927 1299 Qua
1959 1233 2133 1291 fronte
2154 1252 2281 1308 ergo

728 1322 947 1385 dicitur,
970 1335 1035 1375 ex
1071 1322 1153 1374 his
1171 1318 1431 1390 Sigeberti
1462 1324 1662 1389 verbis,
1689 1334 1742 1379 et
1764 1323 1913 1381 Vitas
1946 1335 2278 1394 sanctorum,

728 1422 781 1467 et
826 1412 1056 1482 hymnos
1104 1410 1256 1465 festis
1296 1413 1697 1467 convenientes
1736 1429 1767 1467 a
1817 1416 2012 1471 Carolo
2043 1398 2277 1486 primum

728 1502 1051 1565 constitutos
1088 1499 1293 1556 fuisse?
1338 1501 1404 1556 Et
1428 1504 1700 1571 quomodo
1722 1504 1932 1573 primus
1960 1508 2276 1573 constituit,

728 1593 820 1661 qui
844 1607 909 1647 ex
943 1592 1329 1647 catholicorum
1362 1591 1582 1647 Patrum
1604 1595 1829 1664 scriptis
1849 1636 1865 1661 ,
1890 1612 2016 1665 quae
2044 1608 2167 1652 ante
2193 1599 2276 1668 ip-

729 1700 847 1738 sum
882 1692 1069 1749 erant,
1114 1684 1400 1751 decerpere
1440 1683 1673 1738 Paulum
1698 1686 1899 1754 jussit?
1940 1688 2105 1743 Erant
2149 1704 2279 1759 ergo

728 1787 851 1830 ante
882 1775 1133 1829 Carolum
1175 1773 1438 1842 ejusmodi
1480 1773 1677 1843 scripta
1740 1774 1794 1827 in
1853 1774 2127 1842 Ecclesia,
2186 1778 2278 1833 sed

728 1882 852 1920 cum
902 1867 969 1919 ab
1025 1865 1289 1919 hmreticis
1330 1864 1469 1935 male
1529 1864 1710 1918 habita
1735 1903 1749 1928 ,
1793 1873 1847 1919 et
1887 1864 2145 1919 addititiis
2183 1852 2277 1922 doc

727 1957 916 2011 ctrinis
936 1964 1289 2025 conspurcata
1310 1955 1477 2008 multa
1496 1964 1754 2021 cerneret,
1773 1954 1939 2025 jussit
1958 1966 2016 2011 ut
2038 1957 2274 2012 triticum

726 2062 791 2099 ex
822 2046 1208 2100 catholicorum
1245 2044 1463 2114 scriptis
1483 2085 1498 2109 ,
1535 2044 1750 2113 rejectis
1796 2046 2091 2112 haereticis,
2120 2040 2279 2117 elige-

725 2147 894 2191 retur.
920 2134 1034 2189 Non
1071 2136 1253 2202 itaque
1278 2134 1391 2203 ipse
1428 2135 1635 2204 primus
1673 2136 1983 2190 constituit.
2017 2135 2155 2191 Tum
2182 2138 2278 2192 de-

727 2238 899 2287 mum,
936 2237 1002 2274 an
1039 2236 1207 2274 unum
1237 2230 1289 2274 et
1322 2221 1460 2274 idem
1495 2216 1593 2275 tibi
1612 2228 1635 2287 ,‘
1658 2221 1873 2288 Rivete,
1900 2225 2109 2280 videtur
2134 2240 2281 2280 com-

715 2308 895 2381 pilare
941 2311 1153 2377 facere,
1227 2318 1281 2365 et
1325 2310 1699 2365 constituere?
1747 2311 2052 2383 Compilare
2100 2320 2181 2369 es't
2223 2316 2276 2369 in

729 2418 895 2456 unum
948 2417 1179 2473 cogere:
1237 2401 1469 2470 primum
1518 2402 1873 2469 constituere,
1916 2413 1999 2457 est
2047 2404 2279 2473 primum

728 2502 991 2555 statuere,
1026 2506 1325 2562 proponere
1345 2531 1360 2556 ,
1388 2491 1682 2547 decernere
1701 2530 1717 2546 .
1753 2492 2129 2564 Compilantur
2160 2509 2280 2563 qua:

722 2574 849 2638 ante
892 2592 1077 2649 erant;
1124 2583 1364 2652 primum
1396 2583 1800 2637 constituuntur
1851 2599 1971 2654 qua:
2016 2591 2131 2638 tum
2167 2584 2281 2654 pri.-

725 2690 872 2728 mum
917 2680 1232 2747 nascuntur.
1272 2670 1329 2725 Si
1372 2686 1498 2741 ergo
1544 2681 1698 2726 erant
1724 2681 1912 2739 antea,
1964 2686 2072 2726 non
2105 2674 2281 2743 potuit

726 2765 933 2832 primus
965 2763 1297 2817 constituere
1322 2800 1337 2823 .
1378 2761 1553 2828 potuit
1593 2759 1772 2815 tamen
1805 2760 1919 2829 ipse
1948 2763 2276 2833 compilare,

726 2855 809 2907 vel
840 2851 1017 2907 iacere
1069 2860 1127 2905 ut
1165 2850 1370 2904 Paulus
1404 2851 1737 2920 compilaret.
1760 2850 1898 2905 Male
1917 2866 2045 2922 ergo
2073 2852 2278 2923 legeras

726 2944 886 2997 verba
919 2940 1198 3011 Sigeberti,
1230 2941 1383 3010 pejus
1411 2954 1764 3009 conceperas,
1798 2941 2034 3009 pessime
2066 2952 2158 2996 tua
2178 2957 2277 3012 pro

726 3037 870 3089 illius
908 3034 1087 3089 verbis
1117 3033 1454 3096 divenditas,
1500 3040 1553 3087 et
1590 3032 1841 3087 lectorem
1877 3031 2045 3087 fallis.
2081 3032 2145 3088 Et
2202 3035 2278 3089 sic

723 3127 848 3180 talis
882 3140 1033 3178 error
1089 3125 1142 3177 in
1200 3134 1429 3191 utroque
1481 3131 1720 3177 vestrum
1772 3120 1889 3177 fuit.
1946 3122 2097 3177 Pauli
2151 3140 2278 3178 vero

723 3213 931 3268 xEmilii
969 3213 1045 3265 De
1084 3213 1239 3286 gestis
1268 3211 1595 3264 Francorum
1621 3212 1673 3265 in
1716 3210 1908 3266 Carolo
1958 3213 2066 3281 (ed.
2109 3212 2274 3267 Basil.

725 3303 886 3378 ιι.“65)
898 3304 1061 3356 verba
1077 3311 1232 3355 sunt:
1266 3320 1283 3351 ι
1310 3301 1701 3357 Vctustissimis
1720 3304 2138 3372 exemplaribus,
2161 3319 2281 3358 san-

724 3392 930 3460 ctisque
955 3391 1288 3451 auctoribus,
1334 3390 1560 3457 imperio
1595 3407 1801 3461 opeque
1828 3392 2011 3447 Caroli
2043 3395 2279 3464 undique

723 3481 1065 3551 conquisitis,
1093 3492 1388 3550 martyrum
1414 3479 1553 3533 vitas
1580 3491 1934 3551 mortemque,
1960 3500 2025 3539 ac
2054 3494 2277 3539 caetero-

724 3587 845 3623 rum
897 3572 1147 3625 divorum
1181 3610 1194 3636 ,
1258 3586 1469 3624 summa
1535 3571 1796 3625 brevitate
1846 3576 2155 3641 perstrinxit
2223 3576 2277 3629 in

726 3660 937 3729 templis
978 3662 1251 3729 legendas.
1285 3679 1304 3713 ι
1354 3661 1499 3715 Nulli
1538 3662 1628 3715 hic
1668 3663 1854 3732 hymni
1888 3677 2275 3723 memorantur.

724 3752 1005 3807 Lectiones
1040 3770 1180 3821 quas
1226 3770 1437 3809 summa
1468 3754 1728 3808 brevitate
1757 3756 2097 3823 [perstrinxit
2140 3756 2279 3811 Pau-

724 3839 841 3907 lus,
866 3858 932 3895 ex
969 3829 1353 3897 vetustissimis
1383 3843 1780 3912 exemplaribus
1826 3844 2135 3915 sanctisque
2182 3860 2279 3899 au-

724 3930 965 3985 cto'ribus
1006 3932 1267 3999 decerpta:
1300 3940 1444 3984 sunt.
1480 3930 1741 3987 Laborem
1764 3931 1915 3987 Pauli
1950 3948 2050 4003 Ope
2077 3950 2172 3987 sua
2205 3944 2278 3988 at-

723 4037 831 4091 que
865 4022 1090 4089 imperio
1126 4021 1351 4074 Carolus
1398 4023 1700 4097 promovit,
1730 4024 2057 4093 exemplaria
2087 4041 2277 4097 nempe

723 4112 1095 4182 conquirendo
1116 4153 1131 4177 ,
1167 4120 1220 4167 et
1267 4122 1515 4182 sumptus
1544 4115 1843 4184 erogando,
1886 4124 1945 4168 ut
1976 4111 2276 4185 promptius

726 4208 784 4261 in
840 4205 1079 4260 Ecclesia
1131 4206 1454 4274 legerentur,
1490 4222 1608 4275 quae
1641 4207 1805 4259 nimia
1848 4220 1946 4259 sua
1974 4208 2277 4273 prolixitate

723 4297 953 4351 lectores
981 4298 1251 4363 segniores
1288 4297 1602 4351 reddebant.
1635 4294 1918 4361 Quomodo
1947 4294 2128 4364 itaque
2167 4297 2278 4365 pri-

727 4400 848 4438 mus
872 4375 1096 4436 Carolus
1132 4384 1387 4439 lectiones
1432 4385 1583 4440 iestis
1612 4394 1919 4440 sanctorum
1955 4385 2278 4439 convenien—

727 4480 809 4527 tes
837 4471 1150 4526 constituit?

2383 713 2489 752 non
2523 708 2582 753 ut
2612 711 2889 771 argutatur
2926 700 3144 754 Rivctus
3176 700 3273 756 has
3294 714 3413 755 esse
3445 698 3662 754 dubias.
3704 697 3835 765 quia
3864 695 3940 749 le-

2380 790 2587 844 ctiones
2607 800 2658 843 et
2683 787 2871 861 hymni
2895 789 3085 845 diebus
3109 789 3263 845 festis
3284 778 3667 845 convenientes
3692 787 3935 855 priurum

2379 897 2410 935 a
2434 879 2627 935 Carolo
2670 880 2860 949 Magno
2906 881 3184 936 constituti
3223 880 3351 935 sint.
3381 877 3640 943 Quamvis
3663 891 3792 930 vero
3849 890 3938 929 ar-

2380 977 2692 1032 gumentum
2731 967 2994 1023 Perkinsii
3049 970 3256 1023 nullum
3303 968 3393 1033 sit,
3429 978 3488 1021 ut
3537 980 3702 1035 supra
3736 964 3938 1033 proha-

2378 1064 2495 1108 tum
2523 1064 2625 1123 est,
2659 1065 2890 1113 attamen
2912 1057 3042 1112 illud
3064 1056 3374 1111 ‘maximum
3408 1056 3461 1109 in
3508 1054 3703 1109 Riveto
3731 1052 3935 1115 fuerit,

2381 1147 2566 1202 critico
2620 1163 2801 1202 rerum
2852 1163 3128 1204 sacrarum
3156 1146 3586 1215 improbissimo,
3620 1158 3793 1214 pauca
3824 1143 3935 1195 ista

2379 1235 2643 1293 Perkinsii
2684 1240 2949 1317 intellecta
3006 1253 3113 1292 non
3147 1235 3336 1291 fuisse.
3360 1221 3424 1288 Et
3452 1236 3611 1305 plane
3636 1247 3934 1303 argumen-

2381 1336 2493 1380 tum
2522 1325 2788 1397 Perkinsii
2814 1326 2886 1380 ita
2918 1334 3232 1393 conceptum
3267 1323 3643 1378 stultissimum
3668 1330 3774 1376 est.
3798 1319 3932 1373 Ete—

2378 1421 2490 1471 nim
2514 1419 2560 1472 si
2589 1418 2715 1486 quia
2744 1417 3065 1486 hymnorum
3100 1424 3155 1472 et
3199 1416 3456 1471 feStorum
3486 1413 3696 1468 dierum
3728 1410 3930 1466 memi-

2378 1510 2481 1572 nit,
2516 1508 2637 1562 ideo
2662 1517 2770 1562 tres
2805 1508 2887 1562 vel
2924 1517 3154 1578 quatuor
3188 1507 3303 1563 ista:
3328 1504 3593 1558 orationes
3618 1502 3934 1572 rejiciendze

2379 1607 2525 1659 sunt,
2581 1596 2868 1666 rejicienda
2924 1606 3079 1651 erunt
3110 1606 3163 1651 et
3211 1593 3529 1665 Evangelia,
3570 1602 3625 1647 et
3667 1592 3933 1661 Epistola:

2377 1688 2560 1752 Pauli,
2603 1699 2657 1743 et
2698 1696 2778 1742 tot
2831 1688 2934 1742 alia
2984 1698 3329 1753 sanctorum,
3378 1686 3470 1756 qui
3498 1694 3633 1739 ante.
3665 1684 3930 1739 Carolum

2378 1779 2660 1844 vixeruct,
2710 1787 3056 1832 monumenta
3086 1777 3477 1847 pulcherrima,
3522 1774 3661 1829 etde
3689 1764 3928 1843 quorum

2378 1871 2691 1924 auctoribus
2717 1868 2965 1923 dubitare
2993 1867 3143 1923 nefas
3186 1878 3350 1933 esset,
3370 1866 3452 1933 vel
3474 1868 3537 1920 eo
3569 1865 3688 1919 solo
3710 1865 3931 1918 nomine

2376 1962 2521 2030 quod
2551 1961 2605 2014 in
2629 1960 2733 2018 illis
2764 1954 2967 2014 mentio
2996 1959 3239 2023 habetur,
3259 1968 3310 2013 et
3331 1959 3537 2013 dierum
3563 1956 3849 2019 festorum,
3878 1966 3931 2008 et

2378 2050 2733 2121 hymnorum,
2785 2048 2932 2119 quod
2974 2048 3076 2103 ista
3113 2047 3348 2116 primum
3390 2060 3419 2099 a
3471 2045 3668 2107 Carolo
3719 2045 3929 2098 constio

2377 2148 2490 2195 tuta
2518 2140 2644 2194 sint.
2897 2164 2911 2218 γη
3772 2121 3776 2124 ’

2447 2230 2513 2284 Ει
2536 2239 2598 2285 ιιι
2621 2230 2793 2300 magis
2814 2244 3032 2300 urgeam
3056 2270 3071 2295 ,
3111 2227 3193 2282 hae
3226 2227 3614 2297 Thaumaturgi
3652 2228 3927 2282 orationes

2377 2307 2611 2389 quatuor
2663 2331 2810 2384 sunt,
2852 2330 2963 2376 tres
3017 2322 3074 2373 in
3119 2320 3630 2381 Annuntiationem,
3661 2322 3823 2375 unica
3871 2321 3925 2374 in

2341 2429 2344 2432 ’
2382 2406 2804 2479 Theophaniam,
2828 2417 2882 2463 et
2905 2424 2969 2463 ex
2994 2409 3080 2463 his
3113 2409 3165 2461 in
3190 2424 3294 2461 una
3324 2416 3554 2469 tantum,
3585 2422 3707 2475 qua:
3732 2418 3814 2463 est
3835 2423 3923 2463 se-

2378 2498 2551 2551 cunda
2582 2497 2636 2551 in
2664 2497 3135 2557 Aununtiationem
3156 2537 3170 2563 ,
3202 2505 3256 2551 et
3287 2496 3491 2549 dierum
3533 2497 3827 2561 festorum,
3874 2508 3926 2550 et

2340 2572 2703 2657 "hymnorum
2733 2584 2792 2640 ﬁt
2817 2582 3036 2639 m’entio.
3064 2582 3192 2649 Quae
3216 2585 3409 2655 poterit
3452 2584 3719 2653 assignari
3751 2586 3921 2644 ratio,

2378 2688 2439 2733 ut
2465 2693 2570 2732 una
2598 2676 2761 2732 simul
2783 2662 2906 2730 cum
2928 2674 3030 2730 hac
3050 2675 3269 2743 reliquae
3298 2674 3651 2743 rejiciantur?
3693 2673 3921 2726 Etiamsi

2377 2782 2498 2837 qua:
2522 2768 2586 2821 de
2612 2766 2764 2821 festis
2800 2774 2855 2819 et
2901 2764 3114 2835 hymnis
3138 2765 3395 2833 loquitur,
3419 2778 3449 2817 e
3472 2763 3689 2831 scriptis
3740 2761 3921 2815 Thau-

2378 2859 2606 2927 maturgi
2649 2866 2794 2912 esset
2844 2856 3267 2922 exterminanda,
3304 2856 3404 2908 ista
3443 2868 3550 2908 non
3578 2868 3688 2906 una
3737 2868 3921 2908 secum

2379 2950 2612 3004 traheret
2634 2949 2786 3002 alias.
2814 2945 2920 3002 Fac
2940 2947 3081 3001 enim
3109 2945 3245 2998 inter
3260 2944 3535 2997 orationes
3551 2941 3923 3005 Seleucianas,

2377 3042 2463 3093 vel
2504 3038 3009 3110 Chrysostomianas
3045 3035 3114 3088 sit
3147 3048 3276 3097 una,
3325 3047 3447 3101 quae
3487 3030 3923 3094 beleuciensem,

2379 3128 2461 3181 vel
2494 3104 2936 3195 Chrysostomum
2970 3137 3077 3177 non
3125 3116 3409 3191 agnoscat,
3462 3121 3653 3175 ideone
3707 3130 3763 3175 et
3800 3122 3924 3176 reli-

2378 3232 2497 3285 quae
2532 3216 2647 3269 alia:
2683 3212 3032 3267 amandandm
3082 3212 3244 3266 sunt?
3292 3210 3474 3265 Κακοῦ
3506 3212 3735 3282 κόρακος
3756 3210 3923 3264 κακὸν

2380 3307 2503 3360 ὠὸν.
2536 3288 2679 3358 inter
2708 3305 2889 3359 decem
2938 3302 3299 3357 adolescentes
3339 3317 3480 3355 unus
3534 3303 3751 3370 spurius
3802 3311 3921 3365 est,

2382 3414 2553 3467 neque
2589 3397 2915 3461 indubitate,
2954 3410 3079 3464 ergo
3133 3394 3307 3448 caeteri
3338 3406 3527 3446 omnes
3545 3392 3753 3461 spurii?
3781 3392 3925 3447 Inter

2380 3491 2560 3543 decem
2592 3489 2820 3556 pecudes
2847 3502 2953 3541 una
3002 3487 3151 3555 nigra
3190 3494 3273 3538 est
3293 3524 3306 3548 ,
3337 3498 3465 3552 ergo
3486 3493 3539 3535 et
3568 3482 3785 3549 reliqua:
3816 3496 3921 3534 no—

2379 3583 2533 3632 vem?
2582 3578 2647 3631 Et
2702 3590 2759 3631 ut
2801 3577 3003 3639 ﬁniam,
3059 3576 3196 3627 inter
3243 3574 3459 3629 criticos
3487 3587 3671 3626 sacros
3696 3571 3921 3633 Rivetus

2379 3684 2565 3721 amens
2620 3668 2947 3733 demensque
2997 3672 3098 3729 est,
3151 3676 3280 3730 ergo
3340 3674 3388 3717 et
3428 3670 3696 3731 quotquot
3747 3661 3919 3713 critici

2379 3759 2517 3811 sacri
2540 3757 2700 3811 sunt?
2741 3755 2938 3807 Demus
2981 3768 3108 3822 ergo
3153 3753 3536 3805 dubitationem
3575 3766 3698 3805 esse
3734 3752 3800 3803 de
3839 3765 3922 3803 se-

2379 3844 2552 3896 cunda
2588 3842 2640 3893 in
2668 3841 3167 3905 Annnntiationem,
3198 3841 3322 3907 quia
3353 3849 3407 3891 et
3449 3839 3664 3907 hymni,
3703 3849 3758 3890 et
3804 3838 3921 3889 dies

2379 3932 2500 3985 festi
2542 3932 2593 3984 in
2616 3945 2677 3985 ea
2708 3930 2978 3995 tinniunt;
3013 3944 3140 3997 ergo
3182 3938 3460 3998 propterea
3495 3937 3549 3981 et
3579 3927 3696 3980 alia:
3723 3928 3920 3979 ibidem

2379 4037 2601 4075 annexa:
2649 4022 2702 4075 in
2749 4021 2970 4075 dubium
2997 4018 3307 4072 vertantur?
3331 4015 3637 4077 Vertantur,
3669 4015 3920 4068 fatebitur

2379 4115 2558 4169 forsan
2582 4114 2824 4179 Rivetus,
2861 4114 2945 4166 cui
2981 4111 3158 4165 omnia
3189 4124 3345 4164 sacra
3377 4109 3428 4160 in
3463 4107 3685 4159 dubium
3712 4119 3920 4160 vertere

2378 4205 2433 4257 in
2469 4204 2651 4256 animo
2680 4212 2781 4256 est.
2818 4202 2883 4254 Et
2930 4204 3040 4255 hzec
3083 4200 3300 4269 quidem
3338 4199 3405 4251 ad
3434 4198 3670 4251 rationes
3713 4196 3919 4259 Riveti,

2378 4290 2697 4353 Gordianis,
2744 4300 2803 4343 ut
2848 4291 2947 4358 ipsi
3008 4290 3243 4359 videtur,
3299 4288 3452 4341 nodis
3508 4288 3918 4350 circumllexss,

2378 4384 2510 4438 satis
2535 4384 2660 4435 sint.

2454 4471 2707 4526 Scribunt
2736 4472 2823 4524 alii
2864 4490 2874 4523 :
2912 4470 3103 4534 Verba,
3137 4474 3255 4539 qua:
3288 4471 3351 4524 ad
3382 4469 3637 4525 Jordanis
3669 4472 3819 4540 ripas
3870 4481 3921 4524 et

796 4558 978 4629 Neque
1027 4560 1157 4614 illud
1218 4561 1575 4615 omittendum
1625 4570 1708 4615 est
1734 4581 1747 4615 :
1798 4562 1958 4617 verba
2013 4562 2273 4618 Perkinsii
2306 4575 2348 4630 υ
2379 4564 2431 4616 in
2457 4573 2639 4616 monte
2660 4563 2789 4615 dicit
2822 4562 2978 4615 Pater
3002 4562 3066 4615 de
3088 4561 3321 4627 Christo,
3352 4563 3423 4631 ita
3453 4562 3733 4631 conjungit
3758 4570 3919 4627 atque

728 4652 1020 4721 quau'pse,
1056 4660 1113 4705 ut
1142 4666 1304 4720 supra
1335 4652 1465 4713 dixi,
1493 4666 1598 4704 non
1621 4651 1746 4717 vidi,
1773 4666 1834 4704 ex
1871 4654 2065 4720 quibus
2088 4664 2165 4707 tot
2186 4671 2271 4708 er-

728 4758 876 4797 rores
926 4752 1351 4813 consequuntur,
1430 4740 1649 4795 Rivetus
1690 4740 1898 4793 videtur
1946 4757 2050 4813 non
2120 4742 2275 4797 intel-

728 4835 940 4887 lexisse.
988 4833 1475 4903 Argumentabatur
1515 4830 1781 4899 siquidem
1826 4829 2171 4893 Perkinsius,
2228 4833 2273 4886 si

729 4920 874 4977 sanae
901 4923 1097 4975 mentis
1133 4926 1352 4991 compos
1384 4921 1686 4981 scribebat,
1709 4920 1985 4982 lectiones,
2021 4920 2273 4990 hymnos,

729 5022 781 5064 et
806 5008 954 5063 Vitas
984 5019 1289 5063 sanctorum
1334 5010 1526 5063 diebus
1560 5008 1711 5062 festis
1740 5009 2136 5072 convenientes,
2168 5008 2275 5076 pri-

732 5115 875 5153 mum
901 5114 933 5153 a
954 5098 1149 5152 Carolo
1171 5100 1490 5155 constitutos
1514 5099 1702 5153 fuisse.
1730 5097 1869 5168 Ergo
1902 5099 1981 5151 hae
2009 5100 2275 5153 orationes

732 5197 811 5243 tot
853 5198 978 5243 ante
1022 5189 1216 5242 smcula
1256 5190 1539 5244 scribentis
1589 5189 1978 5260 Thaumaturgi
2020 5205 2141 5243 esse
2167 5206 2272 5243 non

734 5289 976 5346 possunt.
1014 5277 1079 5331 Et
1110 5276 1451 5331 manifestum
1493 5291 1603 5343 est,
1649 5283 1793 5352 quod
1850 5282 1904 5334 in
1958 5294 2144 5333 earum
2193 5295 2277 5333 se-

736 5368 905 5421 cunda
926 5410 940 5433 ,
965 5369 1079 5437 ipso
1108 5368 1285 5420 statim
1313 5367 1496 5432 initio,
1522 5371 1705 5425 talium
1734 5372 1933 5425 mentio
1967 5370 2227 5424 habeatur
2257 5387 2271 5422 :

745 5457 964 5527 Ἑορτὰς
998 5461 1096 5528 μὲν
1127 5461 1339 5521 ἁπάσας
1362 5461 1453 5511 καὶ
1476 5460 1741 5535 ὑμνῳδίαις
1767 5464 1881 5516 δέον
1904 5465 2051 5535 ἡμᾶς
2081 5461 2276 5515 Θυσιῶν

735 5547 886 5614 δίκην
928 5551 1249 5622 προσφέρειν
1300 5552 1375 5621 τῷ
1406 5551 1541 5619 Θεῷ,
1575 5532 1783 5621 πρῶπξον
1831 5554 1887 5606 δὲ
1920 5532 2132 5607 ἰιιάντων
2186 5553 2275 5606 τὸν

736 5637 1138 5708 Εὐαγγελισμὸν
1172 5642 1269 5710 τῆς
1292 5642 1452 5708 ἁγίας
1480 5640 1755 5692 Θεοτόκουο
1796 5661 1814 5693 ι
1837 5642 2027 5697 Sacras
2060 5642 2272 5711 quidem

738 5725 992 5779 festorum
1024 5730 1358 5785 celebritates
1398 5740 1559 5801 atque.
1594 5732 1821 5800 hymnos
1849 5731 2001 5785 decet
2041 5746 2139 5785 nos
2196 5747 2277 5785 sa-

734 5814 1058 5870 criﬁciorum
1088 5816 1255 5873 instar
1281 5819 1473 5877 oﬂerre
1502 5821 1632 5885 Deo,
1665 5820 1900 5886 primum
1941 5829 2120 5876 autem
2151 5834 2270 5875 om-

2378 4654 2778 4721 interpretatur,
2834 4668 2896 4705 ac
2940 4652 2985 4705 si
3032 4652 3143 4719 ipsa
3177 4651 3426 4720 baptismi
3458 4652 3589 4704 hora
3622 4652 3761 4703 dicta
3788 4650 3918 4703 fuis-

2378 4753 2495 4797 sent
2521 4785 2535 4808 ,
2573 4753 2759 4797 auctor
2801 4743 3033 4796 homilite
3073 4744 3124 4795 in
3151 4741 3593 4811 TheOphaniam:
3641 4757 3659 4787 ς
3697 4737 3794 4790 Hic
3833 4749 3913 4793 est

2376 4833 2545 4888 Filius
2577 4850 2727 4889 meus
2751 4835 2996 4895 dilectus,
3041 4835 3091 4886 in
3121 4848 3229 4902 quo
3258 4833 3387 4893 mihi
3436 4832 3569 4883 bene
3598 4831 3912 4897 complacui.

2377 4922 2544 4975 Filius
2561 4925 3051 4987 consubstantialis,
3078 4942 3096 4975 ι
3114 4934 3237 4988 etc.,
3256 4921 3395 4976 unde
3417 4920 3696 4989 perspicue
3723 4921 3917 4989 signiti-

2377 5021 2529 5065 catur
2559 5025 2827 5068 auctorem
2856 5017 2997 5070 illius
3030 5016 3261 5069 homiliaa
3280 5011 3559 5079 scripsisse
3586 5020 3705 5078 post
3727 5012 3839 5063 Arii
3866 5023 3915 5065 et

2382 5100 2593 5153 concilii
2622 5098 2818 5153 Niezeni
2843 5111 3111 5171 tempora,
3145 5103 3253 5155 imo
3284 5109 3406 5169 post
3440 5099 3583 5166 ipsos
3611 5098 3914 5153 Nestorium

2376 5199 2429 5242 et
2478 5189 2822 5259 Eutychetem
2877 5194 3177 5246 damnatos.
3218 5190 3358 5242 Idem
3402 5204 3616 5257 quoque
3647 5190 3913 5258 judicium

2378 5280 2680 5333 iaciendum
2711 5281 2776 5334 de
2804 5283 3072 5336 duodecim
3105 5280 3360 5349 capitibus
3385 5279 3448 5331 de
3483 5281 3615 5348 ﬁde,
3640 5296 3763 5334 cum
3791 5296 3914 5334 ana-

2376 5371 2735 5426 thematismis
2764 5386 2883 5439 qua:
2912 5388 3035 5427 cum
3075 5370 3512 5425 Nestorianorum
3546 5380 3599 5423 et
3631 5370 3911 5440 Eutychia-

2378 5478 2568 5515 norum
2601 5476 2812 5515 errores
2850 5475 2902 5515 et
2938 5458 3616 5529 blasphemiasdamnent,
3652 5475 3761 5513 non
3794 5475 3912 5528 pos-

2376 5543 2502 5605 sun't
2537 5560 2810 5604 auctorem
2842 5551 3037 5604 habere
3070 5548 3383 5618 Gregorium
3424 5547 3911 5617 Thaumaturgum,

2376 5642 2466 5708 qui
2501 5642 2682 5694 multis
2708 5650 2830 5693 ante
2858 5640 3049 5693 harum
3082 5639 3352 5693 haereseon
3381 5649 3559 5693 ortum
3592 5642 3752 5694 annis
3781 5641 3913 5692 diem

2376 5746 2531 5783 suum
2553 5732 2777 5784 obierat.
2802 5728 2924 5784 Haec
2952 5728 3088 5783 ratio
3112 5743 3217 5783 non
3236 5729 3390 5797 plane
3413 5729 3707 5782 concludit.
3741 5726 3918 5792 Neque

2375 5821 2516 5876 enim
2561 5822 2687 5891 quia
2738 5819 2956 5877 Patrum
3006 5820 3285 5887 sententiis
3313 5820 3577 5885 haereses,
3606 5833 3727 5887 qua:
3778 5817 3917 5885 ipsos
