4094 6350
156 450 288 509 ηαξ

1029 457 1270 512 LEOle
1308 457 1583 511 ALLATII
1623 454 1944 511 DIATRIBA
1983 455 2072 511 DE
2112 455 2517 514 TllEODORIS.

3240 433 3383 518 ἠεξ
3424 500 3425 503 γ

154 573 465 624 sulsecuta:
533 581 694 638 sunt,
755 573 1090 643 iugulantur,
1151 577 1270 631 ideo
1317 578 1451 631 bene
1500 578 1730 631 infertur
1760 585 1800 638 Α
1831 590 1935 644 que
1970 572 2266 631 Personam
2293 592 2388 647 per
2418 592 2475 633 se
2510 578 2826 644 subsistere,
2861 588 2916 633 et
2943 580 3101 635 aliam
3135 597 3255 637 esse
3286 582 3382 654 hy-

152 661 327 714 tlietas
354 664 649 717 sententias
675 664 757 718 vel
783 669 1172 721 commentaria
1198 708 1211 732 ,
1260 670 1314 721 in
1343 669 1542 751 quibus
1580 670 1717 737 tales

153 752 439 807 sententiae
484 754 825 823 digeruntur,
867 772 972 812 non
1010 772 1132 812 esse
1169 757 1387 811 Patrum
1421 759 1511 827 qui
1546 760 1715 814 haere-

153 836 308 894 sibns
346 838 721 909 praeivemut':
780 860 906 899 cum
969 844 1199 915 Spiritus
1249 857 1470 903 sanctus
1529 866 1714 903 eorum

153 936 394 981 mentem
426 937 480 983 et
515 931 783 1008 calamum
830 934 1067 1004 dirigens
1088 977 1104 999 ,
1156 946 1279 991 ante
1306 951 1521 993 exortas
1572 941 1715 1009 ipsas

154 1017 414 1084 haereses,
436 1036 529 1090 eas
552 1022 914 1093 proﬂigaverit
938 1044 951 1091 ;
988 1037 1045 1081 ut
1070 1029 1329 1083 baberent
1358 1030 1558 1094 fideles,
1590 1035 1713 1086 eum

154 1107 260 1160 illa:
289 1122 662 1175 nascerentur,
699 1113 767 1168 ad
808 1115 1086 1170 veritatem
1122 1121 1509 1174 ostendendam
1537 1122 1715 1175 subsi-

154 1184 265 1263 dia.
298 1196 428 1254 Inde
454 1202 595 1255 natis
617 1202 935 1269 haeresibus,
964 1206 1055 1274 qui
1093 1216 1204 1260 tum
1231 1208 1478 1281 vivebant
1509 1211 1711 1276 ﬁdeles,

152 1304 215 1342 ex
258 1291 607 1369 antiquorum
649 1294 867 1349 Patrum
907 1298 1125 1367 scriptis
1178 1300 1393 1369 eclOgas
1429 1292 1713 1358 commini-

154 1378 471 1446 scebantur,
532 1394 593 1441 ut
632 1400 831 1440 novum
884 1388 1101 1457 quidem
1159 1390 1530 1445 haereticorum
1594 1407 1715 1446 esse

106 1546 109 1547 ν
152 1471 375 1541 dogma,
403 1473 535 1529 illud
574 1478 753 1531 autem
780 1476 1036 1533 Ecclesia:
1057 1480 1499 1550 antiquissimum
1527 1491 1580 1535 et
1607 1481 1712 1549 Pa-

152 1572 298 1616 trum
328 1568 734 1641 commentariis
767 1569 1124 1635 insinuatum,
1146 1588 1210 1626 ex
1229 1574 1427 1642 quibus
1450 1574 1580 1628 illud
1616 1576 1713 1629 eli-

151 1664 362 1722 cerent,
406 1670 914 1716 commonstrarent.
960 1662 1037 1717 De
1075 1680 1184 1734 quo
1216 1680 1315 1720 nos
1367 1666 1491 1720 alibi
1536 1668 1706 1736 plura.

149 1744 337 1816 Quare
364 1740 539 1817 potuit
578 1759 633 1805 et
670 1749 1111 1825 Thaumaturgus
1158 1766 1284 1811 ante
1322 1756 1712 1829 Eutycliianam

148 1847 204 1890 et
234 1837 493 1892 Arianam
519 1840 767 1895 haeresim
792 1844 1068 1898 veritatem
1089 1862 1354 1920 promere,
1377 1850 1585 1918 etquod
1613 1850 1712 1905 Ee—

150 1928 319 1983 clesia
344 1930 459 1999 ipsa
490 1940 611 1998 post
645 1932 851 2002 aliquot
900 1936 1097 1989 sarcula
1141 1938 1400 1993 adversus
1428 1939 1710 1994 haereticos

147 2018 204 2070 in
239 2020 325 2073 sui
397 2020 764 2077 defensionem
810 2036 1154 2095 proponeret,
1202 2031 1584 2098 pnenuntiare.
1648 2031 1712 2086 Et

148 2109 381 2163 istorum
429 2112 565 2165 ratio
610 2128 717 2167 nou
763 2130 1151 2191 usquequaque
1196 2119 1395 2173 absona
1434 2120 1624 2186 fuerit,
1655 2135 1712 2176 ut

146 2197 236 2249 illa
280 2197 499 2252 Rireti:
548 2218 566 2250 ‹
596 2200 956 2257 Bellarminus
992 2206 1122 2259 nihil
1164 2222 1222 2261 se
1270 2207 1467 2263 habere
1504 2222 1710 2265 certum

145 2289 430 2355 proﬁtetur
478 2297 587 2355 tam
638 2292 704 2347 de
746 2295 984 2350 bomiliis
1037 2296 1089 2349 in
1144 2296 1625 2355 Annuutiationem
1659 2315 1712 2356 et

144 2376 507 2453 Epiphaniam
532 2380 890 2450 Dominicam,
926 2396 1093 2454 quam
1122 2387 1188 2440 de
1222 2388 1401 2443 libello
1428 2390 1503 2444 De
1532 2396 1710 2446 anima

142 2468 212 2518 ad
242 2465 567 2533 Tatiauum,
594 2486 827 2540 quorum
879 2485 1083 2529 veteres
1121 2493 1227 2531 non
1263 2482 1643 2537 meminerunt.
1686 2504 1705 2535 ι

141 2556 290 2629 Ergo
319 2559 410 2613 illa
446 2560 608 2615 dubia
648 2561 867 2618 fuerint.
921 2565 1087 2632 Quasi
1122 2585 1248 2624 vero
1272 2573 1415 2639 quod
1445 2576 1707 2629 incertum

144 2657 230 2701 est
254 2647 605 2715 Bellarmino,
645 2653 698 2707 id
734 2670 950 2723 quoque
991 2657 1044 2709 in
1078 2656 1318 2714 Ecclesia
1348 2653 1569 2717 dubium
1594 2667 1663 2720 sit
1694 2688 1705 2720 :

144 2746 201 2791 et
231 2753 467 2807 quorum
506 2756 727 2810 operum
769 2756 975 2800 veteres
1007 2762 1114 2800 non
1152 2750 1461 2817 meminere,
1514 2768 1575 2808 ea
1621 2756 1703 2808 iii--

106 2840 113 2845 ‘
144 2840 295 2884 certa
318 2832 459 2898 sint;
487 2843 539 2888 et
569 2837 725 2904 quasi
760 2847 971 2893 veteres
996 2842 1237 2895 omnium
1268 2844 1632 2914 meminerint,
1656 2859 1709 2902 et

141 2935 244 2975 nos
274 2925 519 2979 omnium
552 2937 814 2994 veterum,
846 2917 1182 3003 quaecunque
1206 2936 1293 2988 illa
1316 2935 1558 3001 fuerint,
1598 2954 1709 3008 prta

140 3014 398 3068 manibus
430 3016 747 3075 habeamus.
784 3021 889 3075 Sed
918 3022 1113 3088 Riveti,
1150 3041 1273 3080 cum
1314 3028 1572 3101 solidiora
1602 3046 1707 3086 non

142 3104 366 3171 habeat,
392 3107 485 3163 ltili
527 3124 850 3180 nugamenta
885 3115 1000 3169 haec
1039 3127 1184 3172 sunt.

217 3282 336 3338 Non
384 3288 562 3341 minor
604 3290 889 3347 difﬁcultas
932 3304 1016 3348 est
1063 3296 1129 3350 de
1166 3297 1506 3367 Expositione
1552 3305 1699 3373 ﬁdei,

135 3391 310 3447 quam
356 3378 445 3431 ille
482 3381 701 3449 scripsit
744 3394 799 3438 et
833 3388 1149 3455 publicavit,
1196 3396 1515 3463 voeavitque
1564 3400 1704 3452 κατὰ

137 3466 345 3537 μέρος·
394 3473 502 3522 no'n
529 3472 672 3540 quod
713 3490 780 3528 ex
822 3488 1004 3545 parte,
1046 3497 1166 3549 quze
1202 3496 1329 3538 sunt
1364 3487 1485 3540 fidei
1529 3492 1703 3543 tradat

135 3567 196 3609 et
226 3568 487 3625 exponat,
515 3560 596 3614 vel
622 3566 764 3632 quod
805 3584 907 3645 per
931 3583 1113 3640 partes
1140 3574 1288 3627 inibi.
1308 3575 1439 3630 ﬁdes
1468 3580 1701 3646 explice-

136 3656 250 3712 tur,
289 3648 371 3701 vel
396 3650 539 3717 quod
569 3652 727 3708 ﬁdem
766 3672 873 3711 non
904 3644 1215 3716 universam
1246 3665 1339 3717 sed
1366 3644 1559 3731 partim
1586 3677 1699 3721 tra-

137 3738 253 3803 dat,
294 3741 377 3792 vel
422 3739 568 3810 quod
608 3749 951 3821 particularis
996 3754 1128 3809 ﬁdes
1172 3755 1361 3819 fuerit,
1415 3758 1509 3812 sed
1553 3761 1700 3828 quod

135 3829 386 3899 singulas
418 3840 471 3887 et
491 3837 752 3904 speciales
773 3839 896 3895 ﬁdei
918 3853 1101 3911 partes
1121 3847 1385 3899 enucleat.
1414 3846 1544 3901 Eam
1568 3848 1700 3905 Vos-

138 3922 261 3977 sius
312 3924 554 3991 invenit,
600 3930 873 4003 ediditque
904 3934 1091 3991 Latine
1126 3939 1321 4004 solum,
1355 3956 1478 3995 cum
1512 3942 1698 3998 Graeca

135 4028 250 4066 non
279 4014 527 4071 habuerit
550 4019 654 4089 (5).
693 4020 886 4080 Subdit
912 4025 1291 4095 Bellarminus,
1320 4031 1553 4089 fortasse
1588 4036 1697 4091 falli

136 4101 420 4160 Vossium.
454 4100 587 4162 Nam
624 4109 901 4180 Expositio
924 4117 1261 4189 ﬁdei,cujus
1298 4126 1543 4181 meminit
1573 4144 1699 4183 san-

132 4201 261 4245 ctus
306 4192 561 4251 Basilius
587 4198 640 4251 in
682 4203 907 4270 epistola
957 4214 1056 4262 cex
1100 4209 1178 4262 ad.
1214 4210 1695 4285 Neocmsarienses,

134 4294 264 4335 vere
296 4294 325 4332 a
348 4280 752 4357 Thaumaturgo
786 4295 984 4363 scripta
1016 4297 1275 4354 adversus
1298 4282 1571 4359 Elianum
1596 4280 1693 4375 (6).

1820 666 2079 735 postasim
2106 665 2303 733 Patris,
2337 669 2497 741 aliam
2522 668 2798 735 Filii,’ete.
2825 669 3089 725 Praeterea
3114 670 3380 728 Vossiana

1817 755 2038 809 videtur
2070 758 2295 813 omnino
2328 760 2525 828 scripta
2558 770 2747 813 contra
2773 760 3025 825 Arianos,
3059 776 3122 816 ac
3152 777 3248 833 per
3276 764 3383 820 hoc

1818 849 1950 902 satis
1979 847 2071 901 diu
2106 858 2227 916 post
2258 859 2499 918 tempora
2529 849 2959 921 Thaumaturgi;
2997 853 3075 907 sic
3111 855 3257 908 enim
3294 855 3378 908 in-

1816 938 1983 1005 cipit:
2015 957 2033 990 ι
2065 926 2430 995 lnimicissimi
2483 950 2537 995 et
2582 942 2741 996 alieni
2791 957 2821 996 a
2860 941 3205 999 confessione
3251 961 3401 1015 apoo‘

1815 1029 2005 1082 stolica
2033 1038 2184 1094 sunt,
2209 1031 2299 1098 qui
2333 1030 2523 1083 dicunt
2558 1046 2679 1085 esse
2707 1029 2902 1086 Filium
2935 1048 3002 1087 ex
3028 1048 3135 1088 non
3154 1044 3383 1101 exstan-e

1816 1116 1982 1182 tibus,
2012 1137 2029 1169 ι
2056 1128 2162 1173 etc.
2190 1118 2257 1173 Et
2290 1119 2431 1175 infra
2460 1138 2474 1175 :
2507 1139 2525 1171 ι
2549 1118 2657 1176 Eos
2680 1135 2830 1185 vero,
2857 1122 2948 1192 qui
2978 1124 3382 1179 communicant

1815 1223 1938 1262 cum
1973 1210 2040 1263 iis
2070 1210 2163 1279 qui
2188 1209 2439 1279 rejiciunt
2466 1210 2863 1289 homoousion,
2885 1220 3143 1284 tanquam
3172 1204 3379 1270 alienos

1815 1313 1844 1351 a
1876 1295 2209 1368 Scripturis;
2263 1309 2318 1354 et
2348 1302 2459 1370 xqui
2510 1301 2700 1357 dicunt
2754 1304 2960 1373 aliquid
3006 1320 3074 1358 ex
3114 1302 3379 1381 Trinitate

1815 1399 2053 1444 creatum
2086 1406 2225 1457 esse,
2264 1392 2469 1465 alienos
2509 1393 2907 1449 existimamus.
2939 1412 2959 1445 ι
3012 1394 3240 1449 Constat
3280 1410 3378 1449 au-

1814 1487 1919 1531 tem
1956 1478 2188 1535 Arianos
2221 1481 2425 1535 dixisse
2478 1479 2673 1534 Filium
2708 1495 2830 1536 esse
2875 1496 3085 1538 exnon
3114 1484 3378 1539 exstanti-

1813 1572 1934 1637 bus,
1952 1582 2007 1627 et
2030 1574 2283 1643 rejecisse
2301 1575 2681 1631 homoousion.
2704 1576 3007 1654 Quinetiam
3039 1578 3113 1633 ita
3140 1579 3379 1649 disputat

1812 1663 1901 1717 hic
1946 1674 2137 1720 auctor
2181 1666 2247 1720 de
2292 1667 2697 1732 incarnatione,
2750 1680 2811 1725 ut
2852 1670 3099 1727 videatur
3131 1675 3378 1729 refellere

1813 1754 2165 1811 Nes:orianos
2214 1766 2267 1812 et
2300 1757 2706 1829 Eutychianos-
2735 1760 2803 1816 Et
2840 1763 2954 1827 hac
2980 1763 3199 1834 quidem
3247 1776 3378 1822 sunt

1814 1845 2124 1900 Bellarminl
2153 1856 2495 1917 argumenta.

1742 1917 1783 1969 Β
1880 1935 2071 1991 Posset
2098 1938 2220 1994 addi
2245 1939 2540 1993 auctoritas
2562 1939 2773 1997 Leontii
2809 1940 2884 1995 De
2906 1944 3084 2007 sectis,
3110 1951 3216 1998 act.
3242 1960 3366 2007 vm,

1810 2029 1863 2095 4,
1886 2029 1979 2099 qui
2009 2030 2085 2083 ait
2112 2048 2124 2082 :
2167 2028 2324 2082 Ἀλλὰ
2354 2029 2448 2082 καὶ
2478 2022 2659 2105 κᾶλλην
2712 2033 2841 2101 ἡμῖν
2873 2033 3069 2102 χρῆσιν
3121 2036 3371 2111 παρᾳφέ-
3398 2062 3402 2069 ·

1813 2139 2011 2192 ρουσιν,
2042 2122 2117 2185 ὡς
2154 2122 2263 2175 ἀπὸ
2307 2120 2402 2174 τοῦ
2443 2114 2596 2201 ἁγίῳ
2640 2122 2946 2194 Γρηγορίου
2992 2123 3084 2177 τοῦ
3114 2125 3377 2201 Θαυματέ

1809 2212 2002 2284 ουργοῦ
2026 2215 2091 2266 ὲκ
2112 2212 2222 2286 τῆς
2247 2212 2399 2267 κατὰ
2415 2199 2595 2282 utpar;
2632 2215 2912 2281 Πίστιείλυς⁸
2937 2218 3019 2271 Οὐ
3048 2199 3156 2270 ddo
3183 2218 3371 2284 πρόσ-

1811 2320 1961 2369 ωπα,
1984 2309 2058 2359 οὐ
2083 2304 2192 2359 δύο
2219 2307 2450 2374 φύσεις·
2472 2304 2550 2360 bi)
2569 2305 2664 2358 δεῖ
2686 2305 2795 2375 γὰρ
2823 2307 3089 2374 τέσσαρα
3114 2321 3373 2377 προσκυ-

1809 2400 1954 2454 νεῖν
1985 2402 2077 2455 καὶ
2102 2403 2169 2455 τὰ
2187 2401 2406 2472 ἐφεξῆς·
2437 2391 2666 2472 λέγομέν
2697 2401 2756 2455 δὲ
2785 2403 2877 2457 καὶ
2914 2403 3257 2474 πρὸς’τοῦτο,
3292 2406 3373 2459 ὅτι

1810 2491 2021 2564 πρῶτον
2055 2492 2153 2563 μὲν
2209 2494 2302 2546 καὶ
2356 2492 2493 2563 αὕτη
2546 2492 2872 2564 ἁμφεόλήθη
2915 2492 3065 2563 παρὰ
3090 2498 3219 2556 ,τοῖς
3264 2514 3372 2550 πα-

1807 2583 2121 2653 λαιοτέροις,
2176 2586 2249 2655 μὴ
2283 2579 2420 2636 εἶναι
2471 2582 2566 2636 τοῦ
2615 2584 2771 2652 ἁγίου
2823 2586 3143 2657 Γρηγορίου’
3182 2587 3373 2641 ἔπειτα

1807 2672 2102 2743 Γρηγόριος
2130 2675 2157 2727 ὁ
2201 2665 2501 2736 Νυσσαεὺζ
2528 2674 2754 2745 γράφων
2814 2676 3094 2745 ἐπιτάφιον
3140 2680 3220 2740 εἰς
3279 2678 3371 2731 τὸν
3409 2718 3413 2722 .

1806 2761 2228 2835 Θαυματουργὸν
2283 2753 2463 2830 λέγει’,
2510 2764 2676 2834 μηδὲν
2734 2764 3069 2836 σύγγραμμα
3111 2766 3371 2837 φέρεσθαι

1806 2850 1993 2917 αὐτοῦ,
2018 2857 2065 2907 εἰ
2095 2854 2168 2924 μὴ
2225 2855 2390 2926 μόνην
2432 2855 2529 2928 τὴν
2566 2856 2772 2918 Πίστιν,
2805 2858 2871 2925 ἦν
2921 2857 3061 2910 κατὰ
3106 2858 3370 2911 ὀπτασίαν

1808 2942 1967 2999 εἶδεν.
2025 2965 2043 2997 ι
2072 2945 2360 3001 Proferunt
2396 2947 2555 3001 nobis
2593 2955 2646 3000 et
2668 2947 2829 3000 aliam
2860 2949 3152 3015 quamdam
3182 2954 3371 3005 aucto-

1807 3039 2023 3092 ritatem
2062 3039 2234 3093 sancti
2261 3036 2507 3109 Gregorii
2539 3036 2930 3108 Thaumaturgi
2968 3055 3033 3093 ex
3065 3041 3211 3097 illius
3244 3059 3368 3097 con-
3409 3111 3421 3121 .

1809 3128 2029 3197 fessione
2067 3131 2191 3198 ﬁdei
2236 3130 2333 3198 τῆς
2370 3128 2509 3181 κατὰ
2545 3127 2727 3200 μέρος.
2783 3129 2906 3182 Νοη
2937 3133 3072 3187 duas
3097 3150 3368 3203 personas,

1732 3261 1773 3316 Ο
1810 3221 2003 3287 inquit,
2040 3236 2141 3287 non
2178 3220 2311 3271 duas
2352 3229 2569 3272 naturas
2595 3235 2615 3274 :
2648 3221 2773 3289 quia
2815 3238 2915 3275 non
2945 3223 3222 3279 adoranda
3246 3238 3370 3281 sunt
3419 3267 3429 3272 -

1805 3325 2047 3384 quatuor.
2096 3313 2163 3367 Et
2208 3314 2312 3367 alia
2358 3330 2480 3383 quze
2519 3324 2840 3385 sequuntur.
2893 3318 2973 3372 Ad
3018 3319 3125 3373 hoc
3151 3336 3369 3391 quoque

1803 3403 2234 3473 respondemus,
2282 3406 2517 3474 primum
2573 3406 2639 3461 (le
2684 3407 2785 3461 hac
2828 3409 3013 3462 itidem
3061 3410 3363 3465 dubitatum

1802 3495 1943 3562 apud
1970 3494 2325 3563 antiquiores,
2355 3512 2422 3549 an
2453 3498 2523 3551 sit
2546 3496 2811 3565 Gregorii.
2846 3497 3050 3553 Deinde
3070 3498 3364 3570 Gregorius

1768 3584 2084 3657 ~Nyssenu's
2156 3589 2459 3642 orationem
2506 3590 2573 3642 de
2620 3587 3028 3660 Thaumaturgo
3080 3588 3361 3647 funebrem

1802 3681 2070 3747 scribens,
2105 3684 2313 3737 nullum
2356 3684 2431 3736 ait
2469 3696 2606 3751 opus
2646 3682 2819 3750 ipsius
2862 3684 2922 3737 in
2951 3685 3205 3741 manibus
3242 3702 3363 3745 esse

1801 3781 1993 3840 praeter
2016 3774 2186 3828 solam
2218 3774 2427 3837 Fidem,
2460 3773 2700 3851 quam'in
2726 3775 2934 3830 visione
2962 3778 3357 3847 conspexerit.»

1800 3863 1910 3919 Nec
1947 3866 2090 3919 aliud
2131 3866 2367 3919 sensisse
2402 3864 2687 3935 Eulogium
2729 3868 3095 3938 patriar-ehem
3125 3870 3366 3926 Alexan~

1798 3955 2013 4008 dri-um
2043 3956 2311 4025 colligitur
2336 3970 2403 4009 ex
2435 3958 2866 4013 oratidnc.illius
2891 3961 3042 4014 tertia
3101 3962 3363 4018 adversus

1800 4046 2189 4100 calumniantes
2217 4056 2433 4102 sanctos
2456 4046 2665 4113 Patres,
2708 4060 2763 4104 et
2808 4054 3097 4108 concilium
3134 4054 3363 4112 Chalce-

1798 4136 2035 4190 donense
2078 4136 2176 4206 (7),
2218 4153 2347 4191 cum
2382 4140 2512 4206 dicit
2546 4159 2560 4193 :
2594 4142 2654 4192 Et
2677 4142 2734 4193 δέ
2772 4158 2854 4204 τις
2880 4145 3013 4213 ἡμῖν
3045 4145 3361 4201 Ἀθανὰσιον

1799 4225 1856 4274 ὲν
1894 4223 1972 4293 τῷ
1996 4224 2137 4292 Περὶ
2180 4229 2537 4294 σαρκώσεως
2567 4227 2884 4299 προκομίζει
2929 4229 3088 4299 λόγῳ,
3135 4234 3227 4285 καὶ
3265 4234 3359 4287 τὸν

1796 4313 2221 4386 Νεοκαισαρείας
2266 4319 2559 4389 Γρηγόριον
2604 4319 2661 4369 ἐν
2718 4318 2795 4387 τῷ
2845 4320 2985 4387 Περὶ
3046 4320 3155 4390 τῆς
3209 4325 3357 4380 κατὰ

135 4371 373 4424 multum
400 4372 576 4429 diﬂert
606 4391 636 4429 a
660 4376 923 4436 Vossiana
968 4385 1109 4440 ista:
1138 4388 1191 4441 in
1224 4389 1313 4444 illa
1347 4394 1490 4446 enim
1528 4371 1693 4450 habe-

135 4464 299 4489 Ι...ι..-
356 4463 563 4489 ηκο-Α...
616 4478 657 4489 ,ι
682 4468 800 4489 nun
916 4477 927 4489 ι
1096 4488 1101 4489 ,
1176 4482 1186 4489 .

1801 4405 1969 4472 μέρος
2000 4371 2275 4473 πίέῖτεῷς,
2436 4371 2611 4475 ὶζὲγειν
2646 4371 2971 4479 ικιιυὶξύςιντὲς
3003 4371 3357 4489 ὲπὶιέίριστοῦ

133 4464 318 4528 batur,
353 4463 568 4521 Patrem
610 4478 663 4521 et
682 4468 879 4525 Filium
916 4477 1189 4545 hypostasi
1240 4498 1359 4541 esse
1406 4501 1592 4554 unum,
1641 4498 1693 4541 et

1801 4496 1889 4559 τὰς
1914 4498 2119 4565 φύσεις,
2146 4515 2198 4551 κ.
2226 4515 2274 4550 τ.
2299 4497 2347 4549 λ.
2382 4517 2400 4548 ι
2432 4496 2488 4551 Si
2517 4514 2641 4552 vero
2666 4502 2788 4569 quis
2820 4502 2975 4558 nobis
2998 4463 3355 4573 Athan‘asium

130 4553 258 4605 sola
316 4553 485 4606 animi
535 4556 860 4625 cogitatione
918 4566 1220 4637 distingui,
1266 4573 1405 4626 unde
1454 4577 1690 4643 suspicio

132 4652 250 4667 Α-.-
291 4653 400 4667 ﬁ..--
434 4659 458 4667 -
483 4643 733 4667 D_-___2-
769 4647 879 4667 ι’--η
923 4653 932 4662 -
958 4654 976 4667 ω
1139 4660 1149 4667 .
1232 4658 1260 4667 ι.
1305 4662 1314 4667 -
1372 4663 1441 4667 ----

1801 4582 2031 4654 proferat
2061 4590 2112 4641 in
2149 4590 2286 4643 libro
2318 4590 2397 4643 De
2432 4592 2825 4659 incarnatione;
2857 4595 3171 4667 GregOrium
3226 4600 3353 4654 item

128 4652 254 4696 orta
287 4653 403 4697 erat
432 4659 461 4696 a
483 4643 739 4755 Gregorio
769 4647 934 4704 foveri
958 4654 1206 4711 haeresim
1229 4658 1475 4725 Sabellii;
1503 4682 1693 4732 quam-
1728 4643 1757 4650 ν
1796 4643 2264 4751 :l‘haumaiurgum
2308 4682 2360 4736 in
2400 4683 2539 4737 libro
2574 4682 2651 4737 De
2706 4643 2821 4752 ﬁde,
2858 4643 3136 4741 εεσιιῗιιίωη
3177 4700 3352 4755 ραι-τρε

2139 4735 2166 4751 υ
2254 4735 2258 4736 κ
2337 4735 2341 4736 κ
2631 4735 2639 4737 ~
2863 4735 3351 4759 r"""

129 4735 324 4817 omen?
389 4750 512 4790 eum
556 4736 785 4793 Basmus
850 4756 879 4793 ³
928 4741 1323 4804 δθδθηίθηίετηί
1385 4758 1693 4823 SusPicione
1794 4770 2049 4837 exposita,
2083 4772 2430 4840 prohibentes
2475 4773 2610 4827 duas
2642 4774 2695 4826 iu
2722 4772 2941 4841 Christo
2981 4766 3224 4829 asserere
3258 4793 3352 4829 na-

130 4824 427 4925 (Ῐθῖεηίξθτθ
466 4829 774 4897 contendit;
818 4831 910 4884 sed
944 4832 1205 4890 Vossiana
1252 4839 1544 4901 Sabellium
1594 4866 1693 4905 no-
1795 4824 1968 4925 turas,
1997 4880 2015 4913 ι
2061 4824 2167 4916 έῑο.
2216 4862 2281 4915 Et
2314 4878 2383 4916 ne
2406 4863 2473 4917 de
2505 4864 2611 4917 alia
2637 4878 2758 4915 eum
2802 4838 2948 4931 loqui
2978 4866 3216 4933 suspicio
3240 4868 3351 4920 ori-

131 4916 385 5025 :ninatitn
439 4920 656 4983 refutat,
703 4936 877 4991 neque
928 4940 1165 4994 unquam
1216 4931 1345 4986 dicit
1382 4936 1593 4994 Patrem
1640 4953 1693 4998 et
1793 4916 1967 5016 retur,
1998 4951 2134 5006 infra
2175 4968 2241 5006 ex
2274 4952 2460 5007 eadem
2499 4954 2603 5021 ﬁde
2630 4953 2789 5009 verba
2835 4953 2925 5006 illa
2957 4954 3184 5024 profert,
3228 4972 3349 5025 quae

131 5004 331 5058 Filium
366 5006 638 5075 ltypostasi
671 5029 791 5069 esse
827 5032 1014 5083 unum,
1046 5030 1096 5073 et
1129 5024 1240 5076 sola
1281 5030 1507 5087 rationis
1540 5038 1690 5104 cogi-

128 5097 340 5151 tatione
368 5098 657 5171 distingui;
686 5107 793 5175 sed
837 5118 1022 5162 contra
1068 5114 1229 5177 dicit,
1271 5117 1479 5175 Patrem
1521 5136 1573 5178 et
1602 5097 1691 5180 Ei-

128 5187 269 5241 linm
303 5199 493 5243 natura
522 5193 819 5252 divinitatis
853 5214 970 5253 esse
1010 5217 1199 5270 unum,
1242 5218 1297 5263 et
1326 5211 1684 5283 unamquam-

207 5333 606 5433 (I5)E.gregium
651 5354 755 5433 hoc
799 5373 900 5433 nec
940 5359 1103 5433 breve
1118 5369 1464 5433 opusculum
1508 5372 1699 5427 Thau-

132 5422 791 5514 malint-igivnosndeniique
824 5426 1005 5514 (:Jragce
1044 5422 1312 5514 edidi-mus
1356 5422 1686 5514 erant—ique

132 5482 347 5538 codice
370 5482 650 5543 Vaticano
675 5482 726 5545 in
770 5482 1065 5553 volumine,

130 5565 385 5628 veteran},
409 5567 554 5628 ‘part.
586 5574 625 5621 ι,
669 5576 722 5628 p.
746 5562 990 5622 l70-l76.
1018 5570 1172 5625 A.M.
1239 5578 1242 5582 ’

1248 5643 1685 5717 Thaumaturgus

134 5692 765 5793 ieripsitnbelginitatf,
806 5692 1684 5793 insignit:rnovsfralgine’ntutnQui:

130 5762 943 5852 digusfx‘c‘odice'ﬁra‘b‘icgv
959 5766 1078 5852 Vat.
1098 5762 1212 5852 Vin.
1229 5762 1682 5852 hilatﬁf'tiiigﬁin

131 5830 262 5887 olim
276 5844 611 5911 conversum
643 5834 839 5907 fuerat)
887 5839 1069 5912 Spicil.
1101 5830 1683 5920 nam.‘_1iitt,”.;.°6§6:

1790 5040 2118 5109 Apollinaris
2147 5044 2473 5112 impietatem
2514 5043 2754 5098 redolere
2788 5043 3109 5117 videbantur
3137 5065 3151 5099 :
3186 5047 3246 5098 Ἦ
3285 5048 3346 5101 εδ

1791 5131 1879 5184 τὸν
1911 5132 2332 5205 Θαυματουργὸν
2358 5133 2651 5205 Γρηγόριον
2679 5134 3082 5207 ὑποὸαλλομένη
3130 5137 3345 5207 χρῆσις,

1790 5223 2003 5291 λέγεται
2043 5226 2161 5296 μὲν
2190 5226 2297 5297 γὰρ
2321 5226 2524 5278 ἐκείνου
2545 5263 2560 5288 ,
2582 5224 2671 5281 τὸν
2710 5227 2767 5281 δὲ
2812 5228 3209 5317 ῖΑπολλινάριον
3233 5231 3345 5282 εἰσ-

1860 5454 1946 5526 _(7)_
1966 5449 2147 5526 Sumit
2166 5450 2344 5526 hocet
2375 5448 2947 5526 subsequens‘Eulogii
2973 5455 3341 5513 testimonium

1787 5518 2018 5573 All‘atius
2054 5518 2160 5570 ἀπὸ
2195 5521 2461 5588 στόματος
2489 5518 2697 5580 Φώτξου
2745 5528 2797 5579 in
2828 5518 3183 5588 Bibliotheca,
3214 5531 3340 5581 cod.

1787 5538 2018 5573 Attauus
2054 5538 2160 5570 απο
2195 5538 2287 5572 στο
2335 5540 2461 5587 ατος
2489 5538 2697 5580 φωτῐω
2745 5542 2797 5579 ιη
2828 5538 3183 5588 motiomeca,
3214 5538 3340 5581 cod.

1785 5602 1977 5667 ccxxx,
2017 5603 2069 5655 p.
2254 5538 2439 5661 ireque
2466 5596 2608 5649 enim
2643 5594 2941 5674 illarumﬁll
2970 5592 3181 5674 Eulogii
3222 5612 3347 5653 ora-

1787 5658 1990 5732 tionum
2017 5657 2312 5732 quidquam
2346 5657 2611 5732 superest,
2637 5673 2827 5731 praeter
2850 5662 3028 5717 Photii
3066 5657 3338 5732 efcerpta.

1782 5725 1894 5780 Nos
1924 5734 2119 5803 tamen
2158 5727 2352 5803 S_c_rip_t.
2384 5725 2484 5785 vet.
2521 5743 2558 5786 t.
2588 5725 2699 5797 Vil,
2730 5740 2873 5800 part.
2897 5748 2937 5798 ι,
2982 5748 3036 5802 p.
3064 5733 3185 5800 177,
3218 5725 3343 5803 {78,

1784 5808 1848 5845 ex
1890 5795 1996 5847 alio
2022 5794 2231 5867 Eulogii
2276 5794 2553 5898 dogmati;

1786 5860 2145 5898 franmnnlnm
2181 5870 2499 5898 nrnlnnl:mno

2553 5816 2585 5874 φ
2638 5817 2799 5874 opere
2837 5819 2945 5860 non
2976 5805 3342 5874 spernendum
3382 5818 3383 5821 ‘

1785 5817 1848 5845 cx
1890 5817 1996 5847 altu
2022 5817 2231 5867 nutogtl
2278 5817 2585 5898 uogmatgo
2638 5817 2799 5929 (amere
2837 5820 2877 5859 n

1785 5860 2147 5927 fragmentum
2181 5870 2612 5934 pr0tultmus.~A.
2694 5909 2741 5947 οη
2782 5890 2783 5893 ‘
2874 5890 2877 5891 '
