4094 6350
716 422 853 478 {125

1586 416 1829 473 LEONlS
1866 411 2141 468 ALLATH
2180 410 2497 467 DlATlilBA
2536 413 2624 468 DE
2661 412 3068 469 THEODORIS.

3786 416 3929 469 19.Ξῦ

715 530 949 603 κομίζει,
991 529 1292 601 λατάφορον
1333 530 1687 600 προϐάλλεται
1717 518 1813 599 τὴν
1836 529 2085 583 ἁτοπίαν’
2118 530 2259 596 λέγει

2364 528 2759 597 judicarentur,
2809 528 2854 583 si
2916 526 3003 580 ille
3054 533 3205 580 antea
3262 520 3563 595 probasset,
3614 527 3699 580 vel
3755 543 3926 581 unam

712 621 840 692 γάρ·
860 621 965 673 Καὶ
996 619 1126 673 ἔστι
1171 620 1311 683 Θεὸς
1347 619 1628 685 ἀληθινὸς
1659 623 1691 672 ό
1713 620 1975 688 ἄσαρκος
1994 622 2063 673 ἐν
2085 621 2261 688 σαρκὶ

714 709 1102 780 φανερωθεὶς,
1162 708 1383 773 τέλειος
1444 709 1519 776 τῇ
1578 709 1833 776 ἀληθινῇ
1881 712 1979 763 καὶ
2025 711 2150 776 θείᾳ
2175 727 2265 762 τε-

715 800 998 864 λειότητι,
1037 799 1107 851 οὐ
1140 797 1249 850 δύο
1284 798 1588 864 πρόσωπα,
1618 798 1757 850 οὐδὲ
1779 798 1852 870 (8)
1883 798 1992 852 δύο
2020 801 2263 867 φύσεις*

716 886 856 941 οὐδὲ
884 887 989 955 γὰρ
1026 885 1322 954 τέσσαρας
1357 888 1717 953 προσκυνεῖν
1741 884 2011 957 λέγομεν.
2042 905 2062 940 ι
2089 888 2266 942 Testi-

717 976 955 1029 monium
984 977 1127 1043 quod
1157 975 1400 1045 Gregorii
1432 975 1817 1048 Thaumaturgi
1851 981 2067 1033 nomine
2094 980 2267 1048 subji-

718 1066 874 1127 citur,
892 1064 1033 1122 illius
1048 1064 1261 1131 quidem
1286 1078 1404 1117 esse
1426 1065 1639 1131 dicitur,
1662 1068 1755 1120 sed
1773 1068 2099 1135 Apollinaris
2118 1086 2258 1134 esse,

718 1152 1022 1207 absurditas
1072 1154 1162 1207 illa
1222 1153 1505 1209 manifeste
1567 1156 1823 1209 declarat.
1885 1155 2055 1211 Habet
2085 1159 2262 1211 enim:

720 1240 788 1293 Et
817 1252 891 1295 est
922 1258 1069 1294 verus
1097 1243 1252 1307 Deus,
1275 1244 1363 1311 qui
1393 1259 1507 1294 cum
1531 1254 1661 1296 esset
1680 1247 1793 1298 sine
1817 1262 1971 1299 carne
2025 1249 2077 1299 in
2112 1264 2267 1299 carne

718 1332 983 1398 apparuit,
1037 1333 1290 1400 perfectus
1338 1348 1456 1383 vera
1493 1332 1768 1403 divinaque
1795 1336 2124 1403 perfectione,
2163 1353 2264 1389 non

716 1423 835 1475 dua
853 1439 1101 1491 personae,
1118 1440 1274 1492 neque
1293 1423 1410 1476 dure
1437 1436 1653 1487 natum,
1693 1442 1850 1496 neque
1880 1429 2017 1479 enim
2040 1437 2266 1497 quatuor

718 1513 937 1565 adorare
967 1514 1210 1568 dicimus.
1240 1532 1258 1564 ι
1307 1511 1429 1567 llaec
1457 1523 1635 1568 autem
1669 1498 1828 1570 verba
1861 1517 2005 1586 leges
2039 1520 2262 1571 omnino

718 1603 773 1655 in
807 1603 1043 1658 editione
1083 1602 1375 1663 Parisiensi
1420 1596 1809 1674 Thauntaturgi
1859 1621 1981 1676 pag.
2018 1607 2111 1660 l0l
2164 1608 2260 1676 (9).

717 1692 962 1746 Monachi
1007 1692 1130 1746 item
1160 1692 1453 1747 Palestina:
1494 1695 1548 1746 in
1574 1696 1815 1764 epistola
1865 1696 1931 1749 ad
1957 1696 2263 1751 Alcisonem

716 1784 859 1852 apud
896 1782 1178 1851 Evagrium
1230 1786 1322 1837 lib.
1373 1799 1472 1847 ιιι,
1519 1800 1636 1853 cap.
1677 1786 1765 1838 '51:
1804 1786 1912 1839 Καὶ
1946 1787 2005 1839 οὐ
2047 1786 2263 1857 θαῦμα·

716 1872 815 1922 καὶ
851 1870 957 1941 γὰρ
984 1872 1074 1923 καὶ
1106 1872 1293 1938 λόγους
1327 1874 1581 1944 Πατέρων
1620 1873 1874 1936 πολλάκις
1906 1874 2263 1928 νενοθεύκασι·
2297 1862 2337 1914 Β
2366 1870 2698 1941 καρίζοντες.

715 1958 943 2022 πολλοὺς
1011 1960 1067 2012 δὲ
1126 1961 1525 2031 ’Δπολλιναρίου
1580 1962 1769 2031 λόγους
1828 1962 2123 2035 Ἀθανασίῳ
2172 1967 2267 2017 καὶ

713 2051 995 2121 Γρηγορίῳ
1038 2051 1115 2121 τῷ
1156 2052 1582 2124 Θαυματουργῷ,
1631 2055 1723 2107 καὶ
1775 2055 2009 2123 Ἰουλίῳ,
2042 2054 2133 2109 διὰ
2161 2056 2267 2108 τῶν

716 2141 1030 2211 ἐπιγραφῶν
1075 2143 1510 2207 ἀνατεθείκασιν,
1564 2138 1643 2206 οἷς
1687 2144 1915 2213 μάλιστα
1965 2145 2091 2207 τοὺς
2141 2144 2268 2197 πολ-

710 2230 837 2294 λοὺς
883 2232 1015 2302 πρὸς
1046 2232 1143 2294 τὰς
1178 2233 1311 2295 ἰδίας
1345 2232 1591 2295 ἀσεϐείας
1627 2232 2045 2303 σφετερίςονται.
2103 2252 2125 2285 ι
2158 2232 2267 2288 Nec

715 2321 873 2389 plane
911 2322 1129 2373 mirum.
1184 2318 1765 2384 Etenim,sanctorum
1818 2318 2037 2373 Patrum
2097 2320 2266 2374 libros

720 2425 861 2478 saepe
888 2411 1299 2478 depravarunt,
1359 2410 1664 2479 multosque
1713 2409 2044 2477 Apollinaris
2096 2409 2266 2463 libros

714 2499 1031 2563 Athanasio,
1058 2500 1318 2569 Gregorio
1350 2507 1710 2569 cognomento
1739 2498 2169 2569 Thaumaturgo,
2213 2509 2267 2554 et

706 2588 895 2653 Julio,
957 2586 1400 2658 inscriptionibus
1465 2590 1812 2644 commutatis
1860 2590 2263 2655 attribuerunt,

716 2680 911 2747 quibus
950 2678 1165 2747 quidem
1215 2679 1367 2733 libris
1417 2679 1679 2746 plurimos
1738 2681 1791 2731 in
1832 2695 1991 2733 suum
2039 2680 2265 2747 impium

716 2784 955 2823 errorem
991 2769 1272 2822 inducunt.
1308 2786 1326 2818 ι
1377 2767 1442 2820 Et
1466 2779 1653 2820 auctor
1686 2767 1820 2823 Vita:
1845 2771 2015 2821 sancti
2046 2768 2268 2822 Maximi

712 2860 1052 2927 Immo/agetur
1095 2859 1201 2925 (ed.
1252 2857 1562 2919 Combelis.,
1616 2866 1656 2910 t.
1685 2857 1742 2918 l,
1793 2875 1844 2927 p.
1872 2860 1992 2925 ll):
2031 2859 2093 2909 Ti
2136 2855 2265 2923 05v;

720 2952 793 3002 Οὐ
828 2951 955 3021 δέχῃ
982 2950 1108 3019 μίαν
1136 2950 1413 3021 ἐνέργειαν
1450 2947 1557 3001 τῶν
1605 2948 1871 3019 ἐκκρίτων
1906 2950 2264 3013 διδασκάλων;

720 3038 828 3089 Καὶ
875 3038 1044 3105 ἤγαγε
1091 3034 1360 3098 Θεοδόσιος
1406 3036 1504 3098 τὰς
1549 3036 1909 3107 ψευδωνύμως
1943 3040 2067 3109 παρ’
2091 3039 2267 3091 αὐτῶν

718 3128 1143 3197 περιφερομένας
1199 3129 1274 3190 ὡς
1339 3128 1552 3181 Ἰουλίου
1613 3130 1710 3198 τῆς
1755 3128 1998 3199 Ῥώμης,
2047 3129 2265 3183 καὶτοῦ

717 3218 1137 3289 Θαυματουργοῦ
1160 3220 1474 3288 Γρηγορίου,
1501 3222 1593 3273 καὶ
1627 3221 1937 3273 ’Δθανασίου
1967 3220 2072 3272 τῶν
2100 3222 2267 3289 ἁγίων

720 3294 957 3378 χρήσεις·
1006 3309 1096 3361 καὶ
1160 3308 1363 3375 ἀνέγνω
1410 3309 1594 3371 αὑτάς.
1641 3312 1749 3363 Καὶ
1812 3307 1931 3362 εἷπε
1991 3312 2263 3381 Μάξιμοςο

717 3398 1037 3467 Φοϐηθῶμεν
1062 3399 1125 3469 δὴ
1165 3399 1255 3450 τὸν
1284 3399 1434 3459 Θεὸν,
1486 3400 1577 3451 καὶ
1620 3399 1691 3468 μὴ
1722 3399 2029 3469 θελήσωμεν
2066 3418 2267 3472 παρορ-

717 3491 865 3558 γίσαι
896 3492 1053 3543 αὑτὸν
1083 3491 1171 3543 ἐπὶ
1231 3494 1295 3561 τῇ
1338 3494 1633 3561 παραγωγῇ
1669 3491 1773 3543 τῶν
1807 3493 2089 3561 αίρετικῶν
2138 3496 2266 3562 χρή-

720 3597 875 3633 σεων·
924 3581 1091 3642 οὐδεὶς
1134 3579 1241 3648 γὰρ
1286 3582 1483 3647 ἀγνοεῖ,
1526 3580 1726 3641 ταυτας
1763 3576 1899 3632 εἶναι
1943 3581 2034 3633 τοῦ
2075 3581 2264 3633 δυσσε-

718 3672 846 3733 6οὖς
908 3670 1333 3739 ’Δπολλιναρίοψ
1388 3673 1434 3721 εἰ
1490 3672 1584 3740 μὲν
1634 3670 1797 3733 ἄλλας
1854 3670 2023 3739 ἔχεις,
2076 3672 2261 3737 δεῖξον.

725 3778 745 3809 ‹
772 3760 909 3824 Quid
944 3761 1133 3827 igitur?
1165 3759 1279 3811 Non
1317 3761 1568 3814 admittes
1596 3777 1755 3813 unam
1791 3763 2076 3826 actionem,
2098 3778 2263 3831 quant

720 3848 903 3901 selecti
936 3846 1123 3899 Patres
1165 3847 1393 3913 professi
1442 3842 1606 3901 Sunt?
1644 3848 1709 3902 Et
1745 3849 1969 3903 adduxit
2010 3849 2262 3903 Theodo-

719 3936 855 3997 sius,
902 3951 1020 4005 quae
1064 3937 1199 3988 falso
1235 3937 1336 3989 sub
1369 3946 1676 3989 sanctorum
1710 3940 1928 3993 nomine
1973 3940 2261 3994 circumfe—

721 4025 997 4091 rebantur,
1030 4027 1335 4079 testimonia
1361 4024 1490 4078 Julii
1520 4024 1768 4089 Romani,
1804 4027 2049 4094 Gregorii
2079 4030 2260 4082 'Fhau-

718 4117 975 4183 maturgi,
1018 4117 1403 4182 etAthanasii,
1439 4124 1493 4168 et
1540 4117 1663 4185 legit
1695 4132 1777 4169 ea.
1824 4115 1960 4168 Tum
1996 4116 2261 4173 Maximus

713 4205 852 4259 dixit
893 4224 906 4258 :
940 4206 1247 4259 Timeamus
1283 4205 1587 4268 Dominum,
1620 4215 1671 4258 et
1699 4221 1804 4259 non
1833 4206 1899 4257 ad
1928 4206 2260 4259 iracundiam

716 4294 872 4347 illum
924 4310 1276 4361 provocemus
1334 4294 1637 4347 inductione
1676 4295 2047 4348 hzereticorum
2109 4298 2263 4348 testi-

717 4384 1044 4435 moniorum.
1089 4380 1257 4434 Nemo
1300 4382 1560 4449 siquidem
1603 4382 1813 4450 ignorat
1850 4399 1910 4436 ea
1945 4398 2063 4437 esse
2111 4384 2257 4452 impii

2367 630 2572 674 tantum
2604 618 2726 672 ﬁdei
2759 616 3150 685 expositionem
3181 631 3210 667 a
3234 614 3640 683 Thaumaturgo
3667 616 3918 668 conscri-

2366 718 2510 778 ptam
2555 692 2757 771 fuisse;
2809 714 2905 759 aut
2942 720 3083 768 eam,
3123 704 3188 757 de
3226 718 3330 771 qua
3377 704 3487 771 agit
3517 704 3773 762 Basilius.
3813 716 3923 757 non

2366 796 2527 850 aliam
2573 810 2692 849 esse
2731 809 2893 863 quam
2940 793 3085 845 illam
3124 805 3285 859 quam
3326 789 3552 844 Vossius
3602 790 3901 857 publicavit

2368 885 2567 941 Verum
2606 900 2730 939 cum
2768 884 3077 956 oppositum
3098 882 3269 951 magis
3292 889 3491 949 pateat,
3522 878 3771 933 Vossiana
3784 877 3931 930 Fata

2366 977 2533 1031 editio
2562 976 2739 1029 adhuc
2770 983 2877 1028 stat
2905 974 3141 1038 ﬁrmius;
3177 979 3231 1025 et
3271 972 3377 1025 nisi
3404 971 3759 1025 validioribus
3786 986 3924 1025 eon—

2365 1069 2594 1122 vellatur
2638 1052 2928 1130 machinis,
2956 1063 3141 1117 stabit.
3171 1061 3588 1115 Consideremus
3616 1062 3779 1115 verba
3813 1061 3920 1113 Ba-

2366 1158 2475 1213 silii
2516 1156 2582 1210 ad
2614 1154 3077 1210 Neoczesarienses
3122 1152 3227 1220 (ep.
3250 1166 3371 1211 cex,
3405 1151 3496 1217 5):
3557 1152 3825 1220 Καθῆκαν
3864 1152 3921 1202 δέ

2364 1266 2499 1303 τινας
2524 1250 2715 1317 πεῖραν
2760 1246 2825 1298 δι’
2866 1243 3178 1313 ἐπιστολῆς,
3220 1242 3312 1295 καὶ
3354 1241 3488 1311 πρὸς
3516 1242 3606 1293 τὸν
3643 1241 3921 1311 ὀμόψδχον

2365 1339 2518 1409 ἡμῶν
2575 1337 2832 1405 ’Δνθιμον
2886 1335 2992 1387 τῶν
3042 1334 3261 1411 Τυάνων
3316 1334 3628 1395 ἐπίσκοπον,
3691 1333 3771 1395 ὡς
3810 1334 3920 1403 ἄρα

2364 1428 2665 1501 Γρηγορίου
2699 1427 2938 1487 εἰπόντος
2988 1428 3043 1478 ὲν
3077 1425 3331 1504 Ἐκαέσει
3381 1424 3651 1488 πίστεως·
3696 1424 3920 1492 Πατέρα

2364 1521 2459 1573 καὶ
2505 1518 2629 1570 Υίὸν
2684 1516 2892 1587 ἐπινοίᾳ
2931 1515 3025 1585 μὲν
3078 1511 3212 1568 εἶναι
3247 1513 3366 1576 δύο,
3415 1514 3706 1568 ὑποστάσει
3745 1514 3801 1566 δὲ
3836 1516 3915 1565 ’ἐν-

2362 1606 2519 1660 τοῦτο
2545 1607 2600 1661 δὲ
2622 1608 2705 1659 ὅτι
2743 1606 2804 1657 οὑ
2838 1604 3174 1674 δογματικῶς
3196 1604 3425 1674 εἴρηται,
3474 1602 3586 1655 ἀλλ’
3625 1604 3920 1671 ἀγωνιστι-

2364 1697 2473 1761 κῶς
2506 1698 2563 1750 ὲν
2591 1699 2655 1767 τῇ
2686 1695 2834 1763 πρὸς
2862 1696 3140 1749 Αιλιανὸν
3176 1694 3425 1759 διαλέξει,
3450 1695 3549 1747 οὐκ
3574 1693 3921 1763 ἠδυνήθησαν

2369 1782 2594 1835 συνιδεῖν
2640 1784 2687 1835 oi
2730 1782 2821 1833 ἐπὶ
2851 1781 3134 1850 λεπτότητι
3162 1783 3267 1836 τῶν
3301 1780 3509 1852 φρενῶν
3551 1781 3778 1843 ἑαυτοὺς
3810 1800 3919 1851 μα-

2791 1889 2810 1921 ι
2855 1870 3197 1924 lmmiserunt
3270 1867 3448 1925 autem
3523 1879 3916 1923 tentamentum

2366 1960 2636 2030 quoddam
2666 1976 2760 2029 per
2782 1960 3065 2028 epistolam
3094 1961 3252 2016 etiam
3284 1962 3347 2015 ad
3364 1961 3603 2029 ejusdem
3632 1960 3918 2013 nobiscum

2367 2052 2653 2107 sententia:
2690 2049 3333 2122 AnthimumtTyanorum
3368 2052 3917 2121 episcopum.‘quasi

2364 2139 2657 2211 Gregorius
2710 2142 2764 2195 in
2812 2140 3151 2209 Expositione
3194 2140 3317 2209 ﬁdei
3375 2143 3571 2196 dixerit
3610 2141 3827 2195 Patrem
3868 2150 3919 2193 et

2367 2230 2596 2297 Filium,
2639 2233 2793 2301 justa
2844 2233 3040 2285 mentis
3091 2231 3378 2300 quamdam
3427 2232 3917 2286 considerationem

2366 2320 2503 2375 duos
2539 2336 2679 2385 esse,
2711 2320 2987 2391 hypostasi
3043 2335 3172 2374 vero
3222 2335 3410 2373 unum.
3446 2319 3560 2374 Hoc
3586 2331 3766 2375 autem
3807 2306 3916 2372 non

2368 2410 2666 2478 dogmatice
2723 2410 2815 2465 sed
2873 2409 3181 2464 decertandi
3232 2425 3397 2465 causa
3448 2410 3503 2463 in
3560 2412 3775 2479 dialogo
3816 2414 3917 2461 ad-

2365 2515 2543 2554 versus
2564 2489 3085 2555 Elimiam-dictum
3132 2513 3275 2562 esse,
3320 2500 3617 2568 intelligere
3652 2501 3916 2568 nequive-

2367 2598 2513 2654 runt,
2558 2590 2653 2659 qui
2700 2597 2920 2659 propter
2956 2587 3287 2657 intelligendi
3335 2587 3681 2641 subtilitatem
3730 2586 3919 2637 beatus

2367 2695 2485 2735 sese
2510 2689 2822 2749 reputant...
2860 2679 2990 2733 illud
3020 2681 3079 2732 ὲν
3111 2678 3322 2732 ἐκθέσει
3351 2678 3582 2739 πίστεως
3616 2676 3916 2732 indeﬁnite.

2365 2784 2418 2827 et
2442 2772 2703 2844 ἀορίστως
2729 2773 3020 2843 prolatum,
3044 2781 3097 2827 et
3125 2772 3273 2825 nullo
3299 2771 3525 2824 articulo
3549 2769 3615 2822 ad
3644 2768 3920 2836 singulare

2366 2862 2640 2930 quidpiam
2690 2862 3001 2931 alligatum,
3046 2863 3246 2915 nullam
3282 2862 3437 2914 nobis
3475 2869 3674 2915 certain
3723 2875 3785 2912 ac
3824 2860 3918 2912 de-

2368 2955 2707 3015 terminatam
2737 2954 2857 3007 ﬁdei
2890 2952 3278 3020 expositionem
3306 2960 3481 3015 notat;
3516 2950 3607 3003 sed
3644 2959 3825 3013 sonat,
3865 2950 3917 3001 in

2366 3057 2472 3095 una
2511 3044 2846 3109 expositione
2892 3045 2926 3094 a‘
2952 3041 3355 3117 Thaumaturgo
3391 3041 3553 3094 edita.
3587 3038 3741 3104 Quod
3776 3042 3820 3092 si
3864 3042 3919 3091 in

2371 3148 2477 3183 una
2526 3132 2598 3184 ita
2645 3132 3032 3199 pronuntiavit,
3076 3130 3277 3198 absque
3320 3130 3484 3185 dubio
3526 3130 3656 3184 alias
3696 3145 3920 3199 quoque

2370 3222 2666 3275 confecisse
2719 3222 3076 3274 indubitatum
3135 3222 3469 3290 relinquitur.
3527 3220 3656 3285 Quze
3703 3221 3761 3274 si
3805 3236 3919 3274 nua

2369 3322 2573 3366 tantum
2608 3312 2818 3375 fuisset,
2853 3328 2956 3365 non
2988 3315 3043 3364 ὲν
3076 3312 3283 3365 ἐκθέσει
3326 3312 3577 3375 πίστεως,
3612 3313 3702 3365 sed
3751 3316 3808 3381 ἐν
3848 3316 3917 3380 τῆ

2367 3403 2575 3455 ἐκθέσει
2612 3404 2706 3472 τῆς
2737 3403 2969 3465 πίστεως
2998 3402 3225 3457 Basilius
3262 3405 3683 3471 pronuntiasset,
3720 3418 3917 3471 quem»

2368 3493 2655 3545 admodum
2715 3494 2873 3560 paulo
2933 3504 3054 3560 post
3094 3495 3259 3557 dixit,
3305 3495 3362 3545 ὲν
3388 3496 3454 3563 τῇ
3490 3493 3623 3562 πρὸς
3665 3494 3914 3545 Αἰλιανδν

2364 3583 2613 3647 διαλέξει,
2638 3586 2759 3651 quia
2800 3600 2902 3636 una
2938 3584 3274 3637 solummodo
3304 3582 3476 3656 fuerat
3519 3586 3582 3635 ad
3610 3582 3912 3637 Elianum.

2365 3675 2624 3730 Prmterea
2661 3676 2824 3729 editio
2873 3676 2959 3727 illa
3000 3676 3124 3742 ﬁdei
3153 3691 3246 3743 per
3274 3675 3490 3727 modum
3526 3676 3795 3728 dialexeos
3844 3676 3913 3725 ad

2367 3765 2672 3829 lElianum,
2712 3778 2899 3831 nempe
2940 3763 3262 3831 disputando
3295 3772 3347 3815 et
3377 3763 3686 3815 altercando
3724 3764 3913 3816 habita

2362 3867 2466 3921 est,
2506 3856 2663 3923 cujus
2704 3853 3084 3922 disputationis
3129 3868 3195 3904 ne
3239 3852 3519 3919 vestigium
3557 3852 3770 3917 quidem
3809 3867 3911 3920 ap-

2364 3958 2513 4016 paret
2567 3949 2618 4000 in
2659 3945 2938 3999 Vossiana.
2982 3945 3160 4009 Quare
3201 3943 3626 3997 concludendum
3669 3943 3909 4005 videtur,

2362 4041 2585 4091 omnino
2606 4040 2670 4091 de
2696 4038 2802 4089 alia
2822 4035 3156 4104 expositione
3182 4033 3300 4085 fidei
3331 4032 3380 4083 in
3405 4032 3711 4116 caepistola
3746 4035 3911 4091 verba

2362 4130 2555 4183 fecisse
2576 4112 2855 4189 Basilinm,
2881 4138 2932 4179 et
2949 4126 3107 4178 aliam
3138 4123 3292 4175 nobis
3318 4112 3905 4177 Vossium'tradidissr.

2430 4220 2497 4271 At
2529 4217 2785 4271 Vossiana
2815 4218 3022 4271 videtur
3045 4230 3167 4268 esse
3208 4215 3402 4281 seripta
3435 4224 3621 4283 contra
3648 4216 3905 4277 Ariatios,

2362 4312 2532 4362 multo
2558 4310 2960 4376 Tltattmatnrgo
2988 4305 3328 4359 recentiores.
3371 4305 3503 4358 Cum
3532 4307 3763 4361 Arianos
3796 4324 3905 4359 non

2362 4401 2633 4465 nominet,
2682 4416 2868 4468 parum
2929 4398 3092 4452 refert
3136 4397 3189 4449 si
3233 4395 3433 4465 Spiritu
3487 4396 3654 4452 fretus
3696 4399 3907 4462 divino,

719 4470 1058 4539 Apollinaris.
1091 4468 1147 4521 Si
1168 4485 1292 4522 vero
1319 4469 1421 4520 alia
1446 4479 1613 4530 tenes,
1645 4472 1919 4524 ostende.»
1948 4471 2081 4526 llinc
2106 4474 2259 4540 plane
2293 4493 2333 4545 ι)
2363 4500 2647 4559 alumnam
2694 4500 2836 4544 esset
2861 4531 2873 4551 ν
2931 4487 3173 4540 ιηετεςίω
3226 4487 3475 4540 Arianam
3516 4486 3754 4557 jugulat.
3838 4488 3909 4542 ω

720 4560 931 4613 videtur
958 4560 1211 4627 professio
1246 4558 1346 4611 ista
1378 4557 1501 4626 ﬁdei
1539 4572 1567 4608 e
1597 4558 1840 4627 Gregorii
1864 4558 2255 4630 Thaumaturgi

720 4648 993 4718 Operibus,
1038 4648 1115 4700 uti
1158 4649 1531 4701 bmreticorum
1579 4647 1719 4701 fetus
1756 4649 2043 4715 genuinus,
2086 4649 2259 4701 elimi-

718 4740 894 4793 nanda
945 4748 1104 4806 atque
1156 4740 1583 4793 exterminanda.
1651 4738 1756 4793 Sed
1807 4734 2255 4791 considerandum

716 4837 800 4884 est
828 4830 879 4882 id
910 4829 1237 4881 accuratius.

785 4935 1092 4992 Bellarmini
1154 4945 1469 5003 argumenta
1527 4936 1755 5005 alicujus
1812 4951 1937 4989 esse
1997 4932 2255 4987 momenti

789 5116 863 5182 (8)
896 5113 1055 5168 Vides
1094 5114 1353 5181 insignem
1389 5112 1768 5183 Monophysitae
1810 5115 2036 5183 alicujus
2071 5113 2252 5166 homi-

720 5174 1004 5249 nis,'qui,
1040 5192 1100 5253 ut
1131 5174 1256 5235 mox
1299 5174 1570 5243 dicemus,
1602 5174 2002 5253 Thaumaturgi
2045 5183 2251 5253 scripta

717 5254 989 5316 corrupit,
1044 5252 1321 5319 fraudem,
1380 5254 1507 5304 dum
1562 5252 1679 5303 οὐδὲ
1728 5254 1937 5319 scripsit
1966 5252 2075 5319 pro
2119 5252 2251 5303 ἀλλὰ

722 5323 921 5389 (ιιειμιε⁸
956 5334 1048 5383 pro
1071 5322 1201 5389 sed),
1228 5318 1395 5389 atque.
1416 5322 1486 5373 ita
1518 5336 1583 5373 ex
1611 5318 1909 5373 orthodoxe
1937 5318 2250 5389 Gregorium

720 5381 845 5440 fecit
876 5381 1312 5458 Monophys'itam'
1350 5381 1545 5458 (neque
1577 5392 1714 5442 hanc
1747 5390 1957 5441 brevem
2004 5381 2253 5458 interpo-

719 5459 967 5509 lationem
1007 5455 1259 5527 Eulogius
1304 5455 1417 5524 ipse
1457 5455 1653 5513 diserte
1695 5459 1958 5527 agnovit).
2002 5455 2251 5527 llem'_ita

721 5541 782 5578 se
815 5527 1010 5578 habere
1038 5523 1367 5593 demonstrat
1412 5530 1678 5581 sincerum
1721 5523 2054 5593 excerptum;
2076 5540 2105 5575 a
2140 5523 2254 5574 Sir-

720 5596 920 5646 mondo
966 5591 1228 5661 prolatum
1264 5596 1314 5645 in
1346 5596 1471 5649 adn.
1533 5600 1596 5650 ad
1652 5590 1963 5649 Facundum
2012 5590 2254 5661 llermia-

721 5660 979 5722 nenscm,
1043 5661 1185 5729 quod
1244 5676 1365 5713 mox
1406 5666 1647 5717 recitabit
1694 5666 1938 5717 Allatius.
2002 5660 2253 5713 δειπνειό

722 5730 788 5783 de
812 5731 1077 5797 corruptis
1106 5729 1527 5785 orthodoxorum
1574 5736 1723 5793 libris
1753 5734 1939 5787 fraude
1968 5732 2252 5784 lueretico-

2356 4584 2500 4635 enim
2529 4584 2726 4635 veritas
2768 4583 2818 4634 in
2852 4578 3088 4631 Ecclesia
3121 4577 3299 4630 haberi
3336 4580 3507 4645 possit
3533 4596 3597 4630 ex
3626 4577 3903 4643 Patribus,

2356 4680 2409 4721 et
2439 4680 2635 4721 exorue
2683 4670 2909 4721 haereses
2938 4666 3097 4718 dictis
3137 4666 3478 4735 antiquorum
3531 4666 3901 4734 profligentur,

2358 4758 2533 4808 divina
2578 4757 2907 4824 providentia
2954 4754 3150 4808 factum
3188 4767 3290 4821 est,
3329 4765 3387 4808 ut
3418 4756 3654 4807 veritatis
3692 4760 3900 4809 sensilia

2360 4848 2411 4899 in
2458 4848 2799 4913 antiquorum
2855 4847 3068 4913 scriptis
3121 4847 3539 4907 oil'cnderentur,
3594 4855 3647 4898 et
3682 4862 3903 4901 erron-s

2364 4952 2555 4991 recens
2596 4940 2704 4989 nati
2750 4938 3064 4991 auctoritate
3093 4938 3354 5006 majorum
3401 4935 3784 4991 refutarentur.
3834 4939 3899 4991 Et

2357 5122 2475 5161 rum
2499 5148 2512 5168 ,
2553 5106 2643 5157 diu
2678 5119 2774 5157 nos
2806 5104 2967 5157 locuti
2997 5120 3183 5174 sumus
3217 5104 3277 5174 in
3300 5102 3694 5174 dissertatione,
3732 5121 3900 5174 quam

2356 5177 2523 5296 galiﬁs
2553 5182 2606 5234 in
2632 5177 2789 5244 hujus
2810 5176 2973 5235 Nota:
2999 5174 3111 5249 PP.
3138 5170 3471 5226 Bibliotheca:
3507 5183 3651 5227 tomo
3674 5170 3895 5242 quarto.

2427 5316 2501 5383 (9)
2546 5312 2725 5367 Graece
2771 5313 2911 5378 apud
2961 5325 3058 5383 nos
3082 5308 3283 5383 Δδίει-ιρι.
3320 5318 3417 5362 vet.
3456 5318 3502 5383 _t.
3540 5309 3654 5383 Vill.
3685 5311 3895 5383 [1.175,

2355 5380 2445 5438 ubi
2486 5380 2641 5450 aeque
2669 5392 2751 5435 est
2779 5380 3204 5450 Monophysitica
3233 5380 3505 5450 corruptio
3538 5382 3674 5434 οὐδὲ.
3707 5382 3897 5433 Exstat

2356 5447 2757 5519 id'corrnptum
2784 5447 3173 5519 Thanina'turgi
3220 5447 3586 5519 testimonium
3637 5452 3798 5503 etiam
3839 5452 3893 5500 in

2355 5525 2537 5575 codice
2579 5517 2808 5575 Arabico
2833 5520 2954 5571 Vat.
2989 5517 3109 5580 lOl,
3148 5518 3201 5567 in
3233 5531 3341 5582 quo
3382 5530 3508 5571 sunt
3544 5518 3759 5570 Patrum
3792 5533 3893 5569 ex-

2355 5602 2531 5659 cerpta
2566 5592 2632 5643 ab
2667 5593 2877 5643 homine
2902 5586 3630 5659 Mo_nophysi_ta_colleeta,ut
3654 5588 3896 5659 diximus

2355 5660 2407 5710 in
2448 5654 2639 5725 'Spicil.
2689 5660 2923 5725 Romrt.
2957 5654 3021 5706 Ill
3051 5694 3064 5719 ,
3112 5654 3312 5723 p.665,
3362 5658 3451 5711 ubi
3503 5658 3712 5725 aliquot
3745 5656 3894 5708 iliutc

2356 5724 2692 5796 protulimus.
2728 5729 2793 5801 Δ,
2826 5724 2896 5777 Μ.
