4094 6350
730 464 733 481 ς
754 418 893 503 tear

1554 414 1795 469 LEONl-S
1832 414 2101 468 ALLATII
2139 412 2464 468 DlATRIBA
2500 413 2586 467 DE
2622 394 3029 472 THEODORIS.

3826 413 3966 468 1⁸298

729 494 956 616 Llaudat,
998 545 1052 591 et
1089 535 1260 595 aﬂert.
1296 535 1430 591 Vide
1462 534 1732 606 Euthymii
1762 535 2033 606 Zygabeni
2071 535 2298 604 Dogma-
2329 539 2375 591 A
2470 502 2792 593 Dulntarunt
2819 551 2949 606 ergo
2974 535 3159 591 Patres
3191 537 3255 590 de
3284 535 3403 599 hac,
3438 494 3581 606 quod
3629 536 3686 592 in
3718 550 3783 589 ea
3812 549 3965 602 repe-

754 624 911 680 ticam
939 626 1258 693 panopliam,
1292 625 1444 679 titulo
1481 624 1691 679 decimo
1724 626 1913 693 quinto
1942 624 2072 693 (10).

814 712 1037 779 Interim
1076 716 1464 772 consideranda
1491 724 1643 783 sunt
1668 715 1811 769 dicta
1846 715 2061 770 Baronii
2091 713 2157 768 ad
2202 729 2297 768 an-

749 817 882 861 num
905 801 1104 861 Christi
1128 804 1252 868 353,
1288 821 1342 859 n.
1366 805 1430 859 19
1457 825 1469 859 :
1508 823 1528 856 ι
1558 804 1784 862 Constat
1810 806 1967 861 ﬁdem
1994 814 2296 873 susceptam

750 911 779 953 a
817 895 977 965 beata
997 894 1215 964 Virgine
1245 912 1368 950 cum
1393 895 1599 951 Joanne
1632 897 1990 967 evangelista,
2024 895 2190 949 fuisse
2217 884 2299 948 ab

605 978 611 984 ’
704 988 945 1042 "eodem
1004 987 1124 1055 ipso
1172 986 1433 1057 Gregorio
1493 988 1898 1042 accuratissime
1952 985 2295 1053 explicatam,

740 1077 999 1148 apposito
1032 1078 1459 1149 (commentario,
1483 1076 1557 1130 De
1585 1077 1904 1145 expositione
1929 1068 2054 1143 ﬁdei
2096 1075 2299 1130 inscri-

748 1178 860 1237 pto,
893 1169 985 1235 qui
1028 1168 1226 1229 citatus
1254 1169 1521 1236 reperitur
1562 1169 1699 1221 inter
1730 1167 1866 1221 alios
1896 1182 1925 1221 a
1955 1167 2165 1221 Basilio
2187 1165 2297 1221 Ma-

748 1271 856 1324 gno
887 1255 961 1309 De
986 1256 1192 1325 Spiritu
1230 1267 1431 1323 sancto,
1483 1272 1599 1326 cap.
1628 1256 1697 1311 29
1749 1262 1825 1326 (ιι.
1854 1256 1939 1327 74)
1985 1266 2038 1311 et
2069 1256 2295 1329 epistola

748 1348 889 1418 (cex)
913 1348 979 1401 ad
999 1346 1476 1413 Neocaesarienses,
1505 1359 1557 1401 et
1588 1364 1618 1403 a
1643 1347 1864 1401 Leontio
1892 1346 2239 1402 scholastice.
2270 1366 2289 1398 ι

749 1436 857 1495 Sed
885 1440 1087 1495 erroris
1128 1440 1231 1494 iste
1257 1440 1501 1509 arguitur
1526 1440 1654 1495 dum
1689 1439 1762 1491 ait
1793 1438 2095 1493 dubitatum
2131 1454 2161 1499 a
2187 1438 2291 1493 Pa-

746 1529 947 1593 tribus,
989 1543 1060 1581 an
1106 1528 1380 1598 Expositio
1398 1528 1523 1605 ﬁdei
1570 1528 1733 1583 fuerit
1776 1528 1844 1583 ab
1876 1530 2293 1601 ipsoGregorio

746 1620 965 1688 scripta.
996 1617 1131 1673 Nam
1157 1608 1410 1680 Basilius,
1436 1618 1529 1686 qui
1559 1617 1741 1670 omnia
1767 1616 2013 1685 Gregorii
2042 1630 2293 1674 accurate

746 1716 1025 1777 perspecta
1062 1706 1282 1770 habuit,
1310 1715 1369 1758 ut
1397 1706 1516 1774 ejus
1547 1719 1681 1774 opus
1707 1706 1854 1770 citat,
1889 1718 1942 1761 et
1983 1708 2051 1761 ab
2082 1722 2147 1761 eo
2174 1710 2289 1761 edi-

746 1811 858 1854 tum
914 1799 1080 1853 fuisse
1114 1813 1222 1853 non
1268 1798 1494 1863 dubitat,
1528 1798 1651 1852 licet
1697 1796 1839 1851 idem
1888 1799 1962 1853 ibi
2007 1798 2073 1852 de
2104 1799 2286 1854 subsi=

2402 626 2637 678 rirentur
2691 627 2990 688 nonnulla,
3050 641 3169 695 quae
3220 626 3458 682 scholam
3513 625 3855 696 Apollinaris
3912 636 3965 678 es

2399 711 2711 783 Eutychetis
2743 716 2967 771 olerent.
3002 716 3221 771 Certum
3264 726 3345 772 est
3380 718 3674 774 dubitasse.
3726 717 3961 771 Verum-

2399 815 2578 860 tamen
2612 816 2673 860 ut
2696 822 2765 861 ex
2805 822 2993 862 eorum
3034 809 3196 863 dictis
3232 823 3336 862 una
3368 810 3529 863 simul
3566 808 3782 864 collatis
3829 822 3962 862 con-

2398 903 2525 957 stat,
2557 910 2665 947 non
2698 896 2764 949 de
2798 904 2909 959 tota
2942 898 3042 951 bac
3074 898 3337 960 oratione,
3376 898 3467 952 sed
3504 896 3859 951 solummodo
3898 895 3961 947 de

2397 984 2542 1038 dicto
2587 985 2812 1051 inserto,
2862 986 2915 1039 in
2948 1000 3063 1056 quo
3093 986 3378 1041 videbatur
3418 987 3604 1042 tollere
3648 1003 3678 1041 e
3720 999 3958 1055 persona

2397 1073 2598 1129 Christi
2628 1076 2762 1130 duas
2793 1085 3036 1143 naturas,
3069 1085 3122 1131 et
3155 1093 3316 1131 unam
3344 1085 3547 1133 tantum
3576 1076 3953 1133 constabilire.

2400 1162 2489 1218 Sic
2516 1165 2807 1244 Eulogius:
2846 1168 2909 1219 Ἦ
2956 1169 3012 1220 δὲ
3054 1167 3144 1220 τὸν
3188 1168 3606 1239 Θαυματουργὸν
3651 1168 3957 1238 Γρηγόριον

2396 1258 2800 1329 ὑποϐαλλομένη
2840 1259 3050 1335 χρῆσις,
3085 1259 3299 1327 λέγεται
3332 1259 3427 1329 μὲν
3447 1258 3553 1328 γὰρ
3588 1258 3823 1319 ἐκείνου,
3863 1256 3955 1309 τὸν

2394 1350 2449 1402 δὲ
2499 1350 2897 1422 ’Δπολλινάριον
2936 1350 3258 1421 εἰσκομίζει.
3315 1370 3331 1401 ι
3365 1336 3758 1403 Testimonium
3800 1350 3953 1417 quod

2396 1438 2637 1509 Gregorii
2658 1440 3047 1511 Thaumaturgi
3068 1455 3261 1494 nomen
3284 1457 3390 1511 pra:
3404 1457 3461 1495 se
3475 1440 3595 1505 fert,
3613 1430 3814 1495 dicitur
3838 1444 3959 1509 qui-

2394 1528 2513 1581 dem
2534 1528 2677 1583 illius
2701 1544 2841 1592 esse.
2870 1530 2961 1584 sed
2982 1532 3344 1599 Apollinarem
3367 1531 3492 1585 olet.
3526 1550 3545 1581 ι
3574 1529 3662 1585 Sic
3689 1531 3955 1584 monachi

2393 1614 2688 1672 Palestina!
2702 1620 2841 1688 apud
2854 1617 3162 1691 Evagrium,
3178 1621 3423 1689 quamvis
3439 1621 3620 1674 dicant
3636 1622 3953 1691 haareticos,

2393 1709 2709 1774 Athanasio,
2734 1710 3011 1779 Gregorio,
3026 1728 3088 1765 ac
3104 1711 3266 1776 Julio,
3284 1713 3749 1781 inscriptiseorum
3763 1713 3949 1763 nomi-

2394 1802 2570 1865 nibus,
2587 1802 2784 1856 multos
2794 1800 3115 1870 Apollinaris
3133 1811 3389 1857 tractatus
3400 1801 3766 1873 supposuisse,
3782 1810 3950 1854 antea

746 1891 957 1945 stentiis
998 1889 1197 1959 aliquid
1238 1888 1418 1943 minus
1442 1890 1654 1958 praprie
1677 1888 1949 1944 videretur
1990 1904 2110 1944 esse
2136 1891 2288 1945 locu-
2318 1876 2362 1931 Β
2392 1902 2569 1946 tamen
2592 1878 2863 1956 dixerant,
2887 1912 2905 1944 ι
2934 1892 3155 1948 Patrum
3180 1894 3347 1949 libros
3364 1909 3502 1963 saepe
3530 1894 3895 1962 depravasse:
3923 1911 3944 1941 ι

746 1989 835 2032 tus
870 1998 884 2031 :
920 1978 1061 2033 sicut
1096 1986 1167 2032 et‘
1192 1977 1435 2032 accidere
1475 1976 1653 2046 potuit
1690 1992 1756 2031 ex
1799 1979 1987 2032 eodem
2032 1987 2179 2037 textu
2218 1980 2288 2033 ab

745 2069 1035 2132 haereticis,
1077 2078 1135 2121 ut
1170 2068 1244 2121 ait
1267 2065 1526 2136 Evagrius
1568 2068 1662 2121 lib.
1698 2082 1781 2131 ιιι,
1815 2081 1936 2136 cap.
1968 2068 2059 2133 51,
2095 2069 2285 2137 depra-

744 2168 887 2224 vato,
918 2168 1011 2213 aut
1037 2172 1315 2233 perperam
1365 2157 1629 2225 exposito.
1685 2155 1817 2210 Rem
1858 2158 2282 2213 consideremus.

748 2255 833 2310 Uti
869 2257 1054 2309 v‘erunt
1084 2249 1345 2308 est‘ﬁdem
1384 2252 1672 2307 revelatam
1701 2266 1730 2305 a
1756 2249 1977 2319 Virgine
2000 2261 2053 2306 et
2080 2249 2287 2306 Joanne

743 2345 1073 2413 evangelista
1116 2343 1689 2410 adnotasse,~sibique
1734 2357 2039 2397 reservasse
2086 2342 2286 2412 Grego-

720 2436 1007 2506 .rium,'ita
1046 2436 1241 2491 falsum
1277 2450 1395 2491 eam
1424 2433 1813 2489 Commentario
1845 2433 2091 2502 apposito
2125 2448 2287 2488 accu-

740 2530 1009 2585 ratissime
1030 2528 1344 2597 explicasse.
1373 2526 1462 2580 Sic
1482 2540 1695 2594 quoque
1731 2526 2019 2579 orationem
2034 2524 2148 2581 sive
2172 2522 2283 2577 Ez-

726 2622 1044 2689 .positionem
1070 2620 1212 2687 ﬁdei,
1236 2633 1357 2686 quae
1379 2618 1562 2686 incipit
1593 2599 1889 2685 "Electum,
1912 2630 2019 2671 non
2039 2631 2159 2671 esse
2189 2631 2282 2670 ex-

741 2714 1079 2780 plicationem
1126 2708 1267 2763 illius
1293 2708 1417 2761 ﬁdei
1445 2707 1711 2768 revelata,
1742 2706 1834 2761 sed
1871 2715 2157 2760 tractatum
2190 2720 2285 2776 per

742 2819 799 2857 se
832 2802 1084 2865 divisum,
1136 2798 1203 2852 ab
1245 2811 1415 2866 eaque
1457 2796 1790 2861 distinctum,
1832 2804 1891 2849 ut
1932 2796 2152 2864 planum
2194 2797 2284 2850 fiet

740 2892 947 2962 singula
982 2888 1300 2947 conferenti.
1336 2887 1565 2942 Basilius
1591 2887 1668 2940 De
1695 2886 1897 2955 Spiritu
1922 2895 2123 2953 sancto,
2159 2904 2279 2956 cap.

703 2973 826 3049 ’9.9,
864 2999 930 3037 ne
969 2982 1189 3037 verbum
1238 2980 1455 3049 quidem
1503 2976 1655 3033 facit
1679 2979 1745 3034 de
1765 2974 2105 3046 Expositione
2136 2978 2279 3045 ﬁdei,

740 3075 830 3128 sed
862 3072 1233 3127 tantummodo
1257 3070 1680 3141 gloriﬁcationem
1715 3085 1745 3124 a
1773 3067 2034 3139 Gregorio
2059 3068 2279 3131 editam,

2390 1984 2482 2036 καὶ
2501 1983 2687 2051 λόγους
2708 1984 2962 2054 Πατέρων
2978 1983 3233 2046 πολλάκις
3250 1984 3610 2037 νενοθεύκασι.
3648 1984 3739 2038 Sic
3752 1993 3950 2047 auctor

2400 2074 2530 2128 Vitw
2550 2077 2721 2128 sancti
2754 2074 2977 2141 Maximi
3002 2077 3386 2146 νοεδῐχρήσεις
3398 2075 3587 2142 ἁγίων,
3620 2076 3713 2128 καὶ
3737 2076 3949 2145 αἱρετικ-

2388 2165 2497 2218 κῶν
2514 2168 2733 2236 χρήσεις
2755 2166 2885 2236 (11)·
2910 2166 3086 2238 ῥῆσις,
3110 2166 3221 2221 sive
3253 2168 3464 2237 χρῆσις,
3490 2176 3571 2221 est
3592 2166 3778 2231 dictio,
3806 2166 3946 2221 els-

2388 2263 2522 2318 tum,
2544 2256 2969 2323 sententia,pars
2992 2255 3252 2309 orationis
3273 2257 3477 2325 integra
3500 2272 3515 2316 ;
3536 2257 3812 2327 τεμάχιον,
3828 2255 3947 2309 truc

2344 2354 2347 2355 '
2386 2353 2551 2411 stum,
2570 2345 2925 2414 fragmentum
2945 2341 3091 2417 (“ᾟσ’
3108 2346 3401 2418 Εὐριπίδης
3418 2347 3574 2418 ῥῆσίν
3589 2364 3733 2411 τινα,
3752 2349 3946 2401 cecinit

2388 2437 2667 2507 Euripides
2687 2438 2999 2513 sententiam
3015 2436 3341 2508 quamdam),
3371 2452 3500 2507 pars
3527 2431 3811 2505 orationis,
3832 2454 3941 2493 non

2368 2515 2557 2583 oratio
2588 2528 2816 2598 integra.
2836 2526 3013 2593 Quare
3028 2529 3119 2583 hic
3141 2529 3681 2600 contenduntxpﬁcw
3699 2530 3845 2583 illam
3859 2531 3942 2581 vel

2386 2621 2560 2691 ῥῆσιν,
2578 2636 2698 2689 qua:
2726 2635 2794 2674 ex
2820 2616 3143 2689 Apollinaris
3164 2635 3303 2688 penu
3325 2629 3512 2673 exorta
3537 2628 3641 2685 est,
3665 2618 3945 2673 Thauma-

2383 2713 2526 2782 turgi
2543 2698 2646 2766 non
2674 2727 2815 2777 esse,
2830 2712 2925 2767 sed
2945 2712 3291 2781 Apollinaris.
3312 2709 3430 2765 Non
3460 2712 3579 2764 ideo
3601 2721 3782 2765 tamen
3797 2714 3945 2764 abdi-

2384 2814 2508 2857 cant
2523 2804 2783 2873 reliquam
2801 2804 3099 2857 orationem
3112 2804 3501 2866 continuatam,
3526 2816 3646 2869 qua:
3670 2800 3940 2869 Gregorio

2383 2896 2600 2961 indigna
2636 2909 2745 2948 non
2776 2902 2877 2965 est.
2916 2891 2981 2946 Et
3015 2892 3147 2946 dum
3180 2892 3308 2948 dicit
3333 2891 3613 2955 Leontius,
3647 2890 3792 2958 apud
3841 2906 3941 2943 an-

2385 2984 2647 3051 tiquiores
2686 2981 3024 3044 dubitatum,
3082 2996 3187 3035 non
3238 2981 3473 3035 delt‘idei
3511 2982 3839 3051 expositione
3888 2982 3941 3033 id

2386 3073 2635 3138 aﬂirmat,
2686 3072 2780 3127 sed
2818 3081 3029 3127 tantum
3085 3072 3151 3126 de
3200 3070 3346 3126 dicto
3400 3072 3494 3126 illo
3545 3082 3600 3126 et
3647 3074 3941 3135 sententia,

739 3180 862 3219 cum
915 3164 1035 3218 aliis
1084 3164 1153 3217 ab
1192 3162 1312 3217 aliis
1368 3162 1761 3230 antiquioribus
1816 3162 2065 3215 Patribus
2122 3158 2278 3213 factis
2309 3186 2353 3247 ρ
2384 3180 2547 3234 quam
2584 3165 2661 3219 uti
2686 3166 2849 3232 ipse,
2887 3166 2961 3217 ita
3001 3171 3054 3217 et
3094 3162 3183 3216 alii
3227 3162 3486 3217 verbatim
3530 3172 3940 3231 expresserunt,

738 3255 946 3311 confert
990 3264 1042 3309 et
1084 3256 1372 3309 examinat.
1410 3250 1515 3306 ‘Sic
1558 3261 1612 3305 et
1657 3252 1710 3305 in
1758 3252 1983 3322 epistola
2032 3251 2173 3321 (cex)
2216 3252 2282 3306 de
2320 3252 2321 3255 “
2383 3254 2768 3309 dubitationem
2821 3252 3023 3318 fuisse,
3079 3253 3301 3323 intelligi
3348 3253 3524 3309 debet.
3596 3253 3755 3319 Quod
3802 3268 3942 3306 vero

735 3350 839 3403 alia
865 3349 931 3403 ad
954 3346 1226 3402 Elianum
1264 3345 1463 3415 scripta
1495 3357 1797 3398 sermonem
1836 3344 2012 3410 habet,
2036 3358 2095 3397 ιιι
2118 3358 2279 3411 supra

736 3450 919 3496 contra
982 3438 1365 3493 Bellarminum
1440 3435 1804 3504 probavimus.
1886 3434 1948 3488 Et
2010 3437 2280 3491 immerito

736 3527 993 3583 Leontius
1034 3526 1390 3583 scholasticus
1423 3526 1657 3594 vapulat,
1698 3525 1789 3593 qui
1830 3540 1936 3579 non
1981 3527 2047 3578 de.
2086 3527 2278 3580 tradita

736 3636 766 3671 a
812 3618 871 3672 Β.
911 3618 1149 3688 Virgine,
1204 3632 1383 3687 quam
1404 3626 1460 3673 et
1494 3618 1606 3685 ipse
1632 3625 1685 3669 et
1712 3615 1803 3668 alii
1837 3614 1914 3668 uti
1947 3616 2167 3669 verbum
2199 3617 2279 3671 di-

737 3713 921 3763 vinum
968 3710 1203 3771 venerati
1247 3719 1411 3773 sunt,
1449 3718 1502 3792 et
1557 3709 1758 3775 scripto
1801 3706 2276 3775 consignaverunt,

736 3800 830 3855 sed
882 3802 948 3853 de
1003 3801 1103 3853 hac
1138 3814 1301 3886 quam
1339 3800 1555 3867 speciali
1616 3800 1769 3853 titulo
1815 3798 1908 3850 τοῦ
1944 3797 2085 3853 κατὰ
2118 3799 2279 3869 μέρος

735 3888 804 3941 ab
860 3888 979 3941 aliis
1029 3886 1317 3955 Gregorius
1379 3887 1660 3953 separavit,
1734 3886 1921 3941 scribit
1974 3885 2277 3939 dubitatum

672 3985 677 3993 '
733 3976 903 4033 fuisse
945 3993 974 4031 a
1002 3976 1265 4032 Patribus.
1312 3974 1377 4029 Et
1412 3976 1536 4029 licet
1566 3978 1723 4030 etiam
1751 3992 1936 4031 verum
1972 3977 2061 4039 sit,
2096 3975 2277 4031 omnia

732 4070 861 4125 dicti
915 4056 1105 4138 (Patris
1158 4076 1434 4137 perspecta
1498 4066 1749 4121 habuisse
1805 4066 2095 4130 BaSilium,
2129 4065 2276 4118 nihi-

718 4160 964 4214 lominus
1005 4157 1285 4227 Expositio
1336 4158 1481 4225 ﬁdet,
1546 4171 1706 4223 quam
1755 4157 1869 4225 ipse
1914 4154 2189 4225 suggillat,
2224 4164 2277 4209 et

732 4266 991 4307 excusare
1004 4251 1212 4314 nititur,
1230 4264 1334 4303 non
1360 4248 1460 4303 fuit
1474 4262 1649 4317 neque
1669 4246 1756 4302 ilia
1774 4262 1804 4299 a
1816 4246 2034 4317 Virgine
2054 4247 2274 4311 dictata,

734 4356 908 4409 neque
945 4343 1058 4394 hare
1097 4342 1233 4409 ipsa,
1279 4341 1344 4395 de
1379 4357 1485 4410 qua
1531 4338 1685 4393 nobis
1722 4352 1947 4392 examen
1989 4338 2271 4400 incumbit,

733 4432 826 4485 sed
878 4431 981 4483 alia
1029 4432 1181 4484 tertia
1223 4433 1286 4485 ad
1312 4431 1607 4492 lElianum,
1658 4428 1772 4483 sive
1798 4426 2120 4495 Gelianum,
2174 4445 2272 4484 ceu

2382 3345 2570 3416 ultimo
2620 3344 2739 3398 loco
2780 3343 2938 3417 ponit.
2980 3360 3059 3397 ex.
3098 3342 3360 3399 sententia
3391 3342 3636 3413 Gregorii
3675 3342 3940 3414 Nysseni,

2381 3436 2587 3492 nullum
2634 3451 2755 3492 esse
2796 3450 2934 3505 opus
2977 3433 3364 3505 Thaumaturgi
3399 3444 3593 3503 praeter
3638 3435 3807 3490 solam
3839 3430 3938 3487 Fi-

2379 3528 2523 3593 dem,
2556 3544 2718 3597 qnam
2771 3528 2827 3582 in
2858 3527 3068 3583 visione
3117 3536 3491 3595 conspexerat,
3545 3526 3649 3581 hoc
3696 3540 3817 3580 non-
3852 3536 3937 3581 est

2380 3623 2479 3676 hac
2500 3618 2990 3689 Fideiespositione
3025 3619 3139 3673 sola
3162 3618 3304 3680 ,sed
3350 3620 3571 3687 reliquis
3615 3619 3775 3672 etiam
3812 3619 3935 3671 aliis

2377 3712 2651 3781 operibus,
2682 3727 2801 3780 qua:
2834 3710 3132 3765 indubitate
3160 3708 3405 3777 Gregorii
3437 3721 3583 3773 sunt,
3608 3709 3934 3778 Gregorium

2380 3803 2632 3871 spoliare,
2672 3802 2814 3871 quod
2860 3802 3025 3855 fuerit
3066 3800 3225 3869 plane
3269 3799 3564 3861 absonum,
3610 3807 3662 3852 et
3690 3814 3818 3853 vere
3853 3800 3935 3852 in-

2378 3896 2799 3948 consideratum.
2860 3892 2927 3948 Et
2991 3894 3116 3947 licet
3179 3891 3231 3945 id
3292 3888 3567 3961 Nyssenus
3635 3902 3933 3955 assereret,

2378 3983 2678 4055 Nyssenum
2725 3986 2839 4053 ipse
2878 3999 3146 4048 revereor,
3187 3991 3240 4035 et
3275 3982 3417 4037 illius
3449 3982 3591 4037 dicta
3619 3984 3931 4051 exosculor.

2378 4075 2559 4129 llabeo
2626 4086 2804 4131 tamen
2836 4092 2973 4147 quos
3013 4077 3089 4130 illi
3119 4088 3386 4144 opponam
3418 4073 3673 4129 Basilium
3722 4086 3776 4129 et
3804 4073 3933 4130 Ilie-

2375 4185 2683 4247 ronymum,
2710 4171 2803 4240 qui
2835 4172 3004 4226 multa
3050 4170 3154 4225 alia
3186 4169 3425 4237 ejusdem
3460 4180 3763 4225 recensent.
3800 4170 3949 4225 Erat

2374 4277 2502 4332 ergo
2530 4263 2598 4315 ab
2624 4263 2887 4317 haereticis
2908 4262 3110 4316 dictum
3134 4258 3264 4313 illud
3292 4258 3358 4312 de
3383 4259 3591 4314 duabus
3625 4260 3677 4313 in
3708 4258 3931 4314 Christo

2324 4360 2329 4364 ”
2372 4355 2581 4408 naturis
2606 4353 2975 4423 depravatum,
2995 4351 3138 4421 quod
3168 4350 3485 4407 Anastasius
3513 4352 3565 4403 in
3600 4351 3793 4421 Ecloge
3828 4366 3928 4406 sua

2375 4460 2440 4498 ex
2476 4444 2693 4512 puriore
2732 4443 2981 4497 codicum
3019 4439 3168 4493 fonte
3212 4437 3489 4501 hauriens,
3543 4446 3605 4491 ut
3639 4438 3773 4491 illud
3812 4437 3931 4491 edi-

732 4522 919 4577 scribit
942 4522 1224 4578 Facundus
1255 4521 1654 4578 Hermianensis
1688 4521 1782 4576 lib.
1806 4534 1839 4574 χ
1870 4525 2013 4590 (cap.
2046 4520 2101 4587 6)
2135 4523 2269 4575 scri-

2381 4534 2523 4587 derat
2551 4532 3007 4603 Thaumaturgus,
3036 4528 3339 4598 exscripsit,
3356 4528 3648 4597 recitatque
3679 4527 3931 4583 Sirmon-

734 4628 851 4685 pta,
886 4624 944 4669 ut
970 4629 1130 4683 supra
1154 4614 1404 4681 diximus,
1447 4617 1498 4668 in
1532 4630 1638 4684 qua
1679 4615 1745 4668 de
1772 4612 2134 4669 subsistentiis
2163 4628 2269 4666 non

732 4719 804 4762 -ta
842 4707 1123 4763 commode
1163 4707 1403 4762 locutum
1446 4707 1612 4761 fuisse
1652 4706 1813 4760 tradit
1845 4721 1859 4758 :
1888 4719 2013 4758 cum
2064 4694 2270 4768 in‘hac,

733 4806 796 4855 'le
817 4815 929 4869 qua
957 4813 1100 4852 nunc
1126 4797 1417 4863 dubitatur,
1448 4798 1578 4851 nihil
1616 4798 1686 4851 sit
1714 4810 1887 4864 neque
1922 4796 1976 4849 in
2018 4795 2273 4865 mysterio

740 4890 1027 4957 Trinitatis,
1076 4901 1249 4957 neque
1299 4886 1355 4939 in
1402 4888 1656 4955 mysterio
1703 4884 2115 4945 lncarnationis,
2166 4896 2271 4936 non

731 4980 1296 5052 aptissimetraditum,
1321 4976 1665 5044 et,catholicae
1681 4974 1930 5031 Ecclesiae
1950 4987 2267 5029 consonum.

728 5070 794 5127 Et
815 5082 923 5129 tres
941 5066 1245 5141 huiusmodi
1263 5066 1625 5135 expositiones
1640 5076 1762 5121 ante
1779 5082 1863 5121 me
1878 5075 2157 5121 notaverat
2171 5067 2270 5120 do-

730 5166 1005 5219 ctissimus
1029 5161 1261 5217 Jacobus
1284 5158 1601 5213 Sirmondus
1634 5158 1689 5210 in
1715 5159 1861 5211 notis
1874 5159 1940 5212 ad
1958 5158 2269 5213 Facundum

732 5250 1191 5309 Hermianensem.

802 5408 914 5479 (10)
975 5407 1163 5479 Latine
1222 5407 1435 5479 quidem
1470 5408 1587 5479 _int
1627 5405 1961 5479 Bibiiotheed
2018 5407 2264 5479 Lugdun.

736 5474 847 5546 PP.
896 5474 944 5533 ἰ.
997 5476 1137 5541 XIX,
1173 5474 1410 5545 p.187;
1458 5475 1639 5531 Grece
1707 5476 1853 5531 dedit
1883 5474 2129 5531 Allatius'.
2166 5478 2270 5546 Zy-

731 5544 924 5614 gabeni
957 5547 1384 5617 disputationem
1420 5558 1540 5617 cum
1571 5547 1840 5617 saraceno
1884 5546 2045 5600 habes
2078 5549 2130 5600 in
2166 5544 2267 5601 hac

733 5612 915 5683 nostra
949 5612 1076 5667 PP.‘
1092 5617 1411 5671 Bibliotheca
1444 5627 1482 5668 t.
1508 5616 1593 5669 ιν.
1616 5614 1761 5670 Nova
1794 5626 1846 5669 et
1878 5616 2140 5683 ampliora
2161 5617 2263 5671 alia

729 5678 966 5753 ejusdem
996 5685 1192 5751 scripta
1218 5685 1379 5751 przrlo
1406 5698 1675 5753 paramus.
1708 5688 1771 5737 A.
1796 5685 1865 5738 Μ.

802 5752 911 5823 (ti)
952 5751 1161 5823 Heapse
1192 5754 1243 5823 in
1290 5751 1474 5808 nostro
1501 5757 1767 5811 volumine
1810 5756 2035 5823 septimo
2070 5754 2260 5822 Script.

725 5822 846 5888 ven,
893 5831 1027 5887 part.
1075 5838 1111 5888 ι,
1152 5822 1313 5876 habes
1374 5840 1424 5891 p.
1483 5824 1578 5879 l65
1635 5827 1844 5881 titulum
1871 5822 2105 5894 ίχρήσεις
2152 5828 2256 5880 τῶν

2372 4625 2473 4679 dus
2523 4624 2667 4677 dicto
2711 4624 2831 4677 loco
2874 4638 2887 4673 :
2932 4623 3026 4674 Ἐκ
3078 4618 3201 4687 τῆς»
3250 4617 3399 4673 κατὰ
3436 4618 3627 4687 μέρος
3657 4618 3929 4682 Πίστεως

2372 4719 2667 4790 Γρηγορίου
2730 4719 2822 4771 τοῦ
2868 4717 3117 4785 Μεγάλου
3152 4714 3243 4767 καὶ
3292 4712 3751 4784 Θαυματουργοῦ·
3812 4710 3928 4765 Καὶ

2372 4808 2500 4860 ἐστι
2546 4808 2687 4873 Θεὸς
2723 4807 3024 4876 ἀληθινὸς,
3076 4809 3108 4859 d
3137 4805 3399 4871 ἄσαρκος
3434 4803 3503 4855 ἐν
3536 4804 3713 4871 σαρκὶ
3740 4817 3926 4873 99m-

2365 4897 2594 4963 ρωθεὶς,
2630 4897 2851 4962 τέλειος
2887 4895 2960 4964 τῇ
2993 4890 3250 4961 ἀληθινῇ
3288 4891 3383 4944 καὶ
3419 4892 3544 4959 θείᾳ
3576 4892 3923 4957 τελειότητι.

2372 4989 2443 5039 οὐ
2485 4986 2593 5038 δύο
2634 4988 2947 5054 πρόσωπα,
2999 4985 3157 5039 ἀλλὰ
3199 4980 3309 5052 (12)
3339 4981 3445 5034 δύο
3489 4984 3739 5050 φύσεις,
3779 4979 3927 5034 οὐδὲ

2373 5078 2670 5145 τέσσαρας
2715 5076 3078 5143 προσκυνεῖν
3116 5074 3389 5142 λέγομεν,
3436 5073 3575 5127 Θεὸν
3614 5073 3711 5125 καὶ
3761 5071 3921 5129 Υἱὸν.

2374 5168 2520 5221 Θεὸν
2543 5168 2641 5221 καὶ
2669 5167 2993 5234 ἄνθρωπον,
3024 5168 3119 5219 καὶ
3411 5164 3597 5233 ἄτιον.
3626 5182 3646 5216 t
3680 5156 3759 5217 Ex
3785 5159 3922 5213 Fid:

2371 5257 2651 5310 secundum
2689 5267 2862 5324 partes
2894 5256 3137 5327 Gregorii
3178 5252 3351 5323 Magni
3399 5263 3453 5309 et
3483 5252 3907 5321 Thaumaturgi:

2374 5416 2653 5491 “aurapin
2685 5415 2778 5491 ita}
2816 5412 3105 5491 dpboddiuiv
3138 5410 3407 5491 II-qtéptnv.
3457 5410 3525 5464 Et
3541 5410 3737 5491 ,κρέ’-68,
3775 5408 3918 5491 χρή-

2371 5479 2487 5563 ξειέ
2514 5479 2812 5563 θεοστρχῶν
2838 5479 3145 5563 ἁὶρετιξιῶκίΖ
3177 5479 3411 5549 Denique
3462 5496 3516 5549 p.
3540 5479 3665 5545 202,
3694 5479 3916 5550 χρήσεις

2369 5549 2637 5624 ἄχρηστοι
2670 5549 2975 5624 ’Ᾱρςειιινὼνἶ
3006 5552 3070 5604 Α.
3100 5549 3170 5603 Μ.

2440 5610 2548 5694 (1'2)
2596 5610 2781 5677 Viden‘
2823 5621 3113 5694 genuinum
3161 5616 3330 5694 una,
3380 5616 3711 5694 pro_§purio
3755 5610 3917 5694 066i?

2368 5687 2561 5747 Recole
2593 5687 2848 5746 nostranf
2862 5690 3262 5747 adnotationem
3287 5690 3337 5756 1,
3364 5687 3417 5757 p.
3448 5688 3549 5745 108
3570 5687 3770 5757 (supra,
3798 5692 3913 5735 not.

2368 5764 2418 5829 8,
2454 5766 2553 5821 col.
2588 5763 2769 5834 me).
2803 5760 2865 5835 Α.
2900 5760 2969 5815 n.
