4094 6350
176 437 197 487 1
208 437 327 493 229

995 527 1003 533 ι
1039 444 1282 505 morus
1317 449 1592 508 ALLATll
1622 408 1943 522 animus
1979 454 2064 508 ne
2097 454 2500 521 THEODORIS.

3250 458 3398 516 {930'

175 555 285 610 Est
313 556 453 612 Deus
507 576 654 613 rem:
673 599 687 622 ,
738 563 847 630 qui,
872 565 1065 646 absque
1110 584 1266 621 carne
1316 585 1432 621 cum
1481 579 1633 631 esset,
1679 570 1735 621 in
1762 570 1810 625 Α
1833 570 2244 639 sententiarum,
2272 575 2366 643 qui
2394 573 2522 628 dum
2556 590 2622 629 ex
2651 590 2714 631 ea
2744 576 2906 631 verba
2936 579 3158 646 profert,
3200 579 3403 634 scribit

173 665 348 701 carne
376 654 651 718 apparuit,
678 654 934 719 perfectus
974 643 1095 709 tiara
1124 670 1171 711 et
1194 659 1370 713 divina
1408 661 1737 729 perfectione,

1841 675 1901 713 ea
1941 676 1998 715 se
2030 678 2245 718 sumere
2284 666 2347 717 ὲκ
2389 666 2479 718 τοῦ
2520 668 2646 736 περὶ
2680 667 3131 737 σαρκώσεωςηκαὶ
3155 669 3387 733 πίστεως

172 752 289 791 non
320 740 442 794 dua
469 757 727 810 persona,
762 746 851 798 sed
888 740 1093 803 natura:
1131 748 1286 814 dum;
1319 768 1478 820 neque
1516 762 1704 822 quatua

1838 752 1994 819 λόγον
2030 756 2087 806 ὲν
2126 758 2190 825 τῇ
2234 758 2493 827 ἑρμηνείᾳ
2529 757 2616 808 τοῦ
2650 757 2896 828 δευτέρον
2926 758 3404 835 ἀναθεματισμοῦ.”

130 834 134 839 ’
169 830 411 882 adorare
447 832 687 896 dicimus,
710 833 875 886 Deum
898 846 948 889 et
968 834 1182 904 Filium,
1202 840 1365 892 Deum
1386 853 1434 895 et
1459 842 1734 907 hominem,

166 930 226 970 et
255 918 514 986 Spiritum
553 934 810 975 sanctam.
848 943 867 974 ι
926 923 990 979 Et
1033 914 1355 1002 Euthymius
1396 929 1731 1001 Zygabenus,

173 1008 238 1060 in
277 1008 552 1078 Ριηιοριὶω
580 1013 732 1067 titulo
755 1013 841 1078 15,
863 1028 925 1067 ea
958 1017 1009 1070 in
1045 1026 1193 1083 parte
1230 1017 1319 1072 ubi
1348 1021 1414 1073 de
1443 1021 1651 1077 duabus
1680 1023 1731 1075 in

168 1098 403 1153 Christo
439 1102 643 1155 naturis
665 1104 969 1157 testimonia
994 1104 1208 1159 Patrum
1248 1109 1482 1176 colligit:
1506 1110 1607 1162 Τοῦ
1626 1114 1733 1164 Με-

168 1189 349 1254 γάλου
394 1191 433 1241 Γ
438 1198 686 1264 ρηγορίου
729 1193 820 1247 τοῦ
866 1196 1283 1271 Θαυματονργοῖι
1327 1200 1390 1253 ὲκ
1434 1199 1540 1267 τῆς
1585 1204 1733 1257 κατὰ

161 1281 677 1350 μέροςηλΠίστεως·
706 1287 814 1339 Καὶ
844 1286 972 1340 ἔστι
997 1288 1140 1354 Θεὸς
1158 1290 1460 1362 ἀληθινὸς,
1489 1296 1521 1345 d
1545 1292 1728 1362 ἄσαρ-

166 1386 283 1433 κος
312 1370 383 1421 ἐν
408 1374 583 1445 σαρκὶ
608 1372 980 1443 φανερωθείς,
1012 1380 1083 1432 οὐ
1114 1378 1220 1432 δύο
1243 1382 1547 1449 πρόσωπα,
1569 1385 1728 1438 ἀλλὰ

166 1459 286 1511 δύο
332 1462 562 1528 φύσεις.
616 1484 643 1519 ,c
686 1464 861 1537 Magni
913 1467 1155 1538 Gregorii
1213 1470 1603 1544 Thaumaturgi
1658 1490 1725 1528 ex

166 1550 497 1616 professione
516 1552 637 1619 ﬁdei
666 1559 945 1609 secundum
966 1573 1140 1627 partes
1162 1579 1175 1613 .'
1200 1560 1265 1613 Et
1292 1575 1366 1615 est
1393 1563 1525 1616 Deus
1552 1580 1723 1630 verus,

165 1640 267 1707 qui
294 1650 464 1694 tamen
483 1644 592 1696 sine
621 1661 775 1698 carne
798 1657 893 1714 est,
926 1649 977 1701 in
999 1666 1152 1711 carne
1178 1655 1442 1719 apparuit,
1478 1671 1576 1707 non
1605 1656 1725 1711 duc

167 1748 431 1797 personet,
462 1735 549 1786 sed
575 1735 694 1790 duae
710 1748 930 1791 natum.
965 1758 982 1789 ι
1010 1738 1135 1794 Jure
1169 1743 1348 1812 itaque
1378 1745 1577 1799 dictum
1596 1747 1718 1810 hoc,

168 1829 236 1873 ut
276 1822 617 1890 proferebant
660 1826 915 1894 haeretici,
960 1840 1236 1887 verterunt
1274 1836 1329 1887 in
1372 1837 1593 1891 dubium
1618 1837 1721 1890 Pa-

165 1921 304 1976 tres,
348 1928 417 1965 an
448 1911 686 1984 Gregorii
722 1920 882 1971 eSSet.
934 1916 1001 1970 Et
1022 1919 1087 1973 de
1106 1917 1207 1974 hac
1226 1919 1565 1992 Expositione
1593 1927 1716 1996 ﬁdei

166 2006 312 2057 κατὰ
345 2007 530 2077 μέρος,
556 2012 709 2065 satis.

238 2096 358 2150 Dixi
394 2114 576 2168 supra,
611 2102 766 2156 tidem
797 2102 1055 2173 Gregorio
1107 2105 1394 2160 revelatam
1430 2123 1460 2161 a
1495 2106 1715 2178 Virgine

160 2186 359 2242 Patres
390 2191 645 2247 reveritos
676 2192 864 2259 fuisse,
895 2202 949 2249 et
980 2195 1033 2247 in
1066 2211 1163 2254 sua
1191 2198 1391 2266 scripta
1442 2200 1709 2255 retulisse.

158 2277 320 2330 Addo
354 2294 515 2344 nunc,
551 2291 605 2337 et
631 2298 695 2337 ex
730 2284 874 2347 illius
896 2268 1052 2340 dictis
1081 2288 1246 2341 multa
1279 2286 1399 2342 ﬁdei
1434 2292 1710 2359 mysteria,

161 2368 347 2422 verbis
406 2378 461 2423 et
506 2374 785 2429 sententiis
835 2377 956 2431 inde
1009 2378 1248 2444 haustis,
1311 2382 1708 2450 comprobasse.

158 2456 239 2512 Ne
283 2460 521 2527 singulos
561 2477 889 2527 recenseam,
917 2467 1025 2521 duo
1057 2471 1429 2525 tantummodo
1459 2473 1602 2527 dicta
1629 2474 1713 2527 di-

159 2549 450 2604 sertissimi
479 2548 673 2617 Patris,
701 2564 753 2607 et
782 2554 889 2619 cui,
915 2572 944 2609 a
971 2557 1284 2625 theologicis
1319 2561 1478 2615 rebus
1509 2564 1710 2631 optime

155 2648 213 2693 et
250 2641 658 2696 accuratissime
702 2646 1060 2712 pertractatis,
1113 2648 1368 2717 Theologi
1400 2666 1705 2720 cognomen
1749 2693 1752 2696 ι

160 2728 429 2782 universa:
459 2729 711 2787 Ecclesiae
753 2749 1017 2794 consensu
1058 2736 1300 2801 obvenit,
1329 2737 1589 2808 Gregorii,
1622 2740 1705 2797 in-

134 2834 350 2886 iquam,
401 2821 759 2888 Nazianzeni,
829 2824 885 2878 in
935 2816 1169 2881 medium
1215 2828 1465 2891 afferam,
1494 2831 1704 2898 quibus

156 2908 445 2964 affirmatio
482 2928 600 2967 mea
644 2924 824 2983 aperte
860 2906 1285 2973 constabilietur.
1326 2919 1565 2975 Primum
1600 2924 1704 2977 erit

154 3016 222 3054 ex
252 3004 495 3081 oratione
525 3006 589 3058 de
623 3005 928 3072 baptismate
953 3010 1051 3079 (or.
1081 3027 1166 3075 st,
1189 3011 1299 3081 42).
1351 3011 1547 3067 Scribit
1570 3013 1703 3068 Gre-

155 3078 343 3161 gorius
366 3110 379 3145 :
406 3095 568 3147 Οὐδὲν
600 3096 698 3164 τῆς
742 3078 993 3167 Τριάδοςν,
1046 3094 1093 3154 ὦ
1131 3078 1294 3167 οὗτοι»,
1328 3103 1448 3155 οὒτε
1490 3105 1694 3169 δοῦλον,

1844 863 1860 893 ι
1892 843 1965 897 Ex
2002 846 2246 901 oratione
2283 848 2348 901 de
2381 848 2749 901 incarnatione
2780 859 2831 903 et
2865 847 3000 914 ﬁde,
3035 851 3091 904 in
3123 850 3385 922 interpre-

1838 938 2039 990 tatione
2082 939 2514 994 anathematismi
2560 941 2801 995 secundi.
2843 959 2861 992 ι
2922 940 3068 996 Licet
3117 944 3260 998 enim
3316 962 3384 1001 ex

1834 1027 2100 1082 divisione
2131 1029 2308 1097 operis
2352 1030 2408 1083 in
2449 1031 2703 1100 capitula,
2737 1033 3092 1101 capitulorum
3133 1035 3237 1089 sibi
3278 1029 3383 1091 n0~
3429 1056 3431 1061 τ

1834 1132 1955 1170 men
1989 1133 2125 1187 opus
2152 1120 2462 1188 praetulerit,
2504 1129 2738 1193 attamen
2778 1123 2855 1176 illi
2885 1126 3010 1193 περὶ
3056 1123 3381 1195 σαρκώσεως

1832 1207 2048 1260 titulum
2106 1209 2174 1263 ab
2217 1217 2437 1265 auctore
2490 1209 2768 1278 pmﬁxum
2824 1212 3024 1275 fuisse,
3078 1227 3145 1268 ex
3192 1216 3380 1271 eodem

1831 1298 2011 1365 operis
2042 1308 2358 1365 argumento
2383 1300 2539 1365 plane
2564 1309 2728 1368 patet.
2808 1299 3007 1356 Scribit
3045 1305 3247 1360 scilicet
3280 1323 3380 1362 au-

1828 1396 1945 1441 ctor
1989 1387 2184 1461 :Oeoii
2230 1382 2408 1459 χάριτι
2463 1390 2578 1452 πῶς
2628 1391 2710 1443 δεῖ
2762 1395 3032 1449 πιστεύειν
3100 1399 3226 1468 περὶ
3284 1399 3382 1469 τῆς

1830 1474 2147 1544 σαρκώσεως
2190 1477 2283 1528 καὶ
2328 1476 2788 1547 ὲνανθρωπήσεως
2832 1482 2925 1533 τοῦ
2950 1483 3077 1535 Tim;
3118 1484 3210 1536 τοῦ
3242 1485 3377 1538 Θεοῦ

1838 1560 2007 1634 Ἰησοῦ
2031 1565 2279 1632 Χριστοῦ.
2320 1586 2338 1616 ι
2363 1565 2645 1631 Quomodo
2673 1584 2795 1627 cum
2823 1568 2916 1623 Dei
2938 1573 3108 1639 gratia
3134 1574 3378 1641 opai-teat

1823 1652 2040 1707 credere
2076 1654 2141 1705 de
2179 1654 2548 1708 incarnatione
2576 1664 2627 1708 et
2654 1656 3091 1712 inhumanatione
3121 1655 3243 1713 Filii
3277 1660 3375 1717 Dei

1822 1741 1951 1797 Jesu
1970 1743 2199 1797 Christi.
2230 1763 2250 1795 ι
2282 1742 2347 1797 Et
2377 1745 2617 1813 apposite
2650 1747 2759 1799 inec
2787 1748 2891 1800 duo
2924 1749 3207 1817 conjunxit
3244 1751 3375 1823 σάρ-

1823 1837 2125 1898 κωσιντκαὶ
2155 1834 2577 1905 ἐνανθρώπησιν,
2613 1838 3024 1892 incarnationem
3051 1850 3098 1893 et
3124 1842 3371 1896 inhuma—

1825 1927 2117 1987 nationem,
2168 1934 2424 1993 tanquam
2470 1927 2563 1995 qui
2605 1935 2659 1980 et
2694 1926 2909 1983 Graecos
2955 1930 3248 1985 catholicos
3286 1948 3373 1985 se-

1824 2024 2099 2083 queretur,
2134 2018 2225 2084 qui
2264 2016 2330 2069 de
2368 2016 2469 2071 hoc
2502 2017 2759 2086 mysterio
2803 2018 2967 2073 libros
3006 2036 3133 2075 suos
3182 2022 3373 2075 inscri-

1822 2104 1948 2157 bere
1974 2107 2233 2171 solebant,
2260 2106 2394 2173 Περὶ
2421 2107 2877 2183 ἑνανθρωπήσεως
2895 2150 2909 2173 ,
2941 2119 2992 2163 et
3018 2108 3374 2166 heterodoxo-
3425 2122 3429 2129 ‘

1820 2210 1942 2248 rum
1968 2197 2285 2250 sententiam
2317 2196 2603 2261 refelleret,
2629 2198 2722 2268 qui
2751 2214 2874 2252 eum
2900 2208 3067 2253 totum
3097 2200 3371 2265 hominem
3418 2207 3421 2209 ’

1822 2298 1852 2334 a
1874 2280 2052 2338 Verbo
2091 2293 2400 2363 susceptum
2443 2295 2719 2355 negarent,
2754 2285 3210 2361 ὲνανθρωπήσεως
3244 2292 3375 2345 titu-

1822 2375 1932 2427 lum
1959 2374 2313 2443 refugicbant,
2342 2362 2397 2429 et
2426 2377 2594 2429 altero
2628 2377 2761 2454 Περὶ
2790 2377 3111 2448 σαρκώσεως
3140 2377 3369 2440 uteban-

1820 2475 1927 2527 tur,
1969 2465 2324 2520 utEudoxius
2365 2465 2995 2534 ConstantinOpolitanus
3021 2468 3368 2537 et‘Apollina-

1819 2557 1897 2609 ris
1936 2556 2048 2623 ipse
2087 2553 2345 2608 fecerant.
2386 2553 2716 2608 Athanasius
2742 2556 2903 2608 etiam
2930 2556 3243 2626 Gregorium
3275 2575 3367 2614 se-

1818 2654 1975 2699 cutus
2006 2655 2292 2713 utramque
2322 2659 2503 2697 vocem
2547 2659 2652 2697 una
2682 2645 2961 2710 conjunxit
2988 2650 3171 2700 contra
3201 2647 3365 2715 Apel-

1818 2735 2044 2787 linarem
2081 2734 2195 2803 (lib.
2226 2749 2263 2797 ι,
2293 2735 2384 2801 21)
2418 2748 2432 2784 :
2467 2735 2758 2802 Μανιχαῖος
2799 2736 3099 2805 ἀπιστήσας
3141 2739 3205 2807 τῇ
3237 2754 3366 2808 σαρ-
3430 2778 3434 2783 .

1814 2824 1976 2877 κὼσει
2022 2827 2111 2879 καὶ
2136 2825 2544 2897 ἐνανθρωπήσει
2588 2824 2679 2877 τοῦ
2724 2825 2946 2896 Κυρίου,
2991 2825 3363 2898 ἁσεὸὴςνκατὰ

1815 2913 1993 2966 πάντα
2040 2914 2250 2981 γέγονε.
2296 2932 2315 2965 ι
2343 2912 2673 2968 Manichteus
2711 2928 2817 2968 non
2850 2912 3073 2969 credens
3116 2911 3365 2969 incarna-

1815 3006 1947 3058 tioni
1973 3014 2027 3059 et
2067 3005 2496 3059 inhumanationi
2521 3002 2838 3071 Domini,_in
2878 3003 3131 3059 omnibus
3163 3005 3362 3074 impius

1813 3094 1988 3149 factus
2042 3104 2140 3148 est.
2177 3110 2195 3145 ι
2246 3093 2380 3147 illud
2431 3088 2646 3161 quoque
2693 3090 2921 3147 interim.
2958 3092 3357 3149 observandum

153 3182 278 3235 οὔτε
308 3186 538 3238 κτιστόν.
596 3206 615 3240 ‹
646 3187 785 3242 Nihil
826 3192 879 3244 in
906 3191 1189 3255 Trinitate,
1240 3210 1273 3247 ο
1301 3184 1489 3260 amici,
1530 3213 1703 3266 neque

1809 3196 1919 3251 est,
1967 3188 2158 3240 horum
2190 3185 2547 3252 capitulorum
2586 3199 2708 3236 cum
2748 3184 3082 3254 expositione
3121 3187 3175 3239 in
3202 3185 3362 3241 editis
3407 3262 3415 3269 .

154 3290 371 3328 servum
402 3290 573 3344 neque
601 3289 859 3333 creatum.
888 3301 907 3332 ι
943 3280 1008 3336 Ει
1031 3284 1186 3351 plane
1222 3285 1294 3338 ita
1315 3297 1415 3340 est.
1453 3286 1518 3340 Et
1544 3282 1705 3341 nota?

152 3364 231 3416 vit
279 3364 462 3417 nescio
514 3369 635 3433 quis
687 3369 738 3421 in
792 3371 1033 3438 margine
1098 3375 1449 3440 manuscripti
1498 3376 1701 3431 codicis

153 3450 396 3506 Vaticani
424 3453 581 3516 1592,
611 3471 748 3525 pag.
775 3458 842 3513 59
875 3475 887 3510 :
930 3458 1193 3529 Γεώργιον
1239 3461 1549 3533 (Γρηγόριον
1587 3469 1701 3519 vult

150 3545 349 3613 dicere)
376 3547 463 3599 τὸν
486 3547 900 3618 Θαυματουργὸν
928 3553 983 3602 ἐν
1010 3552 1075 3621 τῇ
1103 3553 1475 3623 ἀποκαλύψει
1495 3555 1702 3618 ,ιϐτε-

150 3639 358 3708 gorium
393 3641 567 3694 innuit
590 3641 1046 3712 Thaumaturgum
1077 3647 1128 3698 in
1154 3646 1477 3699 reuelatione.
1501 3666 1517 3697 ι
1547 3649 1695 3701 Alte-

149 3747 269 3783 rum
296 3740 378 3786 est
398 3734 451 3785 in
478 3735 717 3797 oratione
735 3736 795 3788 de
824 3718 1025 3803 Spiritu
1050 3746 1225 3789 sancto
1249 3736 1352 3806 (or.
1386 3755 1533 3801 xm,
1558 3739 1648 3805 28)
1680 3760 1692 3793 2

146 3822 332 3875 Σέὸειν
371 3824 500 3876 Θεὸν
530 3826 635 3878 τὸν
684 3827 919 3897 Πατέρα,
962 3827 1091 3880 Θεὸν
1134 3828 1223 3878 τὸν
1276 3827 1423 3890 Υἱὸν,
1472 3828 1600 3881 Θεὸν
1636 3830 1696 3881 τὸ

148 3914 369 3984 Πνεῦμα
416 3915 477 3967 τὸ
522 3916 691 3982 ἅγιον,
742 3921 887 3987 τρεῖς
936 3918 1227 3987 ἰδιότητας,
1268 3916 1490 3986 θεότητα
1544 3920 1692 3989 μίαν,

143 4007 291 4077 δόξῃ,
323 4010 414 4059 καὶ
448 4012 597 4077 τιμῇ,
629 4009 721 4059 καὶ
757 4010 932 4079 οὐσίᾳ,
960 4010 1049 4060 καὶ
1085 4009 1326 4079 βασιλείᾳ
1374 4011 1446 4080 μὴ
1479 4012 1694 4081 μεριζο-

148 4101 334 4169 μένην,
375 4098 450 4161 ὣς
485 4116 566 4161 τις
606 4098 710 4151 τῶν
748 4100 925 4170 μικρῷ
963 4099 1190 4170 πρόσθεν
1219 4101 1487 4171 Θεοφόρων
1518 4103 1693 4171 ἐφιλο-

122 4189 398 4262 σόφησεν.
466 4204 483 4234 ι
528 4186 713 4240 Colere
756 4187 922 4240 Deum
966 4186 1175 4262 Patrem
1203 4228 1218 4250 ,
1260 4187 1426 4242 Deum
1475 4189 1691 4255 Filium,

143 4260 314 4332 Deum
344 4276 600 4343 Spiritum
642 4288 905 4341 sanctum,
952 4260 1059 4332 tres
1098 4278 1473 4345 proprietates,
1516 4272 1689 4332 deita-

140 4382 248 4423 tem
298 4381 490 4427 nnam,
542 4381 714 4435 neque
760 4369 961 4435 gloria,
1008 4381 1179 4434 neque
1225 4367 1463 4437 honore,
1518 4384 1691 4436 neque

136 4457 393 4519 essentia,
418 4470 591 4523 neque
618 4470 782 4525 regno
816 4457 1161 4511 subdivisam.
1196 4465 1253 4509 ut
1274 4456 1495 4521 quidam
1526 4457 1686 4522 paulo

1802 3276 2146 3345 Gregorianis
2175 3275 2371 3344 praziigi
2394 3273 2687 3327 Gerardum
2705 3270 2956 3330 Vossium
2992 3276 3359 3346 interpretem,

1802 3380 1923 3419 cum
1966 3364 2502 3423 tamenl’ossevinus
2551 3350 3074 3435 scribatpquoniam
3113 3382 3174 3421 ea
3208 3383 3354 3420 nunc

1802 3472 1965 3524 quam
2013 3464 2105 3507 aut
2135 3454 2318 3509 Graaee
2352 3467 2445 3510 aut
2488 3456 2676 3511 Latine
2708 3458 3003 3525 prodierint
3055 3458 3107 3509 in
3153 3454 3350 3537 lucem,

1806 3545 1923 3598 ideo
1948 3545 2263 3609 versionem,
2283 3546 2494 3600 illorhm
2526 3548 2717 3603 factam
2754 3562 2784 3598 a
2810 3540 3096 3599 Fraucisco
3127 3542 3354 3599 Turris-

1785 3651 1891 3699 ‘no,
1938 3636 1992 3688 in
2039 3638 2310 3704 Apparatu
2360 3630 2461 3690 suo
2498 3636 2775 3704 adjecisse’.
2825 3634 2954 3703 Quae
2996 3651 3117 3689 cum
3162 3637 3350 3691 iisdem

1796 3727 1996 3791 verbis,
2056 3730 2244 3795 paucis
2290 3726 2608 3790 immutatis,
2658 3742 2767 3794 pra:
2816 3726 3067 3781 manibus
3109 3729 3349 3791 omnium

1797 3819 2046 3887 sit,,quis
2081 3820 2147 3872 ab
2179 3820 2347 3885 altero
2384 3818 2671 3885 acceperit,
2710 3818 2981 3872 incertum
3009 3818 3139 3870 mihi
3160 3828 3260 3872 est.

1865 3908 1924 3961 ln
1948 3906 2623 3977 epistolamThaumaturgi
2650 3915 2953 3960 canonicam
2977 3897 3349 3994 commentarii

1793 3994 2017 4048 Joannis
2046 3993 2268 4045 Zonaras:
2301 4005 2355 4045 et
2378 3992 2649 4048 Theodori
2686 3995 3020 4051 Balsamonis
3049 3992 3177 4050 editi
3218 4006 3349 4053 sunt

1795 4082 2048 4145 Lutetim;
2098 4080 2677 4152 Balsamonis'quidem
2708 4085 2869 4137 simul
2898 4100 3018 4139 cum
3049 4084 3169 4139 aliis
3199 4087 3350 4154 ejus-

1795 4173 1914 4225 dem
1966 4170 2397 4238 expositionibus
2447 4174 2502 4225 in
2560 4187 2745 4227 sacros
2789 4188 3060 4236 canones;
3122 4173 3346 4227 Zonara:

1792 4280 1920 4316 vero
1942 4262 2250 4329 separatim,
2276 4280 2398 4316 cum
2425 4256 2613 4318 eodem
2638 4261 3060 4328 Thaumaturgo,
3112 4262 3347 4315 Macario
3432 4286 3437 4289 ι

1792 4367 1845 4408 et
1884 4354 2079 4408 Basilio
2140 4355 2505 4421 Seleuciensi,
2558 4353 2778 4407 Lutetiae:
2827 4352 3002 4405 iu-t‘ol.
3069 4352 3251 4425 Graece
3288 4360 3346 4408 et

1792 4446 1998 4499 Latine.
2066 4492 2069 4493 ν

138 4558 267 4603 ante
295 4563 395 4601 nos
421 4520 589 4600 dei‘fer
616 4520 1027 4616 philosophatus
1063 4556 1163 4600 est.
1193 4565 1211 4595 ›
1250 4520 1307 4597 lu
1344 4520 1567 4599 alterius
1594 4560 1683 4604 co:
1720 4520 1761 4572 θ
1860 4536 2060 4590 Practer
2116 4539 2247 4600 hare,
2279 4536 2419 4589 illius
2454 4533 2612 4616 etiam
2663 4531 2847 4585 laudat
2872 4532 3126 4601 epistolas
3153 4530 3343 4589 Hieroc-

134 4641 276 4692 dicis
316 4650 533 4704 quoque
560 4635 798 4691 Vaticani
836 4637 1179 4705 456'pagina
1226 4625 1321 4687 36l
1362 4636 1680 4688 adnotatur:

133 4727 434 4798 Γρηγόριον
479 4725 621 4793 λέγει
659 4728 749 4780 τὸν
795 4726 1205 4797 Θαυματουργὸν
1253 4726 1310 4774 ὲν
1359 4728 1425 4793 τῇ
1464 4726 1685 4777 ἀποκα-

133 4821 341 4886 λύψει.
838 4882 840 4884 _
987 4828 990 4831 λ
1138 4861 1149 4865 ~
1242 4870 1253 4883 ι

200 4908 399 4963 Cesset
428 4905 589 4959 etiam
618 4922 843 4963 censura
884 4921 913 4959 a
941 4904 1263 4967 Bellarmino
1293 4904 1430 4957 iacta
1460 4904 1524 4957 de
1550 4908 1683 4957 duo-

130 5002 300 5054 decim
337 4998 602 5063 capitulis,
637 5007 961 5067 quae‘tamen
998 4998 1071 5050 uti
1105 4996 1430 5063 Gregoriana
1462 5011 1490 5045 a
1521 4997 1684 5049 colle-

128 5106 281 5146 εισι-θ
331 5087 712 5142 sententiarum
759 5087 826 5141 de
857 5086 1069 5140 duabus
1100 5085 1160 5135 in
1207 5084 1422 5137 Christo
1474 5086 1683 5137 naturis

131 5186 519 5251 agnoscuntur.
566 5175 633 5228 Et
661 5176 852 5229 Suidas
892 5188 908 5227 ξ
948 5174 1237 5244 Γρηγόριος
1310 5174 1405 5225 καὶ
1462 5173 1685 5241 Ἀθηνέ-

128 5276 301 5343 Empta;
351 5267 661 5335 συναίμονες
683 5305 697 5328 ,
755 5267 867 5319 ἀλλ’
897 5269 925 5317 ὁ
966 5266 1060 5333 μὲν
1126 5265 1503 5335 τερατουργὸς,

126 5360 417 5429 σοφιστής·
462 5355 660 5426 ἔγραψε
701 5357 757 5408 δὲ
800 5354 924 5428 περὶ
964 5354 1291 5425 σαρκώσεως
1322 5356 1415 5406 καὶ
1447 5355 1680 5411 πίστεως

125 5455 304 5522 λόγον.
350 5471 369 5499 ε
391 5449 678 5515 Gregorius
700 5432 756 5502 et
779 5446 1157 5501 Athenodorus
1187 5446 1429 5512 germani
1462 5444 1675 5505 fratres,
1714 5474 1715 5477 η

127 5544 223 5597 sed
247 5542 338 5593 ille
358 5537 569 5606 quidem
597 5537 979 5611 miraculorum
1003 5543 1261 5603 patrator,
1292 5534 1379 5586 hic
1412 5532 1673 5609 sophista.

127 5631 362 5699 Scripsit
401 5641 529 5680 vero
578 5612 772 5689 illede
805 5626 1172 5699 incarnatione
1221 5636 1273 5677 et
1316 5622 1420 5674 ﬁde
1471 5619 1674 5673 oratio-

127 5697 271 5779 nem:
306 5742 324 5773 ι
363 5720 511 5774 lianc
534 5718 676 5775 enim
704 5718 997 5771 orationem
1027 5697 1132 5769 ndn
1167 5728 1287 5768 esse
1316 5712 1480 5772 aliud,
1510 5724 1673 5777 quam

122 5786 584 5886 ipsa"dttodccim
637 5810 898 5880 capitula,
967 5820 1200 5877 agnosco
1260 5819 1325 5859 ex
1381 5802 1670 5856 collectore

1790 4630 2017 4696 nymus.’
2082 4626 2146 4679 Et
2197 4628 2313 4679 aliae
2360 4611 2521 4690 hujus
2568 4620 2728 4689 vulgo
2780 4620 3027 4675 feruntur
3078 4617 3365 4691 epistolae.‘

1790 4719 1983 4773 Suidas
2017 4736 2029 4769 :
2064 4718 2300 4789 Ἔγραψε
2345 4718 2437 4768 καὶ
2473 4714 2634 4776 ἄλλας
2654 4732 2711 4767 τε
2750 4711 2944 4777 πολλὰς
2971 4716 3062 4767 καὶ
3093 4714 3339 4776 ποικίλας

1787 4805 2086 4867 ἐπιστολάς.
2130 4824 2147 4855 ι
2178 4804 2401 4873 Scripsit
2445 4812 2497 4859 et
2555 4803 2687 4857 alias
2719 4798 2916 4858 multas
2954 4803 3087 4856 varii
3126 4803 3335 4873 generis

1786 4901 2058 4967 epistolas.
2096 4916 2114 4946 ι
2156 4912 2157 4915 ‘
2820 4892 2825 4897 ’
3144 4980 3157 4983 Α
3287 4977 3293 4983 1
3313 4898 3317 4900 ’

1858 4990 1973 5041 Alia
2027 4996 2240 5054 Quoque
2303 4986 2619 5054 scripsisse,
2674 4985 2806 5041 nulli
2860 4984 3079 5042 dubium
3134 4980 3329 5048 fuerit;

1786 5080 1955 5145 multa
1988 5078 2130 5143 enim
2165 5075 2311 5129 illius
2342 5086 2395 5129 et
2424 5079 2556 5132 satis
2587 5066 2791 5147 prolixa
2830 5078 2883 5129 in
2911 5074 3111 5126 Catena
3144 5071 3330 5139 Grieca

1785 5181 1947 5234 super
1974 5162 2289 5224 leremiam,
2332 5158 2455 5233 qua:
2485 5182 2586 5220 nos
2618 5163 2806 5219 [latina
2851 5162 3095 5217 fecimus.
3135 5160 3327 5214 etsuis

1784 5256 1837 5307 in
1859 5252 2142 5308 Jeremiam
2169 5258 2589 5329 commentariis
2619 5255 2844 5311 inseruit
2867 5248 3115 5315 {Michael
3145 5246 3324 5301 Gisle—

1781 5346 1916 5409 rius,
1945 5344 2197 5413 leguntur
2221 5363 2343 5415 quae
2387 5350 2439 5400 in
2468 5348 2623 5401 editis
2651 5361 2756 5401 non
2791 5343 3093 5425 habentura
3164 5363 3166 5366 τ

1849 5436 1931 5488 Ad
1981 5436 2125 5489 hunc
2165 5433 3005 5510 NeoCmsariensem'Gregorium
3039 5427 3324 5511 Origenem

1778 5524 2063 5592 scripsisse
2116 5527 2417 5594 epistolam,
2481 5543 2499 5574 ι
2531 5523 2747 5593 quando
2777 5521 3040 5593 quibusve
3080 5514 3323 5585 philoso-

1777 5614 1949 5682 phica:
1990 5614 2288 5682 disciplinae
2328 5614 2484 5666 utiles
2514 5612 2623 5664 sint
2661 5612 2726 5664 ad
2760 5622 3034 5662 sacrarum
3074 5606 3323 5675 Scriptu-

1777 5722 1960 5760 rarum
1992 5708 2416 5776 expositionem,
2451 5718 2572 5757 cum
2606 5700 2900 5771 Scriptura:
2934 5695 3268 5769 testimonio,
3296 5716 3319 5750 ι

1776 5800 1985 5854 decimo
2019 5800 2176 5853 tertio
2211 5799 2381 5866 capite
2412 5794 2711 5851 Pltitocaliae
2752 5795 3043 5859 insertam,
3075 5791 3317 5847 nonnulli
