4094 6350
796 493 923 549 ΞΞὸΙ

1522 521 1525 523 ›
1586 564 1589 567 _
1648 492 1895 580 Leonis
1931 490 2201 547 suum
2236 489 2557 547 DLATRIBA
2590 470 2680 546 DE
2719 486 3127 546 THEODORIS.

3850 489 3973 545 ιω

798 628 895 667 nec
931 612 1200 671 immerito
1228 614 1624 670 existimarunt.
1658 614 1718 669 P.
1743 615 1911 685 Χαῖρε
1936 616 1995 668 ὲν
2014 612 2153 684 Θεῷ,
2190 603 2346 684 κύριέ

2444 612 2542 666 vit.
2580 630 2600 663 ι
2656 609 2854 665 Verum
2901 612 2953 667 id
2998 618 3100 674 est,
3150 624 3305 667 nemo
3354 611 3562 669 inﬁcias
3618 612 3793 668 iverit.
3830 632 3851 666 ι
3888 611 3973 666 [lic

796 719 898 775 μω
946 691 1354 769 emendatorem,
1388 706 1481 758 καὶ
1515 704 1897 774 αἰδεσιμώτατε
1947 704 2027 756 υἱὲ
2055 704 2337 774 Γρηγὸριε,

798 795 945 867 παρὰ
983 795 1297 867 Ὤριγένους.
1328 796 1392 849 Ἦ
1421 796 1499 858 εἰς
1520 796 1747 860 σύνεσιν,
1774 812 1827 848 κ.
1857 813 1906 847 τ.
1935 795 1984 850 λ.
2012 794 2072 847 ln
2096 795 2341 865 margine

798 885 999 943 codicis
1030 883 1270 941 Vaticani
1298 886 1401 941 589
1435 894 1649 939 notatur
1695 904 1707 938 :
1758 884 1916 937 Ἀλλὰ
1948 884 2006 937 τὸ
2042 885 2217 954 παρὸν
2246 900 2341 936 κε-

799 976 1021 1044 φάλαιον
1064 975 1215 1029 οὐδὲν
1252 975 1436 1046 ἕτερον
1473 975 1604 1044 ἔχει,
1641 976 1687 1026 εἰ
1732 975 1806 1045 μὴ
1846 975 2015 1045 μόνην
2057 973 2339 1043 truth

795 1063 958 1117 αὑτοῦ
1000 1062 1091 1117 τοῦ
1144 1063 1446 1133 Ὠριγένους
1489 1065 1788 1132 γραφεῖσαν
1844 1064 1980 1134 πρὸς
2023 1063 2336 1134 Γρηγόριον,

793 1156 852 1210 ὃν
885 1172 1025 1219 τινες
1050 1155 1140 1211 τὸν
1167 1153 1582 1225 Θαυματουργὸν
1608 1152 1848 1220 λέγουσιν
1875 1149 2030 1207 εἶναι.
2066 1138 2340 1217 «Praesens

798 1248 904 1302 hoc
943 1245 1239 1314 capitulum
1288 1242 1419 1298 nihil
1467 1244 1613 1298 aliud
1665 1244 1926 1307 continet,
1975 1240 2079 1297 nisi
2126 1251 2341 1299 tanta".

794 1334 1075 1405 epistolam
1108 1334 1277 1402 ipsius
1315 1330 1561 1403 Origenis
1607 1332 1863 1402 scriptam
1904 1331 1972 1385 ad
1996 1322 2365 1401 Gregorium,’

796 1440 957 1491 quem
1002 1424 1219 1495 quidam
1261 1422 1717 1493 Thaumaturgum
1768 1436 1889 1478 esse
1924 1422 2280 1495 contendunt.
2310 1441 2329 1473 ι

797 1513 1191 1584 Epitomatores
1220 1512 1535 1569 Gesneriani
1564 1529 1579 1565 :
1620 1531 1639 1563 ι
1669 1508 1920 1582 Ejusdem
1945 1511 2337 1583 Thaumaturgi

794 1607 1039 1677 epistola,
1062 1621 1418 1667 seueanones
1443 1607 1503 1659 ii
1536 1606 1783 1676 impressi
1811 1605 2173 1661 suntBasileaa
2193 1606 2336 1673 apud

793 1696 1053 1753 Joannem
1096 1698 1419 1753 Frobenium
1459 1712 1600 1751 anno
1629 1697 1784 1761 1518,
1819 1711 1941 1751 cum
1995 1698 2165 1752 sancti
2192 1696 2339 1753 Petri

794 1782 1054 1853 Epistola,
1085 1793 1137 1838 et
1160 1782 1441 1847 Gennadii,
1473 1791 1577 1839 etc.
1610 1783 1739 1838 Item
1768 1784 2118 1853 Metaphrasis
2150 1788 2207 1839 in
2234 1786 2335 1839 Ec-

795 1869 1109 1935 clesiastent,
1142 1878 1196 1924 et
1217 1870 1458 1948 Aristeas
1482 1869 1556 1924 De
1583 1872 1913 1941 septuaginta
1940 1874 2141 1927 duobus
2170 1874 2333 1927 inter-

2439 703 2647 757 scilieet
2684 711 2769 756 est
2802 716 2869 757 ex
2905 702 3024 756 solo
3046 700 3222 756 Patre.
3260 720 3279 753 ι
3338 700 3451 758 Hoc
3482 718 3610 756 vero
3648 702 3847 757 falsum
3880 713 3971 758 est.

2437 790 2722 862 Nunquam
2792 792 2917 846 talia
2978 790 3226 851 Christus
3288 779 3692 859 pronuntiavit;
3762 791 3974 862 ideoque

2435 900 2560 938 eum
2595 894 2879 953 sequentes
2918 882 3109 947 sancti,
3153 881 3221 937 ab
3261 881 3409 937 hisce
3435 883 3705 938 dictandis
3746 885 3975 937 scriben-

2435 976 2631 1045 disque
2679 990 2799 1031 sese
2847 975 3136 1029 abstinent.
3180 993 3200 1025 r
3233 973 3337 1039 Qui
3372 987 3439 1027 ex
3464 972 3624 1029 Patre
3668 976 3926 1045 procedit.
3953 994 3971 1025 ι

2438 1062 2553 1118 Hoc
2581 1060 2787 1120 Christi
2828 1072 2931 1129 est,
2958 1078 3135 1117 nemo
3170 1078 3271 1117 nos
3303 1063 3458 1128 fallit,
3482 1063 3681 1118 dictum
3699 1065 3977 1121 exosculao

2436 1171 2579 1209 mur.
2614 1154 2716 1209 Sed
2750 1157 2804 1208 in
2834 1156 3010 1209 verbis
3035 1154 3237 1209 Christi
3261 1154 3426 1211 dictio
3455 1158 3543 1211 illa
3574 1158 3686 1213 solo
3718 1173 3750 1212 a
3776 1155 3980 1212 Joanne

2436 1243 2921 1315 ﬂicrosolymitano
2953 1243 3153 1310 addita,
3190 1260 3297 1314 qua
3323 1246 3605 1301 oculorum
3635 1247 3751 1302 acie
3776 1247 3979 1316 perspio

2434 1334 2575 1389 citur
2592 1335 2617 1387 ἲ
2664 1334 2775 1405 Ego
2801 1336 2958 1403 plane
2986 1350 3092 1389 non
3117 1335 3289 1389 video.
3330 1354 3349 1387 ι
3373 1334 3461 1391 Uti
3490 1336 3782 1408 Gregorius
3802 1335 3979 1390 Thau-

2437 1433 2737 1494 maturgus.
2773 1442 2791 1473 ι
2850 1422 2961 1477 Hoc
3004 1432 3433 1492 purumputum
3484 1425 3831 1480 mendacium
3880 1433 3976 1479 est.

2437 1511 2615 1568 Verba
2638 1512 3026 1582 Thaumaturgi
3062 1528 3169 1567 non
3209 1514 3354 1569 aliud
3384 1530 3546 1585 quam
3566 1516 3746 1585 ﬁerba
3780 1515 3979 1571 Christi

2437 1614 2652 1670 sonant,
2678 1605 2943 1674 Spiritum
2982 1614 3228 1659 sanctum
3266 1606 3855 1663 exDeoexsistentiam
3888 1608 3978 1660 ba-

2438 1697 2583 1763 bere,
2610 1711 2674 1750 ex
2702 1694 2859 1750 Patre
2884 1695 3086 1752 scilicet
3118 1700 3429 1766 procedere.
3463 1698 3537 1753 Ex
3562 1700 3650 1754 his
3683 1711 3743 1752 tu
3773 1699 3979 1768 colligis

2435 1778 2897 1854 Thaumaturgum
2927 1796 2982 1842 et
3002 1786 3271 1843 Christum
3306 1788 3481 1859 ipsum
3516 1790 3830 1853 decernere,
3862 1787 3977 1857 Spi-

2436 1878 2598 1930 ritum
2629 1886 2877 1932 sanctum
2910 1892 2980 1933 ex
3009 1880 3129 1934 solo
3150 1877 3306 1934 Patre
3322 1881 3642 1949 procedere.
3677 1878 3860 1934 Stulto
3891 1893 3978 1948 ego

793 1959 1022 2028 pretibttt
1050 1959 1175 2030 tegis
1200 1959 1471 2014 Hebraica:
1497 1960 1704 2016 Joanne
1726 1962 2142 2033 (Eeolampadio
2172 1964 2337 2018 inter-
2368 1951 2411 2006 Β
2438 1964 2651 2019 stultior
2702 1962 2853 2019 fuero
2880 2005 2896 2030 ,
2950 1965 2997 2017 si
3048 1964 3133 2021 his
3184 1966 3625 2022 conclusionibus
3688 1964 3974 2020 crederem.

742 2047 744 2050 ’
794 2062 961 2121 prete.
1026 2048 1093 2106 In
1138 2049 1412 2122 Origenem
1457 2052 1811 2125 Panegyricus
1871 2054 2055 2109 Romae
2109 2056 2161 2109 in
2193 2055 2338 2108 Vati-

792 2158 928 2200 cana
958 2134 1277 2200 bibliotheca
1317 2163 1418 2203 ms.
1454 2159 1717 2203 servatur.
1766 2148 1839 2202 De
1881 2148 2060 2203 anima
2100 2148 2229 2202 liber
2266 2150 2334 2203 ad

794 2234 1077 2291 Tatiauum
1157 2246 1333 2293 exstat
1389 2241 1529 2308 apud
1584 2239 1840 2295 Didacum
1882 2239 2176 2297 liurtadum
2228 2242 2334 2298 Ve-

794 2329 972 2395 netiis.
1005 2346 1027 2380 ι
2163 2318 2166 2322 ’

861 2417 1159 2487 Antequam
1200 2418 1407 2485 ﬁniam,
1455 2434 1563 2475 non
1610 2420 1877 2475 immerito
1916 2422 2005 2475 hic
2047 2421 2334 2475 nonnullo-

791 2506 1260 2565 rum'Graacorum
1312 2511 1366 2564 in
1405 2512 1620 2580 propria
1682 2511 1947 2572 sententia
2000 2511 2331 2566 defendenda

793 2599 959 2655 ardor
1012 2599 1314 2663 obstinatus
1348 2602 1700 2671 exagitandus
1728 2611 1830 2666 est,
1872 2603 1963 2671 qui
2000 2604 2131 2657 tanti
2158 2602 2332 2659 Patris

790 2688 912 2744 ﬁdei
949 2690 1367 2763 expositionem,
1399 2682 1655 2746 divinitus
1695 2691 1952 2755 habitam,
1993 2693 2061 2746 ab
2094 2692 2330 2747 Ecclesia

792 2787 908 2833 tum
933 2778 1190 2834 Orientali
1240 2788 1356 2834 tum
1396 2779 1723 2837 Occidentali
1771 2783 2003 2851 agnitam
2063 2797 2123 2837 ac
2184 2798 2331 2837 rece-

794 2875 961 2935 ptam,
1010 2867 1150 2922 male
1198 2882 1331 2923 sana
1369 2866 1804 2937 interpretatione
1846 2869 1900 2922 in
1948 2870 2105 2924 aliam
2145 2871 2330 2925 adver-

792 2971 1015 3026 samque
1063 2957 1380 3012 sententiam
1431 2959 1685 3021 trahunt,
1727 2967 1781 3014 et
1817 2973 2034 3015 sensum
2082 2968 2331 3014 amcnte

792 3048 876 3102 sui
929 3048 1202 3117 scriptoris
1252 3043 1511 3104 ab'sonum
1560 3050 1917 3119 distorquent.
1974 3048 2043 3104 Ut
2094 3051 2329 3119 reliquos

791 3149 1123 3208 praeteream,
1148 3154 1322 3209 neque
1346 3140 1491 3193 enim
1523 3141 1646 3195 talia
1681 3140 2023 3195 examinandi
2062 3142 2212 3195 locus
2242 3140 2329 3213 hie

790 3236 1121 3298 opportunus
1160 3241 1279 3282 esse
1313 3228 1544 3294 videtur,
1581 3244 1719 3283 unus
1761 3243 1868 3297 pra:
1915 3228 2035 3283 aliis
2080 3229 2327 3282 audiatur
2354 3262 2397 3318 α

786 3315 1023 3374 Joannes
1064 3312 1583 3383 Hierosolymitanus
1627 3324 1763 3369 orat.
1798 3314 1868 3369 De
1900 3314 2101 3383 Spiritu
2150 3318 2335 3370 sancto

788 3405 1047 3459 δόνει-8115
1083 3402 1303 3458 Latinos
1344 3404 1461 3456 τοὺ
1504 3404 1611 3475 γὰρ
1654 3404 1777 3458 ἄλλο
1816 3422 1867 3456 τι
1907 3402 2053 3458 εἶτὲον
2094 3408 2145 3458 οἱ
2189 3408 2331 3473 ἅγιοι

789 3488 952 3559 οὗτοι,
978 3495 1089 3555 ἀλλ’
1117 3496 1145 3549 ὃ
1169 3498 1396 3570 Χριστὸς
1435 3498 1655 3566 εἴρηκε,
1699 3496 1940 3549 τουτέστι
1986 3497 2044 3569 τᾷ
2076 3499 2136 3549 ἐκ
2170 3499 2328 3566 μόνου

790 3580 883 3633 τοῦ
906 3583 1133 3652 Πατρὸς,
1156 3584 1184 3636 ὃ
1204 3587 1269 3637 ὲκ
1300 3586 1393 3638 τοῦ
1434 3587 1646 3656 Harpe;
1669 3584 2035 3656 ἐκπορεύεται,
2064 3586 2156 3637 καὶ
2178 3587 2238 3638 τὸ
2268 3587 2331 3641 ὲκ

793 3669 886 3723 τοῦ
915 3666 1045 3724 Θεοῦ
1076 3674 1167 3725 καὶ
1203 3675 1411 3744 Πατρὸς
1436 3678 1533 3749 τὴν
1560 3676 1786 3749 ὓπαρξιν
1812 3676 1951 3747 ἔχον,
1990 3677 2168 3741 καθὼς
2193 3679 2333 3749 Γρη-

794 3765 977 3834 γόριος
996 3766 1025 3817 ὁ
1040 3762 1149 3817 Θαυ
1157 3768 1452 3837 ματουργὸς
1466 3770 1521 3820 ὲν
1537 3772 1603 3839 τῇ
1635 3771 2019 3838 Ἀποκωιύψει
2030 3770 2191 3824 αὐτοῦ
2205 3769 2326 3841 ἔφη·

703 3884 713 3888 -
800 3857 909 3907 Ἓν
927 3854 1165 3923 Πνεῦμα
1185 3856 1368 3925 ἅγιον,
1396 3858 1461 3909 τὸ
1479 3841 1555 3911 ’ἐκ
1579 3859 1723 3911 Θεοῦ
1752 3860 1861 3926 τὴν
1886 3862 2139 3931 ὕπαρξιν
2166 3862 2330 3929 ἕχον,

797 3945 893 3997 καὶ
931 3945 1006 3999 δι’
1046 3946 1180 4001 Υἰοῦ
1222 3948 1515 4016 πεφηνὸς,
1560 3949 1789 4017 δηλαδὴ
1822 3953 1943 4015 τοῖς
1989 3954 2361 4021 ἀνθρώποιςι

768 4036 772 4040 ‘
799 4048 818 4080 ι
839 4029 1020 4100 Neque
1034 4033 1177 4087 enim
1195 4032 1339 4087 aliud
1356 4034 1524 4088 sancti
1543 4034 1813 4099 dixerunt,
1840 4051 1998 4104 quam
2016 4038 2157 4103 quod
2170 4036 2331 4103 Chri-

793 4129 911 4175 stus
934 4125 1311 4190 pronuntiavit.
1337 4122 1436 4179 Hic
1452 4125 1701 4180 nimirum
1721 4135 1881 4182 estex
1898 4111 2013 4181 solo
2039 4115 2217 4192 Patre,
2235 4130 2328 4196 qui

793 4227 859 4266 ex
888 4209 1046 4266 Patre
1067 4216 1325 4281 procedit,
1358 4225 1411 4271 et
1443 4218 1535 4286 qui
1575 4232 1639 4271 ex
1663 4217 1769 4273 Deo
1797 4227 1850 4272 et
1870 4215 2025 4273 Patre
2059 4218 2330 4271 exsisten-

678 4328 681 4349 :
794 4305 923 4357 tiam
941 4302 1117 4368 habet,
1144 4306 1223 4357 uti
1240 4305 1525 4375 Gregorius
1541 4307 1970 4377 Thaumaturgus
1992 4310 2044 4362 in
2074 4323 2171 4363 sua
2195 4307 2331 4363 dixit

794 4390 1103 4445 reuelatione
1131 4407 1151 4443 :
1175 4410 1193 4443 ι
1218 4391 1369 4447 Unus
1409 4394 1638 4462 Spiritus
1687 4408 1926 4464 sanctus,
1950 4414 2016 4453 ex
2047 4397 2154 4453 Deo
2187 4397 2329 4452 exsi-

805 4501 823 4531 ι
850 4479 1095 4535 stentiam
1127 4482 1347 4546 habens,
1364 4492 1416 4537 et
1440 4485 1531 4551 qui
1562 4500 1652 4552 per
1679 4484 1871 4539 Filium
1899 4489 2329 4555 apparuit,scili-

2437 2053 2597 2132 Audi,
2622 2052 2697 2105 mi
2730 2053 2913 2106 homo.
2939 2050 3020 2104 Ex
3048 2049 3204 2106 Patre
3230 2051 3474 2121 procedit
3512 2050 3754 2120 Spiritus
3784 2062 3812 2123 I:
3855 2061 3976 2115 ergo

2435 2158 2500 2196 ex
2547 2142 2663 2196 solo
2708 2141 2916 2212 Patre;_
2959 2139 3156 2197 falsum
3217 2140 3270 2195 id
3312 2150 3413 2197 est.
3479 2140 3687 2196 Potest
3717 2138 3976 2208 siquidem

2434 2232 2575 2302 quod
2608 2232 2851 2300 procedit
2882 2245 2947 2285 ex
2975 2230 3151 2295 Patre,
3194 2238 3249 2284 et
3284 2244 3351 2284 ex
3398 2230 3505 2285 alio
3536 2244 3756 2299 quoque
3797 2242 3976 2297 proce-

2348 2336 2352 2341 ‘
2434 2323 2579 2377 dere.
2624 2321 2688 2375 Et
2735 2337 2802 2377 ex
2833 2322 2970 2378 Filio
3014 2324 3303 2393 procedere
3346 2316 3456 2390 jam
3509 2323 3646 2390 apud
3674 2320 3976 2374 Catholicos

2434 2424 2655 2473 omnes,
2698 2421 2752 2465 et
2780 2410 3071 2480 Scriptura:
3117 2421 3171 2466 et
3211 2422 3519 2467 sanctorum
3565 2408 3787 2463 Patrum
3835 2409 3975 2462 testi-

2432 2504 2632 2559 moniis
2663 2504 3060 2559 constabilitum
3088 2514 3189 2559 est.
3230 2501 3407 2571 Eque
3439 2502 3599 2556 etiam
3633 2502 3737 2555 hoc
3772 2514 3973 2555 mecum

2434 2593 2576 2649 scias
2616 2613 2629 2647 :
2663 2593 2787 2649 licet
2820 2582 3067 2648 Christus
3110 2593 3409 2661 reliquique
3444 2606 3631 2645 omnes
3672 2588 3868 2643 Patres
3902 2588 3974 2641 di-

2432 2686 2669 2751 xissent,
2702 2700 2769 2741 ex
2810 2686 2929 2739 solo
2954 2683 3112 2738 Patre
3152 2680 3410 2752 Spiritum
3449 2680 3768 2749 procedere,
3806 2679 3973 2733 adhuc

2432 2774 2629 2829 Filium
2666 2791 2774 2829 non
2805 2775 3017 2830 excludi
3056 2773 3126 2828 ab
3160 2773 3262 2828 ista
3289 2772 3653 2842 processione,
3689 2769 3838 2839 quod
3869 2768 3974 2822 cla-

2432 2866 2666 2923 rissimis
2706 2867 2968 2935 exemplis
3018 2863 3398 2933 comprobatur
3444 2877 3475 2915 a
3513 2860 3714 2914 Basilio
3765 2861 3970 2929 Magno,

2430 2968 2483 3011 et
2514 2958 2632 3013 fuse
2664 2958 2965 3031 exponitur
2986 2972 3017 3009 a
3042 2954 3251 3008 Joanne
3287 2952 3463 3007 Vecco
3502 2950 3812 3020 patriarcha
3840 2950 3973 3004 Con-

2429 3048 2910 3116 stantinopolitano
2972 3040 3431 3111 De'procem‘one
3489 3042 3723 3109 Spiritus
3780 3042 3969 3107 sancti,

2429 3153 2547 3207 cap.
2574 3140 2662 3203 η,
2694 3148 2751 3191 et
2780 3153 2809 3193 a
2840 3136 2999 3190 Petro
3029 3135 3282 3205 episcopo
3316 3124 3701 3188 MediOIanensi
3730 3142 3874 3187 orat.
3913 3132 3971 3184 ad

2431 3228 2678 3281 Alexium
2702 3229 3069 3303 Comncnum,
3109 3225 3337 3295 aliisque
3362 3222 3799 3293 quamplurimis.
3833 3219 3973 3275 Adde

2430 3324 2683 3391 praeterea
2716 3317 2769 3369 in
2797 3316 2993 3371 divinis
3020 3329 3278 3385 apparere
3303 3330 3393 3383 per
3414 3312 3637 3379 Filium,
3668 3313 3805 3367 nihil
3833 3309 3975 3365 aliud

2430 3416 2652 3474 notare,
2691 3422 2853 3478 quam
2895 3408 3297 3473 exsistentiam;
3333 3415 3389 3461 et
3425 3405 3542 3460 fuse
3562 3403 3785 3459 Patrum
3827 3402 3973 3456 testi-

2432 3500 2633 3554 moniis
2686 3499 2738 3552 id
2788 3499 2980 3568 probat
3015 3498 3349 3571 Nicephorus
3390 3497 3706 3567 Blemmyda
3752 3502 3895 3550 orat.
3925 3494 3972 3555 i,

2428 3587 2505 3642 De
2537 3589 2860 3663 praecisione
2888 3586 3132 3657 Spiritus
3155 3588 3327 3641 sancti
3352 3603 3371 3641 :
3396 3584 3497 3641 nec
3522 3596 3733 3640 tantum
3761 3578 3974 3655 protes-

2428 3680 2599 3734 siouis
2646 3694 2865 3746 nomen,
2915 3679 3009 3734 sed
3047 3688 3101 3732 et
3144 3678 3281 3733 alias
3319 3677 3583 3733 dietiones
3638 3675 3977 3745 apertissime

2427 3778 2482 3823 et
2512 3771 2627 3823 sine
2658 3762 2778 3823 Vullo
2816 3768 3079 3823 velamine
3130 3752 3197 3821 de
3240 3767 3358 3835 ipsa
3420 3766 3699 3822 essentiali
3747 3763 3975 3837 Spiritus

2427 3860 2742 3930 exsistentia
2794 3859 2975 3922 sumi,
3013 3854 3250 3911 Joannes
3280 3854 3488 3909 Veccus
3516 3861 3657 3908 orat.
3685 3853 3761 3907 De
3787 3853 3976 3905 unione

2433 3950 2827 4025 Ecclesiarum.‘
2856 3950 2922 4004 Et
2969 3965 3039 4004 ne
3079 3948 3266 4018 iniqua
3310 3948 3403 4001 lite
3447 3956 3659 4014 tempus
3721 3954 3974 4005 teramus.

2429 4045 2513 4097 adi
2534 4043 2787 4099 Bas-ilium
2821 4039 3069 4110 Magnum
3094 4038 3256 4107 epist.
3283 4036 3429 4107 (236)
3450 4036 3517 4089 ad
3538 4033 3974 4103 Amphilochium

2429 4146 2547 4199 qua:
2593 4131 2815 4199 incipit:
2858 4128 3213 4199 Ὲζητημένσν
3258 4126 3359 4196 ἥδη
3400 4124 3550 4195 παρὰ
3594 4124 3836 4187 πηλλοίς.
3879 4123 3977 4176 Fu-

2430 4235 2553 4273 cum
2594 4220 2774 4290 itaque
2800 4218 2941 4275 facit
2958 4221 3073 4275 suis
3095 4217 3298 4273 Grecis
3327 4217 3630 4285 patriarcha
3662 4214 3975 4285 Hierosoly-

2431 4312 2689 4369 mitanus.
2723 4324 2846 4364 cum
2894 4325 2962 4364 ex
3012 4310 3162 4364 hisce
3182 4307 3575 4378 Thautnaturgi
3606 4308 3818 4373 verbis,
3864 4322 3978 4378 qua:

2382 4448 2385 4453 .
2430 4401 2504 4457 illi
2531 4401 2766 4457 Joannes
2795 4396 3120 4469 evangelista
3143 4400 3584 4473 communicavit,
3621 4402 3783 4454 snam
3811 4395 3976 4453 astrui

2427 4498 2495 4550 de
2534 4494 2876 4563 proccssionc
2905 4490 3137 4561 Spiritus
3182 4505 3253 4544 ex
3298 4491 3414 4546 solo
3452 4489 3609 4555 Patre
3649 4488 3975 4545 sententiam

801 4590 820 4623 ι
849 4581 933 4627 cet
964 4572 1327 4630 hominibus.»
1348 4573 1485 4639 Quid
1521 4574 1607 4628 hic
1631 4576 1811 4644 eloqui
1848 4578 2020 4645 potuit
2054 4579 2326 4633 inconsul-
2360 4580 2401 4633 D
2429 4584 2733 4647 contendit,
2777 4591 2833 4636 et
2867 4580 3245 4635 sincerissima:
3299 4594 3361 4633 ac
3406 4578 3817 4633 candidissima:
3862 4573 3975 4626 ﬁdei

793 4664 949 4717 tius?
1009 4662 1202 4718 Annon
1262 4665 1364 4720 isto
1412 4666 1573 4725 modo
1624 4665 1874 4734 loquendi
1920 4666 2324 4723 confunduntur

792 4753 995 4818 omnia,
1034 4762 1087 4809 et
1127 4754 1308 4809 inﬁma
1351 4757 1575 4810 summis
1605 4757 1751 4825 paria
1782 4755 1946 4831 fient?
1987 4775 2005 4811 ‹
2033 4755 2148 4810 Νοιι
2181 4758 2322 4812 aliud

792 4838 1046 4918 dixerunt
1091 4846 1281 4909 sancti,
1328 4860 1489 4915 quam
1540 4848 1684 4916 quod
1720 4847 1969 4903 Christus
2011 4850 2326 4918 pronuntia-

2429 4671 2752 4740 prol'essjoni
2786 4670 2981 4722 vulnus
3024 4666 3271 4737 impingit
3317 4666 3659 4720 inhonestum
3694 4672 3870 4731 atque
3903 4663 3976 4714 in-

2431 4762 2721 4826 tolerabile,
2768 4759 2913 4829 quod
2951 4772 3059 4811 non
3089 4758 3323 4814 indicare
3362 4754 3551 4815 lectori
3586 4769 3680 4823 per
3723 4764 3975 4808 transen-

2430 4862 2575 4911 nam,
2606 4850 2873 4917 piacullm
2905 4846 3053 4901 duxi.
