4094 6350
700 477 847 570 i255

1619 574 1628 581 _
1695 513 1751 570 s.
1794 513 2086 570 DlONYSll
2123 477 2582 600 sustinemur
2617 508 2938 571 Episcoet.

3775 511 3910 599 1336

694 634 820 689 dem
847 633 1022 688 adhuc
1064 633 1130 688 de
1179 635 1406 705 singulis
1455 636 1671 704 scriptis
1721 635 2069 705 Dionysianis
2128 652 2255 705 pro-
2286 642 2329 698 Α
2357 650 2483 704 gare
2516 618 2721 687 nititur.
2767 633 2920 699 Quod
2949 625 3070 687 cum
3101 632 3328 688 feliciter
3370 633 3696 701 pra'sziterit,
3730 631 3907 699 impu-

694 726 836 781 t'erre
881 727 932 780 in
971 735 1216 795 promptu
1246 736 1418 792 esset,
1465 728 1585 781 aliis
1631 729 1745 782 sive
1796 729 2086 783 observata
2133 729 2251 784 sive

631 839 651 851 ·-
693 816 858 869 etiam
890 818 1187 886 praeterita;
1217 833 1336 886 quae
1368 826 1547 871 tamen
1590 818 1804 888 longius
1830 835 1990 888 quam
2023 836 2120 888 par
2143 821 2246 881 sit,

691 904 762 957 ah
796 903 1037 957 instituto
1068 919 1167 958 nos
1199 905 1548 961 abducerent.
1582 904 1872 976 Postquam
1927 909 2087 977 igitur
2120 924 2248 962 san-

627 1040 629 1044 .
690 994 763 1050 eti
789 993 963 1048 Patris
989 997 1158 1048 nostri
1204 1003 1353 1062 gesta
1383 995 1611 1050 strictim
1653 998 2052 1068 ordiuatimque
2075 1001 2250 1069 diges-

692 1080 884 1148 simus,
914 1084 1156 1138 eamdem
1191 1084 1449 1152 temporis
1481 1082 1746 1138 ratiOnem
1778 1091 2023 1140 servasse
2053 1098 2163 1140 tum
2193 1089 2248 1142 in

661 1237 664 1240 ί
691 1172 808 1239 ejus
833 1187 1055 1241 operum
1091 1171 1405 1239 fragmentis
1437 1214 1452 1238 ,
1481 1181 1593 1227 tum
1623 1175 1676 1227 in
1706 1176 1949 1242 epistolis
1979 1168 2249 1231 excuden-

690 1263 773 1316 dis
805 1263 940 1316 satis
988 1262 1296 1316 habuimus.
1331 1261 1386 1316 Si
1415 1264 1543 1332 quid
1595 1281 1721 1319 vero
1775 1267 2040 1335 reliquum
2087 1267 2248 1323 fuerit

689 1352 834 1420 quod
883 1353 1117 1420 aliquam
1149 1351 1668 1409 animadversionem
1695 1367 1963 1425 reposcat.
1994 1359 2248 1427 subjectae

689 1444 1068 1496 adnotationes
1132 1444 1378 1498 nonnihil
1423 1445 1560 1499 lucis
1627 1445 1921 1501 all'untlent.
1966 1432 2244 1503 Caeterum

689 1533 833 1603 haud
862 1535 1314 1603 prtetcrmittenda
1343 1537 1653 1591 censuimus
1681 1553 1800 1606 quae
1829 1539 2139 1592 observavit
2165 1541 2247 1592 vir

688 1625 1034 1680 doctissimus
1052 1623 1242 1680 Petrus
1258 1627 1586 1682 Coutautius
1609 1629 1682 1697 (η)
1700 1630 1765 1682 ad
1784 1630 1962 1697 operis
1986 1629 2248 1697 fragmen-

607 1742 618 1756 π
690 1726 764 1778 ta,
801 1715 1059 1771 Elencltus
1087 1728 1135 1773 et
1169 1719 1416 1786 Apologia
1452 1719 1725 1788 inscripti;
1759 1737 1879 1789 quae
1909 1721 1962 1773 in
2000 1722 2101 1776 hac
2127 1723 2243 1774 edi-

686 1808 832 1862 tione
852 1817 1103 1878 quartum
1136 1809 1314 1862 locum
1341 1818 1607 1878 occupant
1632 1811 1803 1880 partis
1830 1827 1845 1865 ι
1871 1811 2106 1881 Opernm
2127 1812 2246 1866 Dio-

686 1899 1059 1969 nysianorum,
1086 1900 1154 1952 ad
1174 1900 1447 1968 exemplar
1477 1909 1662 1954 exacta
1695 1901 1873 1955 studio
1903 1902 2143 1971 ejusdem
2184 1916 2241 1956 ν.

688 1988 758 2041 cl.
787 1989 1186 2043 concinnatum.
1218 1988 1308 2046 Sic
1341 1999 1522 2045 autem
1557 2006 1615 2045 se
1647 1992 1864 2046 habent.

756 2077 843 2132 lll.
883 2097 901 2129 ι
950 2079 1096 2149 Opus
1127 2080 1368 2150 Dionysii
1400 2083 1772 2146 Alexandrini,
1805 2099 1870 2136 ex
1897 2099 2008 2152 quo
2040 2084 2244 2138 descri-

647 2188 657 2192 ·
686 2177 779 2238 pta
831 2181 957 2225 sunt
997 2168 1295 2242 fragmenta
1325 2175 1599 2243 proposita
1627 2217 1642 2240 ,
1678 2175 2009 2249 Athanasius
2033 2177 2240 2243 passim

655 2256 661 2270 κ
687 2258 871 2312 laudat
899 2260 994 2329 (ο).
1027 2260 1277 2329 Ejusdem
1303 2265 1600 2320 meminere
1623 2265 1857 2319 Basilius
1886 2266 1958 2335 (p)
1975 2275 2028 2319 et
2059 2265 2242 2320 Hiero-

687 2363 884 2419 nymus
912 2350 1006 2419 (q).
1029 2346 1130 2405 Sed
1158 2352 1209 2404 hi
1227 2353 1336 2411 duo
1357 2355 1606 2412 doetores
1635 2374 1739 2413 non
1759 2377 1863 2414 una
1881 2366 2089 2418 ratione
2116 2366 2242 2419 illud

687 2441 946 2496 iudicant.
977 2439 1335 2514 Hieronymus
1359 2448 1498 2501 enim
1524 2449 1576 2501 in
1599 2450 1768 2505 libros
1791 2465 2024 2521 quatuor
2049 2457 2242 2510 distin-

687 2541 833 2586 etutn
888 2535 1077 2588 docet:
1115 2533 1347 2592 Basilius
1401 2554 1531 2599 vero
1580 2531 1826 2610 quaedam
1886 2547 2031 2601 illius
2083 2551 2243 2603 verba

687 2627 958 2709 tanquam,
979 2640 1043 2677 ea:
1067 2627 1297 2679 secunda
1323 2629 1391 2681 ad
1417 2629 1729 2700 Dionysium
1754 2639 2107 2704 cognominem
2136 2643 2245 2711 epi—

684 2713 820 2767 stola
841 2714 1063 2784 profert.
1093 2715 1170 2770 Re
1192 2726 1372 2775 autem
1405 2735 1531 2776 vera
1561 2732 1614 2777 et
1641 2725 1696 2778 in
1726 2725 1894 2782 libros
1928 2730 2240 2785 distinctum

684 2819 804 2858 esse
831 2816 886 2860 et
911 2807 1153 2876 epistola:
1184 2823 1381 2863 nomen
1411 2810 1461 2865 ei
1491 2828 1790 2882 congruere
1838 2833 1902 2872 ex
1942 2821 2242 2878 Athanasio

649 2909 652 2912 ‘
685 2906 899 2951 constat
948 2915 962 2963 ;
997 2899 1088 2970 qui
1122 2899 1341 2969 quidem
1366 2902 1422 2955 in
1457 2903 1682 2972 epistola
1727 2908 1794 2962 de
1823 2917 2083 2966 sententia
2117 2915 2240 2975 Dio-

687 2989 827 3061 nysii
861 3008 1010 3046 num.
1044 2995 1109 3048 15
1139 2995 1270 3051 dicit
1310 3014 1323 3049 :
1371 2996 1658 3068 Dionysius
1687 3017 1842 3069 quam
1893 3005 2119 3071 primum
2160 3008 2242 3060 sui

688 3085 945 3151 purgandi
978 3089 1150 3153 gratia
1179 3087 1341 3142 libros
1363 3092 1549 3156 edidit,
1575 3109 1703 3161 quos
1740 3094 2011 3164 inscripsit
2035 3113 2054 3149 :
2082 3095 2244 3149 Eleu-

689 3172 816 3224 ehus
848 3182 900 3226 et
927 3173 1221 3246 Apologia:
1248 3189 1303 3234 et
1333 3197 1484 3236 num.
1519 3184 1586 3237 M
1613 3185 1679 3239 de
1711 3187 1912 3255 scripto
1942 3187 2130 3242 eodem
2166 3188 2244 3241 sic

2355 727 2530 780 dentis
2571 727 2856 780 calumniae
2879 727 3072 779 merito
3100 727 3275 795 arguit
3299 727 3629 778 Athanasius
3653 724 3904 782 Arianos,

2354 817 2497 886 quod
2534 831 2596 868 ea
2629 817 2775 869 velut
2812 816 3049 885 Dionysii
3081 818 3360 870 venditare
3406 831 3514 869 non
3555 814 3907 876 erubuerint,

2353 922 2473 969 quae
2496 908 2583 959 ille
2606 908 2781 975 palam
2820 915 3109 976 aperteque
3136 904 3394 974 rejeccrit.

2421 997 2512 1050 IV.
2558 997 2661 1052 Ista
2698 997 2934 1068 Dionysii
2983 999 3244 1067 Apologia
3288 1014 3352 1051 eo
3402 997 3621 1066 majoris
3660 1007 3742 1049 est
3787 1011 3908 1048 mo-

2352 1089 2538 1150 menti,
2567 1073 2705 1156 quOd
2726 1089 3004 1156 specimini
3028 1089 3186 1142 nobis
3212 1089 3278 1141 sit
3297 1103 3482 1141 eorum
3508 1103 3628 1156 qua:
3650 1087 3907 1140 fecissent

2351 1180 2530 1233 cazteri
2563 1179 2751 1232 Patres
2797 1178 3014 1232 Nicaeno
3044 1180 3274 1233 concilio
3309 1180 3612 1245 superiores
3639 1217 3653 1238 ,
3706 1178 3906 1244 quibus

2351 1269 2607 1322 nonnulla
2661 1269 2978 1323 exciderunt
3025 1269 3237 1322 Ariona:
3276 1269 3529 1336 impietati
3562 1268 3615 1318 in
3669 1266 3905 1333 speciem

2349 1369 2599 1428 cognata,
2636 1364 2679 1412 si
2715 1375 2807 1413 eos
2848 1359 3046 1413 similis
3077 1361 3368 1412 necessitas
3403 1358 3466 1410 ad
3524 1356 3905 1425 explicandam

2349 1451 2589 1518 apertius
2623 1458 2857 1503 mentem
2903 1466 3056 1505 suam
3087 1449 3450 1516 compulisset.
3483 1446 3610 1500 lude
3639 1447 3779 1500 enim
3824 1443 3910 1496 fa-

2346 1542 2446 1594 cile
2471 1542 2757 1596 adducitur
2790 1543 3018 1610 quisque
3052 1551 3108 1594 ut
3138 1542 3355 1600 credat,
3387 1538 3654 1590 neminem
3708 1552 3770 1588 ex
3821 1536 3907 1586 eis

2347 1633 2590 1687 futurum
2620 1635 2807 1698 fuisse,
2854 1637 2944 1703 qui
2995 1651 3100 1689 non
3141 1635 3360 1701 perinde
3399 1645 3558 1700 atque
3588 1631 3902 1699 Dionysius,

2347 1724 2591 1777 eamdem
2633 1725 2910 1792 perﬁdiam
2965 1725 3292 1778 damnasset.
3324 1721 3397 1774 Ex
3431 1723 3531 1776 hoc
3563 1737 3722 1787 opere
3778 1736 3904 1787 quae

2345 1816 2718 1878 exscribenda,
2771 1803 2891 1882 qua:
2922 1814 3372 1883 praetermittenda
3407 1812 3621 1865 duxerit
3657 1811 3903 1862 Athana-

2347 1907 2484 1969 sius,
2511 1920 2661 1956 num.
2697 1903 2764 1955 14
2789 1905 3009 1971 exponit
3035 1903 3086 1954 in
3122 1904 3264 1956 hunc
3295 1901 3509 1955 modum
3537 1917 3550 1949 :
3597 1898 3904 1965 i’crbaejus

2345 1994 2760 2065 quamplurima,
2807 1994 2992 2061 quibus
3026 2011 3102 2046 res
3151 1996 3205 2046 in
3254 1994 3586 2062 qua'stionem
3639 1991 3908 2043 adductas

2345 2087 2610 2154 expendit,
2637 2095 2728 2138 aut
2760 2101 2824 2137 ea:
2857 2085 3047 2138 allatis
3073 2086 3359 2137 ratiociniis
3396 2084 3596 2156 colligit
3625 2124 3638 2146 ,
3675 2093 3766 2133 aut
3817 2081 3907 2133 in-

2349 2189 2636 2248 terrogatos
2659 2179 2985 2230 adversarios
3013 2179 3263 2245 coarguit,
3291 2178 3365 2227 rel
3386 2161 3751 2227 obtrectatores
3775 2189 3904 2225 suos

2346 2274 2694 2336 criminatur,
2749 2270 2809 2322 ob
2853 2270 3107 2322 librorum
3153 2268 3508 2336 prolixitatem
3544 2267 3809 2326 amittens,
3842 2279 3904 2316 ea

2347 2356 2515 2417 solum
2567 2378 2852 2432 proponam
2880 2401 2894 2424 ,
2930 2377 3043 2430 qua:
3075 2363 3141 2410 ad
3193 2359 3580 2411 criminationes
3622 2356 3904 2409 diluenda:

2345 2458 2641 2524 necessaria
2678 2454 3003 2508 videbuntur.
3035 2450 3089 2503 in
3123 2452 3187 2504 iis
3222 2466 3348 2504 vero
3379 2465 3497 2518 quae
3523 2450 3801 2509 exscribit,
3837 2447 3906 2499 li-

2345 2548 2563 2601 brorum
2595 2547 2836 2599 ordinem
2870 2547 3086 2598 minime
3121 2552 3319 2620 servat,
3349 2543 3440 2595 sed
3477 2551 3638 2609 prout
3671 2557 3756 2593 res
3785 2550 3906 2591 tra-

2344 2647 2496 2692 ctata:
2526 2637 2886 2704 postulabant,
2917 2649 3059 2687 nunc
3085 2649 3249 2686 unum
3282 2643 3334 2686 et
3361 2635 3586 2695 alterum
3633 2631 3908 2699 fragmen-

2347 2740 2457 2783 tum
2490 2745 2554 2782 ex
2586 2730 2723 2783 libro
2752 2730 2924 2798 primo
2960 2728 3180 2802 profert,
3205 2737 3318 2779 tum
3353 2725 3498 2776 aliud
3542 2739 3608 2775 ex
3635 2722 3906 2781 secundo,

2345 2822 2573 2876 subinde
2599 2832 2872 2890 quartum,
2902 2835 3088 2873 rursus
3131 2834 3195 2870 ex
3228 2817 3400 2884 primo
3430 2853 3442 2875 ,
3488 2813 3573 2866 cui
3629 2811 3771 2863 aliud
3837 2825 3905 2862 ex

2346 2922 2540 2980 quarto
2587 2911 2848 2980 adjungit.
2883 2909 2951 2960 At
3003 2925 3123 2961 cum
3157 2905 3325 2969 uestri
3360 2901 3587 2955 instituti
3622 2901 3692 2955 sit
3721 2899 3909 2966 operis

2345 3003 2586 3069 ejusdem
2625 2999 2883 3067 reliquias
2913 3005 3164 3049 accurate
3194 2994 3446 3061 colligere
3472 3032 3488 3056 ,
3526 2990 3737 3058 singula
3785 2987 3910 3040 fra-

2349 3099 2566 3155 gmenta
2591 3103 2654 3140 co
2681 3087 2871 3138 ordine
2897 3084 3148 3137 exhibete
3179 3083 3347 3135 satius
3394 3081 3566 3132 visum
3602 3086 3704 3141 est,
3737 3091 3907 3144 quem

2347 3186 2562 3232 servant
2595 3178 2732 3229 inter
2758 3183 2814 3228 se
2844 3176 2987 3237 libri,
3012 3190 3076 3227 ex
3104 3175 3299 3242 quibus
3321 3173 3584 3239 descripta
3614 3177 3759 3224 sunt.
3793 3167 3906 3219 De-

689 3264 931 3333 loquitur
957 3284 969 3319 :
1003 3266 1300 3337 Epistolam
1329 3289 1480 3326 suam
1513 3273 1731 3328 Eleae/ti
1758 3286 1808 3329 et
1847 3277 2118 3346 Apologia:
2171 3279 2242 3329 ti-
2270 3286 2314 3345 ο
2348 3285 2494 3322 munt
2525 3268 2568 3323 si
2599 3276 2870 3337 gestorum
2902 3282 3022 3336 qua:
3051 3267 3147 3319 hoc
3194 3280 3327 3333 Opus
3363 3269 3772 3332 pta-cesserunt,
3811 3274 3904 3312 se—

687 3355 798 3410 tulo
825 3357 1111 3426 inscripsit.
1143 3358 1384 3429 Epistola
1412 3357 1572 3433 igitur
1593 3376 1709 3420 erat
1739 3377 1971 3437 quatuor
1996 3371 2047 3422 in
2073 3368 2242 3422 libros

685 3445 936 3502 distincta
962 3490 977 3515 ,
1006 3449 1247 3520 adeoque
1275 3467 1382 3505 una
1427 3468 1493 3506 ex
1527 3454 1594 3507 iis
1632 3471 1766 3523 quas
1803 3458 2091 3529 Dionysius
2126 3474 2155 3510 a
2187 3475 2244 3514 se

687 3537 863 3593 fusius
891 3551 944 3594 et
978 3543 1257 3597 tractantis
1276 3558 1428 3597 more
1456 3543 1688 3600 dictatas
1711 3547 2242 3621 (διδασκαλικώτερον

686 3627 1089 3711 ὑφηγούμενος),
1114 3643 1291 3688 vocat.
1329 3631 1448 3687 Non
1479 3633 1547 3688 ab
1582 3650 1646 3689 eo
1680 3637 1878 3701 statim,
1911 3647 1968 3691 ut
1993 3638 2058 3692 de
2085 3655 2244 3694 accu-

687 3719 899 3776 satione
943 3737 1041 3775 sua
1089 3725 1452 3780 commonitus
1485 3724 1604 3791 fuit,
1647 3727 1811 3781 missa
1843 3738 1944 3782 est.
1991 3729 2125 3783 Nam
2176 3747 2243 3785 ne

688 3809 1031 3872 accusationi
1051 3809 1238 3866 deesse
1269 3814 1506 3868 videretu
1519 3831 1573 3886 r,_
1589 3815 1634 3868 si
1676 3816 1972 3871 rescribere
2003 3818 2244 3874 Romano

689 3901 906 3968 praesuli
941 3901 1141 3966 diutius
1175 3903 1436 3970 differret,
1471 3907 1598 3961 huic
1646 3908 1930 3976 epistolam
1961 3911 2242 3978 praemisit,

689 4002 851 4056 quam
884 3990 1020 4045 infra
1049 4007 1200 4046 num.
1230 3994 1262 4047 6
1288 3995 1463 4064 ipsum
1493 3996 1810 4068 Dionysium
1835 3998 2136 4067 Romanum
2168 4002 2245 4054 al—

689 4073 919 4154 loquens
958 4092 1222 4143 memorat
1258 4084 1342 4137 his
1399 4088 1609 4144 verbis:
1671 4091 1780 4142 Καὶ
1832 4091 1915 4142 σοὶ
1966 4089 2032 4141 δι’
2083 4089 2246 4161 ἄλλης

692 4167 979 4250 ἐπιστολῆς
1007 4171 1235 4255 ἔγραψα.
1271 4176 1532 4243 Quocirca
1562 4195 1671 4243 non
1701 4183 1862 4236 modo
1889 4182 2127 4252 epistola,
2152 4182 2245 4235 sed

692 4265 749 4312 et
776 4260 998 4328 epistola
1033 4267 1260 4318 secunda
1309 4269 1378 4322 ad
1410 4269 1720 4339 Dionysium
1754 4275 2106 4342 cognominem
2139 4288 2245 4326 nou

695 4349 837 4414 male
865 4365 893 4402 a
919 4349 1119 4414 Basilio
1151 4359 1469 4424 appellatur.
1494 4359 1668 4415 Simul
1694 4363 1855 4417 etiam
1885 4374 1969 4417 est
1990 4364 2244 4425 Elenchus

692 4449 747 4494 et
785 4440 1081 4511 Apologia:
1119 4444 1384 4501 Elenehus
1427 4451 1646 4521 quidem
1699 4455 2137 4520 adversariorum
2194 4469 2249 4511 et

682 4528 1070 4598 accusatorum
1103 4533 1366 4606 Dionysii,
1397 4540 1491 4612 qui
1532 4540 1584 4593 in
1617 4543 1720 4596 hoc
1752 4561 1913 4613 opere
1942 4563 2245 4618 coarguun-

2349 3362 2480 3413 riem
2543 3360 2930 3426 expendamus,
2963 3359 3027 3410 ad
3062 3365 3269 3425 tempus
3296 3356 3437 3409 circa
3483 3354 3623 3422 quod
3649 3353 3909 3406 elabora-

2349 3462 2462 3505 tum
2494 3462 2595 3514 est,
2629 3452 2860 3521 quodam
2909 3454 3064 3504 modo
3123 3452 3420 3519 pertingere
3450 3451 3646 3502 licebit.
3696 3446 3908 3514 Nempe

2351 3543 2554 3612 aliquot
2586 3542 2823 3610 Dionysii
2857 3541 3199 3597 Alexandrini
3251 3541 3510 3594 adversus
3565 3537 3908 3592 Sabelliauos

2351 3634 2612 3704 epistolzc,
2640 3633 2812 3702 Xysto
2856 3633 3105 3701 pontifice
3137 3633 3360 3700 vulgata:
3385 3673 3399 3696 ,
3440 3630 3798 3686 accusationis
3839 3629 3906 3680 il-

2353 3727 2460 3781 lius
2491 3725 2832 3780 occasionem
2878 3723 3160 3778 dederunt.
3203 3724 3325 3776 Inde
3377 3724 3604 3791 permoti
3655 3721 3909 3774 nonnulli

2348 3817 2632 3880 Catholici,
2657 3818 2773 3884 ipso
2805 3813 3166 3866 Alexandrino
3200 3814 3425 3883 prmsule
3453 3814 3637 3872 inscio,
3672 3810 3910 3864 Romam

2349 3908 2702 3961 convolarunt
2728 3946 2742 3970 ,
2778 3915 2831 3959 et
2864 3919 2983 3973 quae
3021 3904 3118 3956 sibi
3156 3904 3208 3955 in
3246 3903 3363 3971 ejus
3409 3903 3621 3969 scriptis
3651 3901 3908 3968 displice-

2348 3998 2476 4052 bant
2517 3985 2588 4052 ad
2621 3997 2921 4052 Romanum
2969 3995 3273 4065 pontiﬁcem
3326 3994 3646 4046 detulerunt.
3704 3994 3907 4045 Statim

2350 4089 2631 4142 admonuit
2667 4086 2957 4156 Dionysius
2996 4083 3270 4136 Romanus
3311 4081 3617 4151 Dionysium
3667 4081 3909 4133 Alexan-

2349 4178 2587 4232 drinum.
2623 4176 2672 4232 ls
2704 4193 2832 4230 vero
2889 4176 2962 4229 illi
2991 4173 3312 4244 satisfacere,
3357 4174 3588 4241 primum
3627 4169 3906 4234 brevibus,

2350 4282 2580 4336 moxque
2637 4267 3019 4338 prolixioribus
3085 4265 3276 4320 litteris
3337 4266 3720 4333 quamprimum
3762 4305 3776 4326 ,
3847 4275 3907 4314 ut

2351 4358 2676 4417 Athanasius
2701 4368 2870 4418 notat,
2907 4359 3131 4411 studuit.
3165 4346 3428 4422 Quocirca
3479 4355 3550 4408 nil
3580 4364 3718 4407 vetat
3767 4368 3906 4420 quo-

2351 4451 2532 4504 minus
2561 4451 2714 4503 'hane.
2773 4449 3018 4519 Dionysii
3071 4448 3382 4516 Apologiatn
3433 4446 3498 4499 ad
3548 4459 3746 4497 annum
3796 4442 3909 4495 9.62

2351 4543 2577 4597 attinere
2628 4557 2966 4597 censeamus.
3008 4541 3136 4594 Eam
3189 4555 3404 4610 quoque
3449 4537 3686 4592 eruditus
3738 4532 3894 4585 Tille

692 4630 785 4678 tur
817 4632 980 4693 atque
1008 4624 1394 4693 confutantur;
1429 4627 1689 4697 Apologia
1725 4619 1866 4688 vero.
1901 4614 2095 4700 ipsius
2119 4637 2245 4692 Dio-
2274 4614 2318 4668 Ῑ)
2351 4618 2596 4688 montius
2622 4635 2689 4687 ad
2741 4635 2865 4687 anni
2917 4632 3079 4702 hujus
3107 4632 3310 4686 exitum
3346 4630 3532 4685 referri
3566 4641 3722 4695 posse
3753 4626 3891 4678 arbi-

694 4715 859 4786 nysii',
895 4717 988 4785 qui
1025 4717 1081 4771 in
1108 4717 1296 4776 eodem
1325 4718 1392 4773 de
1417 4718 1650 4788 objectis
1675 4722 1952 4777 erroribus
1983 4739 2101 4780 sese
2126 4743 2248 4793 pur-

769 4875 847 4949 (η)
874 4874 1360 4949 QoutantLEpistt.
1391 4877 1541 4932 Rom.
1584 4880 1796 4948 ponti/1,
1825 4895 1944 4948 pag.
1968 4879 2071 4932 2'77
2097 4897 2246 4949 seqq.

769 4944 842 5012 (υ)
867 4943 1106 5018 _Athatt.,
1147 4943 1242 5002 lib.
1275 4947 1350 5002 De
1388 4943 1599 5018 τιμωρῇ
1636 4966 1692 5005 n.
1725 4943 2002 5018 tit—epist.
2056 4951 2122 5002 de
2152 4943 2247 5002 de-

695 5011 842 5078 cret._
863 5011 979 5078 Nic.
1016 5029 1169 5095 sym,
1189 5033 1245 5072 n.
1272 5019 1363 5081 25,
1394 5011 1448 5076 et
1473 5011 1633 5090 epist,
1668 5021 1734 5081 de
1767 5011 1997 5076 sentem.
2028 5018 2244 5089 Dionys.

2352 4738 2547 4783 tratur.
2585 4746 2604 4778 ο
2642 4725 2707 4780 Ει
2738 4728 2852 4780 haec
2882 4726 2948 4779 de
2980 4725 3173 4795 Magno
3204 4722 3459 4790 Dionysio
3489 4720 3636 4774 satis.

2426 4878 2502 4948 (p)
2534 4879 2718 4948 Basil.,
2747 4881 2840 4933 lib.
2869 4880 2943 4933 De
2975 4879 3113 4947 Spir.
3142 4887 3332 4936 κηποι,
3372 4889 3489 4948 cap.
3526 4871 3613 4927 29.

2426 4944 2500 5016 (η)
2531 4944 2768 5014 Hierotn,
2797 4948 2872 5002 De
2893 4951 2988 5002 vir.
3015 4944 3242 5011 'illustr.,
3272 4959 3390 5020 cap.
3415 4944 3503 4998 69.
3569 4966 3571 4968 ·
