4094 6350
168 499 317 555 1257
1113 499 1532 557 FRAGMENTA
1568 502 1656 557 EX
1698 503 1919 561 LIBRIS
1957 505 2043 560 DE
2076 506 2381 564 NATUBA.
2478 574 2481 575 ν
3237 505 3373 561 1258

163 618 277 670 ὑπὸ
308 615 401 670 τοῦ
440 615 597 679 Θεοῦ,
632 614 767 670 κατά
806 614 900 669 τδν
947 617 1201 689 ποιητὴν,
1240 618 1477 686 ἄγοιντο,
1512 616 1717 690 συντρέ-

1830 631 2058 678 maturae
2083 624 2279 679 milites
2306 621 2467 678 simul
2491 622 2656 678 etiam
2681 634 2868 676 omnes
2894 619 3230 675 dimicarent.
3268 619 3372 687 Qui

160 722 318 777 χοιεν
344 706 403 759 δὲ
418 706 512 759 xui.
539 705 976 775 συναγελάζοιντο
993 748 1008 771 ,
1040 708 1395 780 γνωρίζουσαι
1416 709 1513 770 τὰς
1536 726 1717 777 cru-{ya-

1829 711 1876 765 si
1919 712 2203 766 ridiculum
2250 712 2355 767 hoc
2396 711 2624 781 exempli
2663 726 2830 781 genus
2858 725 2978 765 esse
3004 710 3201 775 dicent,
3231 711 3375 780 quod

163 800 310 862 νείς·
357 797 638 869 θαυμαστή
687 815 750 866 γε
794 799 902 853 τῶν
930 799 1147 869 ἀτόμων
1186 798 1604 870 ήδημοκρατία,
1642 802 1717 853 δε-

1828 817 2146 872 magnorum
2190 818 2475 873 corporum
2523 817 2644 857 cum
2695 802 2933 856 minimis
2978 804 3375 875 contentionem

164 885 467 957 ξιουμένων
502 904 561 940 τε
607 888 838 959 ἀλλήλας
868 891 976 943 τῶν
1009 888 1172 957 φίλων
1208 889 1300 941 καὶ
1336 889 1727 960 περιπλεκομέ-

161 991 297 1040 nov,
314 979 393 1039 εἰς
415 976 542 1046 μίαν
565 994 627 1030 τε
648 978 1017 1049 κατασκηνοῦν
1044 977 1315 1032 συνοικίαν
1342 979 1717 1048 ἐπειγομένων·

1826 981 2011 1034 deinde
2038 998 2154 1051 quae
2180 995 2469 1052 sequuntur
2498 982 2737 1049 adjungit
2762 995 2781 1035 :
2811 979 2964 1046 Quod
2996 980 3039 1034 si
3074 982 3259 1046 ducis,
3292 983 3376 1034 in-

164 1069 267 1120 καὶ
307 1068 410 1120 τῶν
443 1068 563 1138 μὲν,
589 1069 1126 1139 ἀπατετορνευμένων
1150 1069 1468 1139 αὐτομάτως
1491 1071 1569 1133 εἰς
1584 1069 1717 1138 ἣλιοι

1827 1072 1962 1139 quit,
1994 1088 2171 1141 neque
2200 1088 2418 1137 nomen,
2447 1086 2621 1140 neque
2649 1071 2905 1135 delectus,
2938 1086 3111 1140 neque
3138 1072 3377 1126 colloca-

160 1159 429 1228 φωστῆρα
458 1158 646 1227 μέγαν,
672 1158 757 1212 ἵνα
777 1159 1041 1228 ποιήσωσι
1064 1157 1160 1227 τὴν
1188 1157 1397 1227 ἡμέραν
1419 1173 1433 1187 ο
1457 1157 1562 1210 τῶν
1584 1158 1637 1209 δὲ
1652 1158 1717 1219 εἰς

1827 1160 1903 1213 tio
1928 1160 1981 1213 in
2006 1175 2193 1214 earum
2225 1176 2343 1216 sese
2381 1161 2799 1215 moderationem
2839 1161 3060 1228 ingessit
3090 1179 3103 1214 :
3137 1172 3191 1217 at
3224 1163 3380 1231 ipsae-

156 1248 368 1312 mna;
417 1247 545 1310 ἴσως
586 1248 895 1318 πυραμίδας
935 1247 1175 1317 ἀστέρων
1218 1246 1717 1316 ἀνααιτειιιιλεγμένων1

1830 1257 1933 1301 met
1962 1258 2153 1317 suopte
2202 1249 2444 1314 arbitrio,
2476 1265 2539 1303 ex
2567 1249 2729 1303 multa
2761 1262 2880 1303 sese
2926 1250 3161 1304 continui
3195 1249 3376 1305 ﬂuxus

162 1338 255 1391 ἵνα
295 1340 387 1390 καὶ
415 1338 534 1392 ὅλον
566 1336 944 1405 στεφανώσωσι
984 1337 1074 1389 τὸν
1109 1338 1362 1408 οὐρανόνο
1392 1338 1500 1390 τῶν
1528 1337 1604 1400 δὲ,
1637 1355 1717 1390 πε-

1829 1339 1986 1393 turba
2028 1340 2363 1408 colligentes,
2410 1354 2711 1409 magnoque
2745 1341 3011 1395 variarum
3038 1342 3376 1395 commissio-

160 1428 583 1499 ριτε-ταγμένων,
619 1428 704 1480 ἵνα
732 1427 890 1479 αὑτὸν
908 1426 1029 1495 εἰκῆ
1059 1424 1395 1499 στερεώσωσι
1432 1426 1524 1479 καὶ
1556 1443 1717 1496 καμα-

1829 1444 1957 1483 num
1986 1431 2219 1483 tumultu
2260 1430 2543 1495 declinato,
2597 1432 2799 1485 similes
2831 1447 2954 1487 cum
3003 1431 3267 1486 similibus
3300 1432 3373 1486 ita

122 1584 133 1594 ο
162 1516 384 1587 ρὼαωσι
403 1517 494 1570 τὸν
518 1518 706 1589 αἰθέρα
736 1518 813 1580 εἰς
834 1516 932 1587 τὴν
953 1514 1060 1569 τῶν
1087 1516 1384 1585 φωστήρων
1411 1516 1717 1587 ἐπιϐάθρανἸ

1828 1521 2201 1587 convenerint,
2242 1530 2304 1574 ut
2328 1530 2503 1575 tamen
2532 1536 2639 1574 non
2668 1521 2834 1575 divini
2860 1519 3105 1575 Numinis
3132 1522 3372 1586 ductum,
3408 1508 3410 1512 ’

156 1608 512 1674 ἐπιλέξωνταί
541 1625 599 1661 τε
631 1609 847 1669 ἑαυταῖς
881 1607 936 1659 αἱ
973 1605 1345 1677 συνομολογίαι
1368 1606 1475 1659 τῶν
1501 1606 1717 1676 χυδαίωι

1828 1610 2275 1681 quemadmodum
2300 1619 2450 1679 poeta
2477 1610 2649 1679 lingit,
2677 1621 2873 1664 secutae
2900 1611 3004 1667 sint
3026 1627 3041 1675 ;
3064 1612 3154 1666 sed
3176 1615 3373 1682 potius,

157 1698 387 1768 ἀτόμων
418 1699 587 1770 μονάς
609 1737 626 1763 ,
664 1699 753 1753 καὶ
790 1696 1261 1769 διακληρώσωνται
1291 1700 1380 1751 τὸν
1410 1698 1632 1769 οὐρανὸν
1652 1700 1717 1763 εἰς

1831 1717 1953 1755 cum
2001 1716 2120 1756 sese
2170 1700 2353 1755 attines
2399 1708 2589 1754 mutuo
2636 1710 2981 1771 cognataque
3025 1712 3267 1768 nossent,
3317 1705 3371 1757 in

153 1789 342 1851 οἴκους
361 1791 576 1852 ἑαυταῖς
597 1789 691 1843 καὶ
710 1788 996 1859 σταθμούς.
1023 1783 1168 1842 Εἶτα
1183 1792 1311 1856 μεθ’
1328 1788 1498 1858 ἕτερά
1517 1805 1717 1857 φησιν

1830 1808 1998 1845 unum
2029 1790 2186 1861 quasi
2234 1804 2445 1861 gregem
2487 1789 2872 1855 conﬂuxerint;
2920 1806 3002 1843 na:
3042 1791 3373 1846 admirabilis

161 1878 315 1931 Ἀλλ’
357 1880 478 1933 οὐδὲ
518 1881 588 1934 τά
630 1880 834 1949 φανερά
871 1879 1067 1949 ὁρῶσιν
1096 1882 1246 1934 αὐτοὶ
1277 1882 1325 1934 οἱ
1374 1881 1717 1952 ἀπρονόητοι,

1832 1880 1945 1934 hau:
1978 1889 2280 1932 atomorum
2318 1879 2647 1953 democratia
2687 1887 2801 1941 est;
2844 1877 2934 1931 ubi
2961 1879 3147 1933 amica:
3170 1878 3370 1933 amicas

154 1968 358 2023 πολλοῦ
406 1988 472 2038 γε
509 1942 685 2024 δέουσι
720 1942 945 2039 σῦνορεξέν
994 1971 1087 2023 καὶ
1134 1970 1203 2023 τά
1246 1942 1717 2040 ἀφανῆ.’“Εοίκασι

1826 1969 2093 2037 excipiant
2121 1979 2280 2037 atque
2310 1946 2750 2037 complectantur,
2789 1967 2965 2038 itaque
2990 1983 3152 2022 unum
3184 1969 3235 2021 in
3268 1971 3369 2021 do-

157 2061 272 2131 γάρ
316 2062 450 2132 μηδέ
485 2062 746 2124 ἀνατολὰς
784 2051 1105 2114 ὑποπεύεὶν
1129 2062 1482 2131 τεταγμένας,
1505 2063 1600 2115 καὶ
1632 2062 1717 2115 δύ-

1825 2060 2084 2113 micilium
2119 2058 2402 2112 convolent
2432 2058 2713 2111 universae.
2752 2056 2887 2111 Tum
2927 2067 3086 2111 certte
3124 2056 3366 2127 qum-lam
3420 2126 3429 2133 ‘

159 2168 299 2214 σεις,
363 2153 501 2221 μήτε
556 2152 663 2205 τῶν
710 2151 900 2215 ἄλλων,
955 2153 1092 2221 μήτε
1140 2153 1235 2215 τάς
1286 2153 1717 2223 ἐκπρεπεστάταις

1825 2150 1988 2215 ultro,
2022 2150 2076 2202 in
2104 2150 2270 2203 solem
2300 2163 2552 2218 magnum
2584 2148 2713 2201 illud
2756 2151 2927 2213 sidus,
2957 2148 3189 2216 quodam
3215 2148 3370 2215 quasi

151 2240 344 2309 ἡλίων
398 2240 533 2308 μηδὲ
578 2240 807 2310 χρῆσθαι
840 2242 957 2303 ταῖς
1006 2240 1072 2291 δι’
1120 2240 1299 2293 αὐτῶν
1332 2231 1725 2311 δεδωρημέναις

144 2329 465 2400 ἀνθρώποις
488 2331 847 2401 ἐπικουρίαις,
871 2332 1217 2404 ἀναπτομένῃ
1249 2331 1345 2400 μὲν
1370 2332 1446 2394 εἰς
1469 2332 1717 2401 ἐργασίαν

1825 2324 1936 2379 lum
1980 2325 2244 2394 integrum
2280 2332 2559 2388 coronent,
2607 2326 2659 2379 in
2694 2325 2950 2395 plurimas
3000 2326 3242 2380 fortassis
3285 2344 3373 2381 ar-

154 2421 375 2491 ήμέρᾳ,
432 2410 848 2495 ἐπηλυγαζούσῃ
888 2423 943 2476 δὲ
1002 2422 1152 2475 νυκτί
1208 2422 1343 2493 πρὸς
1390 2422 1717 2476 ἀνάπαυλαν.

1824 2417 2063 2471 dentium
2115 2417 2389 2471 stellarum
2441 2417 3115 2489 pyramides'ligurentur;
3166 2421 3283 2474 alite
3317 2422 3370 2474 in

167 2512 586 2575 Ἐξελεύσεται
627 2513 737 2581 γὰρ
762 2494 1087 2580 ἇκθρωπος,
1130 2512 1313 2581 φησὶν,
1340 2512 1435 2564 ἐπὶ
1466 2502 1529 2565 τὸ
1553 2513 1717 2581 ἔργον

1824 2509 2009 2563 orbem
2053 2509 2290 2579 digestae,
2320 2494 2591 2563 ﬁrmitatis
2636 2506 2837 2579 aliquid
2887 2510 3070 2563 aetheri
3125 2512 3367 2574 aﬂ‘crant,

1828 892 2140 957 instituam;
2175 893 2243 947 ad
2288 893 2507 947 minima
2539 882 2836 948 veniemus.
2887 889 3013 945 Haec
3038 892 3145 948 ille.
3178 893 3375 958 Quibus
3476 968 3477 971 η

1826 2244 1984 2288 torno
2014 2233 2390 2297 rotundentur,
2422 2245 2479 2288 ut
2502 2235 2644 2288 diem
2666 2236 2928 2302 efﬁciant;
2958 2238 3228 2305 alim,quo
3257 2251 3368 2290 cm-
3458 2244 3461 2247 ‘

148 2601 366 2663 αὐτοῦ,
396 2601 495 2653 καὶ
512 2601 609 2654 ἐπὶ
629 2601 741 2667 τὴν
767 2602 1052 2670 ἐργασίαν
1075 2603 1280 2667 αὐτοῦ,
1310 2602 1418 2669 ἕως
1446 2604 1721 2674 ἑσπέρας.

168 2690 309 2743 Ἀλλ’
340 2690 457 2742 οὐδὲ
485 2691 582 2761 τὴν
617 2691 806 2761 ἑτέραν
836 2691 1219 2751 ἐπισκοποῦσιν
1239 2693 1599 2766 ἀνακύκλησιν
1622 2695 1725 2749 αὐ·

150 2778 273 2843 τοῦ,
306 2778 427 2832 καθ’
455 2779 522 2849 ἢν
546 2778 851 2851 ὡρισμένας
870 2779 1037 2849 ὥρας,
1066 2781 1160 2834 καὶ
1180 2784 1400 2851 καιροὺς
1419 2783 1723 2855 εὐκαίρους,

148 2874 254 2926 καὶ
279 2874 485 2945 τροπάς
504 2873 953 2945 ἀπαρατρέπτους
993 2874 1264 2937 ἀποτελεῖ,
1302 2876 1405 2927 ὑπὸ
1437 2876 1543 2929 τῶν
1574 2877 1632 2942 ἐξ
1648 2871 1724 2931 ὧν

90 2972 93 2973 ⁷
156 2960 309 3017 ἐστιν
350 2962 567 3032 ἀτόμων
616 2961 994 3033 ὁδηγούμενος.
1053 2960 1211 3014 Ἀλλά
1247 2961 1348 3015 κάν
1385 2962 1459 3034 μὴ
1500 2962 1723 3017 θέλωσιν

150 3055 204 3106 οἰ
233 3053 474 3117 δείλαιοι,
511 3053 589 3116 ὡς
618 3053 662 3106 δ’
700 3050 791 3109 οὖν
817 3036 1179 3116 πιστεύουσιν,
1223 3052 1273 3104 οἰ
1306 3052 1523 3117 δίκαιοι,
1552 3053 1723 3124 μέγας

153 3144 363 3215 Κύριος
388 3146 419 3196 δ
454 3147 683 3216 ποιήσας
713 3145 892 3209 αὑτὸν,
934 3145 1027 3198 καὶ
1058 3145 1115 3198 ἐν
1156 3143 1330 3213 λόγοις
1370 3145 1530 3199 αὐτοῦ
1565 3146 1723 3200 κατέ-

1824 2613 1996 2668 eoque
2030 2599 2316 2653 testudinis
2343 2599 2395 2651 in
2426 2613 2628 2651 morem
2656 2610 3051 2671 concamerata,
3084 2601 3369 2654 subeunti-

1823 2689 1927 2744 bus
1968 2689 2089 2742 εαξη
2138 2688 2456 2751 luminibus,
2503 2689 2764 2757 quosdam
2802 2690 2954 2757 quasi
2996 2690 3194 2758 gradus
3237 2707 3371 2760 prte-

1822 2787 2061 2844 struant;
2085 2780 2325 2847 adeoque
2341 2778 2639 2848 vulgarium
2665 2788 2966 2832 atomorum
2987 2780 3253 2835 factiones
3271 2780 3391 2835 tio--

1821 2870 2024 2924 micilia
2062 2870 2163 2923 sibi
2186 2869 2444 2939 deligant,
2479 2884 2544 2923 ac
2580 2870 2773 2939 cmlum
2812 2870 2986 2938 ipsum
3037 2873 3279 2940 prOprias
3312 2875 3365 2925 in

1821 2960 2012 3016 domos
2040 2956 2203 3030 atque
2232 2960 2489 3015 stationes
2515 2961 2653 3014 inter
2673 2976 2792 3016 sese
2819 2964 3137 3031 partiuntur.
3164 2963 3364 3016 Rursus

1822 3051 1944 3106 aliis
1974 3052 2288 3121 quibusdam
2322 3052 2606 3119 interjectis
2637 3066 2655 3103 :
2690 3051 2818 3116 lmo,
2867 3054 3056 3121 inquit,
3102 3068 3169 3107 ne
3208 3044 3365 3109 obvia

1821 3142 2037 3210 quidem
2062 3143 2244 3197 vident
2267 3134 2510 3195 homines
2539 3142 2844 3209 improvidi,
2875 3152 3103 3197 -tantum
3132 3144 3279 3197 abest
3308 3157 3367 3200 ut

154 3251 363 3287 σπευσε
388 3236 629 3304 πορείαν.
660 3238 882 3307 Ἀτομοι
903 3238 1010 3306 γάρ
1038 3237 1165 3307 ὑμῖν
1181 3237 1421 3307 χειμῶνα
1447 3237 1717 3311 φέρουσιν,

1823 3232 2031 3286 occulta
2062 3232 2394 3300 provideant.
2440 3226 2634 3297 Utique
2668 3238 2813 3283 ratos
2860 3230 2983 3305 illos
3028 3242 3189 3302 atque
3221 3249 3363 3314 con-

151 3320 201 3379 ὦ
234 3325 463 3395 τυφλοὶ,
502 3327 594 3379 καὶ
625 3328 810 3391 ὑετοὺς
830 3367 843 3390 ,
874 3328 961 3382 ἴνα
987 3331 1019 3397 ή
1051 3329 1121 3398 γῆ
1150 3328 1352 3399 τροφάς
1382 3329 1507 3398 ὑμῖν
1533 3345 1593 3381 τε
1620 3329 1714 3382 καὶ

1821 3330 2023 3375 stantes
2068 3331 2218 3373 ortus
2268 3319 2554 3385 obitusque
2596 3318 2853 3386 siderum,
2908 3337 3017 3377 nou
3061 3336 3411 3381 ceterorum.

154 3420 293 3473 πᾶσι
314 3421 425 3481 τοῖς
453 3420 538 3470 ἐπ’
567 3419 746 3482 αὐτοῖς
769 3418 925 3483 ζώοις
954 3421 1053 3489 ἀνῇ
1076 3436 1090 3483 ;
1126 3420 1295 3491 Θέρος
1320 3436 1377 3472 τε
1407 3420 1719 3488 ἐπάγουσιν,

152 3511 244 3562 ἵνα
286 3509 385 3561 καὶ
418 3509 545 3571 τοὺς
582 3508 689 3563 ἀπὸ
726 3508 955 3579 δένδρων
994 3513 1073 3569 εἰς
1105 3510 1314 3581 τρυφὴν
1354 3511 1594 3581 καρποὺς
1631 3510 1721 3562 λά·-

152 3602 324 3670 6ητες
359 3601 469 3653 Καὶ
496 3599 585 3653 διά
616 3599 780 3670 τίμὴ
821 3604 939 3663 ταῖς
969 3603 1189 3671 ἀτόμοις
1234 3605 1583 3673 προσκυνεῖτε
1629 3604 1720 3655 καὶ

153 3693 313 3745 θύετε
346 3695 468 3754 ταῖς
494 3689 1161 3763 ἐπικάρποις;’ᾼχάριστοί
1194 3711 1277 3760 γε,
1313 3694 1444 3761 μηδέ
1473 3692 1717 3762 ἀπαρχάς

152 3785 345 3845 αὐταῖς
381 3783 567 3851 ὀλίγας
607 3785 713 3837 τῶν
745 3783 951 3837 πολλῶν
995 3785 1228 3855 δωρεῶν,
1278 3784 1343 3846 ἃς
1376 3784 1503 3854 παρ’
1541 3783 1718 3836 αὐτῶν

154 3876 333 3946 ἔχετε,
374 3877 743 3949 ἀφιεροῦντες.
792 3877 903 3930 Καὶ
951 3878 1098 3947 μετὰ
1138 3875 1368 3945 βραχέα
1394 3877 1613 3944 φησιν’
1661 3878 1719 3930 '0

151 3969 211 4021 δέ
243 3967 540 4038 πολυεθνὴς
571 3970 664 4021 καὶ
689 3968 987 4037 πολυμιγὴς
1017 3968 1181 4037 δῆμος
1199 3968 1305 4018 τῶν
1336 3967 1595 4038 ἀστέρων,
1626 3968 1719 4033 οῦς

148 4059 210 4111 αἰ
242 4056 597 4119 πολυπλανεῑς
633 4058 725 4111 καὶ
758 4059 842 4110 ἀεὶ
880 4054 1354 4128 διαρριπτούμεναι
1389 4055 1738 4125 συνέστησαν

153 4150 372 4218 ἄτομοι,
411 4146 591 4219 χώρας
633 4149 841 4210 ἑαυτοῖς
892 4148 1029 4201 κατὰ
1060 4146 1329 4216 συνθήκας
1363 4148 1714 4211 ἀπεδάσαντο,

151 4238 346 4307 ὥσπερ
373 4236 627 4291 ἀποικίαν
660 4238 753 4289 καὶ
797 4238 1064 4289 συνοικίαν
1107 4236 1436 4305 ἀνελόμενοι,
1495 4236 1717 4307 μηδενὸς

146 4325 394 4380 οἰκιστοῦ
446 4325 576 4394 μηδὲ
618 4326 995 4379 οἰκοδεσπότου
1035 4327 1425 4395 προεστηκότος
1449 4344 1460 4355 ·
1506 4327 1716 4388 καὶτὰς

149 4417 296 4485 πρὸς
339 4416 465 4475 τοὺς
503 4414 904 4484 πλησιοχώρους
930 4415 1271 4483 γειτνιάσεις,
1304 4416 1586 4485 ἐνωμότως
1623 4416 1716 4468 καὶ

1820 3413 2001 3475 modo,
2029 3425 2211 3463 verum
2241 3410 2401 3461 etiam
2436 3408 2567 3463 solis
2602 3410 2843 3464 omnium
2883 3413 3266 3481 nobilissimos,
3298 3431 3365 3469 ne

1818 3499 2143 3568 suspicando
2175 3498 2396 3568 quidem
2444 3499 2691 3553 videntur
2735 3502 2992 3569 attingere
3021 3520 3036 3555 :
3064 3518 3161 3556 nec
3196 3505 3261 3557 iis
3285 3505 3361 3557 uti

1817 3591 2312 3655 commoditatibus,
2337 3606 2472 3660 quas
2503 3592 2777 3645 hominum
2800 3593 2977 3659 generi
3004 3593 3361 3662 suppeditant,

1818 3691 1911 3734 aut
1954 3682 2251 3737 collucente
2280 3683 2347 3737 ad
2379 3683 2684 3736 obeundum
2730 3696 2863 3751 opus
2908 3682 3012 3747 die,
3064 3692 3159 3737 aut
3205 3695 3361 3739 nocte

1812 3772 2012 3843 quietis
2030 3774 2304 3842 capiendae
2332 3789 2493 3827 causa
2518 3783 2689 3825 terras
2717 3782 2991 3839 upacante.
3021 3770 3201 3827 Exibit
3222 3778 3361 3828 enim

1816 3864 1987 3927 homo,
2022 3864 2217 3933 inquit,
2255 3863 2321 3915 ad
2359 3878 2485 3929 opus
2518 3875 2693 3925 suum,
2734 3870 2782 3913 et
2818 3862 3167 3928 operationem
3209 3879 3359 3915 suam

1817 3965 1975 4019 usque
2001 3949 2069 4001 ad
2105 3964 2364 4011 vesperum
2396 3947 2458 4001 “.
2490 3944 2598 3999 Nec
2624 3961 2749 4025 vero
2776 3950 2995 4002 alteram
3023 3948 3141 4027 ejus
3166 3950 3363 4005 circui-

1817 4040 2015 4094 tionem
2041 4038 2342 4101 attendunt,
2368 4051 2474 4104 qua
2499 4024 2781 4091 distinctas
2805 4024 3142 4108 tempestates
3165 4057 3361 4109 oppor-

1815 4140 2051 4199 tunaque
2078 4141 2335 4196 ιθιιιροτα,
2361 4144 2459 4182 nec
2479 4144 2704 4198 usquam
2725 4130 2961 4185 detortas
2985 4135 3360 4187 conversiones

1814 4223 2030 4285 eﬂiciat;
2074 4235 2261 4274 earum
2308 4220 2554 4275 videlicet
2586 4236 2647 4279 ex
2700 4222 2902 4288 quibus
2939 4222 3055 4289 ipse
3092 4225 3357 4288 consistit,

1813 4323 2114 4367 atomorum
2146 4311 2365 4369 ductum
2397 4295 2631 4366 secutus.
2658 4311 2725 4362 At
2746 4311 3039 4372 enimvero,
3067 4314 3231 4366 velint
3256 4327 3357 4366 no-

1813 4405 1912 4463 lint
1947 4404 2191 4457 homines
2238 4419 2426 4473 reapse
2470 4403 2671 4474 miseri,
2720 4403 2992 4468 quomodo
3030 4411 3206 4455 tamen
3252 4404 3355 4455 sibi

156 4507 277 4576 μετ’
328 4504 547 4574 εἰρήνης
593 4506 975 4571 φυλάττουσινἼ
1025 4506 1121 4575 οὐχ
1172 4494 1583 4574 ὑπερϐαίνοντες
1623 4504 1714 4566 οὓς

1816 4498 2157 4564 persuadent,
2191 4495 2484 4564 aequissimi
2516 4511 2528 4546 :
2559 4508 2786 4561 magnus
2823 4495 2909 4548 ille
2953 4493 3213 4549 Dominus
3261 4496 3355 4564 qui

152 4597 255 4651 καὶ
284 4596 563 4665 εἰλήφασιν
590 4593 649 4657 ἐξ
674 4596 843 4665 ἀρχῆς
872 4597 1030 4666 ὄρους
1049 4636 1064 4659 ,
1094 4595 1281 4667 ὥσπερ
1311 4598 1412 4649 ὑπὸ
1440 4596 1543 4648 τῶν
1571 4595 1712 4663 βασι-

1816 4587 1978 4639 solem
2008 4587 2227 4648 creavit,
2260 4586 2538 4639 verborum
2568 4600 2783 4652 quoque
2807 4601 3023 4639 suorum
3048 4587 3096 4639 vi
3116 4586 3355 4654 ejusdem

150 4689 317 4743 λίδων
357 4686 571 4755 ἀτόμων
612 4685 1066 4755 νομοθετούμενοι.
1320 4689 1418 4764 opu
1461 4687 1713 4754 ἄρχουσιν

152 4783 399 4835 ἐκεῖναιο
442 4777 558 4840 πῶς
598 4775 706 4847 γάρ
746 4776 799 4827 αἰ
847 4777 966 4846 μηδ’
1001 4774 1188 4843 obeat;
1250 4779 1403 4831 ’Λλλά
1441 4778 1596 4829 θείων
1631 4776 1713 4827 λο-

153 4871 295 4939 γίων
322 4868 657 4923 ἐπακούσατε
674 4883 689 4896 ·
737 4866 838 4919 Ἐν
865 4867 1056 4933 κρίσει
1097 4870 1315 4935 Κυρίου
1344 4867 1412 4918 τὰ
1437 4868 1577 4935 ἔργα
1603 4870 1711 4921 αὐ-

157 4960 292 5016 τοῦ.
352 4960 465 5013 Ἀπ’
493 4957 685 5027 ἀρχῆς
732 4956 829 5011 καὶ
880 4958 997 5010 ἀπὸ
1036 4958 1325 5024 ποιήσεως
1355 4956 1567 5019 αὐτῶν,
1600 4958 1715 5011 διέ-

159 5054 371 5105 στειλε
398 5049 642 5118 μερίδας
684 5046 905 5102 αὐτῶν
936 5047 1272 5113 ἐκόσμησεν
1310 5048 1395 5111 εἰς
1439 5047 1617 5101 αἰῶνα
1641 5050 1712 5104 τὰ

160 5143 313 5211 ἔργα
334 5141 542 5205 αὑτοῦ,
578 5140 675 5195 καὶ
705 5139 811 5206 τὰς
836 5138 1021 5205 ἀρχὰς
1050 5137 1244 5191 αὐτῶν
1264 5140 1350 5203 εἰς
1379 5140 1581 5208 γενεὰς
1605 5143 1710 5194 αὐ-

155 5230 302 5285 τῶν.
326 5260 397 5271 --
422 5230 530 5284 Καὶ
550 5232 699 5300 μετὰ
720 5229 947 5299 ,βραχέα
973 5228 1160 5297 φησιν
1176 5245 1189 5258 ⁸
1221 5231 1290 5281 ’Ἠ
1317 5231 1399 5295 τίς
1428 5231 1596 5296 οὕτως
1618 5234 1710 5285 εὐ·-

150 5323 372 5381 τάκτως
390 5317 613 5373 πεδιάδα
639 5320 743 5389 γῆν
769 5319 1017 5372 διώδευσε
1046 5316 1271 5386 φάλαγξ,
1300 5320 1361 5373 οὐ
1396 5316 1711 5391 προθέοντος

72 5468 77 5471 _
145 5409 389 5470 οὐδενὸς,
400 5409 505 5461 οὐκ
517 5410 927 5481 ἐκτρεπομένου,
943 5408 1040 5461 οὐκ
1055 5410 1079 5459 ἐ
1087 5409 1557 5477 μποδιστατοῦντος
1576 5412 1705 5480 (58),

151 5503 260 5555 οὐκ
307 5498 731 5568 ἀπολειπομένου
780 5500 884 5554 τῶν
940 5501 1534 5570 συμπαρατεταγμένων
1560 5516 1573 5529 ·
1631 5499 1707 5563 ὡς

153 5590 447 5657 ἰσόστοιχοι
476 5587 570 5640 καὶ
595 5588 1034 5651 συνασπιδοῦντες
1058 5588 1143 5641 ἀεὶ
1174 5591 1422 5660 προΐασιν
1444 5630 1458 5654 ,
1491 5590 1519 5640 ὸ
1554 5604 1707 5640 συνι-

229 5701 278 5733 ¹³
313 5698 457 5755 Psal.
483 5716 601 5765 cm,
626 5700 716 5756 25.

1812 4692 2033 4731 cursum
2067 4676 2327 4729 incitavit.
2358 4678 2533 4730 Atomi
2582 4678 2796 4746 quippe,
2845 4679 3075 4731 hiemem
3111 4680 3285 4741 vobis,
3323 4693 3357 4730 ο

1812 4766 1960 4828 unci,
1996 4782 2059 4819 ac
2080 4767 2290 4836 pluvias
2327 4766 2575 4828 afferunt,
2608 4777 2663 4819 ut
2692 4768 2943 4835 alimenta
2969 4768 3121 4821 vobis
3159 4783 3223 4821 ac
3254 4782 3358 4821 cc-

1811 4858 1942 4911 teris
1976 4858 2339 4911 animantibus
2369 4867 2511 4910 terra
2544 4856 3169 4926 producat?Earumdem
3197 4867 3355 4911 aestas

1811 4948 2126 5003 beneﬁcium
2155 4958 2255 5011 est,
2283 4956 2341 4999 ut
2366 4948 2618 5001 arborum
2641 4947 2798 4999 etiam
2817 4945 2882 4996 ad
2907 4945 3127 4999 delicias
3147 4944 3355 5021 fructus

1814 5041 2119 5110 colligatis?
2154 5038 2348 5104 Quidni
2389 5054 2550 5107 porro
2581 5038 2771 5091 atomis
2797 5033 3007 5105 frugum
3035 5036 3385 5106 prasidibus.

1815 5131 2041 5186 solemni
2085 5132 2232 5185 cultu
2283 5145 2432 5183 sacra
2477 5127 2685 5181 tacitis?
2726 5124 2979 5202 Homines
3012 5127 3225 5196 ingrati,
3261 5130 3353 5195 qui

1815 5230 1894 5275 tot
1917 5222 2182 5275 donorum
2210 5212 2331 5288 qua:
2366 5220 2433 5271 ab
2466 5219 2533 5271 iis
2564 5216 2829 5285 accipitis,
2858 5232 2922 5270 ne
2948 5218 3211 5285 primitias
3240 5219 3357 5286 qui-

1811 5310 1932 5364 dem
1968 5310 2225 5380 pauculas
2253 5308 2591 5362 consecretis.
2638 5304 2934 5376 Iterumque
2982 5317 3094 5374 post
3142 5322 3353 5375 pauca:

1813 5401 2087 5470 Multiplex
2122 5398 2319 5461 autem,
2354 5398 2543 5465 inquit,
2571 5398 2659 5451 illa
2691 5398 2962 5465 stellarum
3000 5399 3162 5462 natio,
3191 5415 3349 5469 quam

1811 5493 2051 5544 erratica:
2074 5506 2136 5543 ac
2160 5503 2371 5555 semper
2398 5489 2502 5541 huc
2530 5490 2759 5558 illucque
2784 5490 3017 5557 disjectas
3046 5493 3207 5545 atomi
3232 5506 3354 5551 con-

1811 5581 2090 5645 ﬂaverunt,
2114 5581 2275 5634 sedes
2304 5579 2417 5647 ipsa
2442 5581 2564 5646 sibi,
2585 5580 2809 5636 colonia
2838 5582 3115 5651 cujusdam
3149 5592 3354 5645 anteo—

183 5898 190 5903 ,
385 5842 1000 5911 Ἐμποδιστατοῦντος.
1040 5847 1192 5903 Forte
1219 5840 1749 5915 ἐμποδοστατοῦντες.
1776 5838 1959 5889 Vlccn.

476 5935 738 5994 ιἈτκοι..
780 5936 893 5996 Gs.
932 5939 1016 5998 Χ.

2999 5922 3077 5981 80
