4094 6350
660 393 663 397 ’
739 430 881 500 uss
1329 447 1331 450 ‘
1619 409 1623 416 ’
1719 443 1776 498 s.
1815 442 2106 519 DlONYSIl
2145 443 2452 500 EPISCOPI
2487 437 2963 513 Atnxannmm,
3843 427 3985 482 1260

736 558 971 633 dalitatis
998 571 1168 624 more,
1209 559 1482 613 communi
1520 548 1586 612 ex
1628 569 1787 632 pacto
1828 560 2124 638 distribuit,
2171 562 2287 615 nul-

2401 563 2488 632 ιής
2518 579 2576 613 τε
2613 564 2704 613 καὶ
2745 560 3079 620 ἀδιάστατος,
3113 553 3368 628 ἀόχλητός
3419 572 3477 622 τε
3525 556 3620 609 καὶ
3676 551 3984 624 ἀνεμπόδι-

737 630 846 704 lius
873 659 966 704 aut
992 650 1307 715 conditoris,
1339 660 1434 705 aut
1459 650 1677 706 familiae
1708 630 1952 719 prasidis
1975 631 2285 708 auctorita-

2401 630 2508 714 r'ro;
2544 651 2658 704 τῶν
2686 652 2897 720 ἄστρων
2926 649 3192 720 στρατός
3241 647 3374 699 Ἀλλ’
3409 647 3691 715 ἐγκλίσεσι
3726 646 3826 697 καὶ
3864 643 3983 701 ταῖς

739 738 844 820 tein
869 729 1073 797 secuta.
1098 741 1272 811 Atque
1297 743 1367 795 ita
1385 731 1656 811 deinceps,
1675 753 1862 797 mutua
1883 759 2004 797 cum
2024 744 2286 806 linitimis,

2401 745 2467 806 εἰς
2512 744 2733 810 πλάγιον
2787 742 3020 804 νεύσεσι,
3077 740 3312 808 γίνονταί
3361 751 3508 801 τινες·
3550 736 3735 791 αὐτῶν
3789 733 3982 803 ἄδηλοι

704 813 707 816 ’
736 818 985 903 religiose
1009 834 1218 904 altaque
1246 848 1367 887 cum
1398 849 1550 902 pace,
1584 849 1772 889 omnes
1804 835 2016 888 vicinire
2039 835 2162 903 jura
2195 852 2290 890 cu-

2401 819 2606 904 τροπαί,
2635 817 2744 886 Καὶ
2777 835 2880 903 μὴν
2902 832 2988 884 ἀεὶ
3020 829 3472 902 καιῳφυλακοῦσι
3501 829 3596 881 καὶ
3627 825 3979 898 προορῶν-ται

738 925 999 991 stodiunt,
1033 941 1132 980 nec
1156 942 1250 982 eos
1278 942 1515 994 unquam
1546 926 1678 982 lines
1701 941 1838 996 quos
1862 927 1930 979 ab
1959 926 2111 980 initio
2134 943 2289 982 acce-

2401 926 2484 988 τάς
2529 925 2731 995 χώρας,
2779 923 2898 977 ὅθεν
2940 922 3165 984 ἕκαστος
3194 919 3422 987 ἀνίησιν,
3454 921 3502 972 οἱ
3528 919 3741 978 τούτοις
3772 930 3979 985 προσε-

739 1030 888 1083 pere,
926 1002 1264 1086 transiliunt,
1301 1031 1528 1084 prorsus
1565 1031 1628 1070 ac
1655 1017 1700 1069 si
1732 1018 2002 1086 regiarum
2030 1033 2292 1087 quarum-

2401 1018 2668 1087 ςχηκὸτες.
2719 1015 3042 1068 Εῐπὰτωσαν
3084 1009 3176 1065 οὖν
3218 1013 3350 1082 ἡμῖν
3397 1012 3443 1062 οἱ
3472 1010 3582 1062 τῶν
3620 1009 3854 1076 ἀτόμων
3891 1022 3978 1055 το-

737 1102 860 1172 dam
895 1083 1195 1156 atomorum
1219 1083 1434 1172 legibus
1454 1113 1785 1174 regerentur.
1813 1104 1880 1156 At
1902 1120 2007 1158 non
2030 1107 2294 1175 imperant

2401 1113 2541 1179 μεῑς,
2576 1108 2666 1160 καὶ
2695 1107 2801 1158 τῶν
2828 1105 3047 1177 ἀμερῶν
3081 1103 3360 1175 μερισταὶ,
3394 1101 3487 1154 καὶ
3520 1101 3628 1152 τῶν
3658 1097 3982 1153 ἀσυνθέτων

735 1190 839 1246 illae
866 1187 1125 1267 profecto.
1159 1191 1264 1257 Qui
1285 1192 1429 1247 enim
1468 1192 1753 1270 imperent,
1791 1210 1912 1265 quae
1945 1196 2106 1250 nullae
2136 1198 2294 1251 sunt?

2401 1200 2744 1264 συναγωγεῖς,
2781 1198 2872 1248 καὶ
2919 1196 2984 1249 τὰ
3027 1195 3228 1262 ἄπειρα
3278 1191 3678 1262 περινοοῦντες,
3732 1189 3910 1240 πόθεν
3951 1189 3982 1252 ἡ

737 1282 934 1336 Audite
971 1299 1096 1337 vero
1139 1285 1443 1340 divinorum
1475 1287 1818 1340 oraculorum
1849 1302 2030 1341 vocem
2061 1305 2075 1341 :
2110 1286 2172 1339 In
2196 1287 2291 1355 ju-

2401 1287 2755 1357 κυκλοφορικὴ
2798 1286 2904 1337 τῶν
2961 1284 3224 1352 οὐρανίων
3281 1284 3492 1336 συνοδία
3548 1283 3644 1334 καὶ
3699 1279 3980 1350 περιοόἰα,

735 1373 874 1425 dicio
929 1372 1138 1427 Domini
1183 1390 1337 1443 opera
1379 1376 1513 1443 ejus.
1567 1376 1641 1428 Ab
1690 1378 1842 1430 initio
1883 1386 1932 1429 et
1967 1393 1999 1430 a
2036 1380 2293 1430 creatione

2401 1376 2488 1444 οὐχ
2526 1377 2640 1437 ἑνὸς
2668 1376 2985 1446 παραλόγως
3013 1377 3229 1446 ἀτόμων
3267 1374 3552 1442 πήγματος
3579 1370 3724 1422 οὕτω
3759 1367 3984 1437 «pavi/J-

736 1464 964 1530 ipsorum
992 1464 1232 1520 distinxit
1261 1476 1433 1535 partes
1456 1466 1689 1520 illorum.
1720 1465 1937 1521 Ornavit
1956 1468 2018 1526 in
2041 1476 2291 1520 wternum

2401 1466 2679 1530 νισοέντος,
2718 1466 2848 1519 ἀλλά
2885 1467 3133 1520 τοσούτου
3168 1463 3420 1518 κυκλικοῦ
3467 1462 3625 1532 χοροῦ
3669 1461 3820 1513 κατά
3854 1458 3983 1530 ῥυθ-

739 1559 891 1624 Oper‘a
935 1572 1051 1620 sua,
1098 1567 1146 1608 et
1199 1558 1456 1626 principia
1498 1574 1674 1612 eorum
1709 1560 1761 1610 in
1808 1560 2292 1628 generationes'co-

2401 1558 2493 1627 μὸν
2549 1553 2642 1608 ἶσα
2705 1556 2975 1626 βαίνοντας
3034 1557 3125 1609 καὶ
3163 1553 3746 1626 συμπεριδινουμένου·
3814 1548 3986 1600 πόθεν

733 1659 851 1699 runt
872 1647 930 1699 η.
961 1679 1030 1688 -
1052 1637 1310 1717 Additque
1339 1652 1494 1718 paulo
1528 1663 1644 1718 post
1677 1667 1694 1704 :
1740 1651 1848 1701 Aut
1894 1665 2014 1720 quae
2051 1667 2290 1719 unquam

2401 1647 2720 1710 ἀδιάτακτοι,
2769 1647 2862 1699 καὶ
2893 1648 3262 1718 ἀπροαίρετοι,
3308 1648 3400 1699 καὶ
3443 1644 3684 1712 ἀγνῶτες
3728 1643 3987 1710 ἀλλήλων

738 1735 904 1802 acies,
927 1738 1112 1806 inquit,
1145 1749 1252 1793 tam
1271 1733 1578 1814 Composito
1605 1741 1816 1811 agmine
1835 1757 2083 1811 campum
2115 1751 2292 1798 trans-

2401 1739 2722 1808 συνέμποροι
2774 1739 3118 1808 παμπληθεῖς
3171 1738 3721 1808 συνανεστρὰφησαν;
3783 1733 3988 1813 Καλῶς

737 1829 904 1892 misit,
936 1838 1296 1898 przecurrcnte
1326 1833 1559 1896 nemine,
1601 1833 1816 1886 nemine
1858 1834 2158 1898 deerrante,
2199 1849 2295 1887 nc-

2401 1848 2452 1882 τε
2499 1833 2526 1882 ὁ
2580 1831 2858 1901 προφήτης
2906 1833 2962 1882 ὲν
3015 1834 3124 1892 τοῖς
3165 1830 3439 1897 ἀδυνάτοις
3480 1829 3572 1880 καὶ
3615 1826 3988 1885 ἁνενδείκτοις

737 1920 881 1974 mine
917 1930 1010 1975 aut
1044 1921 1482 1988 impedimentum
1517 1922 1773 1976 offerente
1804 1923 2034 1986 caeteris,
2071 1931 2164 1976 aut
2192 1939 2294 1978 ca:-

2401 1921 2570 1985 Ξταξε,
2627 1920 2804 1984 ξένους
2835 1921 2934 1990 χᾶλ
2978 1921 3068 1971 δύο
3122 1921 3468 1990 συνδραμεῖν·
3525 1920 3989 1985 Εισῖτξρειίσίν-

736 2021 881 2068 teros
928 2012 1108 2066 minus
1156 2020 1520 2082 consequente
1553 2032 1565 2065 :
1598 2029 1760 2083 quam
1811 2015 2038 2083 aequatis
2081 2009 2293 2082 semper

2401 2029 2489 2064 rm.
2519 2014 2646 2082 (59),
2679 2014 2829 2082 φησὶ,
2862 2013 2967 2065 δύο
2991 2012 3088 2064 ἐπὶ
3118 2010 3181 2064 τὸ
3207 2013 3348 2067 αὐτὸ
3379 2012 3716 2079 κατάλυμα,
3749 2012 3867 2062 ἐὰν
3897 2008 3984 2078 μὴ

735 2103 1034 2170 ordinibus,
1072 2111 1126 2158 et
1158 2103 1359 2171 pressis
1402 2104 1564 2158 veluti
1602 2105 1824 2174 clypcis,
1862 2114 2154 2174 perpetuus
2182 2105 2290 2166 ille,

2401 2105 2768 2172 γνωρίσωσιν
2811 2105 3061 2168 ἑαυτούς
3078 2120 3096 2167 ;

735 2205 835 2244 nec
879 2207 1108 2259 usquam
1147 2202 1240 2246 aut
1275 2194 1625 2262 interruptus,
1667 2205 1759 2248 aut
1787 2196 2172 2264 perturbatus,
2236 2203 2328 2249 aut
2365 2195 2518 2249 obice
2575 2196 2683 2251 ullo
2741 2196 3046 2259 retardatus
3081 2203 3346 2249 astrorum
3386 2197 3658 2250 exercitus
3699 2193 3990 2266 progredi-

733 2287 862 2338 tur?
908 2287 1075 2357 Atqui
1115 2291 1440 2345 transversis
1488 2291 1811 2358 quibusdam
1856 2292 2295 2346 inclinationibus
2353 2308 2420 2356 ac
2461 2293 2702 2351 nutibus.
2755 2293 3003 2346 obscurae
3055 2308 3460 2360 nonnumquam
3526 2306 3723 2345 eorum
3801 2298 3988 2342 muta-

733 2377 908 2432 tiones
941 2378 1093 2434 ﬁunt.
1126 2377 1278 2435 Esto.
1313 2379 1534 2450 Semper
1565 2389 1742 2436 tamen
1808 2391 1861 2436 et
1916 2383 2125 2451 justum
2179 2383 2467 2436 observant
2516 2392 2758 2450 tempus,
2807 2391 2860 2435 et
2909 2381 3024 2435 loca
3071 2382 3159 2435 illa
3225 2383 3368 2436 unde
3431 2381 3642 2451 singula
3705 2381 3990 2440 Oriuntur,

732 2471 1089 2540 prospiciunt,
1141 2474 1234 2542 qui
1279 2474 1384 2529 hoc
1439 2475 1492 2528 in
1525 2475 1689 2530 studii
1719 2492 1910 2546 genere
1939 2487 2294 2546 occupantur.
2358 2476 2550 2531 Dieant
2593 2492 2719 2545 ergo
2758 2477 2914 2531 nobis
2955 2486 3260 2532 atomorum
3317 2488 3555 2531 sectores
3618 2476 3853 2560 egregii,
3896 2473 3990 2543 qui

723 2572 786 2626 let
816 2559 1061 2618 dividunt
1089 2564 1386 2632 individua,
1420 2576 1473 2621 et
1498 2567 1686 2623 dissita
1717 2569 2068 2639 seiunctaque
2087 2570 2424 2640 consociant,
2481 2580 2537 2622 et
2594 2569 2798 2624 inﬁnita
2845 2577 3024 2632 mente
3070 2570 3363 2634 deﬁniunt,
3431 2568 3576 2622 unde
3619 2559 3847 2622 tandem
3878 2565 3990 2620 cir-

734 2659 934 2715 cularis
959 2660 1046 2715 ille
1080 2677 1260 2716 rerum
1303 2663 1600 2719 cmlestium
1639 2665 2069 2734 conjunctusque
2101 2682 2293 2721 cursus
2338 2675 2498 2735 atque
2525 2665 2808 2720 conversio
2839 2684 2865 2718 .:
2902 2682 3023 2720 cum
3059 2681 3164 2719 non
3214 2681 3323 2720 una
3366 2665 3612 2735 quaedam
3669 2671 3988 2716 atomorum

733 2763 913 2808 strues
959 2756 1039 2809 sic
1070 2766 1335 2824 tanquam
1386 2757 1550 2813 funda
1595 2763 1795 2814 temere
1833 2761 2279 2827 circumrotetur;
2321 2761 2416 2816 sed
2451 2763 2654 2817 chorus
2700 2761 2790 2815 ille
2827 2771 3010 2816 tantus
3069 2763 3366 2830 composito
3421 2759 3728 2828 aequalique
3793 2772 3988 2826 gressu

733 2850 1010 2918 procedat,
1038 2859 1090 2904 et
1115 2851 1169 2904 in
1195 2853 1380 2907 orbem
1416 2869 1523 2906 una
1549 2855 1788 2909 volvatur
1817 2874 1829 2910 :
1861 2868 1954 2910 aut
1985 2872 2093 2926 quo
2125 2867 2281 2926 pacto
2317 2858 2429 2926 tiat,
2459 2866 2518 2911 ut
2573 2868 2678 2912 tam
2708 2858 2861 2912 multi
2894 2859 3134 2927 ejusdem
3186 2860 3288 2911 via:
3335 2857 3488 2922 socii,
3542 2873 3574 2910 a
3632 2858 3862 2909 nemine
3904 2868 3990 2906 or.

736 2940 927 3004 dinati,
963 2943 1111 2997 nullo
1142 2944 1349 3012 praediti
1401 2929 1651 3010 consilio,
1710 2947 1918 3015 sibique
1966 2957 2154 3001 mutuo
2212 2949 2378 3017 ignoti
2418 2964 2626 3012 omnes,
2662 2959 2809 3003 tanta
2841 2951 3002 3004 simul
3032 2949 3318 3004 concordia
3347 2956 3657 3018 susceptum
3693 2948 3801 3000 iter
3825 2949 3992 2999 conti-

739 3031 912 3086 ciant?
945 3033 1132 3091 Merito
1165 3037 1310 3090 enim
1351 3039 1630 3108 propheta,
1674 3039 1776 3094 hoc
1829 3050 2083 3108 tanquam
2115 3055 2191 3094 ex
2227 3041 2292 3095 iis
2329 3057 2495 3095 unum
2519 3058 2643 3111 quae
2690 3059 2788 3097 nec
2826 3043 2943 3096 ﬁeri
2992 3057 3093 3096 nec
3124 3042 3332 3097 ostendi
3373 3051 3595 3110 queant,
3641 3038 3905 3109 protulit,
3935 3049 3993 3093 ut

738 3127 848 3180 duo
888 3129 1045 3183 simul
1083 3131 1347 3202 peregrini
1391 3130 1739 3201 concurrant,
1783 3133 1911 3188 dum
1947 3134 2023 3188 ait
2059 3153 2073 3187 :
2113 3132 2496 3188 Convenientne
2532 3135 2635 3187 duo
2676 3135 2729 3186 in
2767 3135 2904 3186 idem
2931 3134 3290 3197 diversorium,
3347 3134 3394 3187 si
3431 3150 3530 3186 non
3557 3149 3610 3186 se
3643 3143 3841 3186 mutuo
3899 3146 3989 3184 no-

744 3223 909 3275 uerint
929 3225 951 3278 Ρ
1513 3226 1516 3230 ’
2447 3299 2454 3306 .

1412 3387 1420 3393 _
1472 3320 1563 3375 IV.
2326 3332 2367 3386 α
3150 3322 3220 3372 Δν.

965 3407 1112 3464 Idem
1148 3425 1213 3464 ea:
1243 3411 1467 3466 hominis
1501 3421 1694 3466 natura
1723 3414 2068 3469 concluditur.
2265 3417 2267 3419 ’

2719 3410 2849 3464 Ἀπὸ
2896 3408 3006 3478 τῆς
3047 3408 3355 3476 ἀνθρώπου
3401 3408 3659 3476 φύσεως.

815 3502 891 3557 Ac
920 3517 986 3556 ne
1014 3517 1074 3558 se
1096 3503 1313 3573 quidem
1341 3506 1508 3574 ipsos,
1537 3504 1634 3558 nec
1661 3520 1779 3573 qua:
1809 3514 2015 3562 naturae.
2041 3523 2153 3562 suae
2173 3522 2298 3577 pro—

2468 3504 2576 3557 Καὶ
2618 3502 2738 3555 οὔτε
2777 3503 3030 3564 ἑαυτοὺς,
3067 3500 3188 3553 οὔτε
3217 3499 3286 3552 τὰ
3313 3501 3438 3569 περὶ
3483 3500 3708 3561 ἑαυτοὺς
3751 3500 3984 3571 ὁρῶσιν.

739 3595 854 3663 pria
907 3604 1053 3661 sunt,
1101 3594 1204 3649 isti
1237 3595 1438 3650 vident.
1489 3595 1544 3649 Si
1575 3597 1698 3665 quis
1729 3598 1871 3650 enim
1897 3613 1961 3652 ex
1993 3599 2096 3653 illis
2124 3600 2299 3668 impiae

741 3687 998 3741 doctrina:
1047 3687 1401 3757 principibus,
1432 3689 1555 3759 quis
1617 3689 1856 3754 tandem,
1894 3699 1987 3742 aut
2032 3691 2173 3744 unde
2207 3693 2297 3753 sit,

741 3790 866 3830 cum
903 3778 1085 3831 animo
1117 3787 1387 3847 reputaret
1417 3794 1549 3845 suo;
1581 3780 1626 3835 is
1653 3779 1897 3849 profecto
1929 3781 2074 3834 velut
2104 3784 2154 3834 in
2189 3785 2300 3834 sui-

743 3876 853 3920 met
883 3869 1406 3934 sensum'adductus,
1431 3879 1645 3938 saperet
1662 3872 1826 3935 illico,
1846 3879 2006 3940 atque
2031 3873 2130 3945 hac
2149 3887 2298 3935 voce,

744 3971 853 4010 non
900 3956 1010 4026 jam
1053 3966 1284 4021 atomos,
1336 3959 1427 4012 sed
1475 3958 1686 4015 Patrem
1736 3963 1848 4031 ipse
1881 3963 2301 4033 Creatoremque

745 4061 904 4101 suum
932 4047 1222 4115 appellaret
1253 4067 1266 4100 ε
1299 4047 1489 4102 Manus
1527 4059 1632 4104 tua:
1660 4053 2010 4121 formaverunt
2041 4072 2118 4108 me
2141 4055 2189 4108 et
2224 4056 2301 4123 [e-

743 4144 923 4190 cerunt
950 4152 1030 4190 me
1057 4138 1124 4191 ὀ.
1155 4137 1220 4192 Et
1243 4140 1700 4209 quemadmodum
1727 4142 1862 4196 alter
1893 4143 1981 4197 ille
2008 4129 2299 4200 admirabi-

742 4226 850 4279 lem
901 4225 1192 4282 molitionis
1234 4244 1345 4284 suae
1391 4231 1657 4285 rationem
1701 4241 2002 4302 pertexeret
2051 4253 2062 4288 :
2116 4234 2302 4291 Nonne

742 4318 878 4372 ticut
905 4316 988 4370 lac
1013 4318 1357 4386 mulsisti'me,
1381 4329 1430 4374 et
1462 4323 1595 4376 sicut
1617 4339 1824 4377 caseum
1855 4341 1931 4378 me
1961 4325 2256 4395 coagulasti
2277 4329 2304 4381 .9

748 4407 890 4461 Pelle
930 4417 982 4462 et
1019 4421 1174 4460 came
1201 4409 1398 4462 vestisti
1429 4415 1529 4477 me,
1577 4413 1778 4468 'ossibus
1818 4425 1867 4469 et
1896 4419 2064 4470 nervis
2094 4434 2301 4487 compe-
2327 4477 2331 4480 ,

747 4498 871 4566 gisti
926 4515 1041 4563 me;
1078 4501 1238 4552 vitam
1263 4508 1312 4552 et
1340 4502 1752 4556 misericordiam
1791 4507 2021 4561 tribuisti
2067 4510 2215 4574 mihi,
2253 4518 2302 4563 et

746 4587 976 4639 visitatio
1001 4599 1094 4642 tua
1124 4591 1403 4644 custodiuit
1432 4594 1672 4659 spiritum
1696 4611 1864 4649 meum
1888 4599 1950 4652 ²¹.
1973 4599 2113 4664 Quot
2134 4603 2298 4666 enim,

2398 3597 2459 3650 El
2493 3597 2600 3666 γάρ
2634 3611 2716 3656 τις
2753 3594 2859 3646 τῶν
2903 3591 3218 3663 ἀρχηγετῶν
3247 3591 3338 3644 τοῦ
3364 3591 3464 3660 τῆς
3489 3590 3742 3654 ἀσεϐείας
3776 3593 3988 3657 ταύτης

2396 3687 2679 3755 δόγματος,
2725 3684 2913 3736 ἑαυτὸν
2953 3684 3097 3745 ὅστις
3143 3682 3258 3739 ἐστὶ
3296 3684 3387 3734 καὶ
3425 3683 3563 3743 ὅθεν,
3609 3682 3989 3750 ὰνελογξζετο.

2399 3777 2692 3846 ἐφρόνησεν
2738 3777 2803 3829 ἂν
2841 3774 3027 3842 ὥσπερ
3075 3773 3470 3843 συνῃσθημένος
3514 3773 3729 3832 ἑαυτοῦ,
3776 3778 3884 3827 καὶ
3915 3773 3988 3827 εἷ-

2401 3883 2498 3918 πεν
2530 3869 2588 3919 οὐ
2617 3867 2750 3934 πρὸς
2781 3866 2877 3925 τὰς
2904 3866 3157 3932 ἀτόμους,
3180 3863 3311 3914 ἀλλά
3341 3864 3474 3932 πρὸς
3501 3863 3590 3914 τὸν
3615 3865 3853 3936 Πατέρα
3899 3868 3989 3919 καὶ

2401 3955 2634 4026 Ποιητὴν
2679 3953 2902 4006 ἑαυτοῦ⁶
2955 3958 3021 4005 Αἱ
3071 3953 3257 4021 χεῖρές
3290 3970 3402 4006 σου
3425 3955 3704 4006 ἕπλασάι·
3727 3975 3820 4022 με
3896 3958 3989 4010 xal

2399 4045 2694 4112 ἐποίησάν
2714 4062 2808 4113 με.
2845 4045 2953 4097 Καὶ
2977 4043 3516 4114 προσεπεξεργάσατο
3554 4045 3617 4097 ἂν
3645 4048 3869 4111 ἐκεῖνος
3905 4049 3986 4101 τὸν

2401 4137 2698 4206 Θαυμάσιον
2751 4135 2848 4205 τῆς
2889 4136 3158 4206 ποιήσεως
3211 4133 3397 4186 ἑαυτοῦ
3445 4136 3676 4204 τρόπον·
3736 4139 3827 4190 "H
3881 4141 3986 4204 οὐχ

2399 4227 2597 4296 ὥσπερ
2625 4226 2776 4296 τάλα
2799 4233 2876 4295 μὲ
2906 4226 3188 4295 ἤμελξας,
3222 4226 3522 4293 ὲτύρωσας
3548 4227 3613 4279 δέ
3633 4245 3709 4295 με
3740 4225 3863 4283 ἶσα
3893 4249 3986 4283 rv-

2392 4318 2516 4386 ρῷ;
2553 4317 2739 4386 Δέρμα
2763 4318 2857 4369 καὶ
2891 4314 3064 4385 κρέας
3085 4332 3161 4384 με
3189 4316 3498 4381 ἐνέὃυσας,
3530 4317 3771 4383 ὀστέοις
3805 4320 3880 4372 δὲ
3897 4320 3987 4374 zeal

2407 4411 2637 4476 νεύροις
2660 4425 2736 4476 με
2760 4407 3026 4475 ὲνεῖραω
3073 4407 3223 4473 ζωὴν
3248 4405 3315 4458 δὲ
3344 4408 3440 4460 καὶ
3465 4408 3634 4472 ἔλεος
3661 4411 3819 4463 ἔθου
3857 4413 3983 4477 παρ’

2374 4502 2376 4504 ’
2399 4499 2548 4569 ἐμοὶ,
2584 4501 2622 4564 ἡ
2646 4498 2712 4552 δὲ
2727 4497 3023 4562 ἐπισκοπή
3048 4513 3168 4549 σου
3195 4497 3458 4564 ὲφύλαξέ
3483 4516 3601 4565 μου
3625 4499 3693 4551 τὸ
3713 4501 3981 4568 πνεῦμα.

2401 4591 2579 4652 Πόσας
2608 4591 2714 4659 γὰρ
2728 4591 2962 4658 ἀτόμους
2982 4591 3008 4641 ὁ
3051 4587 3366 4654 Ἐπικούρου
3382 4590 3581 4658 πατὴρ,
3601 4593 3696 4640 καὶ
3718 4593 3981 4653 πυτατ-,ἀς

749 4677 967 4737 amabo,
1011 4687 1063 4730 et
1111 4680 1414 4749 cujusmodi
1451 4690 1662 4736 atomos
1708 4682 1922 4752 Epicuri
1963 4695 2111 4752 pater
2142 4701 2207 4739 ex
2242 4701 2300 4739 se

2405 4681 2460 4744 ἐξ
2503 4681 2693 4732 ἑαυτοῦ
2724 4680 3000 4752 προέχεεν,
3037 4678 3111 4729 ὅτ’
3138 4680 3575 4750 ἀπεσπέρμαινεν
3611 4681 3979 4753 Ἐπίκουρος

748 4764 1008 4834 profudit,
1043 4780 1162 4819 cum
1207 4767 1495 4836 Epicurum
1548 4772 1978 4840 proseminaret?
2009 4771 2300 4836 ,Quomodo

749 4856 805 4908 in
842 4854 1030 4908 matris
1063 4856 1181 4924 ejus
1211 4860 1387 4912 alvum
1433 4859 1654 4915 inclusa:
1701 4863 2037 4924 coaluerunt,
2077 4860 2300 4930 ﬁguram

747 4946 1069 5000 ate-formam
1093 4959 1433 5016 acceperunt,
1458 4963 1743 5006 commotae
1768 4961 1913 5017 sunt,
1945 4960 2118 5006 auctae
2145 4951 2304 5005 sunt?

751 5038 1032 5103 Quomodo
1057 5055 1150 5094 ros
1173 5039 1259 5093 ille
1286 5043 1625 5112 perexiguus,
1655 5046 1913 5114 plurimas
1940 5043 2159 5113 Epicuri
2192 5053 2304 5097 ato-

752 5143 871 5186 mos
915 5147 1037 5185 cum
1087 5133 1421 5199 advocassct,
1477 5135 1609 5187 alias
1661 5137 1714 5188 in
1760 5146 1937 5192 cutem
1974 5150 2300 5204 carnemque

2407 4774 2515 4824 Καὶ
2532 4773 2645 4834 πῶς
2676 4774 2752 4834 εἰς
2777 4773 2874 4840 τὴν
2909 4771 3162 4841 μητρῴαν
3178 4774 3341 4826 αὑτοῦ
3366 4771 3867 4828 κατακλεισθεῖσται
3897 4796 3978 4844 γα-

2408 4864 2592 4933 στέρα,
2619 4862 2889 4932 συνεπάγη
2899 4880 3013 4926 σαν,
3036 4866 3164 4936 ὲσχη
3175 4866 3526 4935 ματίσθησαν,
3546 4866 3980 4940 ἐμορφὼθησαν,

2407 4955 2748 5025 ἐκινήθησαν,
2780 4955 3147 5028 ηὑξύνθησαν;
3177 4959 3285 5011 Καὶ
3311 4956 3505 5017 πολλὰς
3543 4957 3575 5024 ή
3610 4955 3869 5028 βραχεῖα
3900 4966 3982 5032 ρα-

2407 5046 2489 5108 νὶς
2537 5045 2635 5107 τὰς
2691 5045 3002 5116 Ἐπικούρου
3049 5049 3282 5116 ἀτόμους
3316 5045 3848 5120 προσκαλεσαμένη,
3895 5053 3980 5113 τὰς

2412 5139 2507 5207 μὲν
2543 5137 2874 5207 ὲπημφίεσεν
2917 5139 3090 5194 αὐτῶν
3121 5141 3293 5211 δέρμα
3323 5137 3416 5190 καὶ
3444 5139 3618 5208 σάρκα
3646 5143 3977 5218 γενομένας,

824 5290 1059 5362 ⁸⁵,Εοοὶί.
1084 5311 1192 5361 xvr,
1227 5294 1430 5361 26,27.
1527 5295 1572 5325 ³ο
1605 5255 1744 5350 Psal.
1767 5311 1954 5362 cum,
1991 5297 2077 5352 75.
2155 5300 2198 5331 ³⁸
2234 5298 2335 5354 Job
2364 5317 2421 5365 χ,
2449 5300 2636 5354 10.12.

821 5433 934 5504 (39)
957 5435 1475 5498 Εἱσπορεύσονται.
1500 5437 1630 5502 Quae
1661 5447 1772 5490 tum
1820 5437 1926 5501 hic,
1959 5447 2071 5491 tum
2108 5440 2161 5491 in
2202 5440 2306 5496 line

753 5519 870 5572 cap.
900 5505 933 5558 5
962 5513 1216 5575 tanquam
1244 5520 1285 5575 e_
1300 5508 1466 5562 Sacris
1483 5508 1695 5562 Litteris
1727 5505 1890 5575 petita
1926 5506 2090 5560 refert
2116 5506 2166 5562 S.
2201 5508 2305 5564 Pa-

756 5584 855 5638 ter,
889 5573 1134 5643 nuspiam
1164 5573 1302 5623 κατὰ
1327 5575 1466 5638 λέξιν
1496 5573 1808 5631 occurrunt.
1839 5577 2103 5630 Caeterum
2138 5577 2304 5633 Euse-

755 5643 875 5694 bius
923 5643 1005 5696 his
1057 5643 1294 5696 recitatis
1327 5646 1624 5699 subinl'ert:
1661 5666 1679 5696 ‹
1720 5645 1842 5700 Hmc
1889 5647 1994 5698 ille.
2033 5645 2135 5710 Qui
2181 5664 2302 5704 sex-

755 5721 909 5764 centa
957 5712 1794 5786 alia_persecutus,_susceptum
1841 5717 2092 5784 deinceps
2143 5733 2300 5786 argu-

753 5788 994 5834 mentum
1046 5781 1290 5850 pluribus
1336 5781 1661 5846 contirmatJ
1702 5786 1894 5853 partim
1950 5781 2041 5840 ex’
2072 5781 2298 5853 singulis

2409 5444 2644 5497 universi
2689 5444 2998 5509 elementis,
3029 5445 3222 5515 partim
3263 5459 3330 5498 ex
3381 5445 3556 5499 omnis
3601 5452 3846 5516 generis
3884 5453 3980 5506 ani-

2407 5516 2667 5568 mantium
2702 5528 2820 5582 qua:
2857 5517 3318 5583 complectuntur,
3354 5516 3736 5578 multitudine;
3787 5524 3979 5583 partim

2405 5585 2626 5659 ex'ipsa
2650 5599 2863 5652 quoque
2890 5584 3124 5659 hominis
3155 5593 3342 5659 natura
3367 5585 3737 5659 depromptis.
3787 5584 3838 5643 Ε
3876 5595 3981 5659 qui-

2404 5653 2504 5724 bus
2541 5655 2630 5706 ubi
2663 5669 2831 5721 pauca
2857 5655 3099 5721 quaedam
3130 5653 3502 5724 superioribus
3536 5655 3853 5724 addidero,
3883 5653 3977 5713 ium

2403 5722 2616 5798 demum
2647 5725 2772 5798 huic
2803 5723 3127 5798 librotinem
3160 5721 3454 5792 imponam.
3479 5724 3556 5780 Ac
3583 5742 3648 5781 ne
3676 5743 3732 5782 sc
3774 5721 3980 5798 quidam

2401 5790 2560 5859 ipsos,
2599 5793 2795 5861 inquit,
2828 5811 2846 5843 ι
2878 5801 2983 5845 etc.
3009 5789 3175 5845 GALL.
3234 5789 3254 5792 “
3787 5789 3802 5798 ’
4037 5807 4045 5818 ·
