4094 6350
163 493 166 496 ,
195 425 338 481 iam
1084 439 1087 441 ·
1181 435 1596 514 FRAGMENTA
1633 437 1716 494 nx

1813 439 1979 515 [BRIS
2020 440 2106 498 nr:
2143 443 2447 512 NATUBA.
2536 511 2537 516 γ
2742 477 2749 500 ι
3214 479 3218 482 -
3285 456 3420 512 nos

187 553 318 611 ταῖς
361 550 419 607 δέ
467 550 1155 639 ὁστωθείσαιςὴνῴρθωται
1182 597 1195 623 ,
1240 560 1370 622 ταῖς,
1409 560 1465 613 δὲ
1513 562 1716 621 συνεδέε

1813 570 1841 630 ι
1866 571 2102 619 mutatas
2125 567 2467 633 convestivit,
2499 568 2621 624 aliis
2654 569 2708 625 in
2739 586 2863 639 ossa
2893 574 3169 630 conversis
3190 579 3420 631 erectior

189 644 742 717 νευροῤῥαφουμένη;
791 646 868 699 Τὰ
922 638 988 699 ῖτε
1051 649 1183 730 ἀλλα
1218 652 1384 704 πολλά
1439 654 1610 723 μέλη,
1670 669 1716 707 κε

190 730 478 759 nuc-31...“..-
545 736 632 759 ...Α
680 737 872 759 1-.--μ--
984 741 1066 759 --γε
1166 744 1177 759 ν
1219 742 1243 759 Λ
1329 745 1341 759 ι
1587 744 1598 759 ι
1704 745 1715 759 ι

1862 670 1926 711 ac
1969 658 2194 712 solidior
2216 661 2494 732 constitit,
2527 662 2657 718 aliis.
2685 680 2972 730 nervorum
3005 669 3286 737 complexu
3314 671 3434 738 illi-V

190 730 635 802 σπλάγχνα,κώ
678 737 883 802 ἔγκατα
915 778 928 798 ,
984 741 1075 821 καὶ
1125 742 1485 815 αἰσθητήρια,
1545 744 1613 798 τὰ
1657 745 1716 820 ’μέ

1859 758 2014 816 gatus
2034 751 2154 805 est?
2178 730 2299 817 Quo
2324 752 2554 822 denique
2585 755 2746 809 modo
2776 757 2886 812 vim
2917 730 3416 826 tantam-membro-

185 820 426 886 ἔνδοθεν,
472 826 538 878 τὰ
581 827 636 878 δέ
693 827 921 898 θύραθεν
959 820 1256 904 ἐφήρμοσε,
1298 835 1365 889 δι’
1414 830 1487 892 ὧν
1535 838 1716 906 ἐζωογι

1858 854 1978 893 rum
2017 842 2270 908 aliorum,
2315 845 2606 911 viscerum,
2651 846 3050 914 intestinorum,
3101 865 3293 906 sensus
3332 850 3417 903 in-

182 909 329 982 νήθη
356 914 418 966 τὸ
450 913 634 984 σῶμα;
669 911 767 970 Ὧν
791 920 939 974 οὐδὲν
967 924 1134 993 ἀργὸν
1154 925 1319 995 ,οὐδὲ
1346 926 1560 998 ἀχρεῖον
1593 944 1755 997 προσ-

185 1001 386 1072 ετέ6η”
454 1007 573 1059 ἐπεὶ
640 1009 772 1078 μηδέ
823 1012 890 1064 τὰ
945 1014 1284 1081 φαυλότατα,
1344 1015 1480 1087 μήτε
1511 1018 1751 1089 τρίχες,

185 1095 333 1162 μήτε
363 1095 604 1166 ⁸ὄνυχες·
661 1101 835 1155 πάντα
883 1102 938 1154 δὲ
960 1143 972 1167 ,
1019 1104 1087 1156 τὰ
1144 1105 1241 1174 μὲν
1280 1106 1415 1178 πρὸς
1445 1109 1508 1160 τὸ
1539 1101 1636 1179 τῆς
1661 1127 1753 1162 συ-

139 1219 143 1223 -
183 1185 430 1249 στάσεως
459 1188 684 1257 ὄφελος,
715 1191 780 1244 τά
826 1193 882 1246 δὲ
937 1195 1070 1265 πρὸς
1118 1197 1177 1248 τὸ
1227 1197 1419 1262 κάλλος
1453 1202 1551 1271 τῆς
1581 1201 1752 1269 ὅψεως

180 1279 444 1333 συντελεῖ.
497 1283 568 1334 Οὐ
617 1282 721 1353 γὰρ
768 1287 864 1354 τῆς
907 1289 1092 1357 χρείας
1132 1291 1318 1361 μόνης,
1366 1278 1500 1345 ἀλλά
1532 1296 1624 1348 καὶ
1654 1296 1751 1366 τῆς

177 1369 334 1439 ὧρας
361 1373 619 1444 ἐπιμελὴς
651 1378 680 1444 ἢ
712 1377 956 1451 Πρόνοια.
994 1381 1208 1451 Ἔρυμα
1239 1384 1336 1452 μὲν
1367 1384 1474 1454 γὰρ
1508 1388 1600 1438 καὶ
1629 1389 1752 1440 σκέ-

179 1478 378 1529 πασμα
404 1465 580 1534 πάσης
615 1467 714 1535 τῆς
742 1470 974 1538 κεφαλῆς
1018 1473 1055 1541 ἡ
1085 1472 1226 1543 κόμη
1247 1491 1258 1503 ο
1292 1476 1592 1547 εὐπρέπεια
1626 1477 1682 1531 δὲ
1721 1480 1750 1530 ὁ

173 1552 380 1620 πώγων
420 1558 496 1626 τῷ
538 1559 826 1631 φιλοσόφῳ.
865 1564 975 1633 Τήν
1003 1582 1061 1618 τε
1089 1566 1181 1618 τοῦ
1210 1567 1332 1621 ὅλου
1354 1569 1620 1640 σώματος
1651 1573 1746 1625 τοῦ

171 1643 518 1713 ἀνθρωπείου
567 1650 725 1718 φύσιν
750 1655 814 1706 ὲκ
838 1654 946 1705 τῶν
984 1658 1167 1726 μερῶν
1188 1661 1499 1728 ἀναγκαίων
1530 1665 1742 1729 πάντων

57 1801 64 1810 ⁴
145 1734 406 1804 ἥρμοσε,
460 1740 554 1792 καὶ
595 1745 705 1804 τοῖς
752 1743 936 1812 μέλεσι
970 1748 1101 1800 πᾶσι
1140 1752 1238 1819 τήν
1275 1769 1332 1803 τε
1363 1752 1498 1820 πρὸς
1543 1753 1742 1825 ἄλληλα

167 1830 457 1882 κοινωνίαν
499 1833 802 1902 περιέὅαλε,
844 1837 936 1890 καὶ
974 1839 1071 1909 τὴν
1115 1841 1264 1911 παρά
1287 1842 1380 1896 τοῦ
1403 1843 1541 1910 ¹ὅλου
1578 1861 1740 1914 χορη-

1857 939 2306 1000 strumentorum,
2346 935 2670 991 intrinsecus
2703 938 3106 996 extrinsecusve
3137 942 3412 1006 conﬂavit,

1855 1037 1977 1092 quae
2011 1024 2192 1094 vivum
2244 1039 2308 1084 ac
2357 1025 2570 1094 spirans
2617 1041 2815 1096 corpus
2858 1030 3128 1085 eﬂiceret?
3173 1031 3306 1086 Nam
3344 1048 3411 1088 ex

1855 1110 1962 1166 illis
2002 1113 2218 1181 quidem
2262 1115 2516 1169 omnibus
2544 1115 2779 1184 otiosum
2817 1119 2951 1172 nihil
2980 1128 3083 1185 cst,
3120 1118 3258 1176 nihil
3286 1123 3411 1176 inu-

1853 1203 1973 1267 tile;
2009 1218 2116 1258 non
2147 1200 2267 1273 pili,
2314 1219 2421 1258 non
2457 1219 2684 1276 ungues,
2717 1221 2826 1262 non
2845 1219 3056 1265 ‘cretera
3103 1227 3223 1280 quae
3258 1213 3409 1282 abie-

1831 1294 2094 1350 ctissima
2146 1297 2316 1350 videri
2364 1298 2578 1366 possint
2608 1316 2623 1352 :
2657 1301 2839 1354 omnia
2872 1301 2955 1355 vel
2983 1302 3047 1356 ad
3073 1305 3407 1359 constituen-

1849 1385 1976 1454 dam
1988 1384 2104 1453 ejus
2129 1375 2510 1454 integritatem,
2532 1388 2615 1442 vel
2637 1391 2701 1443 ad
2724 1392 2956 1461 speciem
2983 1394 3405 1469 dignitatemque

1849 1476 2177 1529 conducunt.
2223 1474 2330 1531 Nec
2376 1478 2522 1531 enim
2552 1480 2674 1534 usui
2701 1481 2963 1539 duntaxat
2995 1486 3088 1539 uni
3114 1486 3406 1544 Providen-

1848 1564 1940 1630 tia,
1989 1564 2086 1618 sed
2133 1566 2296 1618 etiam
2341 1565 2730 1634 pulchritudini
2778 1586 2842 1626 ac
2887 1571 3076 1628 formae
3120 1578 3399 1646 prospicit.

1843 1653 2027 1724 Itaque
2069 1655 2235 1710 totius
2274 1656 2474 1735 capitis
2523 1658 2985 1731 propugnaculum
3021 1668 3296 1735 quoddam
3339 1686 3403 1724 ac

1843 1755 2207 1815 tegumentum
2245 1732 2416 1812 coma,
2445 1761 2563 1820 est;
2607 1752 2782 1810 barba,
2810 1732 3116 1826 philosophi
3149 1760 3315 1816 decus
3345 1773 3400 1816 ct

1841 1849 2243 1894 ornamentum.
2291 1840 2385 1895 Illa
2436 1843 2598 1910 igitur
2640 1845 2838 1914 integri
2884 1850 3126 1916 corporis
3174 1852 3396 1907 humani

143 1919 298 1983 »γίαν
346 1920 870 1993 ἐπεμέτρησεν.-Ὧν
918 1929 987 1981 τά
1021 1903 1444 2004 μένχὸλοσχερῆ,
1499 1903 1716 1998 καίὶτοῖῑς

1837 1936 2082 1983 naturam
2112 1947 2178 1985 ex
2205 1933 2448 2001 partibus
2480 1937 2800 1992 necessariis
2830 1941 3082 2014 omnibus
3108 1958 3395 2013 coagmen-

169 2010 414 2074 ἰδιώταις
442 2015 504 2065 ἐκ
533 2015 632 2082 τῆς
662 2018 888 2086 πείρας,
925 2020 990 2089 ἣν
1036 2021 1148 2090 ἔχει
1172 2023 1418 2094 δύναμιν,
1456 2027 1724 2096 πρόδηλα⁹

163 2107 411 2174 κεφαλῆς
446 2109 736 2178 ἡγεμονία,
771 2114 862 2165 καὶ
902 2117 1028 2186 περὶ
1058 2117 1147 2169 τὸν
1178 2120 1505 2186 ἐγκέφαλον,
1545 2122 1730 2192 ὥσπερ

161 2196 402 2265 ἄρχοντα
430 2198 487 2249 ἐν
532 2200 846 2270 ἀκροπόλει,
875 2206 981 2266 τῶν
1013 2209 1309 2279 αἰσθήσεων
1339 2212 1371 2280 ἡ
1399 2211 1691 2283 δορυφορία
1713 2231 1725 2243 '

167 2287 494 2355 προσιοῦσαι
523 2290 630 2359 (40)
665 2294 760 2361 μὲν
789 2295 971 2363 ὄψεις,
1003 2300 1429 2366 ἀναγγέλλουσαι
1458 2303 1512 2354 δὲ
1545 2304 1726 2368 ἀκοαὶ,

159 2377 328 2446 ἐδωδὴ
377 2379 989 2452 ὧσπερφορολογοῦσα,
1024 2390 1287 2461 ὄσφρησις
1323 2393 1571 2463 καθάπερ
1616 2397 1729 2449 ἁνι-

157 2467 428 2534 χνεύουσα
455 2473 546 2524 καὶ
560 2473 975 2548 διερευνωμένη,
999 2483 1092 2533 καὶ
1112 2482 1222 2552 ἁφὴ
1245 2485 1351 2536 πᾶν
1371 2485 1726 2540 διατάττουσα

154 2559 218 2610 τὺ
255 2561 512 2630 ὑπήκοον.
547 2563 975 2634 (Κεφαλαιωδῶς
1022 2574 1132 2643 γὰρ
1163 2573 1256 2628 νῦν
1287 2576 1440 2644 ὀλίγα
1481 2577 1588 2630 τῶν
1628 2581 1725 2650 τῆς

152 2653 438 2718 πανσόφου
465 2655 723 2724 Προνοίας
754 2657 930 2726 ἔργων
960 2663 1405 2736 ἐπιδραμούμεθά
1425 2709 1437 2732 ,
1473 2671 1588 2738 μετ’
1617 2672 1725 2723 ὀλί-

153 2760 255 2808 γον
279 2744 685 2816 ἀκριϐέστερον,
717 2749 809 2800 τοῦ
842 2751 976 2803 Θεοῦ
1004 2753 1256 2832 διδόντος,
1291 2759 1723 2832 ἐπεξεργασόμεο

155 2849 269 2894 νοι,
309 2835 436 2888 ὅταν
481 2839 614 2908 πρὸς
645 2841 735 2896 τὸν
767 2841 1022 2897 δοκοῦντα
1065 2846 1381 2917 λογιώτερον
1427 2854 1720 2906 ἁποτεινώ-

155 2925 344 2997 μεθα.)
367 2928 576 3000 Χειρῶν
597 2933 856 3000 διακονία,
882 2936 946 2988 δι’
979 2931 1052 2990 ὧν
1078 2940 1322 3009 ἐργασίαι
1353 2960 1412 2994 τε
1445 2949 1714 3007 παντοῖαι,

151 3017 250 3068 καὶ
283 3013 649 3091 πολυμήχανοι
681 3025 954 3079 τελοῦνται
997 3029 1199 3098 τέχναι,
1227 3035 1343 3093 ταῖς
1375 3035 1516 3087 κατὰ
1552 3037 1713 3105 μέρος

147 3108 445 3176 δυνάμεσιν
468 3114 547 3174 εἰς
575 3115 704 3182 μίαν
750 3118 1032 3186 συνεργίαν
1069 3119 1514 3192 διηρθρωμένων,
1549 3125 1712 3196 ὤμων

146 3216 208 3250 τε
247 3202 600 3272 ἀχθοφορίαι,
635 3209 728 3259 καὶ
775 3214 1001 3281 κατοχαὶ
1033 3211 1307 3268 δακτύλων
1326 3254 1340 3276 ,
1367 3217 1626 3284 ἀγκώνων
1653 3237 1710 3273 τε
1741 3240 1782 3296 C

147 3290 407 3356 καμπαὶ,
458 3295 591 3362 πρός
631 3313 690 3347 τε
736 3299 795 3350 τὸ
836 3300 991 3370 σῶμα
1028 3301 1158 3353 εἵσω
1196 3306 1587 3376 στρεφόμεναι,
1623 3311 1713 3362 καὶ

148 3379 290 3448 πρὸς
336 3380 396 3430 τὸ
440 3383 592 3444 ἐκτὸς
632 3386 1019 3454 ἀπονεύουσαι,
1056 3391 1143 3443 ἴνα
1176 3394 1496 3459 ἐφέλκεσθαι
1527 3415 1586 3450 τε
1618 3401 1711 3452 καὶ

143 3471 486 3524 ἀπωθεῖσθαι
512 3474 771 3532 δύνωνται
791 3496 804 3508 ³
839 3482 1012 3532 ποδῶν
1043 3485 1334 3553 ὑπηρεσία,
1370 3488 1434 3538 δι’
1461 3483 1535 3541 ὧν
1564 3493 1710 3544 πᾶσα

141 3564 281 3632 ἡμῖν
330 3566 716 3620 ύποπέπτωκεν
767 3573 799 3638 ὴ
850 3574 1122 3642 περίγειος
1171 3577 1378 3638 κτίσις,
1416 3578 1705 3651 βάσιμοςή

142 3654 254 3721 γῆ,
291 3653 478 3726 πλωτὴ
513 3657 544 3725 ἡ
581 3658 851 3722 θάλασσα,
897 3664 1188 3734 περάσιμοι
1227 3669 1274 3718 οἱ
1309 3670 1538 3738 ποταμοὶ
1563 3709 1576 3726 ,
1613 3671 1705 3723 καὶ

138 3747 369 3798 πάντων
400 3747 534 3817 πρὸς
575 3751 748 3804 πάντα
775 3754 1044 3821 ἐπιμιξία,
1075 3755 1290 3827 Γαστὴρ
1323 3762 1540 3826 ταμεῖον
1585 3777 1706 3830 τρο-

141 3838 260 3904 φῶν
287 3878 300 3900 ,
338 3842 468 3892 πᾶσι
517 3843 630 3905 τοῖς
674 3848 1118 3915 συντεταγμένοις
1151 3849 1386 3918 μέλεσιν,
1419 3850 1477 3915 ἐξ
1509 3853 1703 3922 εαυτῆς

137 3932 199 3981 ἐν
245 3931 431 4002 μέτρῳ
460 3926 537 3987 ,’τὸ
568 3938 873 4004 σιτηρέσιον
899 3939 1223 4008 διανέμουσα
1249 3981 1262 4002 ,
1307 3942 1396 3992 καὶ
1428 3943 1486 3993 τὸ
1520 3958 1701 4012 περιτ-

136 4025 298 4078 τεῦον
335 4027 674 4099 ἑκτιθεμένη.
702 4031 813 4082 Καὶ
851 4031 920 4083 τὰ
955 4032 1085 4084 ἄλλα
1115 4034 1181 4084 δι’
1213 4035 1348 4087 ὅσων
1384 4035 1637 4104 ἐμφανῶς
1667 4039 1699 4106 ἡ

133 4121 406 4190 διοίκησις
447 4123 542 4191 τῆς
595 4124 929 4192 ἀνθρωπείου
983 4127 1356 4196 μεμηχάνηται
1423 4128 1695 4198 διανομῆς.

132 4208 236 4264 Ὧν
269 4213 468 4279 ὁμοίως
511 4217 622 4274 τοῖς
664 4214 888 4283 ἄφροσιν
919 4215 1130 4288 ἔχοντες)
1167 4219 1214 4266 oi
1262 4218 1412 4283 σοφοὶ
1444 4218 1541 4287 τὴν
1574 4218 1695 4286 κρί-

134 4316 221 4352 σιν
261 4298 397 4366 (41),
424 4300 521 4350 οὐκ
555 4301 758 4368 ἴσχουσι
788 4301 883 4368 τὴν
915 4303 1227 4369 γνῶσιν..οἱ
1260 4307 1358 4372 μὲν
1387 4307 1493 4374 γὰρ
1521 4307 1600 4369 είς
1629 4308 1694 4376 ἣν

132 4388 201 4441 ἂν
233 4387 491 4456 οἰηθῶσιν
518 4389 780 4456 ἀθεότητα
811 4391 919 4461 (42)
943 4432 957 4454 ,
1003 4394 1100 4462 τὴν
1130 4395 1693 4467 ἐπιστημονικωτάτην

128 4482 266 4551 περ).
304 4482 544 4542 πάντων,
579 4483 669 4532 καὶ
698 4483 794 4551 τὴν
823 4485 901 4544 εἰς
932 4485 1153 4548 ἑαυτοὺς
1198 4488 1689 4560 εὐεργετικωτάτην

1835 2021 1986 2084 tavit,
2021 2022 2389 2094 membrisque
2432 2027 2685 2082 omnibus
2727 2042 2850 2083 cum
2891 2038 3134 2088 mutuam
3165 2038 3307 2091 inter
3334 2054 3393 2093 se

1833 2115 2272 2185 communionem
2305 2115 2520 2182 indidit,
2551 2129 2664 2172 tum
2699 2135 2765 2173 ex
2795 2121 2961 2176 tmius
3000 2125 3160 2179 etiam
3199 2115 3391 2195 opibus

1831 2202 2038 2270 prolixe
2081 2204 2371 2267 admodum
2427 2224 2490 2263 ac
2545 2205 2840 2266 liberaliter
2888 2215 3144 2279 admensa
3193 2230 3294 2274 est.
3323 2220 3392 2274 Et

1829 2292 2076 2349 membra
2103 2298 2324 2366 quidem
2350 2300 2654 2369 potissima,
2680 2320 2842 2372 quam
2870 2304 2978 2360 vim
3004 2321 3056 2362 et
3081 2309 3387 2367 facultatem

1831 2385 2088 2450 habeant,
2127 2406 2229 2443 usu
2265 2401 2318 2445 et
2350 2394 2678 2462 experientia
2730 2397 2832 2464 ipsi
2872 2399 3032 2453 etiam
3068 2401 3251 2458 idioue
3291 2421 3388 2460 no-

1831 2489 1958 2531 runt
1988 2496 2001 2530 :
2037 2479 2230 2550 capitis
2261 2483 2614 2554 principatus,
2646 2487 2789 2541 circa
2823 2491 3100 2545 cerebrum
3127 2501 3385 2563 tanquam

1828 2567 2227 2638 imperatorem,
2273 2589 2531 2630 sensuum
2571 2577 2624 2630 in
2655 2580 2892 2647 acropoli
2936 2582 3175 2638 excubiae
3222 2597 3385 2656 atque

1825 2661 2072 2728 praasidia
2095 2679 2107 2713 :
2128 2664 2529 2732 progredientes
2561 2668 2736 2732 oculi;
2767 2683 2926 2724 aures
2959 2671 3181 2738 nuntios
3211 2675 3385 2742 perfe-

1823 2760 2035 2816 rentes;
2089 2761 2335 2820 gustatus
2386 2756 2532 2810 velut
2586 2767 2948 2812 commeatum
2998 2770 3380 2834 annonamque

1823 2841 2162 2908 convehens;
2204 2844 2435 2900 olfactus
2483 2847 2744 2917 indagans
2788 2850 3187 2918 quodammodo
3216 2865 3380 2926 atque

1821 2933 2126 3009 vestigans;
2178 2941 2353 2990 tactus
2399 2937 2619 2993 subdita
2651 2940 2832 2994 omnia
2864 2940 3112 3011 digerens
3147 2949 3377 3006 etordi-

1819 3005 1976 3078 nans.
2029 3022 2202 3092 (Nunc
2257 3028 2402 3081 enim
2431 3044 2516 3090 ,ει
2565 3030 2975 3099 sapientissimae
3020 3033 3374 3092 Providentiae

1819 3116 2070 3184 operibus
2097 3120 2407 3175 summatim
2435 3135 2605 3189 pauca
2641 3131 2859 3176 tantum‘
2882 3125 3062 3196 aliqua
3096 3131 3368 3197 percurri-

1819 3224 1960 3274 mus,
2009 3209 2170 3263 iidern
2208 3212 2374 3279 paulo
2407 3222 2550 3282 post,
2584 3227 2706 3267 cum
2738 3216 2999 3273 adversus
3028 3219 3181 3275 illum
3214 3223 3371 3292 cujus

1816 3301 1992 3369 major
2017 3309 2099 3354 est
2127 3303 2448 3357 eruditionis
2468 3306 2674 3374 Opinio,
2702 3308 3120 3378 disputabimus,
3153 3315 3384 3370 uberius'

1815 3388 1926 3444 Deo
1959 3391 2099 3444 duce
2124 3406 2187 3445 ac
2216 3395 2426 3461 plenius
2470 3399 2651 3452 omnia
2693 3405 3080 3473 persecuturi.)
3110 3403 3366 3464 Mannum

1811 3494 1940 3549 ergo
1963 3480 2217 3551 deinceps
2243 3484 2628 3554 ministerium,
2651 3503 2774 3557 quae
2801 3493 2980 3547 omnis
3005 3486 3218 3562 generis
3242 3497 3368 3551 fun-

1810 3568 2017 3623 ctiones
2045 3571 2266 3637 obeunt,
2289 3584 2540 3645 artesque
2561 3579 2858 3633 moliuntur
2886 3582 3178 3651 singularis
3208 3586 3363 3657 inge-

1808 3661 1908 3726 nii,
1933 3664 2181 3734 'propriis
2220 3667 2527 3739 quibusque
2564 3667 2908 3729 facultatibus
2951 3675 3025 3728 ad.
3050 3691 3207 3731 unam
3239 3678 3362 3734 fun-

1807 3752 2050 3808 ctionum
2093 3756 2403 3812 societatem
2448 3760 2721 3814 instructa:
2763 3779 2775 3814 :
2825 3762 3036 3820 humeri
3081 3771 3358 3836 gestandis

1806 3847 2061 3903 oneribus
2095 3849 2294 3910 idonei.
2328 3850 2617 3919 digitorum
2655 3854 3057 3925 prehensiones,
3097 3861 3357 3929 ﬂexiones
3447 3905 3449 3907 -

1804 3938 2130 4005 cubitorum,
2183 3943 2302 4007 qua:
2350 3942 2431 4014 uti
2469 3958 2558 4014 res
2593 3946 2677 4000 vel
2719 3948 3004 4004 attrahere
3025 3955 3235 4021 possint
3276 3959 3355 4011 vel

1802 4028 2083 4095 depellere,
2111 4030 2437 4090 intrinsecus
2461 4037 2907 4110 cxtrinsecusque
2931 4053 3245 4110 versantur;
3268 4062 3356 4116 pe-

1798 4117 1928 4169 dum
1955 4117 2298 4187 obsequium,
2327 4137 2422 4191 per
2452 4140 2590 4194 quos
2614 4139 2794 4184 creata
2825 4131 2969 4185 circa
3007 4142 3203 4190 terram
3231 4153 3352 4193 om-

1797 4205 1886 4257 nia
1920 4204 2078 4260 nobis
2107 4209 2498 4276 obsecundant,
2531 4218 2731 4286 quibus
2778 4224 2934 4276 terrae
2974 4237 3346 4296 peragrantur,

1795 4300 2116 4368 navigantur
2142 4305 2332 4368 maria,
2359 4304 2514 4361 ﬂuvii
2545 4312 2906 4379 trajiciuntur,
2931 4321 3173 4373 omnium
3200 4336 3349 4374 com—

1795 4390 1993 4444 mercia
2050 4407 2172 4447 cum
2225 4397 2478 4452 omnibus
2528 4400 2799 4458 ineuntur.
2857 4405 3052 4462 Venter
3100 4410 3345 4463 ciborum

1794 4482 2064 4548 aerarium,
2094 4485 2352 4543 membris
2386 4490 2640 4546 omnibus
2667 4507 2768 4548 suo
2793 4496 3097 4564 quibusque
3118 4497 3256 4578 loco
3289 4507 3345 4551 et

128 4573 498 4643 ἀναφέρουσιν
530 4574 855 4643 οἰκονομίαν,
883 4578 1184 4656 κρείττονος
1217 4582 1308 4631 καὶ
1340 4580 1488 4645 θείας
1520 4585 1683 4647 ὅντως

1813 4569 1978 4625 irdine
2011 4573 2314 4641 collocatis,
2340 4577 2542 4646 justam
2575 4596 2668 4649 per
2698 4562 2826 4637 sese,
2849 4562 3116 4637 annonam
3157 4573 3342 4641 distri-

128 4663 451 4735 φρονήσεώς
481 4681 540 4716 τε
573 4666 666 4716 καὶ
700 4664 978 4735 δυνάμεως
1019 4669 1177 4739 ἔργον
1223 4670 1388 4742 αὐτὴν
1423 4669 1557 4726 εἶναι
1598 4693 1684 4726 πι-

129 4758 449 4827 στούμενοι·
486 4758 534 4809 οί
565 4757 642 4818 δὲ,
680 4760 934 4828 συντυχίᾳ
962 4760 1055 4812 καὶ
1084 4761 1400 4831 συμπτώσει
1426 4765 1531 4816 τῶν
1571 4766 1686 4818 ἀτό-

128 4865 285 4916 μων,
340 4847 592 4909 ἀσκόπως
647 4848 744 4918 τὴν
811 4848 1256 4923 θαυμασιωτάτην
1310 4855 1683 4926 καλλιέργειαν

121 4938 460 4991 ἀνατιθέασι.
495 4939 605 5008 Τὴν
635 4939 691 4990 δὲ
723 4939 1104 5010 ἐνεργεστέραν
1134 4944 1214 4995 ἐτι
1243 4945 1442 4998 τούτων
1471 4946 1684 4999 ἐπίσκε-

117 5027 254 5097 ψιν,
297 5027 393 5080 καὶ
438 5027 536 5097 τὴν
579 5029 685 5080 τῶν
731 5028 1009 5080 ὲνδοσθίων
1054 5031 1309 5097 διάθεσιν,
1361 5037 1530 5106 ἰατροὶ
1584 5037 1681 5106 μὲν

119 5117 372 5189 ἀκριϐῶς
413 5119 880 5191 διερευνησάμενοι
923 5122 1016 5173 καὶ
1057 5126 1520 5192 καταπλαγέντες,
1561 5127 1679 5191 ἐξε-

118 5207 352 5261 Θείασαν
381 5206 478 5276 τὴν
509 5208 695 5276 φύσιν
734 5211 892 5280 ἡμεῖς
932 5208 989 5260 δὲ
1025 5209 1247 5282 ὕστερον
1279 5215 1352 5276 ὡς
1394 5215 1458 5267 ἂν
1489 5209 1589 5266 οἷοί
1619 5231 1679 5265 τε

115 5293 433 5365 γενώμεθα,
462 5296 566 5348 κᾶν
584 5299 849 5369 ἐπιπολῆς
879 5297 1006 5367 (45),
1025 5299 1494 5372 ἀναθεωρήσομεν.
1531 5301 1677 5355 Καθη-

348 5451 729 5524 Προσιοτξσαι.
761 5453 921 5509 Forte
958 5454 1257 5524 προϊοῦσαι.
1295 5455 1486 5509 νιοειι.
1589 5461 1591 5464 ’

217 5451 288 5502 ιο
348 5451 729 5516 Προσιοῦσαι.
761 5453 921 5509 Forte
958 5454 1257 5524 προϊοῦσαι.
1295 5455 1486 5509 Vrccn.
1589 5461 1591 5464 '

190 5451 309 5595 EH;
348 5519 748 5595 Afaropﬁc...”
798 5525 1014 5592 κρίσιν.
1063 5523 1250 5580 Scribe
1301 5525 1668 5595 διαμονῆς.....

101 5589 338 5662 χρῆειγ-
356 5589 454 5662 ,ιο-

356 5658 675 5743 ᾉθεότηςξι.
706 5662 865 5743 [θοι-ιε
900 5664 1143 5743 θεᾴτητα.
1176 5663 1252 5716 ῐυ.
1561 5733 1573 5743 .

211 5660 305 5724 42)
356 5660 675 5729 Ἀθεότητα.
706 5662 865 5719 Forte
900 5664 1143 5732 θεότητα.
1176 5663 1252 5716 ῐυ.

173 5660 307 5852 343)
359 5727 703 5810 Ἐπιστολῆς.
744 5733 880 5814 Eum
908 5735 1040 5814 mihi
1088 5748 1303 5812 sensum
1335 5733 1669 5799 expressisse

155 5799 171 5852 i
212 5812 342 5852 eor.
378 5813 470 5852 aut
521 5815 588 5852 ex
627 5802 802 5852 verbis
845 5804 950 5852 illis
988 5818 1216 5852 exnrimr
1257 5810 1464 5852 noterat
1507 5817 1519 5852 :
1572 5805 1665 5852 sed

103 5814 171 5854 γι

212 5812 342 5868 eor,
378 5799 470 5866 qui
521 5815 588 5855 ex
627 5801 802 5860 verbis
844 5803 950 5860 illis
988 5799 1216 5875 exprimi
1255 5810 1464 5873 poterat
1507 5817 1519 5854 :
1572 5805 1667 5860 sed

1789 4659 1981 4725 buens,
2014 4672 2067 4717 et
2085 4666 2344 4736 quidquid
2376 4670 2704 4740 superﬂuum
2731 4682 2833 4738 est,
2859 4674 3099 4742 ejiciens.
3134 4675 3211 4732 Ac
3237 4694 3342 4733 caev

1786 4759 1921 4819 tera,
1943 4770 2174 4823 quorum
2200 4758 2252 4812 vi
2276 4759 2526 4814 humanae
2546 4763 2815 4819 ﬁrmitatis
2835 4774 2889 4820 et
2909 4772 3339 4827 conservationis

1785 4846 1925 4900 ratio
1959 4844 2280 4906 continetur.
2306 4849 2508 4907 Horum
2534 4870 2664 4909 usus
2682 4855 2733 4908 in
2755 4857 2938 4914 stultis
2953 4876 3105 4931 aeque
3121 4857 3353 4931 sapien-

1783 4937 2034 5005 tibusque
2077 4939 2266 4994 similis
2292 4949 2393 5005 est,
2428 4944 2666 5014 cognitio
2690 4946 2987 5005 dissimilis.
3013 4952 3116 5005 Alii
3137 4953 3334 5022 quippe

1783 5044 1944 5099 quam
1997 5030 2178 5084 animo
2210 5032 2547 5091 divinitatem
2582 5038 2946 5108 informarint,
2997 5043 3223 5108 adeam,
3275 5055 3334 5100 ut

1781 5137 1901 5189 qua:
1937 5136 2116 5174 rerum
2145 5125 2387 5180 omnium
2429 5129 2788 5190 scientissima
2832 5135 2921 5198 sit,
2971 5144 3133 5201 atque
3160 5133 3216 5186 in
3243 5149 3332 5189 se-

1777 5210 1926 5280 ipsos
1969 5212 2477 5283 beneﬁcentissima,
2519 5232 2686 5276 totam
2723 5222 2968 5286 referunt
2995 5222 3156 5291 hujus
3183 5240 3332 5281 oeco-

1778 5303 1975 5356 nomiae
2023 5305 2309 5374 rationem,
2362 5311 2508 5380 quod
2539 5327 2660 5366 eam
2702 5312 3000 5379 superioris
3041 5313 3326 5384 cujusdam

1777 5465 1952 5538 tamen
1993 5459 2242 5542 illa.duo,
2271 5463 2336 5527 id
2371 5472 2472 5527 est,
2498 5463 2572 5524 ὡς
2600 5462 2664 5513 ἂν
2684 5456 2790 5545 cici
2818 5479 2897 5524 τε,
2918 5474 2984 5545 ει
3006 5467 3278 5545 ’ἐπιπολῆς
3303 5507 3319 5529 ,

1775 5528 1955 5615 rni‘nus
1977 5532 2265 5615 conjuncta
2298 5547 2427 5615 esse.
2447 5545 2609 5615 posse
2633 5533 2884 5615 arbitror.
2918 5532 3126 5615 Mallem

1775 5598 1865 5683 ἐπὶ
1909 5599 2147 5683 πολλοῖς,
2194 5602 2366 5669 suppl.
2390 5598 2654 5683 Apﬁptagt,’
2683 5603 3008 5683 seu-16pm.
3043 5598 3316 5683 Particuia

1774 5668 1873 5742 κᾶν
1902 5670 1979 5722 vel
2015 5671 2201 5723 abesse
2233 5668 2412 5737 potest
2428 5685 2455 5742 ;_
2481 5668 2570 5723 vel
2613 5670 2658 5724 si
2693 5668 2952 5742 retinetur
2974 5712 2988 5734 ,
3015 5675 3309 5738 emphasim

1773 5737 1934 5860 habet
1957 5750 2104 5861 llcum
2169 5739 2560 5796 asseveratione
2605 5737 2986 5812 coniunctam,
3060 5737 3118 5795 ut
3173 5753 3312 5811 saepe

1773 5821 1806 5860 ιι
1846 5821 1926 5861 as.
2015 5844 2028 5860 .

1773 5807 1926 5863 alias.
1957 5807 2028 5861 In.
