4094 6350
738 452 871 529 tesi

1707 475 1762 529 s.
1803 473 2089 530 morus"
2126 438 2446 528 Episcom‘
2468 450 2924 538 ALEXANDRIM

3789 473 3904 530 1288

735 595 948 660 θεῖναι,
987 595 1087 651 hoc
1139 605 1223 651 est
1268 598 1334 651 ab
1377 597 1647 651 elliciendo
1695 598 2098 668 θεοποιήσωσιν,
2150 598 2278 652 deos

2380 559 2787 658 eist,\éEeXOt‘ov
2834 588 3030 654 πυλῶν,
3063 588 3154 652 οὓς
3197 590 3306 660 (53)
3339 593 3396 645 ὲν
3429 591 3504 662 τῷ
3535 589 3678 660 κενῷ
3711 593 3902 645 κατεῖδε

737 687 967 740 alliciant
1003 686 1302 757 (propterea
1355 690 1550 756 quippe
1576 691 1816 742 omnium
1849 690 2070 743 eﬂ'ector
2112 698 2275 758 alque

739 779 955 832 molitor
987 794 1124 833 unus
1154 793 1278 832 vere
1309 777 1449 832 Deus
1471 778 1604 847 est);
1633 778 1780 832 nullo
1809 780 2040 847 denique
2068 781 2149 833 vel
2180 795 2277 848 gu-

740 866 1090 931 bernationis,
1128 867 1213 920 vel
1263 865 1476 934 judicii,
1520 867 1600 931 vel
1634 867 1874 920 beneficii
1912 869 2126 922 vinculo
2151 883 2274 924 cum

739 955 1046 1011 hominibus
1081 955 1252 1010 teneri
1289 956 1474 1020 velint,
1506 963 1565 1009 ut
1595 957 1796 1010 cultum
1834 958 1901 1012 iis
1934 958 2166 1027 aliquem
2189 959 2276 1012 vel

740 1057 880 1100 metu
913 1047 997 1100 vel
1028 1046 1249 1101 honoris
1277 1061 1440 1100 causa
1485 1045 1807 1102 debeamus?
1839 1048 1979 1102 Num
2014 1049 2276 1118 Epicurus

743 1134 897 1198 ferte,
942 1151 1064 1190 cum
1104 1136 1242 1188 ultra
1298 1133 1555 1198 mundum
1605 1135 1748 1188 hunc
1803 1135 2160 1204 prospiciens,
2215 1152 2279 1190 ac

738 1227 1004 1281 cmlestem
1045 1228 1195 1280 illum
1249 1226 1509 1279 ambitum
1551 1235 1999 1296 praetergressus,
2036 1237 2128 1280 aut
2182 1243 2278 1296 per

736 1313 1006 1369 occultum
1057 1313 1328 1380 quoddam
1381 1314 1644 1380 posticum
1702 1315 1910 1383 sibique
1952 1314 2049 1368 soli
2091 1326 2275 1369 notum

736 1417 1006 1468 egressus,
1040 1403 1169 1456 deos
1204 1403 1256 1455 in
1305 1418 1475 1456 vacuo
1524 1402 1775 1472 degentes
1811 1406 1982 1470 vidit,
2007 1421 2072 1460 ac
2124 1422 2275 1461 sum-

738 1512 882 1548 mam
913 1509 1095 1549 eorum
1120 1497 1281 1550 tantis
1305 1498 1356 1549 in
1390 1497 1598 1552 deliciis
1619 1498 1921 1553 felicitatem
1957 1501 2273 1565 admiratus,

740 1588 1064 1654 voluptatem
1110 1587 1233 1640 inde
1283 1589 1638 1656 concupiscit,
1686 1600 1844 1657 atque
1891 1591 2038 1643 illam
2072 1607 2192 1659 qua:
2224 1591 2276 1643 in

736 1691 908 1736 .s'acuo
953 1678 1167 1733 ducitur
1218 1679 1380 1731 vitam
1435 1680 1736 1743 aemulatus,
1783 1695 1968 1734 omnes
2025 1682 2282 1735 continuo

739 1777 994 1836 tanquam
1036 1769 1258 1822 deormn
1299 1769 1513 1821 illorum
1553 1770 1759 1823 similes
1795 1771 2028 1833 futuros,
2065 1770 2182 1838 ejus
2213 1771 2278 1824 ad

737 1858 1010 1911 felicitatis
1057 1859 1486 1912 communionem
1555 1873 1618 1913 ac
1673 1860 1980 1914 societatem
2045 1861 2276 1914 invitat:

734 1949 936 2014 quibus
969 1948 1056 2001 ille
1085 1949 1440 2015 caenaculum,
1475 1964 1580 2003 non
1611 1949 1721 2020 jam
1755 1951 1949 2006 ctelum
1981 1961 2074 2004 aut
2107 1952 2278 2022 olym-
2312 1948 2368 1973 ν’

738 2056 888 2108 pum,
920 2049 975 2093 ut
999 2049 1184 2107 poetae,
1221 2041 1570 2096 sed'vacuum
1610 2045 1846 2107 instruit,
1880 2043 2178 2097 confectam
2210 2061 2274 2098 ex

740 2131 936 2184 atomis
963 2130 1238 2200 apponens
1269 2133 1617 2200 ambrosiam,
1647 2134 1988 2202 indidemque
2024 2135 2274 2189 haustum

739 2228 923 2272 nectar
963 2220 1294 2288 propinans?
1332 2220 1594 2273 Caeterum
1634 2222 1700 2274 iis
1729 2222 1794 2275 de
1817 2217 1978 2275 rebus
1997 2237 2117 2290 qua:
2145 2223 2280 2277 nihil

740 2310 805 2362 ad
850 2324 949 2363 nos
997 2311 1317 2377 pertineant,
1349 2309 1493 2363 mille
1521 2309 1822 2377 iuramenta
1865 2325 2157 2380 sacrasque
2181 2311 2279 2364 ob—

739 2401 1050 2455 testationes
1075 2401 1188 2455 suis
1210 2400 1411 2469 passim
1439 2401 1590 2453 libris
1622 2401 1929 2466 inferciens,
1966 2416 2060 2469 per
2094 2399 2279 2456 Jovem

740 2491 956 2546 assidue
983 2492 1066 2546 vel
1099 2499 1258 2562 negat
1293 2492 1493 2560 aliquid
1533 2493 1612 2546 vel
1645 2493 1907 2557 aflirmat;
1940 2495 2283 2563 lecturesque

739 2600 889 2649 suos,
922 2594 976 2639 et
1009 2601 1104 2641 eos
1136 2587 1458 2656 quibuscum
1495 2585 1608 2655 ipse
1638 2587 1899 2655 disputat,
1923 2586 2148 2640 deorum
2185 2587 2284 2639 ob-

738 2677 955 2745 stringit
982 2677 1261 2745 religione,
1281 2691 1387 2730 non
1417 2677 1559 2746 quod
1594 2677 1716 2744 illos
1754 2678 1870 2747 ipse
1897 2685 2165 2742 vereatur,
2189 2685 2283 2730 aut

735 2767 1031 2836 perjurium
1062 2768 1176 2821 ullo
1205 2768 1366 2822 modo
1392 2766 1739 2832 reformidet;
1770 2769 1862 2824 sed
1895 2771 2111 2823 inanem
2143 2769 2282 2823 hanc

736 2865 898 2925 atque
927 2856 1265 2922 mendacem,
1285 2856 1588 2924 vanamque
1613 2872 1676 2909 ac
1711 2857 1842 2911 nihil
1872 2860 2090 2912 omnino
2117 2858 2282 2928 signi-

737 2949 984 3002 ﬁcantem
1026 2948 1454 3016 disputationum
1497 2961 1721 3000 suarum
1771 2951 2114 3016 appendicem
2147 2949 2283 3004 eﬂ'u-

737 3038 898 3101 tiens,
931 3053 1037 3090 non
1072 3038 1228 3091 aliter
1287 3053 1349 3090 ac
1397 3039 1439 3091 si
1495 3047 1712 3091 excreet
1762 3047 1855 3090 aut
1906 3047 2150 3107 exspuat,
2189 3048 2282 3092 aut

739 3136 1020 3180 conVertat
1062 3130 1288 3192 vultum,
1325 3135 1417 3182 aut
1460 3143 1677 3183 manum
1721 3137 2072 3183 commoveat.
2128 3129 2283 3200 Ejus-

739 3217 889 3272 modi
908 3217 1103 3286 quippe
1127 3221 1302 3272 omnis
1340 3219 1444 3271 ista
1469 3218 1690 3274 deorum
1724 3220 2010 3289 appellatio
2043 3229 2148 3284 est,
2181 3235 2276 3274 su-

736 3308 938 3378 perﬂua
980 3309 1222 3378 quadam
1265 3322 1328 3361 ac
1374 3322 1563 3363 sensus
1589 3309 1782 3379 expers
1813 3312 2082 3380 studiique
2106 3311 2277 3365 simu-

2375 684 2548 746 θεοὺς,
2598 682 2693 736 καὶ
2732 682 2830 754 τὴν
2870 682 3066 753 πολλὴν
3110 680 3283 734 αὐτῶν
3337 683 3632 751 ἐμακάρισε
3675 681 3900 750 τρυφὴν,

2375 771 2624 826 κάκεῖθεν
2663 771 2996 842 ἐπιθυμητὴς
3017 771 3300 840 γενόμενος
3324 771 3421 839 τῆς
3459 772 3668 840 ἡδονῆς,
3703 772 3793 824 καὶ
3821 771 3901 837 τῆς

2376 868 2433 919 ὲν
2469 861 2546 934 τῷ
2596 864 2733 933 κενῷ
2765 864 3006 935 ζηλωτὴς
3037 863 3261 932 διαίτης,
3291 864 3428 916 οὓτω
3460 863 3680 925 πάντας.
3699 864 3790 914 ἐπὶ
3825 863 3901 914 τοῦ

2379 955 2724 1025 μακαρισμοῦ
2762 954 2948 1009 τούτου
3001 953 3318 1024 μετουσίαν,
3367 953 3902 1024 ὲξομοιωθησομένους

2375 1045 2599 1108 ἐκείνοις
2642 1047 2753 1105 τοῖς
2803 1043 2960 1107 θεοῖς,
3009 1043 3346 1114 παρακαλεῖ,
3398 1043 3714 1110 συμπόσιον-
3744 1043 3903 1102 αὐτοῖς

2379 1137 2661 1205 μακάριον,
2705 1137 2801 1204 οὐχ
2837 1138 2983 1205 ἤπερ
3027 1136 3075 1186 οἱ
3122 1134 3356 1202 ποιηταὶ,
3390 1134 3476 1185 τὸν
3515 1134 3737 1204 οὐρανὸν
3768 1135 3798 1202 ἦ
3830 1133 3904 1185 τὸν

2376 1231 2634 1297 δλυμπον,
2667 1228 2798 1280 ἀλλὰ
2830 1229 2890 1279 τὸ
2923 1229 3074 1280 κενὸν
3109 1227 3438 1296 συγκροτῶν,
3473 1228 3535 1279 ἐκ
3561 1244 3619 1278 τε
3666 1227 3772 1277 τῶν
3799 1227 3903 1279 ἀτό-

2381 1336 2493 1388 μων
2523 1318 2632 1388 (54)
2654 1319 2750 1388 τὴν
2782 1317 3084 1387 ἀμϐροσίαν
3116 1318 3294 1379 αὐτοῖς
3323 1317 3656 1386 παρατιθεὶς,
3681 1318 3772 1369 καὶ
3793 1334 3906 1386 προ-

2380 1409 2548 1460 πίνων
2595 1410 2772 1470 αὐτοῖς
2815 1407 2871 1472 ἐξ
2916 1407 3134 1460 ἐκείνων
3175 1405 3244 1459 -τὸ
3279 1407 3502 1476 νέκταρ;
3538 1406 3646 1458 Καὶ
3694 1406 3758 1476 δὴ
3804 1408 3906 1458 κατ’

2379 1498 2598 1551 ἐκείνων
2624 1496 2732 1549 τῶν
2767 1498 2931 1566 μηδὲν
2964 1499 3095 1565 πρὸς
3127 1499 3293 1566 ἡμᾶς,
3329 1497 3519 1567 ὅρκους
3553 1513 3612 1548 τε
3658 1499 3750 1548 καὶ
3779 1500 3905 1566 cipit:-

2380 1589 2546 1655 σμοὺς
2577 1587 2801 1654 μυρίους
2832 1587 2942 1647 τοῖς
2971 1583 3158 1636 ἑαυτοῦ
3195 1584 3414 1652 βιϐλίοις
3453 1585 3735 1654 ἐγγράφει,
3762 1583 3908 1652 ὀμνὺς

2378 1695 2435 1730 τε
2463 1678 2696 1747 συνεχῶς
2729 1678 2801 1747 μὰ
2833 1678 2925 1729 Δία
2958 1678 3050 1729 καὶ
3080 1678 3146 1746 νὴ
3177 1677 3293 1738 Δία,
3323 1675 3557 1746 ὲξορκῶν
3588 1692 3648 1726 τε
3686 1676 3806 1735 τοὺς
3836 1675 3909 1725 ὲνσ

2379 1771 2740 1839 τυγχάνοντας
2772 1769 2864 1821 καὶ
2885 1769 3016 1838 πρὸς
3042 1767 3134 1830 οὓς
3156 1767 3473 1834 διαλέγοιτο,
3495 1767 3627 1836 πρὸς
3646 1765 3750 1818 τῶν
3771 1764 3908 1826 θεῶν,

2381 1860 2440 1912 οὗ
2469 1859 2521 1912 τί
2555 1876 2655 1911 που
2688 1858 2872 1921 δεδιὼς
2903 1858 3062 1920 αὐτὸς
3089 1856 3222 1926 (55),
3254 1858 3286 1927 ῆ
3326 1855 3686 1927 δεδιττόμενος
3730 1855 3912 1914 ἐκεῖνος

2378 1953 2474 2022 τὴν
2509 1951 2806 2021 ἐπιορκίαν,
2829 1950 2980 2002 κενὸν
2999 1949 3056 2001 δὲ
3079 1947 3252 2010 τοῦτο,
3285 1949 3378 2001 καὶ
3396 1947 3610 2016 ψευδὲς,
3634 1945 3727 1997 καὶ
3747 1944 3911 2017 ἀργὸν,

2379 2047 2471 2098 καὶ
2491 2044 2699 2116 ἄσημον
2727 2043 3183 2111 ἐπιφθεγγόμενος
3213 2042 3319 2102 τοῖς
3341 2041 3516 2106 λόγοις
3539 2036 3703 2091 αὐτοῦ
3727 2036 3914 2104 παράρ-

2378 2154 2441 2206 τη
2452 2139 2544 2207 μα,
2562 2133 2670 2188 οἷον
2703 2137 2749 2187 εἰ
2778 2135 2869 2187 καὶ
2898 2135 3218 2202 χρέμπτοιτο
3251 2132 3340 2183 καὶ
3373 2130 3549 2188 most,
3578 2130 3638 2180 τό
3661 2143 3722 2180 τε
3761 2129 3910 2197 πρόσ-

2378 2247 2523 2281 ωπον
2575 2228 2813 2297 στρέφοι,
2869 2223 2962 2276 καὶ
2991 2223 3088 2291 τὴν
3120 2226 3274 2292 χεῖρα
3317 2222 3507 2291 κινοίη.
3542 2219 3774 2289 Τοιαύτη
3822 2218 3915 2286 γὰρ

2381 2318 2684 2386 ἀδιανόητος
2873 2314 2998 2381 παρ’
3032 2312 3177 2380 αὐτῷ
3201 2312 3292 2364 καὶ
3329 2313 3530 2381 ματαία
3562 2311 3863 2379 ὑπόκρισις,
3889 2310 3916 2376 ἡ

2380 2411 2487 2461 τῶν
2523 2408 2656 2459 Θεῶν
2693 2405 2972 2473 ὀνομασία,
3028 2403 3184 2454 Ἀλλὰ
3223 2401 3380 2454 τοῦτο
3415 2403 3508 2470 μὲν
3539 2400 3820 2470 πρόδηλον,
3849 2400 3920 2450 ὅτι

2385 2500 2520 2568 μετὰ
2573 2497 2662 2549 τὸν
2708 2494 3022 2564 Σωκράτους
3087 2492 3309 2545 Θάνατον
3363 2488 3721 2559 κατεπτηχὼς
3784 2489 3923 2555 Ἀθη-

2382 2589 2580 2649 ναίους,
2623 2586 2697 2648 ὡς
2753 2584 2826 2653 μὴ
2869 2583 3047 2652 δοκοίη
3093 2581 3235 2634 τοῦθ’
3268 2582 3400 2651 ὅπερ
3449 2575 3536 2648 ἦν,
3569 2579 3744 2643 ἄθεος
3777 2574 3922 2636 εἶναι,

2382 2679 2543 2740 κενὰς
2571 2677 2749 2737 αὐτοῖς
2767 2674 3142 2728 ἀνυποστάτων
3162 2673 3296 2724 θεῶν
3322 2671 3788 2741 τερατευσάμενος
3805 2669 3924 2731 ἐζω-

2381 2772 2625 2840 γράφησε
2677 2767 2853 2831 σκιάς.
2902 2765 3036 2819 Οὔτε
3094 2767 3215 2835 γὰρ·
3251 2768 3330 2826 εἰς
3377 2765 3603 2834 οὐρανὸν
3649 2760 3927 2828 ἀνέϐλεψεν

2381 2867 2582 2936 νοεροϊς
2613 2861 2929 2930 ὀφθαλμοῖς,
2963 2859 3051 2910 ἵνα
3082 2858 3180 2925 τῆς
3209 2853 3466 2924 ἐναργοῦς
3509 2851 3714 2906 ἄνωθεν
3766 2850 3926 2918 φωνῆς

2381 2955 2606 3026 ἀκούσῃ,
2639 2948 2705 3023 ἦς
2726 2955 2754 3004 ὁ
2784 2950 3134 3019 προσεκτικδς
3167 2944 3360 3012 θεατὴς
3396 2941 3741 3003 κατακούσας
3775 2942 3928 3010 ἐμαρ-

2379 3045 2644 3115 τύρησεν·
2677 3043 2758 3093 ὅτι
2804 3042 2870 3091 Ol
2912 3035 3151 3103 οὐρανοὶ
3191 3033 3528 3100 διηγοῦνται
3558 3031 3748 3094 δόξαν
3775 3031 3926 3084 Θεοῦ.

2383 3135 2628 3202 ποίησιν
2651 3132 2717 3186 δὲ
2740 3127 2949 3200 χειρῶν
2968 3125 3152 3181 αὐτοῦ
3166 3125 3516 3193 ἀναγγέλλει
3529 3127 3594 3178 τὸ
3613 3125 3926 3192 στερέωμα.

2304 3249 2350 3312 c
2382 3226 2517 3279 Οὔτε
2539 3228 2602 3295 τῇ
2632 3220 2832 3291 διανοίᾳ
2853 3219 3091 3274 κατεῖδεν
3114 3220 3191 3281 είς
3211 3216 3467 3286 τοῦδαφος
3485 3235 3498 3247 ο
3537 3217 3705 3286 ἔμαθε
3723 3219 3828 3286 γὰρ
3852 3214 3926 3276 ἂν,

2377 3317 2598 3382 ὅτι,Τοῦ
2611 3315 2820 3379 ἐλέους
2830 3313 3045 3380 Κυρίου
3058 3311 3294 3379 πλήρης
3309 3312 3345 3376 ἡ
3362 3308 3457 3381 γῆ,
3476 3311 3569 3361 καὶ
3584 3310 3687 3372 ὅτι,
3710 3309 3816 3361 Τοῦ
3831 3311 3929 3360 Κυ⁴

734 3402 886 3458 latio.
909 3399 978 3455 At
1005 3399 1132 3453 illud
1162 3398 1376 3469 quidem
1401 3398 1554 3466 longe
1575 3403 1953 3468 certissimum,
1971 3416 2092 3458 cum
2112 3401 2278 3455 Athe-

2375 3409 2508 3480 ρίου
2531 3409 2568 3475 ἠ
2593 3405 2690 3477 γῆ,
2712 3407 2806 3458 καί
2828 3404 2891 3457 τὸ
2918 3403 3199 3472 πλήρωμα
3221 3401 3425 3468 αὐτῆς-ο
3445 3401 3558 3465 καὶ,
3584 3401 3744 3454 Μετὰ
3763 3399 3929 3452 ταῦτα

734 3493 952 3547 nienses
1001 3506 1033 3546 a
1081 3488 1318 3545 Socratis
1371 3488 1586 3543 interitu
1640 3499 1922 3557 metueret,
1975 3509 2044 3548 ne
2101 3493 2276 3563 qualis

735 3592 854 3636 erat
897 3583 1072 3635 atheos
1105 3577 1225 3636 esse
1273 3581 1561 3647 videretur,
1588 3595 1788 3636 vacuas
1817 3583 1883 3637 iis
1926 3585 2275 3642 leviculorum

737 3675 962 3728 deorum
999 3674 1220 3728 umbras
1263 3689 1463 3728 novum
1511 3674 1885 3729 circulatorem
1933 3676 2274 3734 informasse.

736 3761 846 3818 Nec
877 3766 1017 3817 enim
1046 3763 1287 3833 profecto
1313 3773 1406 3820 aut
1437 3765 1771 3834 spiritalibus
1821 3780 2060 3835 unquam
2106 3769 2279 3825 oculis

739 3855 982 3921 suspexit
1005 3855 1058 3907 in
1090 3856 1307 3919 ctelum,
1339 3863 1396 3908 ut
1419 3857 1777 3912 clarissimam
1806 3857 1952 3912 illam
1986 3859 2280 3925 superiori-

737 3942 840 3996 bus
871 3958 900 3996 e
926 3945 1060 3998 locis
1080 3960 1263 3999 vocem
1295 3947 1594 4014 exaudiret,
1631 3965 1736 4019 qua
1771 3951 2007 4004 intentus
2030 3950 2118 4003 ille
2149 3965 2280 4004 con-

738 4034 1024 4102 templator
1045 4034 1254 4089 alllatus
1270 4050 1391 4089 cum
1415 4050 1575 4104 esset,
1600 4041 1918 4095 exclamavit
1941 4059 1954 4093 :
1981 4039 2107 4095 Caeli
2128 4057 2278 4094 enar-

739 4133 860 4176 rant
892 4124 1113 4192 gloriam
1155 4125 1272 4188 Dei,
1306 4138 1543 4196 et'opera
1585 4146 1837 4185 manuum
1865 4132 1977 4201 ejus
2007 4134 2282 4186 annuntiat

737 4220 1126 4288 ﬁrmamentum
1143 4218 1207 4271 ”.
1247 4217 1355 4272 Aut
1399 4235 1526 4273 vero
1569 4221 1740 4274 solum
1770 4222 1945 4291 ipsum
1980 4231 2161 4278 mente
2186 4224 2284 4298 def

739 4308 944 4379 spexit;
974 4309 1078 4363 hoc
1098 4299 1242 4362 enim
1269 4311 1314 4364 si
1346 4307 1580 4372 fecisset.
1604 4311 1882 4367 didicisset
1911 4316 2116 4386 utique,
2139 4315 2286 4385 quod

739 4401 1106 4456 Misericordia
1152 4401 1364 4456 Domini
1406 4403 1557 4471 plena
1609 4415 1684 4457 est
1745 4415 1882 4458 terra
1899 4409 1974 4472 “;
2009 4412 2290 4480 quodque,
2341 4409 2552 4463 Domini
2604 4421 2677 4464 est
2704 4421 2842 4462 terra
2870 4419 2918 4463 et
2953 4410 3219 4477 plenitudo
3262 4411 3372 4479 ejus
3390 4409 3469 4472 τ’,

2383 3499 2513 3568 γὰρ,
2559 3496 2708 3566 φησὶ,
2758 3497 2972 3562 Κύριος
3015 3496 3102 3559 εις
3150 3492 3263 3560 τὴν
3313 3491 3427 3561 γῆν
3475 3489 3791 3556 ἐπέϐλεψε,
3842 3487 3924 3539 καὶ

2382 3590 2724 3658 ἐνέπλησεν
2749 3587 2940 3653 αὐτὴν
2961 3585 3078 3637 τῶν
3100 3583 3334 3654 ἀγαθῶν
3352 3583 3554 3636 αὑτοῦ.
3584 3581 3800 3649 Ψυχὴν
3826 3578 3924 3647 (56)

2383 3681 2608 3745 παντὸς
2635 3679 2775 3740 ζώου
2806 3678 3074 3743 ἐκάλυψε
3104 3673 3169 3726 τὸ
3213 3677 3532 3742 πρόσωπον
3555 3674 3763 3741 αὐτῆς.
3793 3673 3851 3725 Et
3877 3670 3925 3722 δὲ

2384 3773 2460 3844 μὴ
2487 3771 2687 3841 σφόδρα
2715 3768 3128 3838 τυφλώττουσιν,
3163 3766 3643 3833 ὲπισκεψάσθωσαν
3665 3766 3765 3833 τὴν
3794 3780 3927 3831 παμη

2383 3863 2621 3916 ποίκιλον
2668 3861 2775 3914 τῶν
2826 3860 2976 3924 ζώων
3018 3857 3428 3927 πολυπλήθειαν,
3475 3857 3543 3908 τὰ
3593 3859 3834 3925 χερσαῖα,
3865 3853 3924 3905 τὰ

2387 3957 2584 4028 πτηνὰ,
2613 3955 2680 4008 τὰ
2729 3953 2920 4024 ἔνυδρα
2942 3970 2954 3982 ο
2991 3952 3083 4004 καὶ
3117 3950 3602 4019 κατανοησὼεωσαν
3632 3948 3706 4009 ὡς
3738 3945 3923 4015 ἀληθὴς

2391 4049 2481 4099 ἐπὶ
2509 4051 2574 4118 τῇ
2610 4047 2822 4100 πάντων
2853 4045 3028 4116 κρίσει
3064 4043 3175 4113 (57)
3218 4042 3430 4110 γέγονεν
3460 4039 3493 4107 ἡ
3532 4039 3798 4108 μαρτυρία
3841 4035 3922 4088 τοῦ

2390 4142 2682 4194 Δεσπότου·
2717 4141 2824 4194 Kal
2859 4140 3050 4194 πάντα
3074 4140 3220 4192 κατὰ
3247 4135 3358 4203 τὴν
3395 4134 3577 4189 αὑτοῦ
3610 4133 3925 4211 ξτρόστιιξιν

2390 4227 2619 4296 πέφηνε
2644 4227 2797 4284 καλά
2826 4221 2959 4298 (58).

3520 4416 3574 4462 et
3606 4405 3737 4460 illud
3761 4418 3776 4457 :
3811 4402 3923 4455 Post

738 4500 850 4552 haec
889 4499 1046 4574 enim,
1096 4497 1289 4578 inquit,
1331 4497 1584 4551 Dominus
1630 4500 1685 4578 in
1736 4509 1927 4564 terram
1977 4508 2222 4571 respexit,
2262 4515 2310 4559 et
2361 4505 2594 4575 implevit
2645 4505 2791 4557 illaut
2843 4504 2986 4557 bonis
3039 4505 3167 4558 suis.
3219 4506 3408 4557 Anima
3447 4504 3615 4556 omnis
3651 4497 3923 4554 animantis

740 4596 942 4660 operuit
988 4575 1183 4662 faciem
1221 4593 1419 4663 ejus".
1455 4593 1556 4660 Qui
1607 4595 1653 4649 si
1697 4593 1862 4649 nimia
1891 4593 2127 4650 caecitate
2157 4615 2263 4652 non
2309 4601 2578 4667 laborant,
2611 4610 2812 4655 tantam
2868 4600 3012 4653 illam
3059 4615 3120 4653 ac
3175 4609 3282 4652 tam
3335 4597 3538 4652 variam
3577 4595 3924 4649 animantium

741 4680 1152 4743 multitudinem
1209 4692 1676 4761 contemplemur,
1741 4701 2098 4759 terrenarum,
2152 4695 2468 4760 volatilium,
2519 4697 2870 4766 aquatilium;
2939 4710 3002 4749 ac
3073 4694 3287 4749 demum
3367 4690 3703 4759 intelligant,
3775 4699 3925 4754 quam

740 4794 929 4832 verum
977 4782 1079 4835 hoc
1111 4785 1164 4837 in
1199 4787 1437 4840 omnium
1490 4787 1860 4856 procreatione
1911 4787 2281 4842 testimonium
2334 4790 2495 4845 fuerit
2524 4811 2536 4846 :
2567 4792 2632 4844 Et
2678 4793 2852 4845 omnia
2889 4793 3168 4843 secundum
3213 4789 3324 4858 ejus
3364 4787 3673 4837 mandatum
3724 4779 3924 4833 exstite-

742 4880 864 4924 runt
889 4871 1042 4924 bona.

810 4966 855 4996 ’³
895 4963 1037 5019 Psal.
1069 4981 1233 5032 xvm,
1266 4970 1313 5020 l.
1389 4972 1433 5000 “
1471 4970 1613 5026 Psal.
1643 4991 1823 5041 xxxu,
1855 4977 1906 5029 5.
1982 4976 2029 5007 ’⁸
2066 4973 2210 5029 Psal.
2255 4990 2281 5027 x

2375 4974 2484 5038 1,1.
2559 4976 2603 5005 ’⁸
2643 4973 2803 5029 Eccli.
2837 4992 2948 5037 xvr,
2973 4975 3059 5038 50,
3087 4975 3174 5028 Si.

833 5107 920 5171 55)
964 5108 1098 5173 οῦς.
1130 5107 1289 5162 Forte
1319 5109 1460 5172 τούς.
1496 5111 1682 5167 Vlcen.

835 5177 923 5314 διζ
977 5179 1238 5247 Ἀτόμων.
1271 5178 1455 5233 Scribe
1489 5182 1693 5249 ᾲτμῶν.
1731 5183 1803 5237 In.

836 5247 902 5301 55
962 5246 1169 5314 Αὐίός.
1205 5248 1363 5303 Forte
1392 5249 1604 5312 αὐτούς.
1638 5250 1712 5303 lo.

836 5246 922 5314 55)
962 5246 1169 5314 Αὐίός.
1205 5248 1363 5303 Forte
1392 5246 1604 5312 αὐτούς.
1638 5250 1712 5303 lo.
2033 5297 2045 5300 -

835 5316 922 5397 5‘6)
969 5320 1198 5397 ιξυχῄν.
1249 5319 1408 5397 Forte
1452 5317 1616 5397 ψυχῇ.
1663 5321 1739 5397 Ιι)ἶ
1776 5351 1842 5397 _--
1878 5325 2067 5397 Ψυχὴν
2111 5338 2288 5383 tamen

739 5387 956 5454 praefert
983 5387 1276 5443 Bibliorum
1309 5387 1476 5445 codex
1505 5387 1917 5446 Alexandrinus.

815 5455 921 5524 (57)
959 5461 1178 5525 Κρίσει.
1214 5459 1373 5514 Forte
1406 5460 1596 5512 κτίσει.
1634 5459 1707 5512 In.

817 5535 928 5608 (58)
946 5539 1134 5596 καλά,
1178 5528 1274 5585 His
1297 5529 1640 5603 Diunysianis
1662 5529 1844 5586 relatis
1870 5545 1988 5632 quae
2013 5533 2290 5604 hucusque

2325 5116 2370 5170 D
2399 5115 2660 5181 descripta
2703 5121 2865 5178 sunt,
2903 5115 3084 5169 subdit
3123 5111 3385 5181 Eusebius
3413 5126 3445 5181 :_
3470 5077 3652 5159 Ταῦτά
3701 5121 3792 5181 μοι
3834 5103 3929 5181 duo

2396 5174 2656 5254 πλείστων
2688 5174 3135 5254 ἐξήνθισταιγτῶν
3163 5179 3293 5249 πρὸς
3326 5176 3642 5254 Ἐπίκουρον
3685 5174 3927 5254 Διονυσίῳ

2393 5254 2471 5324 τῷ
2504 5253 2621 5324 καθ’
2655 5243 2798 5324 int—di;
2830 5253 3105 5322 ὲπισκόπῳ
3153 5243 3562 5324 πεποιημένων(
3588 5245 3726 5324 ﬂare
3748 5243 3869 5322 milli
3904 5260 3929 5293 e

2394 5305 2629 5397 pluribus
2663 5305 2826 5374 libata
2851 5334 2973 5397 sunt
3004 5305 3157 5389 atque
3192 5305 3472 5397 τίθεσθαι-ε
3497 5332 3614 5397 qum
3659 5314 3925 5397 Dionysia

2394 5386 2905 5465 episcopnsaqualis
2948 5386 3120 5445 noster
3157 5388 3399 5440 adversus
3429 5386 3714 5456 Epicurum
3755 5386 3926 5453 displ-

2395 5462 2542 5520 tavit.
2573 5462 2739 5518 ἕλω..
