4094 6350
632 456 773 524 r275

1592 474 1651 531 δ.
1700 474 1997 534 monrsn
2036 414 2340 537 EPlSCOPl
2391 476 2858 551 ALEXANDRINI

3646 434 3871 525 ⁷4276

628 590 750 637 erat
778 582 1201 652 autemrspeeies
1240 582 1360 656 ejus
1403 593 1463 640 ut
1495 582 1696 655 fulgur,
1731 598 1784 642 et
1813 588 2187 645 indumentum

2301 594 2469 646 Βάτων
2520 596 2583 663 τῇ
2633 587 3018 660 ἐπιφωσκούσῃ
3067 587 3147 649 εἰς
3199 586 3326 656 μίαν
3373 583 3688 647 Σαϐϐάτων,
3727 580 3870 654 ἦλθε

628 676 753 744 ejus
795 675 976 728 album
1016 685 1073 728 ttt
1104 676 1215 729 nix.
1254 677 1300 728 Α
1333 676 1527 732 timore
1570 687 1751 732 autem
1791 680 1911 747 ejus
1944 684 2193 736 concussi

625 776 761 823 sunt
791 767 885 835 qui
908 768 1215 833 servabant,
1239 776 1292 821 et
1313 766 1442 822 iacti
1466 780 1592 823 sunt
1622 779 1679 823 ut
1705 773 1925 825 mortui.
1951 770 2194 841 Respon-

634 856 769 912 dens
800 869 977 911 autem
1021 858 1265 927 angelus,
1306 860 1447 914 dixit
1494 861 1815 915 mulieribus
1850 860 1960 917 :Ne
2012 864 2196 919 timete

637 961 752 1011 vos,
783 948 899 1009 seio
931 948 1077 1002 enim
1126 949 1275 1017 quod
1327 948 1511 1003 Jesum
1560 952 1877 1022 cruciﬁxum
1910 953 2190 1021 quaeritis:

636 1053 742 1091 non
774 1048 856 1093 est
891 1040 980 1094 hic
1005 1060 1018 1093 :
1045 1041 1347 1095 resurrexit
1376 1040 1542 1107 enim,
1571 1042 1714 1095 sicut
1742 1043 1958 1096 dixit“.
2002 1043 2067 1095 Id
2093 1061 2194 1105 au-

633 1140 737 1182 tem
764 1130 903 1198 quod
927 1130 1127 1185 dictum
1161 1139 1259 1194 est,
1287 1145 1530 1198 vespere,
1562 1130 1659 1183 alii
1686 1132 1894 1199 quidem
1921 1135 2191 1187 existima-

632 1220 759 1273 bunt
789 1222 1073 1290 secundum
1103 1221 1244 1273 uerbi
1292 1217 1720 1275 communitatem
1766 1224 2065 1293 signi/itare
2104 1243 2188 1279 ve-

632 1326 838 1381 sperum
875 1312 1130 1374 Sabbati;
1158 1313 1502 1381 sapientiores
1533 1324 1708 1367 autem
1748 1315 1803 1368 id
1837 1316 2192 1383 exaudientes,

633 1419 737 1456 non
763 1403 883 1468 hoc,
916 1404 1005 1455 sed
1038 1403 1353 1472 profundam
1406 1414 1605 1457 noctem
1647 1423 1758 1460 esse
1797 1406 1991 1469 dicent.
2028 1410 2197 1462 tardi-

634 1503 797 1547 tatem
815 1505 866 1549 et
890 1494 1102 1565 longum
1130 1503 1331 1563 tempus
1358 1512 1562 1566 vespere
1588 1497 1937 1565 significante.
1973 1498 2040 1550 Et
2059 1498 2195 1569 quod

634 1580 838 1653 noctem
894 1574 1025 1636 dicit
1054 1594 1105 1637 et
1139 1600 1241 1637 non
1278 1600 1565 1652 vesperam,
1610 1586 1919 1653 subjunxit:
1944 1582 2079 1639 Cum
2114 1586 2197 1639 lu—

598 1680 613 1698 ’
635 1683 873 1730 ceseeret
910 1676 962 1727 in
982 1674 1218 1742 prirnam
1251 1674 1608 1730 hebdomadis
1635 1674 1815 1739 diem;
1850 1685 1899 1728 et
1933 1686 2196 1741 venerunt,

635 1767 888 1830 nondum,
928 1777 985 1819 ut
1014 1767 1199 1835 reliqui
1226 1766 1430 1831 dicunt,
1464 1774 1705 1819 aromata
1745 1767 1984 1835 ferentes,
2009 1767 2096 1819 sed
2132 1766 2200 1819 ad

634 1857 973 1925 spectandum
1013 1858 1347 1926 sepulcrum,
1400 1866 1450 1911 et
1498 1858 1799 1910 invenerunt
1847 1858 2045 1925 factum
2091 1874 2200 1911 esse

2295 684 2484 751 Mapla.
2510 684 2542 751 ἡ
2567 680 2893 751 Μαγδαληνὴ
2923 680 3016 730 καὶ
3039 680 3071 749 ἡ
3102 677 3235 748 ἄλλη
3260 677 3446 747 Μαρία
3467 674 3741 745 θεωρῆσαι
3766 675 3871 725 τὸν

2296 775 2480 842 τάφον.
2509 773 2618 825 Καὶ
2652 768 2759 825 ἰδοὺ
2787 770 3006 840 σεισμὸς
3028 770 3255 838 ἐγένετο,
3274 769 3473 838 μέγας·
3507 766 3871 835 ᾶγγελοςγὰρ

2296 867 2498 936 Κυρίου
2539 863 2779 927 καταϐὰς
2828 862 2885 927 ἐξ
2925 860 3151 932 οὐρανοῦ
3189 858 3515 931 προσελθὼν,
3562 858 3869 910 ἀπεκὺλιπ

2294 956 2384 1006 τὸν
2422 954 2586 1019 λίθον,
2633 954 2726 1005 καὶ
2766 949 3212 1020 ἐκάθητοηὲπάνω
3248 948 3435 1001 αὐτοῦ·
3468 942 3536 1017 ἦν
3564 946 3622 999 δὲ
3665 949 3697 1016 ἠ
3744 944 3869 997 ἰδέα

2295 1046 2458 1099 αὐτοῦ
2488 1046 2561 1107 ὡς
2593 1042 2864 1116 ἀστραπὴ,
2890 1042 2983 1095 καὶ
3011 1042 3073 1093 τὸ
3100 1041 3297 1110 ἔνδυμα
3324 1039 3484 1091 αὑτοῦ
3513 1038 3703 1091 λευκὸν
3726 1036 3867 1089 ὡσεὶ

2294 1136 2622 1208 χιών.-Ἀπὸ
2668 1136 2725 1189 δὲ
2756 1134 2847 1187 τοῦ
2897 1136 3060 1203 φόϐου
3094 1134 3278 1199 αὐτοῦ,
3330 1120 3647 1203 ἐσείσθησαν
3684 1133 3735 1208 οἱ
3764 1148 3869 1202 τη-

2298 1229 2536 1301 ροῦντες,
2574 1228 2665 1280 καί
2694 1227 2943 1293 ἐγένοντο
2974 1226 3107 1277 ὡσεὶ
3136 1222 3333 1294 νεκροί.
3381 1221 3721 1294 Ἀποκριθεὶς
3748 1220 3811 1271 δὲ
3836 1218 3869 1271 ὀ

2295 1316 2520 1390 ἄγγελος
2555 1319 2673 1374 εἷπε
2702 1323 2821 1383 ταῖς
2848 1318 3063 1387 γυναιξί
3082 1335 3097 1348 ο
3128 1317 3218 1389 Μὴ
3252 1316 3496 1386 φοϐεῖσθε
3542 1317 3719 1384 ὑμεῖς,
3746 1308 3869 1365 οῖδα

2296 1413 2405 1483 γὰρ
2430 1412 2510 1464 ὅτι
2551 1410 2756 1481 Ἰησοῦν
2784 1408 2873 1461 τὸν
2898 1407 3306 1479 ἐσταυρωμένον
3334 1406 3563 1475 ζητεῖτε,
3592 1406 3691 1456 οὐκ
3716 1402 3869 1455 ἔστιν

2295 1498 2424 1557 ὧδε·
2454 1503 2661 1575 ἠγέρθη
2686 1502 2794 1573 γὰρ
2826 1500 3005 1563 καθὼς
3049 1495 3209 1552 εἶπεν
3244 1497 3421 1553 Τοῦτο
3458 1495 3526 1549 δὲ
3556 1496 3620 1549 τὸ
3642 1494 3871 1563 λεχθὲν

2298 1594 2415 1663 ὀψὲ,
2452 1598 2503 1647 οὶ
2527 1592 2642 1661 μέν
2676 1610 2832 1658 τινες
2860 1591 3165 1658 οἰήσονται
3206 1587 3358 1642 κατὰ
3398 1588 3512 1654 τὴν
3546 1586 3870 1648 κοινότητα

2299 1686 2403 1741 τοῦ
2422 1684 2689 1754 ῥήματος
2716 1684 2829 1752 τὴν
2853 1684 3113 1752 ἑσπέραν
3131 1682 3360 1750 δηλοῦν
3386 1680 3491 1734 τοῦ
3523 1677 3830 1733 Σαϐϐαῖον
3850 1692 3865 1704 ·

2301 1781 2353 1831 ol
2381 1777 2447 1830 δὲ
2474 1776 2812 1845 σοφώτερον
2862 1776 3275 1840 ἐξακούοντες,
3324 1776 3396 1827 οὐ
3448 1770 3653 1824 τοῦτο·
3704 1766 3873 1823 ἀλλὰ

2301 1871 2488 1923 νύκτα
2542 1870 2794 1933 βαθεῖαν
2841 1868 3083 1937 ἐροῦσιν
3130 1868 3309 1922 εἶναι·
3376 1862 3723 1931 ,ϐραδύτητα
3759 1858 3870 1913 καὶ

635 1960 789 2003 terra
820 1958 1044 2013 motum,
1077 1960 1127 2003 et
1154 1951 1397 2020 angelum
1446 1948 1603 2018 super
1648 1949 1874 2017 lapidem
1916 1952 2198 2015 sedentem,

2301 1962 2525 2033 μακρὸν
2561 1962 2781 2031 χρόνον
2810 1954 2915 2015 τοῦ
2960 1960 3061 2030 ὀψὲ
3104 1958 3455 2027 δηλοῦντος.
3488 1955 3597 2009 Kal
3639 1953 3731 2006 ὅτι
3765 1950 3874 2003 νύ-

632 2047 682 2092 et
708 2038 989 2093 audierunt
1016 2038 1079 2092 ab
1110 2041 1223 2108 ipso
1249 2053 1267 2092 :
1290 2037 1406 2093 Non
1438 2048 1523 2093 est
1550 2039 1658 2106 hic,
1684 2040 1938 2093 surrexit.
1997 2040 2199 2094 Simili-

635 2130 713 2193 ter
737 2129 969 2185 Joannes
1006 2148 1023 2183 :
1045 2131 1229 2187 Prima
1266 2131 1627 2189 hebdomadis
1672 2132 1829 2199 feria,
1857 2135 2048 2203 inquit,
2084 2133 2196 2188 Ma-

637 2222 717 2275 ria
748 2218 1061 2293 Magdalene
1088 2224 1443 2293 venitmane,
1468 2242 1611 2301 eum
1638 2236 1822 2281 essent
1847 2222 2024 2281 adhuc
2051 2218 2197 2281 tene-

638 2316 768 2379 brae,
796 2315 865 2369 ad
913 2326 1361 2382 monumentum;
1401 2327 1457 2370 et
1486 2317 1621 2372 vidit
1657 2320 1891 2388 lapidem
1924 2320 2195 2376 sublatum

637 2423 666 2461 α
696 2415 1047 2461 monumento
1063 2407 1105 2438 ³⁸
1131 2424 1146 2472 ;
1174 2414 1187 2417 "
1201 2408 1292 2460 sed
1312 2407 1473 2475 juxta
1494 2408 1629 2461 illud
1653 2426 1777 2475 cum
1808 2412 1983 2467 adhuc
2015 2423 2200 2465 essent

638 2497 892 2562 tenebrat,
926 2508 1283 2567 pt'tecesserat.
1336 2498 1508 2552 Lucas
1541 2511 1717 2554 autem
1766 2502 1934 2556 dicit:
1965 2486 2200 2565 Sabhato

637 2590 857 2657 quidem
892 2591 1215 2659 quieverunt
1267 2590 1567 2649 secundum
1625 2603 1974 2663 praeceptum.
2018 2593 2198 2648 Prima

638 2690 818 2737 autem
869 2682 1223 2738 hebdomadis
1274 2682 1403 2739 feria
1458 2697 1671 2737 summo
1710 2698 1868 2737 mane
1893 2684 1959 2738 ad
2010 2697 2201 2738 monu-

638 2785 878 2828 mentum
902 2787 1189 2842 veuerunt,
1210 2776 1445 2831 ferentes
1459 2791 1580 2846 qua:
1595 2784 1917 2845 paraverant
1932 2785 2197 2843 aromata,

640 2866 961 2921 invenerunt
1012 2877 1191 2923 autem
1238 2870 1468 2939 lapidem
1511 2886 1541 2923 a
1582 2878 1937 2924 monumento
1990 2870 2202 2924 devolu-

640 2968 754 3011 tum
771 2959 834 3012 ³³.
872 2958 1145 3013 Summum
1180 2978 1334 3014 mane
1359 2961 1585 3031 fortasse
1612 2962 1929 3020 matutinum
1955 2960 2198 3029 splendo-

643 3064 770 3111 rem,
806 3050 895 3118 qui
934 3053 1078 3121 prius
1120 3053 1454 3122 subapparet,
1487 3055 1751 3125 signiﬁcat
1800 3055 1986 3122 prima:
2017 3054 2197 3122 ferite;

645 3150 693 3193 et
732 3144 981 3212 quoniam
1013 3144 1127 3212 jam
1177 3149 1400 3214 perfecte
1427 3148 1694 3216 praterito
1724 3163 1843 3199 cum
1873 3155 1983 3199 tota
2022 3159 2201 3198 conse-

640 3240 825 3303 quente
858 3246 1004 3287 nocte
1043 3233 1297 3299 Sublato,
1342 3247 1390 3290 et
1436 3239 1545 3293 alio
1587 3241 1669 3294 die
1706 3240 2006 3308 incipiente,
2054 3253 2202 3290 rene-

640 3336 761 3381 runt
791 3338 1035 3382 aromata
1066 3337 1112 3381 et
1139 3339 1401 3397 unguenta
1454 3316 1714 3397 ferentes;
1747 3333 1958 3402 quando
1982 3332 2098 3399 jam
2127 3331 2202 3383 vi—

638 3420 825 3474 delicet
854 3420 949 3473 diu
974 3428 1119 3473 tante
1148 3431 1472 3473 surrexerat.
1505 3420 1621 3479 Hoc
1658 3422 1871 3477 Marcus
1899 3439 2099 3493 quoque
2124 3438 2204 3476 se—
2226 3448 2239 3455 Ἴ

637 3513 841 3582 quitur,
866 3512 1042 3565 dicens
1060 3527 1080 3565 :
1100 3508 1356 3567 Emerunt
1385 3520 1657 3579 aromata,
1681 3521 1741 3566 ut
1777 3516 2051 3569 venientes
2078 3530 2201 3569 eum

641 3609 926 3671 ungerent.
959 3598 1025 3655 Et
1054 3601 1207 3656 valde
1263 3616 1422 3655 mane
1476 3601 1665 3669 prima:
1705 3601 1850 3657 feriae
1882 3607 2104 3660 veniunt
2135 3606 2205 3660 ad

645 3702 1059 3747 monumentum
1111 3701 1248 3747 orto.
1269 3692 1382 3761 jam
1434 3691 1627 3747 sole“.
1664 3690 1827 3746 Valde
1868 3697 2007 3748 enim
2046 3712 2209 3753 mane

2228 3296 2271 3354 C

2302 2070 2411 2107 κτα
2441 2053 2601 2122 λέγει
2630 2053 2728 2106 καὶ
2762 2053 2872 2120 οὐχ
2902 2051 3185 2119 ἑσπέραν,
3229 2049 3509 2121 ἐπήγαγε,
3543 2048 3623 2116 Τῇ
3661 2046 3873 2111 ἐπιφω-

2304 2143 2505 2215 σκούσῃ
2538 2145 2615 2205 είς
2644 2142 2769 2212 μίαν
2802 2140 3119 2195 Σαδῶτωψ
3154 2141 3251 2194 καὶ
3273 2135 3447 2208 ἧκον,
3476 2134 3662 2197 οὔπω,
3702 2133 3783 2196 ὡς
3818 2132 3876 2183 οἱ

2301 2235 2501 2297 λοιποί
2523 2250 2693 2303 φασι,
2726 2232 2798 2287 τὰ
2823 2232 3098 2301 ἀρώματα
3128 2233 3439 2307 φέρουσαι,
3470 2228 3635 2284 ἀλλὰ
3658 2221 3875 2292 θεωρῆ-

2301 2342 2404 2380 σαι
2434 2326 2540 2379 τὸν
2576 2324 2787 2394 τάφον,
2818 2324 2913 2377 καὶ
2945 2319 3121 2391 εὖρον
3150 2322 3253 2375 τὸν
3280 2320 3536 2390 σεισμὸν
3587 2316 3874 2387 γεγονότα

2304 2416 2401 2469 καὶ
2445 2415 2781 2487 καθήμενον
2817 2414 2925 2468 τὸν
2951 2412 3207 2483 ἄγγελον
3254 2413 3352 2466 ἐπὶ
3380 2410 3488 2487 τοῦ
3528 2411 3730 2471 λίθου,
3771 2405 3874 2458 καὶ

2303 2502 2599 2575 ἀκηκόασι
2653 2509 2787 2575 παρ’
2838 2506 3055 2561 αὐτοῦ’
3101 2507 3215 2558 Οὐκ
3266 2502 3411 2557 ἐστιν
3463 2494 3588 2564 ὦδε,
3640 2498 3871 2569 ἠγέρθη.

2316 2600 2555 2669 Ὁμοίως
2611 2605 2645 2655 ό
2713 2600 3017 2668 Ἰωάννης·
3088 2600 3173 2653 Ἐν
3234 2600 3331 2669 μιᾷ
3381 2598 3490 2650 τῶν
3537 2594 3871 2648 Σαὸὀάτων.

2304 2690 2678 2763 φησὶ,Μαρία
2706 2695 2737 2763 ἡ
2764 2691 3092 2761 Μαγδαληνὴ
3116 2686 3247 2761 ἦλθε
3276 2687 3421 2759 πρωῒ
3450 2686 3667 2748 σκοτίας
3684 2680 3875 2736 ἐειιοῦ-

2307 2798 2405 2853 σης
2436 2785 2513 2847 είς
2540 2785 2604 2837 τὸ
2639 2785 2927 2854 μνημεῖον·
2976 2783 3071 2839 καὶ
3109 2780 3293 2852 βλέπει
3330 2781 3425 2833 τὸν
3462 2778 3609 2831 λίθον
3638 2774 3879 2845 ἠρμένον

2304 2874 2412 2927 ἀπὸ
2439 2875 2530 2928 τοῦ
2562 2876 2824 2946 μνημείου
2844 2891 2860 2907 υ
2892 2873 3058 2941 πλὴν
3101 2870 3495 2940 παρὰτοῦτο,
3527 2866 3748 2927 σκοτίας
3790 2864 3872 2916 ἔτι

2304 2965 2488 3037 οὔσης,
2517 2969 2928 3035 προεληλύθει.
2976 2968 3039 3020 '0
3063 2965 3131 3018 δὲ
3171 2961 3410 3027 Λουκᾶς
3448 2975 3629 3029 φησν
3668 2957 3744 3009 Τὸ
3776 2957 3875 3025 μὲν

2305 3058 2577 3113 Σάϐϐατον
2600 3060 2877 3128 ἡσύχασαν
2906 3056 3045 3111 κατὰ
3070 3056 3168 3125 τὴν
3196 3054 3412 3124 ἐντολήν
3429 3070 3441 3082 ·
3467 3054 3533 3122 τῇ
3564 3049 3749 3119 δὲ·μιᾷ
3768 3047 3878 3099 τῶν

2303 3150 2631 3214 Σαϐϐάτων,
2674 3148 2868 3220 ὄρθρου
2903 3148 3089 3219 βαθέος
3121 3147 3214 3200 ἐπὶ
3251 3146 3313 3199 τὸ
3342 3144 3530 3215 μνῆμα
3554 3139 3742 3213 ἦλθον,
3782 3139 3879 3207 φέ-

2307 3258 2495 3312 ρουσαι
2542 3242 2578 3295 ἃ
2619 3242 2920 3313 ἡτοίμασαν
2969 3239 3267 3310 ἀρώματαο
3315 3233 3473 3309 εὖρον
3518 3236 3575 3289 δὲ
3606 3235 3698 3297 τὸν
3729 3231 3881 3285 λίθον

2304 3331 2795 3401 ἀποκεκυλισμένον
2829 3331 2938 3384 ἀπὸ
2966 3330 3061 3383 τοῦ
3111 3329 3396 3400 μνημείου.
3442 3329 3505 3382 '0
3539 3328 3740 3393 ,Βαθὺς
3776 3322 3879 3391 δρᾷ

2304 3426 2441 3490 θρος
2472 3423 2618 3488 Ζσως
2646 3422 3241 3493 προῡποφαινομένην
3263 3421 3455 3489 αὐτὴν
3490 3419 3745 3487 ἑωθινὴν
3766 3420 3878 3488 ἐμ-

2303 3510 2529 3581 φανίζει
2571 3512 2680 3580 τῆς
2706 3512 2845 3581 μιᾶς
2882 3512 3001 3565 τῶν
3039 3509 3371 3573 Σαϐϐάτων,
3407 3510 3505 3564 διὰ
3542 3510 3648 3563 τοῦ
3677 3524 3881 3577 παρῳο

2304 3605 2561 3672 χηκότος
2608 3602 2724 3673 ἤδη
2768 3604 3009 3670 τελείως
3046 3604 3167 3659 σὺν
3206 3602 3283 3673 τῇ
3330 3603 3456 3673 μετ’
3499 3601 3644 3655 αὐτὸ
3703 3597 3884 3654 νυκτὶ

2304 3698 2471 3765 πάσῃ
2504 3695 2610 3751 τοῦ
2644 3694 2968 3757 Σαϐϐάτου,
3002 3695 3097 3748 καὶ
3128 3695 3336 3763 ἐτέρας
3363 3683 3701 3763 ἀρχομένης
3736 3690 3885 3759 ἡμέ-

642 3785 725 3839 ltic
757 3798 955 3855 quoque
981 3780 1135 3847 dixit,
1160 3784 1297 3852 quod
1326 3785 1463 3838 idem
1486 3791 1563 3838 est
1588 3800 1649 3836 ac
1696 3799 1913 3845 summo
1943 3786 2198 3854 diluculo,

2301 3806 2430 3857 ρας,
2473 3783 2665 3857 ἦλθον
2704 3787 2777 3841 τὰ
2815 3784 3088 3855 ἀρώματα
3116 3787 3211 3839 καὶ
3259 3785 3329 3839 τὰ
3365 3785 3527 3854 μῦρα
3553 3782 3847 3852 φέρουσαι
3865 3799 3879 3810 ·

643 3886 693 3930 et
731 3876 1001 3943 subjunxit
1027 3890 1045 3927 :
1072 3875 1204 3931 Orto
1243 3876 1357 3944 jam
1398 3877 1531 3930 sole.
1578 3874 1848 3945 Profectio
1897 3877 2127 3944 quidem,
2154 3890 2198 3933 et

2305 3880 2403 3934 ὅτε
2433 3877 2623 3947 δῆλον
2649 3880 2729 3946 ὡς
2756 3868 3093 3945 ἀνειστήκει
3119 3877 3229 3945 πρὸ
3258 3876 3511 3931 πολλοῦ.
3533 3877 3724 3939 Τούτῳ
3744 3893 3884 3929 κατ-

644 3968 745 4022 iter
772 3984 954 4022 earum
976 3982 1179 4021 summa
1204 3967 1436 4021 diluculo
1452 3978 1501 4022 et
1526 3967 1676 4022 valde
1700 3982 1850 4020 mane
1887 3965 2120 4035 incepit;
2148 3973 2198 4023 in

2304 3972 2623 4028 ακολουθεῖ
2649 3974 2749 4027 καὶ
2780 3975 2812 4025 d
2840 3967 3083 4037 Μάρκος
3120 3968 3343 4037 λέγων·
3382 3966 3686 4051 ᾘγόρασαν
3737 3966 3883 4036 ἀρώ-

646 4061 838 4114 itinere
880 4071 1059 4115 autem
1092 4068 1142 4115 et
1189 4065 1329 4115 circa
1359 4073 1771 4125 monumentum,
1797 4075 2000 4112 moram
2034 4069 2198 4113 traxe.

2312 4081 2455 4133 ματα
2484 4064 2573 4117 ἵνα
2620 4062 2869 4117 ἐλθοῦσαι
2898 4057 3189 4128 ἀλείψωσιν
3220 4056 3398 4111 αὐτόν.
3441 4056 3551 4108 Καὶ
3589 4055 3709 4107 λίαν
3736 4057 3885 4126 πρωϊ

649 4159 772 4201 runt
802 4166 960 4219 usque
985 4153 1053 4205 ad
1082 4162 1271 4205 ortum
1305 4154 1433 4206 solis
1453 4169 1471 4216 ;
1495 4162 1543 4206 et
1577 4153 1651 4209 eis
1675 4152 1901 4223 quidam
1930 4160 2051 4203 tunc
2078 4152 2198 4204 dicit

2307 4153 2407 4223 τῆς
2437 4156 2563 4225 μιᾶς
2590 4153 2882 4208 Σαϐϐάτων
2910 4151 3155 4222 ἔρχονται
3179 4148 3270 4203 ἐπὶ
3296 4146 3357 4200 ’σὺ
3387 4164 3488 4217 μνη
3499 4149 3643 4216 μεῖον
3669 4146 3883 4199 ἀνατεί-

650 4240 946 4295 adolescens
977 4245 1327 4297 candidatus:
1352 4242 1691 4306 Resurrexit,
1709 4259 1815 4299 non
1842 4254 1925 4298 est
1946 4241 2055 4296 hic.
2083 4240 2198 4296 Han

2309 4243 2497 4308 λαντος
2527 4244 2618 4298 τοῦ
2648 4246 2820 4316 ἡλίου.
2855 4244 2989 4298 Δίαν
3012 4242 3129 4312 μὲν
3152 4241 3263 4310 γὰρ
3300 4238 3444 4311 πρωῒ
3468 4239 3565 4293 καὶ
3601 4232 3780 4303 οὗτος
3802 4235 3884 4291 εἷ-

649 4341 827 4386 autem
852 4346 970 4383 cum
1006 4335 1080 4385 ita
1103 4352 1154 4388 se
1182 4334 1425 4399 habeant,
1450 4334 1545 4388 hoc
1567 4336 1634 4389 iis
1658 4336 1747 4406 qui
1772 4335 2069 4388 accuratius
2097 4333 2198 4386 sub.

2313 4350 2425 4390 πεν
2454 4379 2471 4403 ,
2517 4339 2661 4407 ὅπερ
2695 4338 2910 4392 ταύτόν
2952 4336 3083 4389 ἐστι
3134 4332 3215 4398 τῷ
3256 4331 3453 4403 βαθέος
3507 4330 3738 4403 ὄρθρου,
3782 4331 3883 4383 καὶ

651 4422 1290 4501 ιὶίὶαδᾳιιιλεοῃιξάεταηι,
1340 4428 1676 4481 enuntiamus
1725 4438 1887 4497 quota
1944 4427 2097 4491 hora,
2134 4443 2198 4480 uel

2312 4426 2643 4496 ἐπήγαγεν,
2689 4428 3065 4489 ἀνατείλαντος
3108 4424 3201 4478 τοῦ
3240 4423 3411 4495 ἡλίου.
3469 4422 3537 4477 Ἦ
3573 4421 3693 4492 μὲν
3718 4420 3877 4489 ὁρμὴ

646 4515 813 4568 etiam
843 4513 1160 4567 semihorula
1198 4517 1275 4569 vel
1321 4528 1512 4587 quarta
1557 4518 1718 4582 hortr,
1749 4527 1949 4587 oportet
1983 4519 2198 4588 incipert

2315 4517 2411 4570 καὶ
2433 4519 2470 4585 ἠ
2506 4519 2643 4584 ὁδὸς
2670 4519 2884 4585 αὐτῶν,
2914 4516 3107 4587 δῆλον
3141 4518 3223 4583 ὡς
3254 4514 3467 4584 ὄρθρου
3493 4514 3739 4581 βαθέος,
3782 4514 3885 4565 καὶ

651 4605 900 4660 ltetiliam
925 4604 988 4655 ob
1016 4602 1227 4665 Domini
1257 4612 1423 4662 nostri
1448 4627 1479 4662 a
1511 4610 1729 4663 mortuis
1759 4610 2198 4664 resurrectionem.

2316 4608 2455 4661 λίαν
2484 4608 2631 4675 πρωῒ
2659 4611 2979 4679 κατήρχθη.
3013 4606 3371 4677 Παρέτειναν
3397 4604 3465 4658 δὲ
3493 4605 3643 4659 κατά
3680 4604 3886 4673 refrin-

653 4698 759 4751 Eos
785 4696 993 4767 quidem
1020 4697 1108 4764 qui
1152 4698 1373 4752 nimium
1399 4701 1670 4769 festinant,
1714 4711 1763 4755 et
1821 4711 1941 4755 ante
1982 4702 2198 4756 mediam

2314 4698 2560 4768 πορείαν
2592 4699 2689 4752 καὶ
2736 4702 2867 4766 περὶ
2905 4701 2969 4754 τὸ
3001 4699 3295 4769 μνημεῖον
3330 4696 3740 4764 διατρίϐουσα
3778 4697 3884 4765 μέ-

652 4797 859 4843 noctem
914 4796 1157 4854 surgunt,
1188 4796 1245 4838 ut
1293 4800 1667 4860 contemptores
1716 4802 1765 4846 et
1812 4795 2198 4862 intemperante:

2314 4808 2447 4862 χρις
2478 4786 2776 4855 ἀνατολῆς
2796 4790 3002 4854 ἡλίου·
3038 4790 3133 4841 καὶ
3162 4787 3323 4855 λέγει
3354 4787 3453 4839 καὶ
3478 4789 3614 4840 τότε
3640 4788 3883 4851 ταύταις

653 4880 1101 4950 reprehendimus,
1148 4886 1203 4929 ut
1248 4880 1336 4946 qui
1380 4884 1749 4951 propemodum
1790 4896 2068 4954 antequam
2116 4903 2198 4954 pa:

2316 4886 2349 4936 ὀ
2406 4879 2727 4943 νεανίσκος
2782 4881 2816 4930 d
2872 4880 3262 4947 λευχείμων·¹
3298 4876 3685 4949 Ἠγέρθη,ῗοὺκ
3734 4879 3882 4932 ἔστιν

651 4973 742 5038 sit,
774 4988 987 5027 cursum
1034 4970 1358 5038 abruperint,
1388 4973 1589 5028 dicente
1636 4978 1745 5029 viro
1801 4972 2198 5047 sapiente:Non

2318 4969 2436 5029 ὧδε.
2474 4973 2701 5026 Τούτων
2739 4969 2926 5034 οὕτως
2958 4970 3253 5037 ἐχόντων,
3290 4964 3463 5024 τοῦτο
3490 4971 3613 5039 τοῖς
3650 4974 3883 5042 ἀκριόο-

652 5080 843 5133 parum
878 5070 962 5119 est
1006 5062 1062 5117 in
1119 5060 1249 5123 vita,
1288 5059 1432 5129 quod
1465 5077 1650 5129 parum
1677 5052 1846 5121 abest.
1902 5068 2005 5121 Eos
2038 5076 2198 5120 autem

2317 5063 2699 5135 λογουμένοις
2744 5062 3187 5129 ἀποφαινόμεθα
3227 5056 3385 5117 κατὰ
3425 5064 3605 5119 ποίαν
3648 5063 3809 5133 ὥραν
3841 5062 3879 5129 ἦ

651 5157 740 5224 qui
766 5156 1041 5225 differunt,
1072 5166 1121 5208 et
1144 5151 1431 5222 plurimum
1462 5154 1750 5222 perferunt,
1781 5169 1828 5211 et
1864 5160 1932 5211 ad
1964 5168 2198 5229 quartam

2313 5159 2410 5215 καὶ
2453 5156 2627 5210 ποῖον
2666 5153 2947 5230 ᾐμιώριον
2998 5152 3038 5221 ἢ
3070 5152 3227 5221 ὥρας
3268 5154 3548 5225 τέταρτον
3595 5156 3881 5224 ἄρχεσθαι

654 5264 811 5316 usque
846 5232 1082 5318 vigiliam
1112 5246 1323 5317 fortiter
1360 5239 1640 5310 abstinent,
1668 5249 1723 5300 in
1747 5265 1857 5318 qua
1876 5254 2037 5305 etiam
2052 5252 2198 5305 .nam‘.

2312 5248 2581 5321 προσῆκε
2606 5244 2716 5313 τῆς
2747 5244 2846 5299 ἐπὶ
2882 5245 2957 5313 τῇ
2986 5245 3091 5299 τοῦ
3118 5247 3338 5314 Κυρίου
3364 5248 3535 5319 ἡμῶν
3560 5250 3630 5303 ἐκ
3652 5248 3881 5316 νεκρῶν

654 5340 897 5405 gentibus
932 5337 1183 5395 Servatur
1202 5348 1381 5393 noster
1401 5338 1457 5391 in
1479 5322 1618 5390 inuri
1645 5338 1920 5395 ambulans
1943 5344 2198 5411 apparuit.

2313 5340 2643 5400 ἀναστάσει
2678 5335 2882 5406 χαρᾶς.
2928 5337 3071 5403 Τοὺς
3098 5335 3215 5405 μὲν
3238 5339 3379 5393 λίαν
3406 5338 3880 5410 ἐπιταχύναντας

657 5438 712 5481 ut
742 5448 1011 5497 generosos
1058 5442 1110 5486 et
1158 5432 1403 5487 laborum
1447 5428 1729 5483 tolerantes
1766 5433 2100 5499 suscipimus.
2132 5432 2198 5488 Iit

2316 5438 2415 5492 καὶ
2442 5432 2552 5504 πρὸ
2580 5430 2798 5494 νυκτὸς
2824 5428 3002 5499 ἐγγὺς
3024 5428 3143 5498 ἤδη
3158 5434 3465 5502 μεσούσης
3484 5432 3779 5498 ἀνιέντας,
3802 5432 3880 5497 ὡς

657 5531 831 5572 autem
866 5524 954 5591 qui
1004 5524 1203 5578 interea
1253 5533 1309 5577 ut
1357 5522 1488 5576 moti
1542 5530 1686 5586 sunt,
1711 5520 1789 5573 vel
1825 5530 1881 5573 ut
1910 5532 2198 5589 potuerunt.

2318 5527 2637 5598 (Merelch
2668 5520 2767 5575 καὶ
2783 5517 3075 5589 ἀκρατεῖς,
3098 5523 3460 5593 μεμφόμεθα,
3495 5526 3578 5593 ὡς
3602 5524 3739 5594 παρ’
3762 5525 3881 5577 ἀλλ’.

654 5608 950 5677 quiescunt,
992 5630 1095 5667 non
1123 5615 1275 5669 valde
1310 5614 1516 5670 molesti
1548 5613 1715 5670 simus
1745 5627 1763 5665 :
1794 5612 2198 5683 quandoquiden

2318 5636 2426 5687 νον
2469 5612 2993 5687 προκαταλύοντας
3024 5610 3129 5664 τὸν
3161 5611 3405 5695 δρόμον,
3440 5616 3724 5686 λέγοντος
3770 5617 3878 5669 ἀν..

659 5715 750 5751 nec
772 5715 861 5752 se:
874 5701 1201 5768 jejuniorum
1234 5708 1347 5760 dies
1374 5705 1670 5776 mqualiter,
1702 5721 1794 5759 nec
1824 5704 2071 5757 similiter
2104 5720 2198 5757 oni

2320 5710 2459 5778 δρὸς
2488 5708 2716 5783 σοφοῦ·
2773 5706 2847 5761 Οὐ
2904 5704 3095 5776 μικρὸν
3140 5702 3197 5757 ὲν
3245 5706 3343 5778 βίῳ
3370 5708 3431 5761 τὸ
3468 5706 3628 5781 παρὰ
3660 5706 3874 5779 μικρόν.

742 5886 775 5917 ⁸³
802 5884 989 5941 Matth.
1028 5902 1217 5955 uvtn,
1247 5890 1358 5946 1-6.
1435 5895 1476 5926 ³¹
1506 5894 1661 5950 Joan.
1702 5910 1793 5962 xx,
1828 5895 1876 5951 1.
1957 5893 1998 5924 ’³
2025 5892 2156 5950 Luc.
2194 5910 2198 5949 :

2301 5909 2361 5962 ει,
2393 5895 2493 5964 56;
2525 5912 2683 5966 xm,
2712 5894 2843 5972 l,_2.
2918 5893 2960 5926 ”
2989 5890 3153 5949 Marc.
3185 5893 3392 5961 “1,1,
3420 5894 3477 5960 2,
3507 5894 3560 5948 6.
