4094 6350
234 440 379 497 £9.85

1015 446 1352 505 EPISTOLA
1389 412 1738 505 autemet
1776 448 1865 503 an
1903 446 2269 505 Βιειιιοειι
2309 446 2722 505 EPISCOPUM.

3301 441 3472 503 ,1296

229 557 473 611 ,πάθωσι
529 557 605 629 τῇ
658 553 986 630 προσευχῇ,
1022 565 1116 616 καὶ
1175 563 1358 617 πάλιν
1401 564 1498 617 ἐπὶ
1550 565 1614 618 τὸ
1666 564 1808 618 αὐτὸ

1913 544 2092 616 uacent
2125 563 2373 624 orationi,
2401 573 2451 614 et
2479 578 2661 616 rursus
2691 545 3021 628 conveniant,
3048 559 3278 628 Paulum
3299 562 3471 618 dicen-

227 644 412 713 ὦσιν,
449 653 744 719 ἀκηκόασι
769 654 1384 723 Παύλουηφάροντος.

311 745 509 798 ΒΑΛΣ.
551 745 636 807 Ὠς
681 744 872 808 ἔοικεν,
903 744 1160 816 ἠρωτήθη
1193 749 1222 798 6
1255 746 1407 814 ἆγιος
1451 746 1544 802 ἐὰν
1591 748 1806 818 ἐνδέχη-

230 852 335 889 ται
358 838 484 899 τοὺς
538 835 800 904 συζύγους
851 838 1250 908 γεγηρακότας,
1292 839 1411 892 καθ’
1439 838 1530 901 οὓς
1585 842 1808 910 καιροὺς

237 927 522 996 οφείλουσι
554 926 972 998 προσεύχεσθαι,
1023 930 1120 998 τῆς
1168 929 1442 1000 ἐπιμιξίας
1488 931 1803 1001 ἀπέχεσθαι·

163 1020 166 1024 ’
235 1021 344 1073 καί
373 1019 638 1095 φησιν-ὼς
693 1022 741 1072 oi
774 1019 1026 1086 τοιοῦτοι,
1074 1020 1279 1074 ἑαυτῶν
1329 1025 1510 1092 κριταὶ⁸
1559 1023 1810 1091 γινέσθω-

238 1129 368 1166 σανο
401 1111 492 1165 καί
526 1129 651 1164 ποτε
683 1111 925 1183 ἀλλήλων
947 1114 1011 1166 ἐκ
1041 1113 1324 1183 συμφώνου
1355 1115 1519 1184 ἤγουν
1547 1118 1608 1169 ὲκ
1631 1115 1806 1169 κοινοῦ

237 1203 565 1273 θελήματος,
616 1203 988 1272 ἀπεχέτωσαν,
1012 1205 1179 1272 ἤγουν
1222 1203 1361 1256 κατὰ
1420 1206 1544 1267 τοὺς
1588 1205 1808 1274 καιροὺς

237 1276 367 1350 ’καθ’
425 1294 518 1358 οὓς
572 1294 933 1363 ὲνετάλθησαν
991 1295 1418 1366 προσεύχεσθαι,
1479 1297 1810 1363 διαγέτωσαν

243 1385 389 1454 μετᾶ
423 1386 600 1456 πάσης
648 1378 1026 1461 σωφροσύνης,
1075 1388 1167 1438 καὶ
1219 1387 1378 1440 πάλιν
1435 1389 1525 1439 ὲπί
1569 1388 1628 1439 τὸ
1681 1388 1810 1440 αὐτὸ

237 1478 510 1534 ἔστωσαν.
549 1479 668 1531 Ὅτι
699 1481 791 1532 καὶ
837 1482 864 1531 6
896 1480 1062 1547 μέγας
1093 1479 1299 1542 Παῦλος
1327 1478 1483 1531 τοῦτο
1513 1479 1806 1545 διετάξατο.

239 1567 358 1620 Καὶ
387 1570 416 1621 6
450 1568 546 1636 μὲν
577 1569 753 1622 κανὼν
782 1570 904 1639 περὶ
937 1569 1318 1639 γεγηρακότων
1341 1570 1520 1640 φησίν·
1563 1570 1811 1634 Ἐξακου-

243 1656 404 1710 στέον
432 1657 487 1710 δὲ
520 1659 588 1712 τὰ
607 1661 663 1710 ὲν
688 1659 838 1729 αὐτῷ
857 1660 947 1711 καὶ
979 1661 1056 1723 είς
1102 1661 1306 1722 πάντας
1336 1665 1459 1724 τοὺς
1491 1655 1807 1731 ὁμοζύγους.

239 1750 443 1813 Καλῶς
469 1751 523 1803 δὲ
550 1747 669 1804 εἷπε
705 1753 766 1803 τὸ
792 1752 858 1803 ἐκ
883 1753 1228 1820 συμφώνου.
1284 1755 1428 1806 Οὔτε
1458 1754 1564 1822 γὰρ
1597 1757 1628 1805 ό
1660 1754 1812 1821 ἀνὴρ

239 1840 707 1905 ἐξουσιάζει,τοῦ
752 1842 902 1895 ἰδίου
934 1843 1222 1912 σώματος’
1251 1846 1386 1898 οὔτε
1416 1847 1453 1911 ἡ
1482 1846 1654 1913 γυνὴ,
1675 1847 1812 1898 κατὰ

240 1933 337 1985 τὸν
367 1933 538 2003 μέγαν
573 1935 909 1990 Ἀπόστολον.
964 1936 1061 1987 Διὰ
1104 1936 1260 1988 τοῦτο
1313 1934 1404 1989 οὖν
1446 1937 1702 2006 ἀλλήλους
1734 1937 1813 1989 δεῖ

245 2028 560 2092 συμφωνεῖν
593 2027 717 2094 περὶ
746 2026 976 2095 ἀποχῆς,
1000 2029 1085 2079 ἵνα
1122 2027 1419 2096 σχολάσωσι
1446 2033 1512 2100 τῇ
1538 2033 1808 2100 προσευχῇ

243 2117 343 2171 καὶ
378 2121 442 2188 τῇ
477 2117 712 2189 νηστείᾳ.
747 2118 808 2170 El
853 2117 959 2190 γὰρ
988 2121 1060 2189 μὴ
1093 2123 1154 2171 ἐκ
1202 2122 1512 2190 συμφωνίας
1557 2121 1809 2192 γίνοιτοή

242 2209 755 2279 ἀποχὴ,ἁποστερε”ί
780 2209 1003 2271 πάντως.
1017 2211 1074 2262 τὸ
1118 2212 1190 2279 μὴ
1221 2211 1536 2280 βουλόμενον
1569 2214 1666 2280 τὴν
1699 2230 1814 2263 συν-

241 2300 433 2352 ουσίαν
494 2299 674 2369 μέρος,
732 2300 791 2351 τδ
830 2299 1034 2371 ταύτην
1087 2302 1393 2370 ὲπιζητοῦν.
1445 2304 1552 2354 Καὶ
1603 2303 1718 2364 πῶς
1748 2303 1811 2354 ἂν

242 2389 447 2454 δόξειεν
478 2388 807 2454 ὲξουσιάζειν
831 2393 922 2443 τοῦ
973 2391 1218 2460 σώματος
1243 2393 1332 2443 τοῦ
1365 2393 1436 2461 μὴ
1470 2393 1810 2464 συγχωροῦν-

242 2497 338 2544 τος
389 2480 586 2551 μέρους
604 2482 674 2540 ,τδ
701 2485 796 2551 τὴν
832 2484 1120 2551 συνάφειαν
1148 2481 1341 2551 ζητοῦν
1375 2485 1466 2536 καὶ
1501 2486 1570 2553 μὴ
1603 2502 1810 2553 συγχω-

246 2572 542 2642 ρούμενον;
563 2571 870 2642 ’Συμὸαίνει
896 2574 951 2625 δὲ
997 2576 1088 2626 καὶ
1112 2574 1208 2642 τὴν
1242 2574 1331 2626 τοῦ
1367 2574 1591 2644 θατέρου
1621 2578 1812 2646 ἐγκρά-

243 2678 398 2716 τειαν
423 2665 502 2724 εἰς
530 2664 732 2734 βλάϐην
776 2665 904 2727 ἴσως
948 2665 1262 2718 ἀποϐαίνειν
1308 2665 1554 2734 θατέρου.
1601 2666 1660 2718 Εἰ
1706 2667 1812 2736 γὰρ

245 2756 465 2810 νικᾶται
492 2755 594 2807 ὑπὸ
617 2756 714 2824 τῆς
737 2755 1028 2825 ἐπιθυμίας
1050 2758 1143 2808 καί
1168 2757 1224 2809 οὐ
1249 2758 1677 2825 παραχωρεῑται.
1728 2775 1814 2808 πε-

247 2849 557 2918 ριπεσεῖται
583 2845 726 2916 μίξει
752 2846 994 2916 ἀθέσμῳ.
1047 2849 1190 2918 Ἐρεί
1213 2848 1266 2899 δέ
1295 2866 1396 2913 τις,
1420 2849 1494 2911 ὼς
1522 2850 1641 2900 ἐπεὶ
1662 2850 1688 2900 6
1718 2868 1814 2902 κα-

175 2927 186 2932 “
245 2939 358 2990 νών
389 2955 551 3008 φησιν
571 2937 978 2992 ἁποδιΐστασθαι
1005 2941 1128 3002 τοὺς
1171 2940 1468 3014 δμοξύγους
1506 2941 1592 2992 ἵνα
1619 2940 1810 3010 σχολάο·

249 3046 387 3082 σωσι
411 3031 476 3099 τῇ
505 3032 798 3099 προσευχῇ,
826 3031 854 3081 6
921 3030 1236 3093 Ἀπόστολος
1266 3031 1322 3083 δὲ
1347 3031 1636 3102 διορίζεται
1667 3032 1814 3083 ἀδια-

245 3119 484 3182 λείπτως
506 3122 537 3190 ἡ
548 3122 652 3189 μᾶς
679 3109 1090 3191 προσεύχεσθαι,
1117 3123 1204 3176 ἀεὶ
1224 3122 1331 3193 χρὴ
1357 3124 1446 3176 καὶ
1489 3126 1612 3186 τοὺς
1641 3141 1814 3177 συνοι-

246 3209 482 3274 κοῦντας
525 3211 768 3280 ἀλλήλων
811 3212 1142 3281 ἀπέχεσθαι;
1208 3213 1343 3264 Ἀλλ’
1371 3215 1432 3266 οὐ
1485 3214 1610 3285 περὶ
1633 3216 1813 3285 πάσης
1840 3231 1884 3291 C

245 3301 567 3372 προσευχῆς
587 3305 616 3354 6
639 3302 794 3368 λόγος
826 3303 961 3354 ἐστί’
1014 3305 1137 3375 περὶ
1176 3305 1230 3356 δὲ
1273 3306 1370 3374 τῆς
1398 3307 1816 3376 σπουδαιοτέρας

245 3391 420 3461 ἡγουν
443 3390 539 3459 τῆς
557 3391 672 3442 ’τῶν
703 3390 871 3458 ἁγίων
919 3393 1198 3462 νηστειῶν,
1227 3394 1307 3445 δτι
1343 3395 1434 3446 καὶ
1459 3395 1543 3448 διὰ
1576 3395 1666 3446 τοῦ
1691 3398 1816 3448 Μω-

250 3481 393 3543 σέως
412 3483 439 3533 6
479 3481 609 3544 Θεὸς
632 3483 1059 3551 παρηγγυήσατο
1079 3485 1190 3544 τοῖς
1229 3485 1495 3545 Ἰουδαίοις
1538 3485 1815 3551 μέλλουσιν

245 3571 482 3625 ἀκοῦσαι
505 3571 611 3623 τῶν
633 3573 691 3622 ἓν
715 3570 793 3641 τῷ
815 3570 929 3640 όρει
953 3571 1340 3639 θείωνφωνῶν,
1373 3575 1670 3642 ἀπέχεσθαι
1707 3565 1829 3628 τῶν

245 3664 466 3715 οἰκείων
495 3639 774 3732 γαμετῶν.
791 3639 901 3715 Καὶ
927 3663 954 3713 6
978 3664 1256 3741 προφήτης
1281 3665 1452 3733 Ἰωήλο
1484 3639 1810 3731 -ίᾶγιάσσατε,

182 3771 186 3774 ’
246 3753 408 3822 φησὶ,
458 3753 763 3818 νηστείαν,
820 3751 917 3804 καὶ
973 3750 1255 3815 ἐξελθέτω
1314 3755 1566 3820 νυμφίος
1611 3755 1678 3806 ἐκ
1710 3757 1814 3808 τσῦ

247 3843 536 3908 κοιτῶνος
559 3843 767 3908 αὐτοῦ,
795 3843 894 3897 καί
927 3844 1126 3913 νύμφη
1177 3845 1245 3896 ἐκ
1294 3846 1397 3896 τεῦ
1423 3847 1655 3899 παστοῦ
1711 3850 1815 3898 αὺ-

243 3933 381 4009 τῆς.
413 3934 629 3988 Τούτων
674 3935 730 3988 δὲ
781 3935 951 3998 οὕτως
998 3937 1248 4006 ἐχόντων,
1297 3938 1355 3987 οὐ
1403 3937 1608 4008 συνορῶ
1643 3940 1814 4003 ποίοις

245 4027 548 4096 ἐπιτιμίοις
572 4026 1140 4096 καθυποϐληθήσονται
1189 4029 1236 4079 οἱ
1274 4026 1443 4080 ταῦτα
1495 4028 1570 4098 μὴ
1615 4029 1814 4097 φυλάτ-

243 4133 455 4181 τοντες.
484 4117 707 4188 Νομίζω
747 4117 805 4171 δὲ
845 4118 926 4170 ὅτι
969 4117 1108 4171 κατὰ
1149 4119 1245 4188 τὴν
1287 4117 1555 4190 διάκρισιν
1581 4120 1672 4172 τοῦ
1718 4121 1814 4188 τὴν

245 4209 569 4280 ὲξαγορείαν
593 4209 882 4280 δεχομένου
908 4212 939 4281 ὴ
967 4209 1228 4279 θεραπεία
1267 4213 1556 4282 γενήσεται
1579 4213 1711 4282 πρὸς
1747 4211 1815 4263 τὰ

246 4301 518 4372 πρόσωπα
539 4300 633 4352 καὶ
656 4300 753 4368 τὴν
773 4300 1016 4371 ἀνάγκην
1036 4291 1132 4370 τῆς
1154 4300 1384 4370 φύσεως.
1417 4301 1522 4354 Καὶ
1548 4299 1811 4367 ἀνάγνωθι

243 4390 340 4444 τὸν
372 4391 448 4462 ρβ¹
505 4389 700 4442 κανόνα
721 4389 822 4458 τῆς
842 4391 899 4441 ὲν
920 4389 996 4459 τῷ
1018 4390 1269 4459 Τρούλλῳ
1301 4390 1532 4443 συνόδου.

321 4479 563 4533 ΖΩΝΑΡ.
606 4479 740 4549 Περὶ
765 4478 871 4532 τῶν
895 4481 951 4531 ἐν
976 4482 1139 4551 γάμῳ
1156 4481 1371 4551 νομίμῳ
1401 4479 1654 4548 βιούντων
1678 4481 1814 4550 ὲρωο

1912 665 2010 708 tem
2040 656 2349 708 audiverunt
2373 655 2438 707 ³⁸.

1979 746 2133 798 Βιιε.
2173 742 2242 798 Ut
2281 755 2362 799 est
2399 744 2712 807 verisimile,
2743 737 2925 798 fuerat
2973 754 3195 800 Sanctus
3244 745 3472 800 interre-

1908 846 2210 911 gatus,lan
2262 835 2550 900 admittat,.
2588 836 2847 905 conjuges
2899 837 2992 905 qui
3048 846 3466 897 consenuerunt,

1908 942 2018 997 quo
2056 935 2298 996 tempore
2338 928 2533 982 debent
2583 942 2762 990 orare,
2811 944 2841 981 a
2879 928 3258 998 conjunctione
3302 929 3470 982 absti-

1909 1033 2078 1071 nere;
2119 1027 2173 1071 ct
2212 1019 2362 1081 dicit,
2407 1017 2552 1087 quod
2597 1018 2691 1086 qui
2740 1018 2873 1072 tales
2917 1029 3066 1084 sunt,
3109 1018 3304 1072 debent
3351 1034 3473 1073 esse

1909 1109 1991 1163 sui
2015 1109 2256 1178 judices,
2285 1119 2339 1162 et
2365 1109 2653 1177 aliquando
2683 1124 2714 1162 a
2744 1124 2802 1164 se
2830 1108 3058 1164 invicem
3083 1125 3149 1164 ex
3176 1125 3472 1178 consensu,

1909 1215 2005 1254 seu
2046 1215 2113 1253 ex
2163 1201 2438 1254 communi
2479 1200 2777 1264 voluntate,
2813 1201 3128 1268 abstinere;
3167 1202 3239 1255 ita
3275 1212 3333 1256 ut
3363 1217 3474 1272 quo

1912 1299 2152 1358 tempore
2198 1305 2356 1344 orare
2407 1299 2735 1354 statuerunt,
2783 1307 2904 1346 cum
2944 1293 3091 1346 omni
3139 1295 3473 1348 continentia

1911 1392 2234 1444 versentur,
2293 1392 2346 1434 et
2393 1397 2584 1436 rursus
2630 1383 2790 1436 simul
2841 1385 3186 1437 conveniant.
3241 1383 3372 1438 Nam
3422 1394 3475 1438 ct

1911 1487 2140 1544 magnus
2175 1473 2374 1526 Paulus
2409 1474 2512 1527 hoc
2547 1474 2753 1528 statuit.
2787 1473 2852 1527 Et
2887 1491 3057 1529 canon
3088 1476 3304 1544 quidem
3343 1478 3475 1529 dicit

1911 1564 1978 1617 de
2015 1564 2081 1617 iis
2108 1564 2200 1631 qui
2247 1564 2631 1617 consenuerint
2664 1579 2677 1614 :
2723 1573 2806 1617 est
2847 1574 3028 1618 autem
3067 1567 3230 1619 etiam
3278 1568 3474 1620 intelli—

1916 1654 2121 1728 gendus
2146 1654 2211 1708 de
2241 1656 2495 1708 omnibus
2542 1655 2887 1724 conjugibus.
2920 1655 3084 1711 Recte
3129 1668 3308 1712 autem
3339 1661 3476 1714 dixit

1914 1745 2071 1807 illud,
2115 1761 2184 1798 ex.
2208 1762 2458 1800 consensu
2495 1763 2512 1799 :
2553 1745 2732 1815 Neque
2754 1748 2889 1800 enim
2931 1749 3009 1801 vir
3039 1749 3190 1802 habet
3235 1752 3319 1802 sui
3357 1768 3473 1804 cor-

1915 1837 2055 1904 poris
2082 1846 2387 1903 potestatem
2411 1880 2425 1903 ,
2463 1854 2551 1891 nec
2580 1839 2766 1896 mulier
2789 1839 2854 1904 ³⁷,
2884 1841 3181 1895 secundum
3217 1855 3470 1910 magnum

1913 1929 2248 1997 Apostolnm.
2294 1928 2580 1997 Propterea
2615 1945 2744 1998 ergo
2775 1945 2868 1984 eos
2897 1940 3108 1999 oportet
3147 1933 3285 1986 inter
3316 1933 3473 1988 sede

1912 2019 2236 2073 continendo
2280 2020 2614 2084 consentire,
2655 2031 2714 2071 ut
2747 2029 2938 2074 vacent
2984 2023 3216 2076 orationi
3250 2031 3302 2076 et
3334 2024 3476 2093 jeju-

1911 2108 2021 2160 nio.
2077 2106 2190 2162 Nisi
2235 2109 2375 2162 enim
2421 2125 2486 2163 ex
2531 2123 2797 2177 consensu
2834 2109 3169 2174 abstineant,
3200 2127 3324 2180 pars
3354 2125 3474 2182 qua!

1912 2199 2170 2265 nona/ult
2221 2199 2444 2251 omnino
2491 2200 2965 2268 conjunctionem,
3017 2202 3311 2273 frustratur
3352 2221 3472 2259 eam
3558 2217 3562 2221 '

1912 2305 2032 2356 qua».
2060 2291 2290 2356 postulat
2323 2308 2334 2342 :
2365 2297 2419 2342 et
2448 2292 2724 2358 quomodo
2757 2307 2819 2346 ea
2851 2308 2972 2361 pars
2999 2310 3121 2363 qua:
3143 2297 3474 2365 conjunctio-

1913 2394 2032 2431 nem
2067 2380 2258 2446 quaerit
2297 2366 2482 2433 etnon
2514 2382 2858 2449 permittitur,
2899 2385 3017 2453 ejus
3057 2386 3178 2455 qua:
3217 2403 3321 2442 non
3352 2405 3475 2458 per-

1914 2470 2071 2520 mittit
2118 2477 2434 2535 potestatem
2469 2470 2675 2526 habere
2713 2474 2994 2528 videatur?
3034 2477 3244 2530 Accidit
3290 2487 3472 2532 autem

1912 2568 1970 2611 ut
1996 2559 2156 2610 etiam
2200 2560 2421 2613 alterius
2464 2555 2795 2615 continentia
2835 2564 3057 2618 alterius
3082 2569 3246 2633 partis
3273 2569 3472 2623 damno

1912 2650 2083 2702 cedat.
2139 2649 2194 2702 Si
2243 2655 2386 2703 enim
2445 2668 2474 2705 a
2523 2653 2818 2722 cupiditate
2865 2656 3118 2722 vincitur,
3173 2665 3222 2712 et
3272 2674 3376 2712 non
3415 2665 3471 2717 ﬁt

1910 2741 1959 2793 ei
2007 2752 2262 2809 potestas,
2316 2746 2368 2796 in
2416 2745 2616 2798 coitum
2671 2746 3004 2814 illegitimum
3068 2749 3285 2803 incidet.
3333 2751 3487 2807 Dicit-

1911 2843 2089 2884 autem
2145 2835 2411 2902 quispiam
2463 2854 2475 2888 :
2527 2835 2662 2889 Cum
2705 2851 2880 2888 canon
2941 2837 3083 2890 dicat
3139 2845 3470 2907 separandos

1912 2934 2030 2974 esse
2077 2924 2336 2993 conjuges
2391 2934 2452 2978 ut
2508 2925 2737 2980 orationi
2788 2936 2998 2988 vacent,
3051 2927 3238 2981 deﬁnit
3289 2939 3469 2986 autem

1911 3012 2203 3080 Apostolus
2252 3029 2352 3068 nos
2389 3015 2583 3068 debere
2623 3016 2738 3068 sine
2772 3017 3177 3073 intermissione
3215 3015 3372 3076 orare
3397 3025 3468 3090 3";

1914 3119 2194 3174 semperne
2259 3115 2469 3174 Oportet
2495 3112 2588 3161 eus
2615 3107 2704 3174 qui
2737 3108 3066 3175 cohabitant,
3102 3127 3131 3163 a
3161 3129 3216 3166 se
3245 3114 3470 3168 invicem

1913 3194 2222 3247 abstinere?
2258 3197 2351 3248 sed
2392 3212 2498 3249 non
2530 3197 2594 3250 dc
2621 3200 2814 3265 quavis
2855 3202 3099 3254 oratione
3142 3205 3338 3267 agitur,
3380 3209 3469 3262 sed

1914 3286 1979 3337 de
2025 3286 2400 3352 praestantiore
2424 3325 2438 3349 ,
2469 3299 2800 3344 sanctorum
2859 3293 3072 3345 scilicet
3116 3293 3506 3360 jejuniorum.~

1915 3374 2046 3427 Nam
2078 3384 2130 3428 et
2162 3392 2255 3443 per
2282 3377 2519 3446 Moysem
2556 3378 2702 3437 Deus
2725 3379 2928 3434 Judmis
2949 3383 3160 3435 divinas
3205 3399 3362 3438 voces
3412 3387 3467 3438 in

1914 3474 2096 3519 monte
2154 3469 2422 3524 audituris
2473 3473 2725 3538 praecepit
2768 3483 2826 3525 ut
2875 3489 2902 3526 a
2945 3476 3178 3542 propriis
3209 3478 3468 3532 uxoribus

1915 3560 2247 3613 abstinerent
2281 3562 2344 3612 ³⁸.
2395 3560 2458 3614 Ει
2492 3565 2747 3631 propheta
2785 3564 2898 3616 JOt'l
2932 3584 2942 3616 :
2978 3564 3337 3634 Sanctiﬁcate,
3383 3571 3468 3623 in-

1914 3655 2059 3720 quit,
2096 3655 2382 3720 jejunium,
2419 3666 2466 3708 et
2507 3667 2652 3708 exeat
2692 3673 2908 3722 sponsus
2948 3673 3010 3710 ex
3055 3661 3216 3712 cubili
3252 3677 3378 3729 suo,
3420 3676 3469 3717 et

1916 3764 2201 3814 sponsam:
2234 3766 2327 3802 suo
2365 3751 2593 3801 thalamo
2627 3750 2689 3800 "°.
2740 3747 2875 3801 Cum
2905 3751 3037 3804 haec
3079 3763 3258 3807 autem
3302 3758 3370 3809 ita
3414 3773 3474 3811 se

1918 3841 2167 3901 habeant,
2200 3858 2306 3894 non
2350 3841 2506 3892 video
2538 3840 2860 3904 quibusnam
2898 3844 3072 3909 plenis
3116 3847 3473 3914 subjicientur

1915 3929 2007 3997 qui
2060 3929 2169 3981 haec
2217 3943 2322 3980 non
2377 3937 2614 3980 servant.
2677 3929 2938 3982 Existimo
2975 3942 3152 4000 autem
3197 3935 3336 4001 quod
3375 3950 3472 3998 pro

1911 4019 2118 4089 judicio
2150 4020 2268 4082 ejus
2297 4018 2386 4085 qui
2430 4019 2582 4072 audit
2617 4020 3037 4084 coiifessionem,
3066 4023 3332 4075 medicina
3373 4026 3468 4075 ad-

1886 4109 2128 4169 hibetur
2161 4110 2426 4176 personis.
2475 4119 2529 4163 et
2576 4113 2881 4165 necessitati
2930 4123 3151 4164 natura;
3190 4111 3469 4180 1.630103

1913 4213 2036 4252 can.
2061 4215 2178 4268 syn.
2213 4200 2264 4251 in
2291 4198 2498 4256 Trullo.

1928 4484 1934 4490 '
1986 4469 2182 4525 Zona.
2223 4471 2296 4526 De
2338 4473 2406 4527 iis
2441 4473 2534 4541 qui
2579 4471 2814 4540 legitimo
2852 4471 2993 4525 inter
3025 4488 3085 4529 se
3120 4476 3469 4531 matrimonio

243 4572 434 4645 τηθεὶς
467 4562 516 4624 εί
549 4571 652 4642 χρὴ
682 4547 978 4641 άπὲχεσθαι
1004 4547 1265 4642 ἀλλήλων,
1289 4547 1497 4640 ⁷ἔφησεν
1547 4570 1639 4632 ὡς’
1663 4547 1809 4641 ὀφεί-

1918 4564 2153 4632 copulati
2185 4573 2330 4625 sunt,
2374 4571 2594 4631 rogatus
2633 4577 2762 4613 num
2807 4563 3077 4618 abstinere
3116 4567 3341 4619 invicem
3373 4567 3469 4628 de-

243 4665 432 4718 λουσιν
480 4664 531 4717 οἱ
581 4662 806 4716 τοιοῦτοι
849 4662 1000 4714 αὐτοὶ
1041 4663 1250 4715 ἑαυτῶν
1304 4659 1438 4715 εἶναι
1469 4664 1672 4732 κριταὶ,
1719 4664 1812 4717 καί

243 4769 384 4806 ποτε
435 4750 676 4822 ἀλλήλων
721 4748 1015 4819 ἀπέχεσθαι
1069 4751 1133 4801 ἐκ
1183 4748 1490 4818 συμφώνου,
1530 4751 1695 4820 ἦγουν
1748 4753 1812 4804 ὲκ

243 4840 432 4894 κοινοῦ
463 4837 950 4910 θελήματος.·οὔτε
982 4837 1088 4910 γὰρ
1120 4840 1148 4890 6
1191 4838 1326 4907 ἀνὴρ
1375 4840 1672 4906 ἐξουσιάζει
1715 4841 1809 4893 τοῦ

247 4926 386 4981 ἰδίου
416 4925 680 4996 σώματος,
713 4925 837 4980 οὔτε
879 4928 911 4996 ἡ
960 4925 1114 4996 γυνὴ,
1147 4925 1289 4978 κατά
1314 4928 1403 4979 τὸν
1441 4929 1609 4997 μέγαν
1653 4932 1810 4982 Ἀπο-

245 5017 459 5071 στολον.
488 5017 586 5070 Διὰ
615 5017 772 5071 τοῦτο
821 5013 912 5070 οὖν
943 5016 1269 5085 ’συμφωνεῖν
1299 5016 1553 5088 ἀλλήλους
1581 5021 1659 5071 δεῖ
1690 5021 1815 5088 περὶ

242 5106 467 5176 ἀποχῆς
497 5107 583 5161 ἵνα
610 5108 906 5177 σχολάσωσι
938 5109 1004 5178 τῇ
1039 5110 1330 5176 προσευχῇ,
1354 5110 1447 5161 καὶ
1480 5113 1542 5176 τῇ
1573 5105 1809 5180 νηστείᾳ.

244 5198 317 5251 Et
355 5196 428 5266 μὴ
461 5196 568 5267 γὰρ
598 5199 663 5250 ὲκ
694 5198 978 5269 συμφώνου
1009 5197 1207 5265 γίνοιτο
1233 5201 1266 5268 ἡ
1295 5201 1492 5271 ἀποχὴ,
1528 5203 1814 5271 ἀποστερεῖ

245 5276 472 5349 πάντως
508 5287 569 5339 τὸ
616 5288 688 5360 μὴ
723 5288 1042 5360 βουλόμενον
1076 5289 1172 5358 τὴν
1208 5292 1487 5343 συνουσίαν
1538 5293 1716 5361 μέρος,
1751 5291 1812 5341 τὸ

242 5377 458 5448 ταύτην
490 5376 800 5448 ὲπιζητοῦν.
829 5381 938 5434 Καὶ
965 5379 1081 5443 πῶς
1119 5379 1183 5434 ἂν
1216 5380 1340 5454 δόξῃ
1369 5383 1694 5446 ὲξουσιάξειν
1723 5377 1813 5433 τοῦ

199 5535 202 5537 _
248 5469 509 5540 σώματος
535 5467 630 5520 τοῦ
662 5469 736 5539 μὴ
771 5471 1171 5542 συγχωροῦντος
1202 5472 1415 5542 μέρους,
1444 5475 1504 5526 τὸ
1528 5475 1623 5542 τὴν
1661 5475 1816 5524 συνάο

246 5551 416 5632 φειαν
447 5557 643 5630 ζητοῦν
671 5561 763 5613 καὶ
805 5560 880 5632 μὴ
921 5552 1392 5632 συγχωρούμὲνονς
1439 5566 1730 5633 Συμῦαίνει
1761 5563 1814 5614 δὲ

247 5647 496 5722 καὶ-τὴν
540 5648 764 5722 θατέρου
807 5640 1149 5722 ἐγκράτειαν,
1184 5656 1263 5716 εἰς
1294 5654 1494 5725 βλάϐην
1527 5656 1656 5715 ῐσως
1682 5654 1815 5706 ἀπο»

256 5873 264 5880 -
329 5836 424 5893 ⁸⁸1
447 5832 578 5894 Cor.
613 5850 708 5908 vn;
744 5835 831 5890 5.‘
874 5837 917 5871 π
952 5836 1083 5894 Ibid.
1115 5837 1168 5894 ι.
1246 5839 1289 5872 ⁸⁸
1327 5838 1347 5892 l
1379 5837 1570 5895 Thess.
1600 5854 1650 5907 ν,
1683 5839 1768 5895 l7.

1847 5840 1890 5876 ”
1928 5839 2094 5898 Exod.
2134 5857 2242 5906 xu,
2276 5841 2356 5895 l5.

1916 4651 2100 4716 beant,
2117 4653 2411 4720 respondit,
2427 4660 2672 4718 oportere
2692 4651 2957 4718 ipsosmet
2985 4655 3069 4706 sui
3094 4669 3212 4708 esse
3235 4656 3466 4722 judices,

1917 4753 1969 4798 et
2009 4743 2296 4812 aliquando
2338 4741 2606 4794 abstinere
2647 4742 2910 4803 invicem,
2951 4761 3013 4797 ex
3045 4761 3330 4806 consensu,
3367 4747 3468 4800 hoc

1918 4845 1996 4888 est
2027 4820 2294 4886 communi
2339 4832 2623 4899 utriusque
2651 4835 2950 4888 voluntate.
3001 4836 3179 4903 Neque
3210 4839 3352 4887 enim
3385 4839 3468 4890 vir

1921 4934 2231 4994 potestatem
2280 4923 2439 4975 habet
2491 4925 2573 4980 siti
2629 4928 2892 4994 corporis,
2944 4941 3114 4993 neque
3163 4927 3374 4990 mulier,
3407 4936 3467 4980 ut

1919 5029 2146 5082 magnus
2176 5013 2465 5082 Apostolus
2502 5015 2594 5068 ait.
2634 5015 2862 5068 Proinde
2901 5031 3028 5084 ergo
3061 5017 3347 5070 convenire
3384 5019 3468 5070 in-

1919 5116 1997 5165 ter
2024 5119 2081 5158 se
2113 5106 2338 5158 invicem
2367 5115 2577 5174 oportet
2597 5110 2668 5161 de.
2695 5109 3034 5166 abstinentia,
3069 5114 3127 5158 ut
3169 5109 3467 5174 precationi

1921 5213 1982 5251 ac
2019 5197 2223 5265 jejunio
2244 5209 2450 5252 vacent.
2485 5198 2691 5252 Etenim
2734 5201 2775 5253 si
2811 5213 2912 5249 non
2951 5213 3012 5248 CX
3043 5212 3309 5250 COHSCHSU
3342 5201 3467 5255 abs-

1915 5288 2141 5352 tineant,
2195 5287 2466 5344 fraudabit
2527 5291 2682 5359 plane
2716 5305 2777 5342 ea
2801 5305 2935 5357 pars
2966 5305 3085 5356 qua:
3117 5303 3466 5359 congressum

1915 5380 2112 5445 renuit,
2148 5381 2368 5434 alteram
2410 5398 2530 5450 quae
2569 5384 2707 5435 hunc
2746 5383 3002 5447 deposcit.
3039 5381 3198 5449 Atan
3229 5397 3464 5451 qnmmm

1919 5475 2079 5526 modo
2136 5474 2286 5527 dicas
2344 5483 2656 5542 potestatem
2721 5472 2913 5524 habere
2981 5472 3030 5524 in
3090 5487 3288 5543 corpus
3349 5476 3467 5542 ejus

1917 5566 2084 5632 partis
2110 5579 2228 5632 qua:
2263 5579 2610 5634 congressum
2660 5563 2867 5625 abnuit,
2905 5565 3125 5617 alteram
3181 5566 3264 5619 cui
3305 5568 3468 5633 depo-

1919 5655 2089 5708 scenti
2144 5655 2234 5706 ille
2284 5655 2698 5721 haudquaquam
2764 5655 3134 5720 permittitur?
3191 5656 3467 5725 Contingit

2434 5836 2476 5869 ⁸ο
2509 5836 2641 5896 Joel.
2673 5857 2730 5908 ιι,
2767 5840 2850 5909 15,
2889 5842 2971 5898 16.
