4094 6350
187 501 311 554 1301

1296 497 1513 554 EPIST.
1553 500 1644 552 AD
1683 496 1937 554 FABIUM
1977 495 2293 552 ANTIOCH.

3260 499 3283 551 1
3293 494 3400 552 3οῧ

179 620 478 688 θρασύτητι
513 585 574 672 τδ
629 589 760 691 μηδὲ
799 616 1063 689 πρότερον
1090 618 1403 688 Χριστιανοὶ
1433 602 1706 686 γεγονέναι

1814 668 1816 674 ,
1843 614 2040 684 pusillo
2054 614 2256 668 'animo
2279 629 2417 670 esse.
2444 616 2547 668 Alii
2579 626 2705 670 vero
2727 614 3027 684 promptius
3052 613 3118 668 ad
3149 628 3271 667 aras
3304 616 3398 668 ad-

179 705 306 778 περὶ
347 699 424 760 ὧν
468 709 500 778 ἠ
539 706 631 760 τοῦ
676 707 879 777 Κυρίου
926 707 1227 778 πρόρρησις
1268 707 1624 779 ἀληθεστάτη,
1657 709 1738 760 ὅτι

174 795 448 860 δυσκόλως
473 795 820 866 σωθήσονται.
849 795 968 850 Τῶν
999 796 1056 850 δὲ
1083 795 1300 859 λοιπῶν,
1327 799 1375 850 οἱ
1410 797 1507 868 μὲν
1528 796 1739 851 εἵποντο

175 884 385 948 τούτοις
430 881 738 956 ἑκατέροις·
783 887 832 938 οἱ
873 885 927 939 δὲ
965 885 1222 957 ἔφευγονο
1263 887 1311 938 οἱ
1350 884 1402 938 δὲ
1439 885 1734 956 ἡλίσκοντο.

175 976 280 1049 Καὶ
305 977 510 1029 τούτων
530 978 576 1028 οἱ
624 975 722 1045 μὲν
755 975 879 1047 ἄχρι
904 971 1130 1046 δεσμῶν
1153 977 1245 1030 καὶ
1274 975 1515 1045 φυλακῆς
1555 978 1736 1047 χωρή-

173 1084 363 1144 σαντες
394 1083 408 1098 ·
464 1066 554 1119 καί
601 1083 773 1132 τινες,
824 1065 918 1120 καὶ
961 1066 1208 1129 πλείονας
1261 1065 1469 1137 ἡμέρας
1514 1066 1733 1138 καθειρέ

169 1154 407 1225 χθέντες,
442 1153 558 1210 εἶτα
581 1157 674 1210 καὶ
696 1157 823 1228 πρὶν
847 1157 925 1220 εἰς
949 1156 1288 1227 δικαστήριον
1310 1155 1585 1219 εἰσελθεῖν,
1612 1155 1735 1221 ἐξω-

173 1248 434 1315 μόσαντο·
469 1251 516 1300 οἱ
549 1249 605 1301 δὲ
638 1249 731 1301 καὶ
765 1245 1014 1318 βασάνοις
1061 1247 1155 1300 ἐπὶ
1189 1247 1351 1300 ποσὸν
1400 1250 1732 1320 ἐγκαρτερή-

169 1352 383 1400 σαντες,
411 1337 544 1408 πρὸς
571 1337 630 1390 τὸ
658 1337 782 1408 ἑξῆς
815 1339 1062 1392 ἀπεῖπον.
1669 1352 1674 1357 ”

1839 705 2160 769 currebant,
2211 705 2465 761 audacter
2501 705 2826 762 afﬁrmantes
2855 716 3130 774 nunquam
3160 719 3218 759 se
3239 713 3394 758 antea

1837 794 2175 851 Christianos
2229 794 2399 852 fuisse
2439 797 2543 851 :de
2592 797 2789 866 quibus
2839 793 3123 850 verissime
3153 794 3396 863 praedixit

1836 886 1964 939 olim
1989 884 2275 949 Dominus,
2300 887 2568 957 ejusmodi
2593 886 2836 942 homines
2857 900 2996 956 aegre
3021 886 3247 940 salutem
3271 900 3399 939 eon-

1837 985 2142 1032 secuturos.
2194 978 2384 1033 Cazteri
2431 987 2610 1032 autem
2650 978 2842 1048 partim
2882 977 3170 1032 alterutrns
3205 989 3393 1029 eorum

1791 1067 1796 1077 ί
1840 1083 1977 1137 quos
2005 1068 2241 1124 diximus
2268 1109 2282 1133 ,
2340 1070 2734 1137 sequebantur;
2785 1067 2974 1136 partim
3021 1082 3078 1121 se
3125 1067 3179 1119 in
3210 1064 3392 1133 fugam

1837 1159 2075 1224 dabant;
2127 1160 2326 1230 partim
2371 1159 2989 1230 comprehendebantur.
3053 1155 3130 1210 Ex
3193 1156 3390 1225 quibus

1835 1251 2112 1315 nonnulli,
2145 1266 2269 1305 cum
2301 1266 2472 1319 usque
2506 1250 2570 1304 ad
2605 1251 2818 1304 vincula
2853 1260 2906 1304 et
2934 1248 3228 1303 custodiam
3265 1261 3392 1314 pro-

1835 1343 2006 1411 gressi
2046 1351 2261 1406 essent,
2289 1343 2507 1413 quidam
2542 1342 2702 1397 etiam
2727 1343 2998 1410 plusculos
3031 1341 3146 1394 dies
3185 1341 3246 1394 in'
3271 1345 3401 1393 car-‘

163 1441 286 1482 cere
315 1428 711 1497 perstitissent,
757 1429 908 1497 prius
945 1436 1123 1482 tamen
1172 1441 1334 1496 quam
1375 1427 1428 1480 in
1465 1426 1729 1496 judicium
1780 1429 2185 1498 inducerentur,
2243 1435 2405 1489 fidem
2460 1423 2777 1503 ejurarunt.°
2815 1431 3063 1486 Nonnulli
3091 1445 3215 1484 vero
3265 1443 3386 1483 cum

166 1519 483 1591 aliquandiu
518 1526 781 1572 tormenta
818 1518 1027 1571 fortiter
1053 1519 1457 1582 sustinuissent,
1487 1517 1553 1572 ad
1591 1519 1796 1588 reliqua
1831 1524 2394 1591 quaelintentabantur
2439 1522 2698 1594 supplicia
2733 1521 2942 1576 animos
2967 1519 3386 1589 desponderunt.

231 1612 312 1664 E’.
343 1612 409 1664 Οἱ
434 1611 489 1663 δὲ
515 1612 729 1682 στερροὶ
759 1610 853 1664 καὶ
887 1613 1142 1682 μακάριοι
1169 1611 1347 1665 στῦλοι
1374 1611 1468 1665 τοῦ
1501 1611 1726 1683 Κυρίου,

164 1700 598 1773 κραταιωθέντες
632 1701 723 1754 ὑπ’
770 1700 957 1765 αὑτοῦ,
993 1702 1086 1755 καὶ
1132 1703 1229 1773 τῆς
1262 1704 1484 1776 ἰσχυρᾶς
1518 1704 1574 1756 ὲν
1607 1705 1730 1757 ἐαυ-

162 1795 273 1856 τοῖς
297 1793 534 1856 πίστεως
561 1792 716 1859 ἀξίαν
741 1793 834 1846 καὶ
856 1793 1114 1862 ἀνάλογον
1144 1793 1370 1866 δύναμιν
1410 1795 1504 1848 καὶ
1533 1812 1722 1865 καρτε-

162 1883 284 1953 ρίαν
311 1884 587 1948 λαϐόντες,
616 1883 920 1954 θαυμαστοὶ
972 1883 1255 1954 γεγόνασιν
1300 1884 1461 1940 αὑτοῦ
1493 1887 1592 1956 τῆς
1628 1886 1722 1957 βα-

1900 1613 1965 1669 V.
2008 1614 2207 1672 Verum
2242 1617 2382 1672 beati
2419 1617 2492 1670 illi
2515 1632 2579 1670 ac
2624 1616 2842 1670 stabiles
2871 1616 3130 1670 columna:
3155 1613 3386 1685 Domini,
3423 1647 3432 1654 -

1827 1705 1895 1759 ab
1921 1707 2038 1774 ipso
2064 1707 2390 1774 conﬁrmati,
2415 1716 2470 1762 et
2495 1706 2616 1762 fidei
2650 1721 2760 1762 sua:
2793 1707 2974 1760 robori
3003 1713 3392 1776 congruentem-

1826 1807 1879 1850 et
1922 1813 1989 1852 ex
2027 1813 2182 1868 aequo
2230 1799 2642 1868 respondentem
2691 1797 2798 1850 vim
2825 1806 2988 1867 atque
3026 1796 3382 1856 constantiam

1827 1888 2002 1954 nacti,
2055 1886 2401 1948 admirabiles
2440 1889 2586 1958 regni
2629 1887 2772 1940 illius
2820 1893 2982 1940 testes
3019 1885 3192 1939 eil‘ecti
3235 1892 3382 1942 sunt.

162 1971 364 2037 σιλείας
392 1974 681 2046 μάρτυρες.
717 1969 815 2027 Ὧν
846 1974 1058 2045 πρῶτος
1117 1975 1415 2040 Ἰουλιανὸς,
1447 1976 1715 2048 ἄνθρωπος

1828 1978 2068 2044 Quorum
2103 1980 2313 2048 primus
2357 1978 2605 2059 Julianus
2632 2020 2646 2044 ,
2695 1978 2776 2030 vir
2815 1975 3064 2046 podagra:
3107 1975 3382 2029 doloribus

164 2064 454 2136 ποδαγρὸς,
493 2067 566 2136 μὴ
601 2069 810 2140 στῆναι,
868 2068 941 2139 μὴ
996 2067 1206 2138 βαδίσαι
1263 2067 1575 2137 δυνάμενος,
1629 2070 1723 2122 σὺν

160 2153 370 2224 ἑτέροις
403 2154 496 2207 δύο
527 2159 638 2219 τοῖς
691 2158 943 2229 φέρουσιν
993 2156 1204 2219 αὐτὺνμ
1235 2143 1513 2226 προσήχθη
1537 2174 1548 2185 ·
1591 2149 1664 2208 ὧν
1695 2159 1723 2208 ὁ

163 2243 258 2312 μὲν
286 2242 495 2314 ἕτερος,
544 2245 703 2308 εὐθὺς
759 2248 1048 2316 ἠρνήσατο·
1092 2248 1120 2299 ὁ
1168 2246 1212 2297 δ’
1264 2246 1446 2317 ἕτερος
1480 2247 1722 2316 Κρονίων

123 2321 126 2324 ’
157 2333 406 2403 ὀνόματι,
436 2333 660 2406 ἐπίκλην
692 2335 748 2388 δὲ
778 2336 1000 2402 Εὔνους,
1034 2337 1129 2388 καὶ
1161 2337 1319 2399 αὐτὸς
1361 2339 1389 2388 ὁ
1415 2336 1722 2406 πρεσϐύτης

169 2425 472 2489 Ἰουλιανὸς,
518 2427 944 2498 ὁμολογήσαντες
989 2430 1080 2484 τὸν
1131 2429 1364 2500 Κύριον,
1413 2430 1499 2482 διὰ
1545 2430 1722 2501 πάσης

154 2513 253 2583 τῆς
287 2513 492 2577 πόλεως
523 2516 783 2587 μεγίστης
805 2516 992 2587 οὔσης,
1022 2519 1096 2581 ὼς
1137 2519 1271 2581 ῐστε,
1304 2517 1569 2587 καμήλοις
1597 2521 1718 2570 ἐπο-

155 2604 406 2675 χούμενοι
435 2606 525 2657 καὶ
550 2606 810 2678 μετέωροι
845 2608 1454 2678 μαστιγούμενοι,τέλος
1473 2608 1719 2679 ἀσϐέστῳ

157 2697 287 2767 πυρὶ
340 2696 451 2767 (89)
511 2697 932 2768 περικεχυμένου
990 2698 1080 2752 τοῦ
1129 2699 1296 2769 δήμου
1330 2700 1527 2763 παντὸς
1555 2717 1717 2752 κατε-

153 2791 388 2861 κάησαν.
416 2789 758 2861 Στρατιώτης
804 2806 862 2841 τε
917 2789 1098 2852 αὐτοίς
1136 2781 1501 2860 ἀπαγομένοις
1540 2807 1715 2859 παρα-

153 2879 309 2944 στὰς,
342 2881 435 2933 καὶ
465 2883 576 2944 τοῖς
608 2881 985 2952 ὲφυὸρίζουσιν
1031 2879 1385 2944 ἐναντιωθεὶς,
1420 2879 1712 2950 ἐκϐοησάν-

151 2985 258 3020 των
287 2970 514 3023 ἐκείνων
544 2970 868 3042 προσαχθεὶς
917 2972 945 3022 ὁ
994 2970 1367 3040 ἀνδρειότατος
1409 2970 1712 3041 ὁπλομάχος

135 3057 242 3110 -τοῦ
273 3058 410 3112 Θεοῦ
435 3061 634 3130 Βησᾶς,
660 3063 761 3114 κάν
794 3061 871 3132 τῷ
921 3061 1139 3133 μεγάλῳ
1192 3061 1414 3132 πολέμῳ
1464 3062 1541 3133 τῷ
1587 3065 1714 3133 περὶ

153 3149 251 3221 τῆς
273 3150 553 3214 εὐσεϐείας
609 3153 953 3223 ἀριστεύσας,
1013 3143 1300 3225 ἀπετμήθη
1327 3155 1424 3225 τὴν
1450 3155 1708 3226 κεφαλήν.

157 3240 263 3294 Καί
306 3257 390 3302 τις
413 3241 598 3312 ’ἔτερος
625 3243 686 3295 τὸ
732 3245 828 3314 μὲν
868 3245 1020 3312 γένος
1047 3244 1232 3307 Λίϐυς,
1281 3245 1377 3317 τὴν
1419 3246 1474 3299 δὲ
1507 3263 1710 3317 προση-

150 3331 336 3403 γορίαν
388 3305 519 3400 ἀμα-
550 3305 642 3386 καὶ
691 3305 789 3405 τήν
817 3305 1062 3402 εὐλογίαν
1117 3305 1704 3407 ἀληθήςᾜάκαρίθθῇ,
1737 3305 1780 3364 C

150 3421 464 3494 προτροπῆς
497 3422 644 3493 αὐτῷ
670 3423 868 3493 πολλῆς
900 3424 1006 3477 ὑπὸ
1053 3424 1147 3476 τοῦ
1171 3425 1419 3478 δικαστοῦ
1447 3428 1580 3498 πρὸς
1607 3429 1705 3499 ἀρ-

150 3529 300 3584 νησιν
329 3513 646 3583 γενομένης,
676 3514 772 3583 οὐχ
803 3514 1080 3583 ὑπαχθεὶς,
1109 3513 1214 3576 ζῶν
1248 3515 1702 3583 καταπέφλεκταυ

162 3603 457 3674 Ἐπίμαχὸς
496 3620 555 3656 τε
615 3605 727 3673 μετ’
761 3603 961 3665 αὐτοὺς
1011 3605 1102 3656 καὶ
1147 3602 1508 3673 Ἀλέξανδρος,
1570 3609 1706 3675 μετά

151 3695 313 3748 πολὺν
353 3693 463 3764 (91)
509 3694 567 3748 ὃν
611 3693 831 3765 ἔμειναν
864 3693 1134 3764 δεσμῶται
1168 3694 1377 3766 χρόνον,
1410 3696 1603 3764 μυρίας
1627 3698 1704 3748 δι-

117 3778 459 3852 ἐνεγκόντες
513 3785 842 3856 ἀλγηδόνας,
903 3784 1192 3857 ξυστῆρας,
1255 3785 1536 3854 μάστιγας,
1573 3787 1703 3857 πυρὶ

148 3876 395 3948 ἁσὸέστῳ
424 3878 518 3930 καὶ
545 3872 689 3932 οὗτοι
717 3877 1053 3948 διεχύθησαν.
1345 3859 1352 3864 ³

213 4149 303 4215 ς’.
347 4147 458 4201 Καὶ
491 4149 587 4203 σὺν
613 4149 792 4214 αὐτοῖς
829 4153 1080 4219 γυναῖκες
1105 4151 1382 4222 τέσσαρες·
1427 4150 1702 4220 Ἀμμωνά-

149 4256 257 4293 οιον
289 4255 352 4290 τε
379 4240 511 4306 ἀγία
551 4241 833 4310 παρθένος,
861 4243 998 4296 πάνυ
1047 4242 1360 4310 φιλονείκως
1385 4242 1552 4313 αὐτὴν
1580 4245 1699 4296 ὲπι-

148 4331 389 4388 πλείσταν
446 4329 540 4382 τοῦ
572 4331 824 4387 δικαστοῦ
881 4333 1281 4404 βασανίσαντος,
1334 4333 1427 4387 ac:
1460 4352 1699 4405 προαπο-

144 4421 458 4492 φηναμένην
488 4417 563 4482 ὡς
595 4423 757 4497 μηδὲν
786 4417 861 4476 ὧν
890 4427 1090 4489 ἐκεῖνος
1142 4425 1350 4479 κελεύοι
1393 4424 1696 4494 φθέγξαιτο,

142 4511 483 4581 ἀληθεύσασα
510 4509 608 4579 τὴν
661 4512 1008 4580 ἐπαγγελίαν,
1061 4515 1299 4586 ἀπήχθηο
1327 4519 1383 4568 αἱ
1411 4516 1467 4568 δὲ
1493 4517 1695 4576 λοιπαὶ,

146 4601 724 4673 ήσεμνοπρεπεστάτη
785 4605 1078 4674 πρεσϐύτις
1136 4607 1476 4677 Μερκουρία,
1537 4609 1629 4658 καὶ
1663 4608 1694 4675 ἡ
1734 4640 1775 4692 D

147 4693 412 4756 πολύπαις
449 4692 567 4763 μὲν,
597 4692 695 4762 οὐχ
723 4693 862 4762 ὑπὲρ
893 4696 983 4747 τὸν
1017 4696 1220 4766 Κύριον
1263 4696 1318 4747 δὲ
1369 4697 1700 4765 ἀγαπήσασα

144 4785 344 4855 εαυτῆς
385 4784 454 4837 τὰ
506 4782 674 4837 τέκνα
703 4783 952 4837 Διονυσία
985 4786 1115 4854 (92),
1153 4785 1589 4849 καταιδεσθέντος
1621 4789 1698 4850 εἰς

209 4979 650 5052 (89)Ἇσ6έᾳτφ
671 4978 837 5052 ενεινρζἶ
860 4979 1039 5052 Potest
1058 4981 1200 5033 enim
1229 4984 1360 5052 verti
1395 4983 1518 5036 rirw
1541 4985 1734 5038 calcis.

144 5048 403 5105 incendio.
431 5048 519 5102 Sic
545 5049 686 5102 infra
713 5050 776 5101 de
804 5048 1091 5116 Epimacho
1123 5061 1177 5103 ct
1209 5051 1514 5104 Alexandro
1542 5054 1696 5115 dixit,

145 5122 272 5192 πυρὶ
303 5119 550 5192 ἀσϐέστῳ
584 5117 1053 5192 διεχύθησανηΡιδρ
1086 5119 1571 5192 quo_Nie_cphorus
1601 5124 1697 5176 ha-

146 5188 230 5242 bet
260 5189 483 5256 τιτάνῳ.
533 5188 589 5241 ln
633 5188 834 5242 Menam
884 5188 949 5241 ad
1003 5188 1140 5241 diem
1190 5189 1257 5240 50
1307 5189 1696 5254 0ctobris,‘.,ubi

145 5260 350 5312 mentio
394 5260 452 5310 tit
505 5257 696 5327 borum
775 5267 1069 5327 martyrum
1121 5256 1338 5324 Juliani,
1408 5260 1697 5313 (lronionis

141 5335 194 5378 et
244 5326 748 5395 Macariitlegitur
791 5322 1050 5382 ἀσϐέστου
1098 5322 1473 5391 ζέοντοςκατ
1523 5329 1696 5382 αὐτῶν

143 5395 478 5463 ἐκχυθέντος.
513 5394 716 5448 Vanus.
909 5405 917 5413 ‘

210 5465 324 5532 (90)
353 5466 470 5544 ,Καὶ
507 5465 620 5544 τὴν
660 5466 944 5544 augerier
983 5467 1222 5544 ἀζηθῄςῄ
1241 5467 1464 5544 Μάκαρ.
1499 5464 1698 5544 Alludit

147 5530 435 5605 Dionysius
467 5536 534 5588 ad
562 5530 724 5605 verba
748 5530 834 5585 llla
868 5530 1509 5605 Christiin'Evangel’io:
1544 5533 1694 5605 Beati
1737 5570 1740 5573 .

144 5601 287 5661 estis.
321 5617 439 5654 cum
470 5603 722 5671 persecuti
754 5617 839 5654 vos
878 5603 1070 5668 fuerint
1102 5601 1361 5668 homines,
1385 5615 1512 5666 etc.,
1552 5601 1694 5669 quod

145 5679 470 5740 tamennon
507 5674 637 5726 vidit
659 5671 1199 5740 Christophorsonus.
1225 5674 1326 5739 Qui
1355 5675 1511 5727 etiam
1547 5672 1599 5740 in
1632 5685 1720 5740 eo‘

146 5738 508 5810 hallucinatus
537 5751 643 5806 est,
671 5743 814 5810 quod
851 5738 1141 5810 Macarium
1178 5738 1322 5797 hunc
1353 5743 1482 5796 facit
1504 5739 1692 5810 Afrum

145 5805 488 5894 t’f'ftﬁibry‘oio.
524 5805 1020 5894 Eleganter'autem.
1039 5809 1267 5894 llufinus
1295 5812 1436 5864 hunc
1458 5809 1692 5890 Dionysii

144 5876 321 5931 locum
371 5876 442 5930 ita
498 5876 698 5934 vertit:
739 5879 887 5933 Ali'us
933 5878 1143 5946 quidam
1197 5883 1271 5934 vir
1329 5881 1550 5934 nominis
1600 5876 1694 5932 sui

1823 2072 2170 2136 constrictus,
2206 2072 2298 2140 qui
2329 2085 2429 2124 nec
2450 2079 2593 2124 stare
2619 2075 2825 2138 poterat
2851 2082 2950 2121 nec
2975 2067 3240 2131 incedere,
3273 2080 3380 2119 una

1822 2177 1946 2215 cum
1975 2161 2188 2216 duobus
2215 2161 2333 2215 aliis
2356 2161 2448 2230 qui
2478 2162 2655 2229 ipsum
2684 2158 2968 2228 portabant
2995 2156 3253 2212 adductus
3277 2164 3380 2210 est.

1823 2254 2024 2309 llorum
2065 2256 2198 2309 alter
2227 2255 2405 2309 statim
2435 2253 2664 2321 negavit.
2699 2252 2847 2306 Alter
2873 2251 3090 2305 nomine
3120 2249 3380 2312 Cronion,

1821 2347 1913 2415 qui
1956 2344 2142 2399 Ennus
2179 2345 2680 2414 cognominabatur,
2716 2356 2924 2397 necnon
2970 2349 3022 2394 et
3069 2355 3232 2395 senex
3266 2340 3380 2408 ipse

1819 2439 2087 2507 Julianus,
2133 2457 2258 2496 cum
2299 2440 2574 2494 Christum
2616 2436 2850 2494 confessi
2889 2444 3087 2498 essent,
3119 2449 3215 2502 per
3249 2432 3377 2486 uni-

1819 2546 2030 2585 versam
2063 2531 2270 2593 urbem,
2300 2544 2419 2598 qua:
2444 2527 2683 2597 quidem,
2713 2535 2770 2580 ut
2795 2513 2988 2590 nostis,
3013 2523 3246 2578 maxima
3270 2531 3372 2586 est,

1818 2622 2038 2676 camelis
2077 2621 2391 2680 insidentes,
2420 2617 2600 2688 ﬂagris
2644 2615 2899 2668 sublimes
2926 2613 3218 2675 verberati,
3256 2621 3373 2666 tan-

1817 2712 1938 2766 dem
2007 2710 2386 2765 ardentissimo
2425 2710 2546 2778 igne
2596 2706 2923 2761 circumfusa
2982 2706 3147 2760 totius
3188 2700 3387 2774 populi
3454 2739 3457 2742 -

1816 2799 2157 2853 multitudine
2200 2799 2507 2867 consumpti
2546 2804 2691 2852 sunt.
2740 2794 2893 2869 Miles
2933 2810 3060 2850 vero
3099 2796 3191 2865 qui
3239 2793 3370 2865 ipsis

1814 2892 1942 2944 dum
1980 2891 2048 2945 ad
2076 2891 2411 2961 supplicium
2450 2879 2774 2944 ducerentur
2804 2889 3045 2952 astabat,
3088 2896 3141 2941 ct
3179 2896 3367 2941 contn-

1813 2981 2036 3034 meliam
2068 2981 2360 3035 inferentes
2390 2979 2724 3049 propulerat,
2752 2977 2944 3032 Bersas
2973 2980 3208 3039 nomine,
3237 2991 3367 3030 con-

1814 3071 2081 3125 clamante
2114 3072 2370 3125 adversus
2399 3084 2520 3124 eum
2560 3052 2756 3137 populo
2782 3067 2836 3120 in
2859 3067 2946 3134 ius
2966 3066 3234 3136 adductus
3260 3074 3362 3120 est.

1813 3159 1916 3216 Ubi
1958 3161 2292 3216 fortissimus
2331 3159 2422 3213 Dei
2459 3167 2721 3227 pugnator
2745 3196 2759 3222 ,
2797 3171 2918 3211 cum
2953 3157 3008 3210 in
3053 3171 3248 3226 magno
3276 3157 3366 3210 illo

1813 3269 1910 3324 pro
1943 3255 2136 3323 pietate
2185 3253 2474 3307 certamine
2500 3262 2736 3326 strenue.
2759 3264 2816 3303 se
2863 3250 3154 3318 gessisset,
3189 3248 3363 3305 securi

1814 3358 2100 3412 percussus
2133 3351 2236 3394 est.
2271 3341 2423 3394 Alius
2454 3340 2580 3397 item
2613 3338 2873 3394 oriundus
2894 3355 2956 3393 ex
2987 3338 3171 3409 Libya,
3199 3349 3250 3392 et
3270 3353 3364 3392 vo-

1810 3434 2006 3486 cabulo
2037 3440 2089 3485 ct
2111 3430 2289 3485 divina
2314 3429 2685 3484 benedictione
2716 3445 2837 3483 vere
2861 3429 3054 3491 Macar,
3085 3444 3205 3482 eum
3234 3444 3261 3480 a
3281 3429 3362 3496 ju-

1811 3522 1930 3575 dice
1959 3519 2210 3572 omnibus
2245 3521 2420 3573 modis
2446 3523 2784 3582 sollicitatus,
2821 3531 2877 3571 ttt
2905 3519 3172 3571 Christum
3204 3533 3361 3584 nega-

1810 3619 1925 3672 ret,
1971 3609 2107 3662 llecti
2157 3625 2430 3678 nunquam
2478 3611 2772 3679 potuisset,
2821 3609 2973 3660 vivus
3004 3606 3355 3659 comburitur.

1809 3699 1935 3764 Post
1957 3691 2055 3751 bos
2081 3696 2406 3767 Epimachus
2435 3712 2487 3754 et
2512 3699 2828 3761 Alexander,
2860 3711 2980 3749 cum
3012 3703 3132 3764 post
3156 3696 3372 3782 diutur-\

1809 3808 1936 3845 num
1962 3794 2194 3847 carceris
2217 3793 2491 3848 horrorem
2524 3793 2574 3844 in
2603 3805 2710 3859 quo
2736 3789 2896 3843 vincti
2930 3793 3354 3856 permanserant,

1811 3881 2014 3937 ferreos
2042 3897 2266 3952 ungues,
2291 3883 2451 3950 ﬂagra
2475 3896 2536 3934 ac
2571 3882 2714 3935 mille
2744 3880 2991 3935 dolorum
3026 3891 3216 3949 genera
3242 3895 3355 3950 per-

1810 3973 2079 4040 tulissent,
2101 3973 2236 4026 vivae
2258 3971 2421 4024 calcis
2461 3970 2709 4027 incendio
2735 3973 2896 4028 etiam
2923 3971 3022 4042 ipsi
3045 3971 3374 4048 colliquefa-l

1808 4065 1878 4118 cti
1905 4064 2198 4134 perierunt.

1877 4153 1964 4208 Vl.
2003 4153 2262 4228 Eumdem
2283 4166 2404 4205 cum
2436 4152 2566 4221 ipsis
2589 4153 2810 4207 exitium
2841 4155 3041 4208 sortitae
3072 4162 3200 4209 sunt
3221 4169 3358 4223 qua-

1807 4258 1930 4301 tuor
1955 4245 2226 4298 mulieres.
2252 4243 2656 4297 Ammonarium
2684 4244 2894 4311 quidem
2939 4244 3086 4311 virgo
3124 4245 3353 4297 sanctis-

1808 4337 1941 4391 sima
1962 4375 1976 4398 ,
2005 4348 2125 4386 cum
2160 4347 2189 4385 a
2213 4332 2401 4400 judice
2430 4332 2730 4386 diutissime
2754 4337 2890 4382 torta
2928 4329 3117 4384 fuisset
3151 4333 3346 4401 ingenti

1805 4441 1926 4480 cum
1953 4425 2243 4495 pertinacia
2266 4465 2280 4490 ,
2317 4434 2593 4494 prepterea
2627 4420 2768 4490 quod
2798 4422 2972 4489 palam
3034 4418 3345 4491 praedixerat

1805 4517 1939 4570 nihil
1984 4532 2171 4572 eorum
2235 4532 2353 4585 qua:
2397 4513 2559 4588 judcx
2618 4513 2855 4580 jusserat
2901 4512 3224 4580 prolaturam
3289 4508 3365 4562 se
3424 4518 3430 4526 '

1803 4625 1952 4676 esse;
1982 4607 2420 4679 pollicitationem
2443 4620 2593 4657 suam
2620 4605 2948 4658 cxsecutioni
2973 4600 3248 4664 mandans,
3278 4599 3345 4652 ad

1805 4701 2125 4768 supplicium
2169 4699 2395 4751 abducta
2441 4707 2542 4750 est.
2592 4692 2840 4750 Residua:
2883 4707 3042 4756 vero,
3084 4688 3344 4742 Mercuria

1802 4789 2005 4842 scilicet
2052 4802 2187 4840 anus
2242 4786 2295 4838 in
2341 4783 2529 4853 primis
2572 4783 2873 4840 veneranda
2899 4821 2914 4845 ,
2961 4793 3010 4834 et
3052 4776 3342 4848 Dionysia,

1809 4988 2094 5046 Macarius,
2126 4993 2270 5050 gente
2294 4983 2538 5052 Libycus.
2569 4986 2655 5038 Sic
2675 4985 2814 5038 enim
2839 4978 3010 5052 Latini
3033 4976 3340 5052 loquuntur,

1806 5069 1865 5110 ut
1899 5048 2195 5107 Trebellius
2229 5048 2412 5108 Pollio
2438 5058 2492 5108 in
2544 5055 2785 5116 Aureolo,
2831 5060 2883 5103 et
2919 5048 3256 5117 Lampridius
3285 5050 3339 5100 in

1805 5125 2110 5178 Commodo.
2148 5123 2220 5175 In.

1875 5191 2142 5314 {mihi
2177 5195 2246 5247 οὺ
2298 5196 2510 5246 πολύν.
2558 5192 2613 5245 In
2660 5189 2841 5243 codice
2888 5187 3025 5243 Med.
3071 5204 3134 5242 ac
3181 5185 3337 5264 May,

1875 5279 1937 5313 υ.
1971 5271 2023 5313 et
2057 5261 2248 5314 Savil..
2281 5275 2334 5314 et
2377 5264 2514 5314 anttd
2564 5259 2852 5314 Georgium
2884 5259 3184 5314 Svnceilum
3213 5257 3337 5314 legi-

1801 5257 1937 5314 Fuk.
1966 5257 2248 5332 'et_Savil.,
2281 5275 2334 5316 et
2377 5264 2514 5331 apud
2549 5259 2852 5332 Georgium
2884 5257 3340 5332 Synceilumdegif

1801 5340 1886 5384 tur
1919 5330 2055 5398 μετὰ
2081 5323 2262 5395 πολύν,
2291 5323 2607 5399 quaz'iectio
2643 5323 2812 5397 magis
2856 5323 3338 5399 placet,_‘et_liutini

1800 5394 2120 5453 auctoritate
2169 5394 2537 5456 conﬁrmatur.
2590 5394 2646 5448 ln
2697 5394 2882 5452 codice
2936 5397 3098 5464 Regio
3148 5394 3340 5462 legitur

1799 5470 1960 5524 etiam
2001 5470 2061 5522 ὃν
2097 5471 2404 5539 ἐνέμειναν,
2445 5479 2546 5520 etc.
2598 5466 2730 5539 Qua:
2767 5468 3015 5539 lectio__si
3057 5477 3176 5516 vera
3223 5471 3338 5539 est,

1799 5540 2024 5608 omnino
2077 5531 2265 5596 abesse
2304 5545 2510 5608 Oportet
2555 5538 2858 5603 negativam
2910 5535 3051 5588 illam
3100 5531 3338 5600 particu-

1798 5607 2308 5750 la?§2')mmcwala.
2334 5675 2464 5750 Post
2497 5633 2609 5750 haec
2654 5677 2809 5729 verba
2848 5671 3021 5750 addidi
3046 5684 3112 5750 ex
3146 5637 3342 5750 iiulino

1803 5741 1896 5818 καὶ
1933 5741 2304 5818 ’Ᾰμμωνάριον
2327 5746 2502 5818 ἐξέρα.
2531 5746 2769 5818 Quatuor
2787 5745 2926 5798 enim
2951 5741 3201 5796 mulieres
3222 5741 3353 5798 illas.

1806 5815 1973 5874 fuisse
1999 5814 2163 5886 supra
2194 5814 2324 5871 dixit
2356 5814 2655 5885 Dionysius.
2689 5814 2756 5866 In.
