4094 6350
271 400 410 454 15ιῦ

1434 364 1709 469 semis
1748 395 1835 451 nr
1875 396 2316 454 FRAGMENTA.

3312 406 3484 463 ’1346

264 518 400 573 mihi
428 532 540 588 pra
561 522 768 575 caeteris
786 520 1193 590 suppeditarunt
1213 518 1645 589 locupletissima:
1668 519 1818 573 orbis
1847 523 1891 578 A
1927 515 2185 570 Turriano
2215 516 2607 584 vapulantibus,
2645 527 2700 572 et
2732 517 2948 586 quidem
2991 518 3046 572 in
3080 501 3493 600 Prolegomenis.

260 608 463 665 eruditi
485 609 821 673 bibliotheca
846 609 1005 679 Regia
1031 608 1373 688 Parisiensis,
1398 609 1731 674 Colbertina,
1758 618 1815 663 et

199 724 202 727 ·
259 692 597 759 Coisliniana
640 701 1147 775 Sangerman‘ensis)
1174 745 1191 770 ,
1232 718 1445 759 summo
1498 704 1676 760 studio
1722 706 1816 759 de-

258 785 536 864 prompta,
567 804 620 851 et
643 795 695 849 in
725 794 1152 851 nnuchllecta
1201 783 1577 865 proponerem.
1608 794 1813 849 Claris-

260 886 389 941 simi
414 902 541 939 vero
564 896 721 953 atque
755 878 822 940 de
854 886 1171 954 antiquitate
1192 886 1453 961 litteraria
1479 896 1532 938 et
1562 874 1814 951 ecclesia-

258 975 402 1029 stica
425 974 755 1034 meritissimi
783 972 1006 1031 Joannis
1034 974 1284 1048 Boirinii,
1305 976 1398 1044 qui
1429 973 1606 1044 Regina
1633 992 1815 1041 inarm-

256 1069 586 1137 scriptorum
609 1068 851 1123 Codicum
874 1067 1208 1122 bibliotheca:
1236 1083 1355 1136 qua:
1380 1065 1601 1121 Lutetia:
1631 1082 1812 1121 asser-

225 1158 445 1221 .vat_ur,
477 1171 660 1210 curam
687 1170 879 1225 magna
909 1170 1030 1209 cum
1059 1156 1214 1209 laude
1242 1155 1369 1208 olim
1398 1156 1581 1224 gessit,
1610 1155 1813 1223 dignis-

256 1242 561 1317 simas'hic
616 1263 721 1301 non
767 1262 986 1317 possum
1046 1263 1152 1301 non
1203 1247 1563 1317 deprzedicarc
1588 1248 1808 1313 laudes;

254 1352 388 1393 cum
426 1338 542 1406 ejus
567 1338 822 1407 singulari
864 1338 1123 1392 beneﬁcio
1176 1338 1396 1405 adjutus
1438 1328 1544 1392 nun
1600 1338 1809 1393 facilem

256 1437 470 1485 tantum
499 1430 563 1484 ad
589 1431 1021 1501 incomparabilis
1044 1447 1271 1500 vereque
1295 1433 1454 1503 regis:
1497 1433 1643 1488 illius
1668 1450 1813 1503 gaza:

225 1519 419 1593 -a_dyta
452 1528 640 1575 nactus
673 1520 773 1575 sim
816 1522 1039 1587 aditum,
1090 1536 1278 1574 verum
1325 1532 1380 1577 et
1431 1524 1546 1592 ipse
1594 1540 1690 1593 pro
1723 1541 1806 1588 ea,

190 1600 197 1605 ’
253 1624 367 1677 qua
408 1609 715 1678 praestabat,
748 1611 1077 1672 humanitate
1113 1611 1426 1678 rarissima,
1458 1620 1585 1682 quae
1611 1616 1807 1671 ibidem
1844 1678 1847 1679 ν

252 1701 663 1767 delitescebant,
696 1702 1001 1772 frequenter
1030 1700 1161 1755 mihi
1195 1707 1649 1761 commendaverit
1675 1708 1811 1762 scri-

246 1799 619 1863 «pta,suasque
633 1792 906 1871 speciatim
924 1796 1344 1860 observationes,
1361 1797 1419 1851 in
1448 1796 1664 1853 Macarii
1698 1797 1810 1851 Ma-

250 1884 430 1952 gnetis
452 1875 745 1956 fragmenta
756 1884 877 1938 data
889 1898 1053 1952 opera
1070 1886 1312 1950 collatas,
1326 1871 1581 1941 benevole
1598 1903 1806 1943 meeum

250 1974 653 2031 Communicare
673 1977 815 2029 haud
842 1977 1245 2035 detrectaverit:
1268 1994 1335 2032 ex
1360 1980 1557 2047 quibus
1585 1981 1809 2048 proinde

250 2083 341 2122 me
368 2068 507 2121 haud
548 2083 735 2136 parum
764 2063 1057 2137 profecisse
1080 2108 1096 2133 ,
1129 2068 1475 2137 iontibusque
1501 2072 1572 2122 ab
1616 2072 1804 2126 eodem

249 2157 749 2225 indicatisulterius
794 2158 1119 2222 inhmsisse,‘
1166 2160 1393 2229 ingenue
1429 2161 1697 2229 proﬁteor.
1747 2162 1803 2217 in

249 2249 410 2304 binas
447 2258 622 2305 autem
651 2257 829 2319 partes
871 2259 1037 2305 totam
1076 2254 1458 2309 tractationem
1500 2255 1805 2324 dispescere

241 2342 401 2412 jubet
430 2350 540 2395 tum
564 2343 695 2395 novi
729 2345 1026 2412 argumenti
1059 2344 1291 2413 dignitas
1314 2384 1328 2408 ,
1370 2356 1481 2399 tum
1526 2348 1805 2415 praesentis

248 2433 511 2501 temporis
540 2442 699 2502 atque
734 2434 959 2489 instituti
992 2430 1162 2490 ratio:
1211 2453 1437 2505 quarum
1478 2440 1626 2506 prior
1664 2440 1805 2493 noti-

246 2525 389 2578 tiam
417 2524 943 2579 historico-criticam
992 2525 1056 2579 de
1098 2526 1330 2581 Macario
1362 2510 1621 2597 Magnete,
1654 2530 1803 2597 ejus-

249 2629 362 2683 que
385 2622 541 2667 aetate
561 2625 614 2667 et
634 2614 874 2682 scriptis,
899 2606 964 2668 ex
985 2615 1149 2667 variis
1167 2614 1405 2670 historiae
1427 2616 1804 2671 seclesiasticae

250 2705 619 2759 monumentis
666 2704 822 2759 editis
858 2714 1019 2773 atque
1056 2706 1269 2759 ineditis
1311 2717 1496 2771 eruet;
1538 2710 1804 2775 posterior

252 2811 381 2849 vero
410 2790 804 2866 Θεολογὸὺμενα
831 2796 1063 2867 auctoris
1094 2797 1290 2864 pariter
1314 2805 1472 2866 atque
1502 2810 1713 2852 errores
1735 2815 1801 2853 ex

248 2886 425 2955 ipsius
452 2887 667 2956 scriptis
698 2888 1166 2943 commonstrabit.
1425 2872 1428 2873 ν

290 3016 320 3091 §
349 3016 410 3069 ll.
443 3015 1215 3091 ExpenduntunreCentiorum
1234 3018 1411 3088 iniqua
1432 3020 1494 3073 de
1528 3020 1763 3088 Macario

576 3116 580 3121 -
789 3085 1026 3154 Magnete
1044 3088 1267 3153 judicia.
1319 3085 1328 3088 ’
1496 3126 1505 3131 ρ
1553 3085 1562 3088 ’
1602 3085 1605 3087 ’
1714 3118 1715 3123 η

323 3189 456 3265 Quis
481 3214 608 3252 vero
644 3182 717 3252 ae
750 3198 926 3267 qualis
970 3196 1130 3252 fuerit
1170 3192 1367 3254 noster
1396 3199 1659 3256 Macarius
1687 3195 1798 3263 Ma-

202 3306 407 3360 mgnes,
426 3296 481 3343 et
505 3304 615 3358 quo
666 3298 902 3363 tempore
947 3289 1225 3355 ﬂoruerit,
1259 3306 1466 3359 suaque
1511 3292 1708 3362 ingenii
1747 3305 1801 3347 et

234 3382 509 3451 doctrina:
530 3380 972 3452 praestantissima
1007 3381 1390 3447 conscripserit
1428 3363 1797 3446 monumenta,

247 3484 319 3523 ex
339 3470 570 3538 probata:
592 3469 922 3537 antiquitatis
945 3469 1157 3522 indiciis
1178 3484 1322 3522 nunc
1344 3470 1573 3543 primum
1594 3473 1800 3537 disqui-

247 3561 475 3614 rendum
491 3561 592 3614 erit
610 3576 623 3623 ;
642 3570 704 3625 qut
721 3563 951 3629 genuino
971 3561 1173 3615 auctori
1198 3576 1293 3614 sua
1314 3552 1626 3615 restituatur
1643 3565 1794 3627 ﬁdes,

246 3666 413 3722 quam
440 3652 680 3704 nonnulli
705 3668 771 3705 ex
796 3638 1186 3705 recentioribus
1206 3651 1441 3716 criticis,
1461 3668 1583 3712 cum
1611 3654 1676 3707 de
1698 3655 1798 3706 ista

248 3742 675 3810 Apocriticorum
697 3751 920 3795 auctore
952 3740 1082 3794 nihil
1102 3741 1170 3794 ab
1191 3740 1426 3810 antiquis
1448 3742 1797 3810 scriptoribus

248 3834 527 3897 memoriae
555 3834 825 3906 proditum
849 3835 1101 3905 legerent,
1126 3836 1297 3889 eidem
1321 3846 1517 3888 temere
1542 3835 1797 3905 derogare

247 3927 370 3981 ausi
400 3935 542 3981 sunt.
577 3927 791 3981 Scilicet
822 3944 943 3981 cum
970 3926 1291 3997 Franciscus
1317 3924 1616 3980 Turrianus
1636 3965 1651 3989 ,
1677 3942 1788 3981 ma-

248 4032 390 4093 gnus
431 4017 519 4069 ille
571 4018 987 4071 codicummss.
1025 4018 1213 4070 helluo
1240 4016 1314 4087 (4)
1364 4026 1417 4071 et
1464 4017 1797 4085 antiquitatis
1864 4084 1869 4087 ἠ

246 4102 629 4167 ecclesiasticas
673 4122 779 4161 non
835 4108 1119 4175 indiligens
1161 4109 1452 4175 indagator
1502 4108 1616 4177 (5),
1670 4109 1797 4163 hinc

246 4194 375 4248 inde
406 4194 469 4246 in
487 4194 647 4247 variis
672 4195 786 4248 suis
836 4195 1049 4262 scriptis
1071 4195 1251 4263 'hujus
1283 4193 1515 4247 auctoris
1543 4190 1795 4265 vetustis-

247 4283 375 4338 simi
400 4283 720 4337 mentionem
756 4282 995 4346 fecisset,
1016 4295 1176 4351 atque
1210 4286 1345 4337 inter
1372 4284 1474 4337 alia
1498 4278 1666 4337 etiam
1705 4284 1791 4336 itt-

246 4372 521 4429 milentum
566 4372 876 4432 adduxisset
912 4375 1153 4443 ejusdem
1193 4376 1556 4429 testimonium
1590 4375 1658 4429 de
1702 4390 1791 4428 sa-

1915 621 1970 685 p.
2003 606 2053 672 7,
2085 607 2151 659 de
2176 606 2278 661 hoc
2303 605 2572 661 Turriano
2594 609 2908 677 pronuntiat
2933 627 2946 661 :

1972 740 2111 805 Quid
2132 740 2346 807 dignum
2371 712 2517 801 tant‘o
2548 739 2675 793 tulit.
2700 740 2784 797 hic
2820 740 3104 807 promissor
3127 740 3275 793 hiatu
3308 740 3439 810 (6)7‘

1924 852 2174 905 Ventosas
2209 851 2428 931 projecit
2464 852 2954 920 ampullas,'libros
2996 862 3327 922 auctoresque
3367 854 3479 909 ine-

1914 942 2074 1003 ditns,
2100 943 2190 1011 qui
2216 938 2305 995 nec
2327 945 2394 995 ad
2420 959 2607 995 manus
2636 953 2778 1007 sunt,
2806 960 2897 997 nec
2918 960 3028 997 esse
3053 957 3288 1012 possunt,
3315 943 3479 1017 Euse-

1914 1033 1985 1084 bii
2020 1034 2104 1101 (si
2142 1033 2244 1086 Deo
2268 1034 2838 1103 placet)Alea:andrini
2857 1051 3118 1089 sermones
3140 1077 3155 1100 ,
3187 1034 3473 1089 Eusebium

1903 1121 2288 1183 Caesariensem
2314 1124 2561 1177 adversus
2588 1122 2943 1188 Marcellum,
2985 1122 3296 1193 Hippolytos
3328 1142 3475 1178 mur-

1912 1224 2077 1282 tgrem
2111 1224 2162 1266 et
2204 1213 2522 1279 Thebanum,
2561 1214 2852 1285 Magnetem
2898 1216 3148 1269 adversus
3198 1214 3475 1297 Tlteostlic-

1912 1325 2046 1371 nem,
2084 1308 2778 1377 TlteodotumAncyranum,
2807 1319 2912 1363 etc.
2939 1350 2954 1373 ,
2988 1311 3190 1376 citavit,
3236 1311 3477 1379 plurima

1911 1415 2035 1453 sane
2059 1401 2322 1465 lectionis,
2358 1402 2447 1453 sed
2482 1402 2672 1468 frontis
2712 1401 3157 1469 perfrictissimte,
3182 1402 3475 1472 judiciique

1912 1492 2223 1555 tenuissimi.
2269 1489 2443 1555 Quam
2496 1507 2734 1561 praeceps
2784 1500 2963 1546 autem
3014 1492 3127 1563 hoc
3174 1493 3338 1548 fuerit
3370 1496 3474 1550 viri

1910 1581 2043 1635 alias
2074 1581 2375 1643 doctissimi
2399 1582 2690 1649 judicium,
2723 1581 3033 1637 velexinde
3050 1592 3291 1650 apparet,
3325 1587 3471 1653 quod
3543 1649 3546 1652 q

1911 1671 2149 1739 plerique
2182 1670 2293 1724 fere
2313 1681 2562 1725 auctores
2591 1674 2699 1736 isti,
2733 1688 2871 1742 quos
2914 1675 3179 1727 conilctos
3226 1675 3469 1728 credide-

1912 1770 1996 1813 rat
2033 1761 2360 1825 Blondellus,
2395 1778 2541 1815 nunc
2594 1764 2648 1814 in
2695 1763 2937 1819 omnium
2980 1773 3265 1818 versentur
3301 1767 3472 1823 mani-

1841 1850 1880 1903 B
1910 1850 2030 1915 bus,
2060 1860 2223 1919 atque
2248 1851 2699 1919 peritissimorum
2727 1863 2924 1906 nostra:
2956 1854 3129 1907 aetatis
3160 1853 3467 1907 criticorum

1908 1944 2326 2012 comprobentnr
2350 1942 2578 1995 calculo.
2599 1943 2873 2011 lilondello
2892 1944 3215 2012 astipulatur
3232 1943 3471 1998 Edmun-

1857 2091 1860 2094 ,
1907 2033 2011 2085 dus
2032 2032 2343 2085 Alliertiuus
2368 2030 2508 2089 libro
2536 2044 2575 2083 ιι
2620 2028 2694 2082 De
2728 2038 3055 2082 sacramento
3090 2029 3463 2091 Eucharistia',

1904 2136 1959 2189 p.
1994 2137 2067 2188 m.
2107 2120 2212 2174 420
2251 2120 2350 2188 (7),
2399 2120 2491 2189 qui
2520 2133 2749 2173 censura
2777 2119 2950 2188 magis
2983 2133 3144 2187 quam
3178 2118 3465 2193 dictatoris
3487 2136 3516 2164 »λ

1904 2210 2272 2263 testimonium
2317 2208 2577 2277 Magnetis
2624 2225 2652 2261 a
2696 2208 2962 2271 Turriano
2997 2209 3225 2276 aliisque
3267 2207 3468 2277 produ-

1904 2309 2072 2360 cuun,
2115 2301 2324 2353 veritati
2350 2300 2960 2375 causasditiidens,scum
2993 2316 3098 2352 non
3133 2310 3314 2369 posset
3342 2315 3468 2368 pro-

1904 2392 2066 2445 babili
2110 2392 2291 2460 aliqua
2342 2395 2549 2444 ratione
2593 2383 2851 2452 refutare,
2900 2391 3123 2449 irridere
3170 2389 3377 2469 maluit,
3404 2402 3466 2441 ac

1903 2482 2204 2550 petulanter
2233 2483 2377 2535 hunc
2405 2483 2457 2534 in
2490 2482 2709 2534 modum
2736 2479 3019 2549 explodere
3042 2481 3265 2533 tentavit
3288 2497 3299 2530 :
3329 2478 3465 2532 Tur-

1903 2574 2082 2627 rianus
2116 2573 2314 2641 primus
2333 2575 2565 2625 omnium
2591 2573 2759 2641 (quod
2784 2570 3019 2639 equidem
3051 2568 3253 2637 sciam)
3283 2579 3466 2637 protu-

1903 2663 1965 2714 lit
1990 2664 2043 2714 in
2074 2664 2282 2729 scriptis
2315 2664 2425 2715 suis
2452 2658 2606 2714 verba
2639 2662 2746 2713 lucc
2775 2660 2948 2713 nescio
2993 2658 3126 2731 unde
3148 2668 3355 2726 sumpta
3398 2674 3465 2711 ea:

1905 2751 2144 2821 Magnete
2179 2755 2426 2805 adversus
2470 2744 2839 2805 Tlteosllienem
2874 2788 2890 2805 .
2926 2789 2940 2803 .
2973 2788 2988 2803 .
3049 2748 3233 2801 Verum
3266 2750 3333 2800 ad
3367 2765 3462 2817 po-

1901 2842 2083 2908 pulum
2120 2840 2383 2908 phaleras.
2406 2840 2535 2904 Quis
2560 2842 2693 2893 enim
2719 2850 2961 2903 veterum,
2987 2842 3089 2891 into
3108 2840 3261 2897 etiam
3293 2855 3464 2891 recen-

1901 2932 2090 2981 tiorum
2120 2947 2211 2997 per
2243 2912 2419 2982 not-em
2459 2944 2548 2983 aut
2577 2932 2749 2983 decem
2793 2931 2986 2984 stecula
3016 2930 3271 2998 Magnetis
3305 2930 3461 3000 'ltujus

1900 3017 1977 3070 vel
1999 3020 2172 3087 quoad
2206 3036 2388 3071 nonten
2422 3027 2623 3071 tantum
2651 3021 2936 3087 meminerit
2949 3021 2980 3080 ,9
3014 3018 3265 3070 Firtitius
3308 3034 3460 3091 pror-

1900 3125 1987 3161 sus
2014 3120 2199 3161 auctor
2242 3120 2341 3173 est,
2388 3119 2476 3161 aut
2504 3109 2684 3161 saltent
2721 3124 2877 3159 novus
2911 3108 3104 3170 aliquis
3154 3124 3213 3159 ac
3239 3114 3461 3177 nuperrs

1901 3200 2178 3268 grteculus,
2228 3200 2376 3266 cujus
2408 3200 2722 3265 scriptorum
2754 3200 3012 3251 certiludo
3044 3208 3259 3269 totaqest
3296 3206 3483 3269 ‘pcncs-

1905 3290 2223 3343 Turrianum
2262 3292 2437 3358 exigui
2482 3291 2679 3357 judicii
2708 3292 2896 3353 virum,
2942 3280 3163 3361 fideique
3192 3293 3338 3344 valde
3368 3309 3460 3345 sn-

1899 3386 2106 3449 spectaz.
2142 3380 2208 3435 Et
2234 3383 2425 3433 audent
2459 3382 2745 3436 adversarii
2776 3383 2966 3451 absque
3004 3382 3113 3435 ulla
3150 3386 3456 3439 verecundia

1898 3472 2153 3538 ejusmodi
2184 3472 2489 3540 quisquilias
2512 3488 2606 3539 pro
2640 3482 2864 3525 ceterum
2896 3473 3236 3523 monumentis
3266 3473 3318 3523 in
3344 3488 3455 3523 me-

1900 3564 2044 3614 dium
2073 3563 2371 3615 adducere?
2405 3562 2542 3615 Proh
2576 3563 2671 3616 Dei
2706 3577 2753 3615 et
2782 3564 3043 3619 hominum
3085 3561 3278 3627 ﬁdem!
3326 3561 3456 3625 Qua:

1878 3642 2210 3727 quanquam
2246 3664 2444 3707 temere
2463 3656 2685 3707 omnino
2716 3664 2767 3706 et
2788 3659 3101 3717 arroganter
3127 3650 3193 3703 ab
3222 3665 3285 3704 eo
3310 3652 3448 3704 dicta

1897 3745 2026 3805 sint,
2065 3760 2094 3797 a
2131 3744 2345 3797 nemine
2378 3752 2555 3796 tamen
2583 3744 2841 3795 hactenus
2866 3738 3095 3792 reiutata
3121 3738 3291 3813 video,
3314 3737 3463 3806 quo;

1906 3836 2051 3887 niam
2080 3836 2144 3887 de
2166 3818 2407 3903 Magnete
2430 3825 2845 3900 A'pocriticorum
2874 3839 3095 3883 auctore
3111 3830 3241 3883 nihil
3268 3830 3336 3883 ab
3356 3846 3452 3883 an-

1868 3925 2234 3993 —.tiquioribus
2268 3922 2539 3979 memoriae
2567 3921 2834 3988 proditum
2868 3906 3146 3988 hucusqtie
3172 3923 3409 3975 constitit
3435 3939 3450 3976 :

1895 4023 2221 4083 quapropter
2250 4007 2436 4063 inanes
2464 4011 2732 4063 Alhertini
2765 4010 3134 4064 cavillationes
3176 4020 3335 4079 atque
3366 4028 3453 4064 ar—

1896 4080 2273 4171 gumentor-um
2308 4102 2477 4170 ipsius
2507 4101 2812 4156 iutiiitatem
2844 4102 3127 4168 deinceps,
3166 4116 3286 4152 eum
3335 4101 3450 4167 ipsa

1876 4193 2154 4262 Magnetis
2182 4190 2484 4261 fragmenta
2520 4188 2999 4261 percensebuntur,
3020 4191 3338 4258 explodeudi
3370 4191 3449 4243 loc

1895 4297 1992 4336 cus
2044 4284 2165 4336 erit.
2222 4283 2437 4336 Interim
2474 4285 2793 4338 rectissime
2832 4282 3051 4334 omnino
3118 4281 3202 4332 hic
3238 4280 3461 4347 jndicat

1895 4370 1957 4424 Β.
1986 4371 2070 4425 Jo.
2096 4372 2218 4425 Alb.
2251 4371 2533 4427 Fabricius
2565 4373 2670 4441 (8):
2705 4370 2967 4437 Injuriam
3012 4370 3091 4421 his
3118 4370 3281 4422 verbis
3310 4369 3448 4422 T..r-

246 4470 524 4518 cramento
545 4460 892 4515 Eucharistiar
915 4464 1151 4533 reaiique
1170 4465 1489 4533 corporiset
1514 4463 1791 4543 sanguinis
1822 4479 1868 4538 ι)
1895 4463 2043 4516 riano
2071 4464 2184 4529 ﬁeri
2211 4475 2403 4517 nonest
2428 4465 2661 4525 dubium,
2685 4456 2931 4529 longeque
2956 4462 3116 4528 magis
3141 4466 3445 4529 optaverim.

246 4554 449 4610 Christi
505 4550 783 4621 praesentia
831 4547 1117 4620 (quod,in
1176 4557 1341 4608 altera
1388 4553 1788 4609 Dissertationis

248 4652 400 4712 parte
424 4643 838 4696 examinandum
888 4632 1375 4714 vindicandumque
1420 4642 1794 4712 erit);~David

248 4732 554 4793 Biondellus
592 4732 825 4801 primum
868 4730 939 4783 ob
977 4722 1278 4799 suspectam
1330 4733 1578 4787 Turriaui
1634 4733 1791 4787 iidem

246 4808 413 4876 simul
433 4834 646 4889 quoque
671 4818 963 4889 Magnetem
993 4817 1237 4873 adversus
1265 4824 1385 4891 (vel
1421 4824 1618 4876 rectius
1638 4862 1653 4887 ,
1685 4824 1790 4893 ad)

251 4912 636 4975 Themthenem,
656 4908 905 4981 tanquam
924 4908 1235 4981 scriptorem
1252 4916 1507 4969 hactenus
1526 4916 1790 4982 ignotum,

245 5006 388 5059 inter
413 5002 574 5056 libros
597 5011 947 5075 auctoresque
975 5002 1222 5068 ineditOs,
1260 5006 1351 5072 qui
1375 5021 1474 5061 nec
1501 5007 1570 5061 ad
1598 5023 1798 5063 manus
1857 5072 1861 5075 ‘

245 5102 395 5157 sunt,
426 5107 525 5147 nec
569 5082 972 5169 esse’possunt,
1003 5091 1256 5145 audacter
1290 5093 1485 5154 referre
1511 5097 1793 5166 haudqua-

247 5192 411 5256 quam
440 5191 524 5237 est
570 5183 789 5239 veritus.
861 5182 936 5237 Ita
976 5183 1117 5236 enim
1169 5182 1223 5234 in
1253 5183 1703 5249 pseudo-Isidoro
1740 5195 1791 5239 et

206 5383 247 5445 ξ.
309 5425 395 5496 μ)
429 5421 517 5501 UE,
542 5437 664 5501 e29,
685 5434 879 5501 mam
907 5405 1224 5501 εβρεροεέμε
1252 5421 1322 5475 De
1347 5422 1669 5501 continentia
1693 5425 1784 5501 lib.

244 5512 292 5576 ι,¹
322 5489 439 5575 cap.
456 5492 529 5557 3,
562 5489 918 5561 Bibadeneit)
1024 5494 1273 5574 Catalogo
1294 5492 1603 5572 scriptorum
1623 5495 1787 5572 socie-

244 5574 373 5615 tatis
416 5562 564 5615 Iesu.
596 5570 651 5613 et
690 5559 890 5614 Paulus
930 5563 1261 5615 Lolomestus
1294 5576 1345 5613 tn
1373 5559 1783 5615 Paralipomems

244 5562 564 5624 tatis'lcsu,
596 5570 651 5613 et
690 5562 890 5622 Paulus
930 5562 1261 5622 Colomesius
1294 5562 1345 5613 in
1373 5562 1755 5626 Paralipomeni

241 5634 311 5688 de
336 5629 673 5688 scriptoribus
697 5630 822 5682 eccl.

336 5648 436 5685 scr:
477 5647 673 5685 toribus
697 5647 822 5682 eCCt.

319 5702 394 5779 (Si)
420 5647 572 5767 (good
598 5699 826 5779 elogium
856 5699 955 5767 ipsi
993 5701 1179 5765 tribuit
1208 5699 1389 5779 Steph.
1427 5698 1492 5779 l_e_
1508 5697 1697 5769 Moyne
1729 5699 1782 5752 in

245 5768 544 5841 Ptolegom.
571 5768 637 5822 ad
683 5768 837 5822 Varia
868 5785 1038 5834 sacra,
1073 5780 1199 5824 tom.
1233 5772 1270 5834 l,
1304 5769 1400 5823 fol.
1434 5768 1515 5822 15.

1895 4562 1953 4604 ut
1993 4552 2249 4621 Magnetis
2292 4554 2449 4605 libros
2492 4551 2681 4618 aliquis
2732 4550 2862 4600 bono
2889 4548 3137 4603 Ecclesia:
3175 4552 3228 4603 in
3283 4544 3445 4603 lucem

1895 4646 2161 4711 proferat;
2215 4646 2318 4696 sive
2374 4642 2663 4709 Magnetem
2714 4638 2866 4691 illum
2917 4639 3443 4709 llierosolyinitannn.

1896 4714 2287 4801 presbyterum,
2326 4732 2428 4795 sive
2482 4729 2774 4781 Macarium
2838 4720 3128 4798 Magnetem
3183 4744 3441 4780 auctorem

1895 4824 2136 4876 habeant.
2174 4820 2280 4874 Nec
2315 4819 2491 4871 minus
2528 4817 2838 4887 Christoph.
2874 4815 3129 4885 'S‘andins
3166 4817 3216 4869 in
3264 4819 3440 4871 'l‘ract.

1885 4914 1970 4969 De
2016 4914 2266 4967 veteribus
2314 4910 2653 4982 scriptoribus
2683 4910 3077 4971 ecclesiasticis,
3112 4924 3162 4972 p.
3213 4907 3297 4972 i9,
3325 4909 3441 4961 sine

1894 5007 2003 5060 ullo
2030 5004 2111 5056 vel
2140 5000 2397 5054 levissimi
2430 5000 2731 5069 argumenti
2758 4990 2955 5052 indicio
3001 4994 3296 5062 Magnetem
3329 4997 3439 5047 inn-

1892 5096 2118 5149 reticum
2164 5084 2511 5158 pronuntiati
2553 5090 2861 5153 Turrianus,
2895 5088 3085 5155 inquit,
3122 5088 3176 5138 in
3208 5086 3432 5140 Constit.

1893 5186 2055 5239 Clem.
2109 5184 2257 5257 Rom.
2303 5184 2495 5252 allegat
2539 5184 2794 5253 Magnetis
2828 5180 2919 5233 lib.
2956 5196 3014 5233 tu
3064 5181 3436 5249 Apologiarum

1964 5423 2040 5493 (6)
2073 5424 2283 5487 Horat.,
2327 5424 2399 5476 De
2432 5398 2723 5491 arteipoet"
2757 5438 2807 5473 v.
2848 5421 2970 5475 l58.

1846 5545 1852 5549 '
1894 5598 1904 5605 .
1965 5524 2216 5593 (7)-Edit.
2254 5523 2505 5579 Daventr.
2540 5524 2690 5583 165‘,
2732 5520 2826 5573 fol.

1962 5630 2037 5696 (8)
2059 5628 2208 5685 Tum
2245 5631 2295 5682 in
2334 5630 2538 5683 Delectu
2563 5611 2978 5696 argumentorum
3006 5635 3051 5675 et
3086 5626 3424 5691 syllaboscri-

1890 5694 2093 5768 plerum
2129 5706 2191 5750 de
2223 5702 2435 5754 veritate
2459 5697 2713 5763 religionis
2738 5694 3161 5768 Christianw,__p.
3207 5696 3292 5758 liii,
3323 5706 3435 5750 tum

1893 5762 1946 5823 in
1971 5762 2290 5822 Bibliotheca
2328 5768 2525 5830 (intra,
2554 5762 2641 5817 lib.
2668 5776 2721 5827 Ν,
2748 5778 2861 5829 cap.
2886 5762 2943 5831 qi,
2971 5778 3022 5828 p.
3056 5762 3177 5814 276.
