4094 6350
666 420 823 476 ,ίδοι

1923 424 2298 481 ‘MACABIUS

2355 423 2651 480 MAGNES.
3779 428 3899 483 133‘!

688 534 962 603 Ephesio.)
1010 536 1081 601 Α,
1130 536 1192 591 C.
1242 538 1381 614 £51;
1419 537 1633 594 Eusebii
1681 539 1914 611 episcoln
1963 541 2249 611 Magnesiae
2280 546 2319 600 Α
2351 540 2517 595 fuisse
2556 542 2804 611 legimus,
2839 548 3118 609 propterea
3156 540 3297 608 quod
3343 538 3677 619 lleralelidem
3730 539 3901 593 diaco-

691 628 926 683 civitatis
968 626 1140 698 Sipyli
1189 629 1242 682 in
1289 631 1516 684 concilio
1562 630 1832 698 Ephesino
1881 633 1944 684 A.
1985 632 2049 684 C.
2105 631 2241 694 451;

690 718 899 774 Leontii
953 720 1194 789 episcopi
1259 720 1544 790 Magnesia:
1604 719 1858 774 Maiandri
1924 720 1976 773 in
2038 722 2245 791 synodo

690 805 958 878 Ephesius
1000 825 1059 873 ιι,
1105 809 1170 861 Δ.
1217 808 1277 863 C.
1324 809 1448 873 449,
1494 808 1633 876 etin
1674 810 1905 864 concilio
1943 810 2243 864 Chalcedo—

688 902 841 956 nensi
873 902 936 955 A.
967 900 1092 965 451,
1122 911 1175 955 et
1199 903 1255 955 in
1294 900 1501 971 synodo
1538 899 1780 955 Romana
1818 903 1879 954 A.
1908 902 2042 965 505;
2079 899 2246 953 Patri-

687 990 757 1045 cii
802 992 1039 1059 episcopi
1086 982 1379 1060 Magnesiae
1431 990 1574 1049 circa
1624 988 1955 1045 Maeandrum
2009 984 2242 1044 civitatis

685 1078 901 1133 Asiana:
937 1080 1193 1149 regionis,
1240 1078 1295 1131 in
1341 1078 1569 1132 concilio
1608 1078 1945 1132 mcumcnieo
1990 1078 2079 1143 Vl,
2129 1079 2242 1133 sive

688 1167 1288 1238 Constantinopolitano
1330 1183 1413 1231 ιιι,
1458 1169 1521 1220 Α.
1551 1168 1612 1222 C.
1652 1168 1789 1232 681;
1824 1168 2081 1238 Stephani
2128 1172 2243 1239 epi-

685 1264 837 1333 scopi
874 1262 1160 1330 ﬂagnesize
1199 1262 1539 1335 Emiliorum
1586 1263 1867 1333 (Αἰμιλίων
1914 1262 2107 1332 legitur
2143 1276 2241 1331 pro

683 1351 952 1423 Σιπύλων)
973 1352 1284 1421 provinciae,
1313 1352 1367 1406 in
1392 1362 1543 1407 sexta
1571 1352 1777 1422 synodo
1806 1351 2061 1405 Trullana
2088 1352 2151 1405 A.
2174 1353 2237 1405 C.

683 1440 841 1513 706);
868 1441 1053 1498 Basilii
1082 1430 1319 1511 episcopi
1359 1440 1645 1510 Magnesia:
1674 1441 1733 1512 in
1756 1442 1985 1499 concilio
2009 1456 2240 1496 (acume-

682 1530 807 1585 nico
838 1528 951 1597 Yll,
991 1531 1108 1585 sive
1146 1528 1363 1584 Nicmno
1403 1545 1463 1592 ιι,
1506 1530 1571 1582 Α.
1616 1530 1679 1583 C.
1721 1529 1855 1597 787;
1902 1532 2240 1598 aliorumque

678 1620 914 1690 plurium
961 1620 1229 1688 sequioris
1264 1620 1438 1673 artatis
1472 1618 1691 1672 nomina
1732 1620 1786 1673 in
1825 1620 2232 1690 subscriptioni.

678 1709 783 1765 bus
820 1708 1174 1763 conciliorum
1212 1716 1528 1762 conservata
1578 1707 2051 1776 deprehendimus.
2086 1708 2237 1765 ,lnsi-

680 1800 803 1870 gnls
844 1798 934 1852 hic
971 1798 1208 1857 occurrit
1257 1797 1409 1852 locus
1458 1796 1660 1863 Photii,
1700 1806 1755 1853 et
1803 1799 2239 1855 consideratione

2349 645 2478 682 num
2507 644 2670 704 suum
2707 627 2987 696 Ephesina‘.
3016 621 3271 681 Ecclesiae
3295 628 3670 680 constituisset
3696 628 3896 694 episco-

2349 734 2496 788 pum.
2546 717 2755 773 Exinde
2790 717 2953 785 igitur
2983 732 3088 771 non
3122 718 3239 770 sine
3283 733 3477 787 magna
3504 717 3893 786 probabilitatis

2347 808 2527 877 specie
2574 809 2823 879 colligere
2867 808 3012 871 licet,
3055 807 3191 863 duos
3226 808 3308 862 vel
3352 809 3533 877 plures
3571 808 3732 862 istius
3763 809 3899 863 urbis

2347 897 2635 968 Magnesia:
2663 900 2948 969 episcopos
2982 898 3122 953 idem
3152 914 3346 953 nomen
3375 899 3592 954 Macarii
3628 899 3895 961 habuisse.

2348 990 2402 1043 in
2446 991 2642 1057 quibus
2676 1006 2806 1045 vero
2840 990 3026 1058 dispar
3063 991 3255 1053 aetatis,
3284 1005 3390 1059 qua
3418 990 3674 1052 ﬂoruere,
3710 998 3763 1043 et
3794 990 3897 1057 opi-

2345 1080 2591 1145 nionum,
2613 1071 2752 1150 quas
2778 1079 3009 1148 amplexi
3040 1090 3183 1142 sunt,
3209 1080 3543 1133 observanda
3561 1088 3649 1133 est
3673 1080 3833 1133 ratio.

2589 1169 2619 1242 ί
2652 1168 2763 1224 VII.
2814 1169 3112 1223 Macarium
3144 1170 3305 1237 fuisse
3343 1172 3663 1239 episcopum.

2416 1260 2668 1317 Nostrum
2699 1276 2858 1331 porro
2879 1260 3169 1323 Macarium
3197 1259 3497 1329 Magnetem
3521 1259 3708 1314 itidem
3743 1258 3899 1313 fuisse

2343 1354 2691 1422 episcopum,
2727 1353 2868 1411 inter
2915 1351 3021 1404 alia
3060 1351 3141 1403 vel
3178 1350 3366 1405 titulus
3409 1350 3659 1421 ἱεράρχου
3708 1350 3896 1421 innuit,

2343 1442 2437 1510 qui
2470 1441 2642 1495 eidem
2685 1442 2960 1505 tribuitur,
2987 1448 3041 1493 et
3061 1433 3452 1509 antiquissimis
3475 1441 3604 1494 olim
3642 1440 3896 1493 antistiti-

2344 1532 2445 1585 bus
2469 1530 2571 1585 fuit
2595 1532 2903 1587 communis
2926 1548 2940 1583 :
2977 1534 3100 1586 eum
3124 1530 3474 1586 ecclesiastici
3502 1532 3801 1600 scriptorcs
3826 1532 3893 1582 ἱεο

2347 1622 2476 1694 ρέας
2515 1632 2569 1677 et
2600 1624 2907 1676 sacerdotes
2932 1622 3197 1691 appellare
3226 1623 3433 1675 soleant
3452 1622 3619 1676 duces
3644 1630 3703 1674 et
3728 1631 3894 1673 recto-

2347 1729 2434 1767 res
2474 1714 2651 1784 gregis
2694 1713 3007 1776 Christiani,
3055 1712 3310 1783 ἱεράρχας
3351 1727 3478 1766 vero
3519 1706 3574 1764 et
3612 1712 3894 1781 ἀρχιερέας

2344 1804 2626 1873 pontiﬁces
2659 1811 2820 1872 atque
2844 1804 3127 1873 episcopos
3152 1803 3383 1871 (22),vel
3408 1803 3535 1871 quia
3568 1811 3694 1855 ante
3716 1817 3895 1855 susce-

678 1898 864 1945 nostra
889 1889 1125 1943 maxime
1149 1888 1365 1958 dignus,
1407 1886 1499 1956 qui
1522 1888 1642 1942 cod.
1668 1895 1790 1960 “th,
1830 1904 1884 1957 p.
1920 1904 1991 1941 ιιι.
2018 1889 2111 1951 55.
2142 1890 2233 1944 ubi
2272 1888 2311 1941 Β
2346 1906 2492 1964 ptam
2532 1893 2894 1947 Christianam
2933 1895 3245 1963 religionem
3279 1893 3365 1947 his
3400 1893 3677 1947 vocabulis
3706 1909 3894 1947 assue-

678 1981 790 2050 agit
823 1980 890 2034 de
926 1977 1135 2049 synodo
1173 1978 1240 2032 ad
1274 1975 1566 2043 Quercum,
1598 1990 1719 2046 quin
1744 1989 1934 2032 contra
1972 1978 2033 2031 Β.
2070 1978 2234 2033 Joan-

675 2085 800 2124 nem
830 2066 1273 2139 Chrysostomum
1310 2062 1587 2136 illegitime
1622 2075 1806 2121 coacta
1846 2075 1949 2132 est,
1992 2083 2233 2122 commeo

677 2166 872 2221 morat,
906 2158 961 2211 in
986 2156 1173 2211 eadem
1205 2155 1412 2226 synodo
1438 2166 1748 2213 accusatum
1790 2155 1959 2210 fuisse
1994 2155 2233 2210 Heracli-

673 2248 797 2301 dem
835 2245 1035 2314 Ephesi
1078 2244 1389 2312 episcopum
1424 2259 1455 2297 a
1494 2242 1731 2298 Macario
1772 2246 2075 2315 Magnetum
2115 2250 2232 2315 epi-

674 2320 861 2405 scopo.
894 2333 1071 2390 Verba
1100 2333 1277 2389 Photii
1312 2335 1428 2389 hac
1464 2345 1622 2389 sunt:
1671 2337 1760 2389 'Ev
1796 2337 2146 2407 ὑπομνήμασι
2174 2338 2230 2389 δὲ

672 2426 811 2482 αὑτᾶ
840 2425 1084 2496 ἐπράχθη
1116 2426 1245 2479 δέκα
1275 2427 1408 2497 πρὸς
1444 2430 1556 2490 τοῖς
1578 2427 1778 2502 ιτρισίν
1803 2445 1815 2458 ·
1851 2428 1987 2480 ἀλλὰ
2026 2428 2093 2481 τὰ
2134 2430 2231 2499 μὲν

670 2513 764 2566 δύο
788 2516 879 2567 καὶ
901 2514 1050 2575 δέκα.
1078 2516 1217 2569 κατὰ
1240 2515 1331 2571 τοῦ
1360 2516 1511 2583 ἁγίου
1532 2533 1545 2546 ·
1582 2516 1641 2569 τὸ
1668 2517 1725 2568 δὲ
1749 2517 1867 2585 τρὶς
1890 2517 1982 2569 καὶ
2005 2517 2230 2570 δέκατον

671 2604 915 2675 περιέχει
940 2605 1007 2657 τὰ
1036 2606 1178 2658 κατὰ
1212 2588 1578 2675 Ἡρακλείδου,
1624 2606 1715 2658 τοῦ
1760 2608 1837 2669 εἰς
1874 2607 2101 2675 Ἔφεσον
2138 2607 2229 2659 ὑπ’

671 2695 837 2748 αὐτοῦ
882 2692 1357 2766 χειροτονηθέντος,
1398 2690 1564 2765 οὗπερ
1608 2695 1726 2747 οὐδὲ
1778 2697 1874 2765 τὴν
1920 2697 2232 2767 καθαίρεσιν

675 2785 895 2854 ἴσχυσαν
928 2785 1231 2845 τελειῶσαι,
1266 2785 1464 2856 ἑτέρων
1487 2784 1646 2837 τινῶν
1685 2784 2054 2837 κωλυσὰντων.
2094 2787 2149 2839 '0
2173 2785 2229 2837 δὲ

672 2878 976 2947 κατήγορος
1014 2874 1378 2945 Ἡρακλείδου,
1403 2874 1501 2944 τῆς
1533 2875 1836 2944 Μαγνήτων
1878 2874 2080 2937 πόλεως
2109 2876 2228 2927 ὲπί-

673 2982 872 3026 σκοπος
907 2960 973 3037 ἦν
1008 2964 1231 3034 ὀνόματι
1264 2950 1579 3035 Μακάριος,
1603 2966 1643 3017 Ι.
1676 2981 1762 3019 e.:
1817 2964 2082 3019 Tredecim
2120 2966 2229 3021 Itazc

673 3054 968 3124 (Synodus)
1001 3056 1292 3108 actionibus
1322 3065 1552 3125 peracta,
1577 3056 1851 3109 duodecim
1875 3057 2082 3126 quidem
2106 3074 2230 3111 cou-

671 3155 757 3198 tra
783 3143 839 3197 S.
885 3144 1329 3213 Chrysostomum,
1363 3147 1517 3199 tertia
1543 3145 1742 3198 decima
1770 3158 1953 3199 contra
1988 3144 2229 3199 Heracli-

2348 1996 2559 2049 verant,
2583 1986 2665 2039 vel
2688 1986 2833 2053 quod
2863 1982 3070 2043 Veteris
3089 1984 3417 2039 Testamenti
3447 1984 3642 2053 stylum
3680 1984 3735 2036 in
3756 1999 3817 2037 ea
3842 1999 3893 2036 re

2344 2078 2446 2131 sibi
2482 2074 2800 2129 imitandum
2835 2060 3115 2143 putarent;
3153 2074 3238 2127 vel
3278 2072 3421 2143 quod
3454 2071 3717 2144 generale
3738 2087 3893 2125 voca—

2336 2168 2522 2222 bulum
2558 2167 2625 2221 ad
2659 2166 2925 2220 sern‘tonis
2952 2165 3325 2234 compendium
3365 2164 3469 2217 sibi
3502 2163 3712 2217 nullum
3747 2178 3893 2230 repev

2336 2260 2508 2313 rirent
2538 2257 2741 2327 aptius.
2769 2254 2850 2311 Ex
2888 2256 3072 2308 multis
3094 2255 3315 2308 unicum
3355 2254 3443 2307 hic
3491 2252 3725 2306 sulﬁciat
3753 2251 3893 2304 testi-

2335 2349 2575 2402 monium
2619 2347 2914 2417 Polycratis
2951 2344 3206 2414 Ephesini
3247 2343 3484 2413 episcopi
3536 2344 3679 2413 apud
3730 2341 3893 2395 Ense-

2336 2437 2656 2502 bium,llist.
2678 2438 2804 2490 ecct.
2839 2437 2931 2490 lib.
2961 2453 3013 2501 v,
3039 2452 3088 2489 c.
3112 2436 3202 2497 24,
3234 2436 3288 2488 in
3314 2450 3422 2505 quo
3442 2435 3709 2493 Joannem
3734 2449 3893 2487 cvan-

2331 2529 2581 2599 gelistam
2614 2515 2948 2583 hierarcbam
2978 2537 3032 2580 et
3065 2541 3338 2580 summum
3372 2526 3683 2594 pontiﬁcem
3712 2535 3886 2586 vocat,

2334 2622 2427 2690 qui
2470 2621 2775 2689 pontiﬁcale
2807 2619 3034 2673 πέταλον
3076 2619 3327 2689 gestavit.
3378 2617 3529 2672 Licet
3570 2619 3719 2673 enim
3754 2618 3891 2671 haud

2336 2712 2599 2781 ignorem,
2632 2712 2965 2781 Stephanum
2998 2712 3046 2765 le
3074 2711 3267 2781 Moyne
3301 2710 3411 2779 (23)
3442 2710 3603 2763 ﬁdem
3639 2708 3895 2779 Polycra-

2335 2804 2404 2856 tis
2437 2801 2536 2856 hac
2568 2803 2620 2855 in
2658 2811 2808 2871 parte
2853 2811 3042 2871 praeter
3073 2817 3185 2854 rem
3218 2801 3482 2863 vellicare,
3516 2808 3576 2852 ut
3608 2799 3893 2867 hypothesi

2334 2908 2444 2947 sua:
2470 2894 2746 2954 inserviat,
2777 2893 2950 2960 primo
2975 2900 3029 2945 et
3053 2890 3293 2945 secundo
3317 2888 3514 2943 saeculo
3542 2903 3738 2941 vocem
3764 2906 3890 2956 pon-

2334 2983 2492 3051 tiﬁcis
2533 2991 2588 3035 et
2638 2981 2930 3034 sacerdotis
2965 2980 3104 3049 apud
3136 2979 3336 3047 probos
3370 2988 3621 3031 auctores
3666 2979 3891 3032 istorum

2333 3072 2657 3131 saeculorum
2693 3073 2968 3139 nunquam
3008 3082 3296 3123 occurrere
3320 3069 3507 3122 :idetn
3551 3077 3734 3123 tamen
3772 3069 3895 3124 fate-

2332 3170 2443 3227 tur,
2479 3177 2532 3230 p.
2567 3161 2635 3215 30
2685 3161 2783 3215 has
2823 3175 2983 3215 voces
3029 3160 3104 3233 _ab
3135 3160 3367 3214 ethnicis
3415 3160 3735 3229 desuntptas
3783 3161 3888 3230 jam

650 3234 811 3301 ‘dem,
840 3251 993 3302 quem
1021 3234 1253 3302 Ephesiis
1290 3235 1380 3289 ille
1408 3236 1681 3289 ordinarat
1707 3237 2040 3304 episcopum;
2072 3237 2227 3303 hujus

2336 3252 2554 3305 ineunte
2582 3251 2780 3304 sarculo
2808 3266 2890 3315 ιιι,
2920 3252 2974 3303 in
3007 3248 3302 3317 Ecclesiam
3331 3249 3703 3305 Christianam
3734 3252 3892 3304 intro-

673 3335 849 3379 tmnen
873 3326 1248 3393 depositionem
1274 3326 1507 3379 validam
1533 3326 1766 3387 reddere,
1805 3326 1927 3379 aliis
1958 3328 2224 3380 nonnullis

671 3415 1083 3487 prohibentibus,
1111 3416 1323 3467 minime
1344 3426 1642 3482 potuerunt.
1677 3416 1976 3470 Heraclida:
2010 3434 2227 3469 accusa-

675 3519 760 3562 tor
788 3508 1052 3561 Macarius
1080 3503 1297 3576 quidam
1318 3508 1521 3559 nomine
1542 3508 1666 3574 fuit,
1698 3508 1999 3577 Magnetum
2028 3511 2226 3577 episco-

669 3617 787 3669 pus.
817 3596 971 3651 Hunc
1011 3606 1187 3651 tamen
1226 3596 1519 3650 Macarium
1569 3612 1598 3649 a
1643 3596 1837 3654 Photio
1864 3591 2222 3654 memoratum

670 3696 944 3765 diversum
984 3708 1150 3763 luisse
1176 3708 1368 3795 Opinor
1399 3724 1431 3761 a
1461 3694 1915 3763 nostro‘Macario
1958 3709 2221 3779 Magnete,

672 3801 740 3856 de
760 3816 868 3869 quo
888 3815 1031 3853 nunc
1055 3808 1166 3852 tota
1197 3798 1495 3853 instituitur
1512 3799 1822 3867 disputatio.
1843 3797 2036 3861 Noster
2056 3800 2222 3864 enim,

673 3899 811 3945 teste
824 3882 1123 3959 Nicephoro
1144 3906 1266 3943 cum
1290 3890 1509 3959 reliquis
1528 3890 1864 3945 antistitibus
1886 3890 2221 3955 orthodoxis,
2271 3932 2285 3946 .

672 3982 767 4052 qui
796 3983 851 4034 in
881 3979 1304 4050 pervestigandis
1342 3983 1822 4051 examinandisque
1853 3978 2071 4033 Macarii
2112 3979 2223 4033 Ma-

673 4072 850 4143 gnetis
890 4071 1107 4139 scriptis
1140 4069 1428 4124 admodum
1460 4072 1676 4125 solliciti
1709 4060 1877 4133 fuere,
1918 4070 1971 4123 in
1997 4069 2225 4137 quibus-

672 4166 796 4220 dam
841 4163 1102 4219 doctrinis
1124 4160 1412 4228 Origenem
1440 4171 1675 4224 secutus,
1700 4177 1763 4236 ac
1787 4163 1924 4215 inter
1949 4162 2053 4215 alia
2078 4161 2223 4217 istud

671 4256 865 4325 dogma
894 4256 1171 4323 amplexus
1198 4263 1299 4315 est,
1323 4252 1397 4314 ὡς
1423 4252 1569 4313 τέλος
1593 4252 1700 4315 ἕξει
1746 4255 1779 4323 ἡ
1806 4254 1942 4305 κατὰ
1976 4254 2065 4306 τὸν
2097 4253 2222 4323 μέλ-

674 4343 830 4396 λοντα
875 4344 1058 4413 χρόνον
1097 4345 1205 4404 τοῖς
1249 4339 1500 4394 ἀσεϐέσιν
1539 4338 1840 4409 ἀνθρώποις
1882 4340 2218 4411 ἡπειλημένη

674 4434 770 4485 καὶ
796 4416 1163 4503 ήτοιμασμὲνή
1194 4432 1345 4503 παρὰ
1369 4428 1504 4499 Θεοῦ
1538 4429 1779 4493 κόλασις,
1804 4429 2071 4483 habituras
2095 4430 2221 4483 olim

677 4527 829 4593 ﬁnem
858 4542 945 4577 eas
972 4541 1165 4593 ptenas,
1196 4542 1325 4593 quas
1351 4524 1527 4591 impiis
1560 4520 1853 4573 hominibus
1879 4521 2016 4574 Deus
2051 4523 2221 4575 mina-

675 4626 758 4669 tus
786 4624 861 4669 est
888 4633 947 4668 ac
981 4615 1310 4685 praparavit.
1344 4613 1448 4667 Sed
1480 4612 1778 4685 Photianus
1822 4612 1909 4664 ille
1937 4610 2221 4685 Macarius,

646 4682 989 4774 ‘Iagnetum'
1019 4682 1323 4774 episcOpus,
1362 4682 1770 4779 tantumabest
1794 4705 1873 4759 ‘ut
1923 4682 2223 4769 Origenista

656 4794 856 4855 .l'uerit,
886 4802 946 4847 ut
968 4792 1303 4847 Heraclidem
1330 4792 1525 4862 Ephesi
1556 4778 1868 4860 episcopum
1900 4778 2079 4858 potius
2108 4789 2227 4842 Ori-

674 4883 992 4955 genianismi
1020 4885 1355 4939 accusaverit
1384 4883 1495 4952 (ﬁl)
1519 4900 1531 4935 :
1566 4898 1629 4935 ex
1660 4898 1769 4950 qun
1796 4881 1972 4951 capite
1998 4876 2224 4934 aecnsa-

673 4974 837 5030 tionis
877 4973 978 5042 ipsi
1018 4972 1179 5027 etiam
1215 4974 1603 5043 Chrysostomo
1635 4972 1853 5026 crimen
1904 4973 2223 5024 intentatum

746 5109 857 5231 (ει)
898 5105 1016 5160 vn.
1058 5105 1231 5187 Photii
1264 5107 1604 5192 Bibliotheca,
1635 5109 1670 5160 ι.
1699 5124 1745 5165 c.
1792 5125 1842 5176 ν.
1880 5094 1951 5162 ιιι.
1986 5110 2076 5172 55,
2106 5126 2221 5178 seq.

750 5196 829 5231 em
856 5218 869 5231 .
900 5190 1041 5231 xcw.
1079 5192 1132 5231 ι).
1168 5176 1271 5227 257
1301 5186 1353 5228 et
1382 5178 1503 5231 265.
1536 5176 1639 5231 Sed
1667 5179 1785 5230 vide
1816 5191 2070 5231 praeterea
2096 5179 2221 5231 Pal-

674 5191 729 5233 et
750 5176 869 5235 cod.
900 5190 1041 5240 xcvn,
1079 5192 1132 5243 p.
1168 5176 1271 5245 257
1301 5186 1353 5228 et
1536 5176 1639 5231 Sed
1667 5179 1785 5230 vide
1816 5191 2070 5245 praeterea
2096 5176 2222 5232 Pal-

618 5280 619 5283 η
675 5248 893 5308 ladium,
920 5256 1107 5299 testem
1135 5244 1494 5313 αὑτόπτην,ἱιι
1537 5245 1656 5299 Vita
1699 5244 2084 5314 Chrysostomi;
2124 5248 2224 5302 So-

675 5315 1043 5377 crateui,llist.
1071 5315 1195 5367 eccl.
1226 5315 1317 5366 lib.
1348 5328 1421 5377 ιιι,
1449 5330 1499 5383 c.
1528 5316 1630 5383 i7,
1651 5325 1705 5369 et
1733 5314 2218 5383 Sozomenum,lib.

675 5402 792 5461 νιιι,
818 5401 866 5437 c.
912 5385 997 5451 l9,
1046 5394 1255 5437 necnon
1285 5382 1566 5451 epistolam
1604 5382 1979 5439 Chrvsostomi
2008 5386 2076 5440 ad
2118 5388 2224 5456 Cy-

676 5470 900 5517 rtacum,
926 5466 1028 5509 etc.
2000 5496 2004 5501 .

749 5524 856 5594 (2‘2)
894 5522 969 5576 Ex
988 5523 1107 5594 isto
1132 5535 1282 5594 more
1306 5521 1548 5594 antiquo
1580 5518 1842 5594 Eusebius
1871 5521 2223 5594 Casariensis

676 5581 955 5660 episcopus
982 5581 1277 5661 Nieephoro
1304 5591 1357 5643 in
1397 5581 1764 5643 Ahtirrheticis
1805 5602 2030 5645 vocatur
2063 5594 2091 5643 ὁ
2121 5593 2221 5661 τῆς

678 5660 986 5714 Καισαοέων
1029 5661 1124 5714 τῆς
1174 5658 1310 5711 κατὰ
1340 5659 1698 5714 Παλαιστίνην
1748 5659 2062 5714 ἀργιεοεὺςέ
2112 5670 2215 5714 etc.

678 5661 986 5729 Καισαρέων
1029 5661 1124 5731 τῆς
1174 5661 1310 5711 κατὰ
1340 5661 1698 5726 Παλαιστίνην
1748 5661 2062 5729 ἀρχιερεὺς,
2112 5670 2215 5714 etc.

677 5726 792 5779 Non
823 5731 911 5782 diu
944 5738 1063 5797 post
1098 5729 1315 5793 Adriani
1348 5739 1585 5797 tempora
1631 5727 1865 5797 episcopi
1902 5724 2109 5783 similes
2136 5730 2217 5781 vi-

677 5798 791 5850 deri
835 5798 1075 5852 volebant
1123 5798 1389 5867 pontiﬁcis
1432 5796 1653 5851 maximi
1705 5796 2045 5865 Judzeorum;
2097 5813 2218 5867 pre-

2292 3366 2299 3373 ’
2331 3348 2523 3401 ductas
2546 3345 2733 3400 fuisse.
2767 3345 2907 3413 Quin
2930 3357 2997 3399 'et
3026 3346 3213 3414 primis
3239 3343 3653 3406 Christianismi
3675 3346 3887 3399 seculis

2333 3436 2619 3503 episcopos
2666 3435 2769 3488 hoc
2814 3436 3030 3488 nomine
3084 3434 3375 3497 honoratos
3417 3436 3606 3498 fuisse,
3664 3421 3732 3488 ex
3781 3436 3891 3490 solo

2270 3586 2274 3590 ,
2332 3525 2665 3580 Tertulliano
2688 3532 2938 3591 constare
2961 3535 3152 3595 potest,
3184 3524 3352 3593 quiiin
3375 3524 3471 3578 lib.
3506 3520 3585 3579 De
3607 3525 3887 3593 baptismo,

2328 3631 2449 3686 cap.
2480 3616 2568 3681 17,
2602 3617 2787 3671 scribit
2813 3632 2826 3667 :
2864 3616 3037 3669 Dandi
3062 3617 3268 3678 quidem
3283 3615 3595 3694 _(l-:aptismi)
3630 3616 3785 3667 liabet
3800 3615 3887 3681 jus

2328 3723 2560 3759 summus
2590 3707 2852 3768 sacerdos,
2882 3707 2983 3775 qui
3012 3716 3087 3759 est
3123 3707 3413 3771 episcopus,
3455 3704 3647 3757 dehinc
3663 3706 3888 3772 presby-

2328 3801 2447 3862 teri,
2475 3804 2579 3851 etc.
2633 3795 2743 3850 Nec
2788 3796 2946 3864 longo
2991 3805 3228 3859 tempore
3278 3804 3399 3861 post
3442 3795 3496 3847 in
3544 3796 3782 3861 concilio
3828 3808 3885 3846 ιιι

2327 3886 2761 3957 Carthaginiensi
2792 3885 2880 3939 hic
2906 3900 3079 3938 canon
3109 3898 3231 3936 xxv:
3259 3882 3432 3938 lactus
3459 3894 3575 3936 est:
3608 3883 3681 3938 Ut
3704 3886 3888 3953 prima:

2328 3977 2473 4031 sedis
2503 3978 2791 4047 cpiscopus
2822 3990 2929 4030 non
2956 3974 3250 4043 appelletur
3269 3974 3506 4041 princeps
3535 3975 3881 4036 sacerdotum,

2327 4077 2422 4122 aut
2458 4052 2689 4121 summis
2733 4067 2996 4128 sacerdos,
3043 4073 3136 4119 aut
3178 4064 3379 4133 aliquid
3426 4063 3759 4132 hujusmodi,
3793 4066 3881 4119 Sed

2327 4168 2535 4215 tantum
2576 4141 2772 4228 prin/tte,
2795 4159 2933 4212 sedis
2967 4156 3253 4226 episcopus.
3282 4154 3612 4217 Hierarchas
3642 4172 3769 4211 vero
3800 4171 3882 4209 se-

2326 4252 2502 4321 quiori
2529 4254 2743 4306 demum
2774 4259 2927 4305 aetate
2958 4261 3145 4302 omnes
3171 4247 3463 4316 appellatos
3489 4246 3659 4301 fuisse
3683 4248 3883 4316 episco-

2322 4357 2444 4412 pos,
2478 4355 2903 4410 communesque
2932 4352 3056 4392 cum
3106 4338 3335 4393 summis
3376 4339 3725 4407 pontiﬁcibus
3760 4337 3880 4392 futi—

2327 4440 2534 4493 etiones
2560 4438 2833 4499 habuisse,
2860 4448 2926 4488 ex
2950 4432 3116 4485 veteri
3143 4431 3250 4486 ritu
3270 4433 3673 4491 ordinationum
3700 4446 3878 4485 sacra-

2329 4543 2448 4581 rum
2478 4526 2677 4595 passim
2709 4526 2850 4579 inter
2883 4522 3016 4575 alios
3046 4508 3417 4591 Comprobavit
3438 4521 3657 4597 Isaacus
3677 4518 3875 4573 Haber-

2326 4627 2412 4671 tus
2448 4618 2499 4673 in
2534 4614 2840 4684 Pontiﬁcali
2863 4611 3111 4690 Ecclesia:
3136 4612 3350 4677 σταται,
3392 4628 3445 4680 p.
3478 4611 3576 4665 541
3611 4626 3752 4680 seq.,
3786 4611 3873 4680 qui

2323 4716 2377 4760 et
2405 4706 2657 4775 peculiari
2690 4705 3066 4758 observatione
3098 4720 3171 4765 Iv,
3207 4703 3275 4757 de
3316 4702 3612 4757 hierarchaa
3640 4717 3734 4755 seu
3767 4703 3876 4769 cpio

2325 4798 2471 4865 scopi
2499 4796 2794 4858 iunctione,
2816 4811 2935 4865 qua:
2972 4811 3003 4847 a
3042 4793 3099 4849 S.
3142 4794 3394 4865 Dionysio
3422 4788 3721 4864 αὐτουργία
3747 4796 3877 4870 dici-

2325 4894 2431 4947 tur.
2476 4887 2582 4955 egit
2615 4886 2749 4955 (24).
2780 4883 2874 4937 'De
2917 4896 3101 4941 nostro
3149 4880 3311 4962 igitur
3352 4882 3587 4936 Macario
3633 4883 3877 4956 Magnete

2326 4975 2606 5029 hierarcha
2639 4990 2685 5028 s.
2715 4974 2970 5055 episcOpo
3003 4978 3075 5029 ita
3105 4984 3369 5029 testantur
3396 4973 3669 5042 antistites
3694 4974 3875 5028 οτιιιυ-

2323 5106 2521 5179 sbyteri
2557 5106 2765 5179 eodem,
2807 5125 2916 5179 quo
2956 5109 3285 5168 sacerdotes.
3317 5106 3437 5161 loco
3479 5110 3688 5179 versari
3736 5110 3875 5163 dice-

2323 5175 2549 5242 bantur;
2598 5175 2977 5235 diaconi'cum
3031 5179 3205 5231 levitis
3254 5178 3733 5243 comparabantur,
3782 5196 3875 5231 no—

2322 5252 2472 5297 tante
2496 5261 2620 5299 ven.
2652 5246 2751 5302 Dn.
2786 5248 3082 5303 Mosbemio
3124 5246 3176 5300 in
3222 5244 3459 5298 Historia
3497 5248 3653 5311 ecct.,
3693 5249 3870 5301 sacul.

2324 5329 2383 5386 ιι,
2431 5326 2567 5381 part.
2625 5330 2682 5380 ιι,
2726 5332 2842 5386 cap.
2888 5318 2942 5378 2,
2994 5316 3024 5386 ς
3068 5314 3551 5386 6,_recentissima:
3599 5318 3870 5386 editionis.

2322 5381 2804 5456 Qngcomparatio'
2817 5387 2929 5456 jam
2948 5381 3073 5456 tum
3102 5382 3290 5456 nititur
3312 5382 3414 5438 ﬁde
3444 5382 3743 5456 Clementis
3769 5385 3871 5439 Ro-

2291 5452 2465 5523 .mani
2496 5451 2729 5523 inge‘pist.
2749 5456 2791 5508 .ι
2818 5451 3269 5523 'ad_Corinthios,
3302 5465 3423 5522 cap.
3448 5452 3539 5508 40.

2395 5521 2508 5588 (9.5)
2547 5520 2777 5591 ιηἰιοιὶσ
2809 5523 2877 5577 ad
2914 5520 3269 5591 Varia‘sacra,
3293 5520 3425 5591 tum.
3460 5524 3527 5586 ll,
3563 5539 3617 5591 p.
3661 5524 3755 5585 25,
3785 5522 3870 5575 33.

2391 5591 2503 5661 (24)
2542 5590 2676 5661 Nota
2706 5595 2867 5647 etiam
2900 5600 3027 5645 sunt
3062 5588 3287 5646 Joannis
3316 5588 3711 5661 Euchaitornm
3762 5609 3869 5643 nie-

2320 5658 2604 5738 tropolitaa,
2653 5660 2918 5738 Philotbei
2956 5658 3481 5738 patriarcbzeﬂoi.
3533 5664 3873 5738 aliorumque

2320 5733 2519 5798 scripta
2575 5730 2959 5785 encomiastica
3006 5730 3059 5782 in
3102 5740 3210 5784 tres
3244 5730 3583 5791 hierarchas.
3621 5730 3868 5785 Basiliam

2319 5797 2411 5865 IL,
2444 5799 2756 5865 Gregorium
2789 5796 3199 5865 Nasianscnum,
3244 5808 3296 5854 et
3333 5797 3603 5853 Joannem
3646 5798 3870 5865 Chryse.

2376 5836 2411 5867 σε
2444 5815 2756 5870 bregortum
2789 5815 3199 5865 uastattzenum,
3244 5815 3296 5854 el
3320 5815 3603 5871 Joannem
