4094 6350
699 422 836 478 1563
912 452 914 454 τ

1968 381 2310 481 MACARIUS
2351 381 2640 486 lllAGNES.

2363 351 2640 478 LIAGNES.
3750 422 3882 478 1564

698 539 950 597 Horatius
999 542 1114 611 ipso
1153 558 1264 597 δινο
1297 543 1520 613 Augusti
1566 543 1694 596 illud
1742 544 1983 598 diadema
2035 545 2237 614 regiam
2269 556 2312 604 Α
2415 545 2440 613 §
2480 543 2612 597 XIII.
2656 543 2707 594 3"
2747 541 2784 593 Α
2818 542 3021 596 silentio
3058 542 3265 596 Eusebii
3307 552 3457 610 atque
3483 541 3806 610 Hieronymi.

697 631 799 686 hoc
827 633 986 687 modo
1011 633 1265 688 describit
1295 634 1475 689 Carm.
1507 635 1596 688 lib.
1636 651 1691 695 ιι,
1723 635 1811 689 od.
1839 636 1872 687 9.
1898 656 1909 688 :

935 783 1164 853 Regnum
1191 796 1239 839 et
1276 787 1517 839 diadema
1551 797 1718 850 tutum

937 854 1177 923 Defercus
1205 857 1315 921 uni,
1344 857 1708 923 prepriamque
1733 857 1958 909 laurum.

690 981 981 1039 Ineliuante
1007 995 1184 1040 autem
1213 985 1424 1054 imperii
1453 995 1607 1041 mtate
1627 988 1975 1040 Aurelianum
2005 987 2235 1055 primum

689 1075 902 1143 publico
941 1092 1004 1131 ac
1041 1077 1269 1131 solemni
1298 1092 1447 1131 more
1478 1078 1579 1132 hoc
1612 1077 1912 1132 diademate
1943 1078 2112 1132 fuisse
2145 1093 2232 1128 or-

687 1177 936 1226 natum._
968 1168 1212 1222 meminit
1277 1168 1522 1223 Aurelius
1574 1167 1754 1223 Victor
1801 1170 1854 1223 in
1896 1171 2063 1241 ipsius
2094 1171 2234 1235 Vita,

686 1271 807 1326 cap.
831 1258 918 1312 E5.
948 1256 1207 1322 Quamvis
1255 1257 1712 1329 Joiuandcs(58),
1763 1261 2032 1328 publicum
2073 1263 2232 1316 istum

689 1363 845 1401 usum
878 1347 1209 1402 Diocletiano
1244 1350 1474 1417 primum
1520 1353 1796 1404 attribuat.
1832 1352 2067 1421 Denique
2106 1355 2232 1406 dum

688 1438 885 1505 sceptri
947 1453 1104 1492 usum
1167 1440 1370 1508 regium
1422 1443 1591 1494 multo
1647 1444 1822 1497 adhuc
1883 1445 2231 1497 recentiorem

687 1525 1002 1581 Diocletiani
1051 1544 1163 1582 τηνο
1218 1531 1353 1584 inter
1427 1531 1698 1586 Romanos
1768 1532 1932 1588 fuisse
1991 1544 2235 1588 autumat

669 1618 1087 1683 ’Tillemoutius,
1126 1610 1175 1674 in
1223 1639 1287 1676 eo
1317 1624 1455 1677 haud
1498 1640 1687 1692 parum
1731 1624 1844 1678 falli
1887 1625 2098 1680 videtur
2153 1628 2234 1678 vir

684 1712 1031 1767 doctissimus
1067 1723 1118 1766 et
1167 1716 1218 1766 in
1270 1715 1618 1768 historiarum
1661 1716 1856 1769 veteris
1896 1717 1992 1768 aevi
2038 1731 2232 1770 mOtttI~

678 1804 884 1857 tuentis
911 1803 1043 1859 alias
1070 1806 1487 1859 versutissimus.
1527 1806 1600 1859 De
1623 1805 1990 1858 Romanorum
2021 1808 2235 1875 regibus

670 1888 745 1947 cs
795 1892 1030 1963 Dionysii
1067 1892 1558 1950 Ilaliearnassensis
1608 1896 1716 1963 (59)
1763 1897 2072 1950 testimonio
2109 1912 2237 1950 con-

686 1994 812 2047 stat,
856 1986 998 2053 quod
1035 1985 1360 2054 Tarquinius
1393 1987 1711 2038 transmissa
1746 1986 1847 2040 sibi
1891 1988 1957 2039 ab
1997 1987 2236 2040 Etruscis

687 2066 916 2143 insignia
955 2076 1118 2143 regia,
1156 2089 1412 2126 coronam
1456 2074 1574 2128 scil.
1609 2089 1851 2135 auream,
1884 2084 1936 2126 et
1965 2083 2236 2142 sceptrum

684 2163 982 2216 eburneum
1033 2165 1084 2216 in
1131 2165 1438 2217 summitate
1469 2167 1703 2233 aquilam
1758 2166 1996 2229 habens,
2040 2167 2238 2235 pariter

686 2262 848 2321 atque
879 2253 1049 2321 ipsius
1075 2270 1434 2318 successores,
1467 2264 1675 2324 gestare
1708 2250 2110 2324 censueveriut.
2146 2256 2238 2309 Sic

685 2344 848 2396 etiam
893 2347 958 2397 de
1015 2347 1212 2422 popqu
1271 2348 1511 2402 ltomauo
1559 2348 1697 2400 idem
1747 2350 1974 2418 sei-iptor
2021 2341 2262 2403 insimul'

688 2436 964 2488 lnctnorim
1012 2437 1270 2503 prodidit,
1316 2440 1458 2506 quod
1511 2447 1818 2494 exterarum
1859 2456 2043 2510 regum
2087 2451 2236 2509 pote-

688 2533 878 2577 statem
913 2527 1318 2592 conﬁrmaturi,
1366 2537 1576 2597 sceptra
1622 2541 1673 2584 et
1707 2530 2008 2584 diademata
2050 2533 2237 2587 iisdem

688 2617 936 2680 mittere,
969 2617 1020 2671 in
1067 2635 1214 2672 more
1263 2621 1566 2673 habuerint.
1600 2620 1814 2675 Scilicet
1847 2632 2103 2691 potestas,
2132 2622 2240 2676 for-

687 2719 839 2770 tuna,
876 2723 929 2764 et
957 2710 1192 2764 ellicacia
1247 2711 1475 2778 auspicii
1521 2711 1846 2780 consiliique
1879 2713 2033 2780 regii,
2069 2729 2097 2765 a
2137 2715 2241 2766 Deo

689 2801 964 2868 profecta,
1013 2803 1209 2871 sceptri
1273 2803 1517 2872 symbolo
1571 2803 1756 2855 debuit
1810 2803 1981 2856 notari
2033 2822 2044 2857 :
2088 2804 2242 2872 cujus

693 2901 949 2961 tauquam
988 2895 1141 2964 regii
1185 2895 1486 2947 ornamenti
1543 2909 1649 2946 non
1711 2894 1890 2947 minus
1957 2895 2244 2948 meminere

696 2984 987 3050 scriptores
1039 3001 1202 3039 aureo
1257 2985 1479 3054 Augusti
1525 3000 1637 3038 aevo
1671 2985 1930 3038 celebres.
1982 2985 2059 3040 Ita
2101 2988 2242 3038 enim

696 3070 835 3125 inter
877 3069 1093 3133 Priami,
1131 3073 1485 3141 Trojanorum
1532 3075 1694 3141 regis,
1739 3073 2000 3140 insignia,
2052 3075 2246 3140 quibus

697 3151 994 3215 instructus
1039 3163 1158 3229 jura
1213 3168 1413 3218 vocatis
1462 3166 1618 3219 dabat
1680 3166 1926 3234 populis,
1977 3175 2244 3233 sceptrum

697 3255 899 3327 pariter
927 3252 1179 3324 Virgilius
1210 3254 1321 3321 (60)
1349 3269 1626 3309 enumerat
1651 3277 1661 3308 :

735 3390 848 3443 Hoc
874 3389 1077 3443 Priami
1105 3398 1365 3457 gestamen
1395 3399 1527 3451 erat,
1562 3406 1675 3440 cum
1693 3392 1815 3455 jura
1848 3395 2037 3446 vocatis

735 3459 880 3523 Marc
902 3467 1049 3513 duret
1081 3459 1306 3528 populis,
1338 3470 1706 3526 sceptrumque,
1731 3477 1968 3529 sacerque
1988 3468 2172 3524 tiaras,

737 3529 1066 3598 Iliadumque
1090 3531 1261 3593 labor,
1299 3538 1500 3581 vestes"

701 3686 766 3739 Et
798 3688 925 3756 quid
979 3689 1149 3759 magis
1193 3688 1516 3741 confirmant
1563 3686 1768 3739 nummi
1822 3686 2082 3749 Adriani,
2123 3689 2245 3740 item

703 3780 960 3830 Antonini
990 3779 1096 3839 Pii,
1123 3789 1176 3831 et
1216 3779 1503 3832 Alexandri
1547 3778 1727 3832 Severi
1768 3779 2151 3846 Augustorum,
2195 3780 2246 3830 iu

707 3869 906 3934 quibus
937 3868 1151 3919 Justitia
1183 3869 1418 3922 sedentis
1457 3880 1540 3922 est
1571 3871 1776 3931 habitu,
1805 3869 2022 3922 sinistra
2046 3868 2248 3934 virgam

707 3966 930 4020 tenens,
967 3957 1148 4010 dextra
1202 3975 1328 4012 vero
1383 3971 1621 4028 pateram
1669 3963 1924 4029 gestans?
1971 3959 2248 4026 Sceplrum

708 4047 912 4101 scilicet
933 4049 1176 4118 designat
1217 4052 1499 4120 imperium
1553 4055 1735 4106 mundi
1778 4069 1839 4108 ac
1871 4054 2000 4120 reip.
2027 4052 2251 4103 admini-

710 4141 1057 4204 strationem;
1101 4147 1449 4209 quamobrem
1494 4155 1544 4198 et
1583 4147 1784 4214 virgam
1815 4153 2028 4214 gestat:
2071 4153 2251 4212 patera

709 4246 837 4284 vero
869 4231 1208 4286 Divinitatem
1254 4236 1538 4301 significat,
1573 4238 1860 4305 interprete
1891 4236 2124 4289 Antonio
2146 4233 2252 4286 Au—

712 4322 926 4389 gustino
965 4323 1018 4375 in
1048 4323 1256 4392 dialogo
1294 4326 1328 4376 ‘2
1356 4327 1735 4393 Antiquitalum
1781 4329 2162 4385 Romanarum,
2201 4325 2250 4375 in

713 4411 951 4468 nummis
980 4420 1308 4479 veterum,p.
1340 4429 1410 4464 η’..
1453 4416 1531 4468 It).
1572 4416 1796 4471 Unicum
1837 4420 2012 4488 adhuc
2060 4415 2250 4468 addam

711 4503 1014 4570 exemplum
1047 4502 1322 4562 Gordiani.
1361 4520 1549 4557 nomen
1579 4509 1913 4575 imperatoris
1940 4491 2253 4573 cultumque

2420 700 2657 768 Magnam
2711 698 2935 751 fortasse
2982 698 3211 764 speciem
3265 698 3458 757 hauet,
3512 696 3655 763 quod
3711 696 3884 750 adhuc

2347 792 2631 860 “l'lidu'rv
2686 805 2857 858 ne‘IUC
2885 789 3196 850 Eusebium,
3236 787 3702 855 diligentissimum
3753 788 3886 840 seri-

2346 894 2555 951 piorum
2602 897 2710 934 sua:
2759 880 2927 934 relatis
2973 881 3440 946 investigatorem,
3487 893 3660 946 neque
3695 875 3886 930 Iliero—

2347 989 2562 1042 nymum
2614 975 2662 1024 in
2706 971 2956 1040 Cutalogo
3009 971 3321 1036 scriptorum
3382 969 3882 1032 ecciesiasticorum,

2346 1064 2643 1132 reliquosve
2675 1064 2834 1130 hujus
2869 1065 3078 1130 generis
3118 1061 3425 1128 scriptorcs,
3458 1061 3619 1113 ullam
3647 1075 3883 1127 unquam

2348 1154 2564 1208 Macarii
2622 1153 2876 1222 Magnetis
2933 1152 3123 1206 fecisse
3174 1152 3518 1216 mentionem,
3563 1153 3657 1204 sed
3720 1152 3884 1203 altum

2347 1247 2546 1313 ubique
2577 1245 2718 1297 illius
2751 1245 2972 1312 reperiri
3001 1244 3293 1296 silentium.
3319 1241 3681 1309 Praeterquam
3709 1252 3884 1293 autem

2342 1337 2482 1403 quod
2533 1353 2636 1387 non
2689 1337 2867 1388 cunnia
2899 1335 3087 1387 veteris
3124 1333 3372 1386 Ecclesie
3420 1342 3771 1385 monumenta
3817 1330 3884 1383 ad

2344 1427 2556 1479 Eusebii
2625 1435 2677 1479 et
2738 1424 3040 1492 Hieronymi
3091 1439 3281 1477 manus
3325 1432 3720 1490 pervenerunt,
3777 1431 3882 1473 tum

2345 1519 2546 1571 multos
2577 1517 2710 1570 alios
2740 1530 2951 1582 quoque
2987 1515 3274 1582 scriptorcs
3307 1514 3498 1580 prisca:
3533 1513 3708 1566 aetatis
3745 1512 3885 1564 ﬁdei-

2342 1624 2446 1676 que
2491 1608 2708 1658 minime
2749 1605 2942 1667 dubiae,
2975 1621 3023 1657 e.
3081 1620 3127 1656 c.
3180 1602 3524 1672 Ilymcnmum
3558 1612 3612 1654 ct
3657 1603 3883 1653 Athena-

2343 1714 2548 1767 goram,
2566 1697 2775 1750 silentio
2798 1695 2864 1748 ab
2895 1695 3079 1749 iisdem
3101 1694 3484 1764 prmternjissos
3510 1707 3651 1753 esse,
3677 1692 3882 1744 cuililet

2345 1788 2647 1842 accuratius
2670 1788 2857 1854 legenti
2877 1785 3431 1853 patebit.Quapropter
3446 1792 3498 1836 ct
3514 1781 3883 1845 Bellarminus,

2276 1893 2314 1945 Β
2346 1880 2419 1931 De
2450 1877 2786 1946 scriptoribus
2824 1878 3217 1937 ecclesiasticis,
3254 1875 3316 1928 ad
3354 1874 3750 1942 Athenagoram
3795 1873 3886 1922 ob-

2342 1980 2556 2025 servat:
2604 1968 2797 2019 Mirum
2843 1977 3010 2018 untem
3040 1977 3133 2028 est,
3182 1984 3274 2017 cur
3315 1963 3568 2017 Eusebius
3605 1962 3881 2028 diligentis-

2343 2067 2501 2122 simus
2550 2071 2857 2136 scriptorum
2903 2069 3271 2134 inrcstigutcr,
3322 2066 3472 2131 huius
3524 2063 3751 2116 auctoris
3791 2075 3882 2111 non

2345 2161 2648 2226 meminerit.
2678 2160 2826 2220 Quod
2873 2168 3044 2211 autem
3093 2156 3147 2210 S.
3202 2157 3549 2225 Hieronymus
3598 2156 3736 2207 hunc
3768 2153 3885 2205 scri-

2343 2263 2539 2318 ptorem
2597 2250 2847 2312 omiserit,
2896 2266 2993 2301 non
3047 2253 3285 2300 estadeo
3334 2249 3542 2312 mirum,
3597 2261 3714 2297 cum
3768 2243 3885 2295 satis

2346 2352 2561 2403 constet,
2590 2341 2883 2410 catalogum
2920 2340 2974 2392 δ.
3017 2339 3317 2406 Hieronymi
3345 2353 3407 2390 ea:
3439 2338 3660 2389 historia
3689 2333 3887 2387 Eusebii

2344 2451 2449 2486 esse
2471 2435 2814 2499 desumptum,
2844 2432 3013 2500 quoad
3037 2432 3152 2482 illos
3178 2431 3470 2498 scriptores,
3497 2430 3587 2496 qui
3613 2427 3890 2480 Eusebium

2345 2533 2734 2593 praeesserunt.
2779 2523 2974 2576 Eadem
3028 2524 3189 2592 igitur
3239 2522 3374 2574 ratio
3427 2523 3588 2573 etiam
3636 2522 3739 2572 hoc
3780 2519 3891 2570 loco

2345 2617 2559 2678 valebit,
2597 2625 2649 2668 et
2698 2616 2838 2668 haud
2877 2615 3110 2675 mirum,
3159 2615 3201 2667 si
3236 2629 3332 2666 nec
3376 2611 3596 2664 Macarii
3638 2610 3889 2678 Magnetis

2349 2707 2452 2758 ulla
2481 2708 2544 2758 ab
2573 2706 2800 2760 Eusebio
2828 2691 2986 2772 atque
3020 2705 3345 2774 Hieronymo
3389 2703 3524 2755 facta
3555 2703 3626 2755 sit
3656 2702 3848 2753 mentio
3873 2719 3886 2762 ;

2350 2814 2470 2850 cum
2504 2799 2584 2850 vel
2617 2798 2730 2864 ipse
2767 2796 3030 2849 l'luscbius
3066 2796 3172 2864 (6').)
3208 2795 3454 2855 fateatur,
3488 2808 3541 2844 se
3580 2809 3688 2843 non
3721 2793 3890 2843 omnia

2351 2903 2539 2950 nosse,
2589 2903 2708 2955 qute
2763 2903 2825 2938 ex
2862 2896 3098 2937 veterum
3147 2885 3631 2938 ccclesiasticorum
3687 2881 3889 2948 scriptis

2353 2995 2450 3032 suo
2483 2980 2660 3030 adhuc
2703 2977 3105 3044 temporeapnd
3148 2977 3344 3029 multos
3378 2975 3732 3029 servabantur
3785 2975 3884 3026 Iau-

2354 3070 2544 3122 dabilis
2589 3069 2876 3137 diligentia:
2918 3079 3304 3131 monumenta;
3347 3068 3632 3120 multorum
3688 3081 3890 3134 quoque

2355 3161 2748 3213 lucubrationes
2777 3163 2840 3212 ad
2864 3175 2920 3212 se
2943 3161 3156 3227 quidem
3186 3160 3414 3222 venisse,
3445 3174 3676 3226 quorum
3722 3170 3891 3211 tanien

2354 3268 2418 3304 ne
2477 3253 2589 3318 ipsa
2648 3251 2860 3317 quidem
2917 3252 3131 3303 nomina
3186 3265 3466 3304 recensere
3511 3251 3785 3318 potuerit,
3841 3260 3892 3300 et

2352 3358 2580 3410 quorum
2609 3350 2877 3405 auctores,
2901 3342 3144 3408 quamvis
3167 3341 3448 3394 orthodoxi
3475 3352 3528 3394 et
3549 3338 3890 3394 ecclesiastici

2355 3436 2536 3496 fuere,
2573 3433 2787 3486 obscuri
2838 3441 3010 3483 tamen
3071 3433 3343 3499 igumiquc
3402 3432 3604 3485 fuerint
3642 3430 3889 3491 Eusebio,

2353 3535 2630 3594 propterea
2663 3522 2804 3591 quod
2839 3523 2934 3588 ipsi
2987 3523 3104 3574 libri
3148 3534 3427 3575 auctorum
3467 3538 3574 3574 non
3615 3519 3892 3590 praferaut

2353 3621 2589 3673 nomina.
2623 3617 2763 3683 Quin
2791 3625 2840 3669 et
2878 3613 3158 3683 NiCephori
3201 3615 3305 3668 Cl’.
3337 3625 3489 3668 :ctate
3526 3617 3671 3668 hunc
3720 3627 3890 3668 aucto-

2356 3727 2465 3764 rem
2512 3711 2735 3778 ejusque
2785 3706 3080 3760 doctrinam
3131 3715 3185 3758 et
3239 3708 3433 3773 scripta
3493 3709 3738 3758 nondum
3775 3707 3887 3758 satis

2357 3801 2546 3854 fuisse?
2571 3801 2782 3868 cognita
2809 3840 2820 3861 ,
2873 3796 3191 3865 perspicitur
3227 3811 3290 3846 ex
3349 3794 3718 3861 indignatione
3763 3799 3880 3847 auti-

2357 3894 2538 3944 stitum
2574 3891 2995 3945 orthodoxmum
3036 3887 3086 3938 in
3134 3901 3279 3947 etnn,
3315 3883 3402 3951 qui
3439 3884 3749 3935 testimonia
3792 3884 3891 3936 lla-

2357 3986 2527 4052 gnetis
2572 3984 2813 4036 mutilata
2854 3988 3229 4048 cxcerpserat:
3278 3977 3389 4027 υὺκ
3437 3974 3651 4042 εἴχομεν
3695 3975 3771 4034 δὲ,
3816 3975 3887 4026 in-

2357 4078 2566 4144 quiunt,
2588 4072 2615 4127 ὃ
2665 4093 2712 4126 τι
2735 4074 3029 4143 δράσαιμεν
3055 4071 3159 4122 τῶν
3183 4069 3274 4120 νῦν
3307 4065 3671 4137 προελῦουσιῐιν
3699 4065 3896 4117 εἵνεκεν

2357 4168 2599 4235 χρήσεων
2621 4183 2632 4191 ·
2668 4166 2782 4216 λίαν
2813 4165 2916 4232 γὰρ
2951 4160 3295 4230 Θαυμάζομεν
3337 4157 3429 4208 καὶ
3463 4155 3894 4224 ἐκπεπλήγμεθα,

2358 4258 2502 4317 ὅστις
2536 4257 2662 4307 ποτὲ
2697 4258 2778 4324 εἰη
2819 4257 2845 4305 ὁ
2885 4253 3082 4312 ταύτας
3122 4248 3542 4316 ἀναλεξάμενος,
3582 4248 3655 4310 ὡς
3689 4249 3785 4310 τὰς
3816 4248 3890 4314 βί-

2359 4347 2514 4408 ϐλους
2549 4347 2713 4408 αὐτὰς
2746 4349 2842 4397 οὐκ
2890 4341 3178 4410 ἐξέπεμψε.
3224 4341 3450 4408 Πότερον
3478 4341 3572 4408 τῆς
3603 4341 3891 4406 ἐπιστήμης

2359 4441 2449 4490 καὶ
2470 4441 2564 4508 τῆς
2591 4437 2928 4498 διδασκαλίας
2951 4435 3044 4485 τοῦ
3071 4432 3419 4500 συγγραφέως
3452 4432 3714 4501 φθονήσας
3743 4431 3892 4498 ἡμῖν,

2359 4534 2466 4592 τοῖς
2519 4531 2718 4599 ταύτης
2765 4527 3065 4596 ἐφιεμένοις
3113 4524 3203 4574 καὶ
3257 4522 3628 4592 γλιχομένοις;
3687 4522 3751 4572 ‘ll
3812 4520 3892 4570 τὸν

712 4595 983 4663 gerentis,
1029 4595 1080 4646 in
1135 4581 1291 4661 cujus
1345 4611 1536 4661 pompa
1590 4609 1747 4665 atque
1800 4600 2056 4652 comitatu
2109 4597 2243 4663 regie

2363 4621 2556 4674 σκηπὸν
2599 4622 2688 4671 καὶ
2722 4621 2817 4686 τὴν
2846 4616 3096 4668 ὑπόθεσιν
3128 4613 3534 4683 ἀποκρύψασθαι
3569 4611 3888 4680 βουλόμενκ,

713 4687 890 4755 virgas
925 4689 1210 4742 identidem
1269 4688 1538 4738 laureatas
1571 4687 1956 4742 commemorat
1997 4686 2253 4740 llerodia-

714 4779 984 4846 nusttil);
1037 4781 1233 4847 quippe
1265 4794 1374 4846 quo
1421 4777 1612 4843 insigni
1660 4781 1925 4848 principes
1958 4795 1986 4832 a
2034 4779 2255 4847 privatis

715 4869 1118 4945 dignoscuntur,
1179 4867 1254 4922 Ex
1309 4869 1504 4938 quibus
1546 4871 2074 4972 omnibusdilucidp
2125 4870 2256 4923 satis

715 4962 1025 5023 conlicitur,
1075 4961 1738 5030 ~'descriptionemregiam
1785 4981 1813 5016 a
1858 4961 2092 5018 Macario
2142 4961 2252 5013 Ma-

716 5061 871 5115 gnete
923 5067 1084 5121 supra
1125 5039 1339 5106 allatam
1394 5053 1446 5105 a’
1479 5054 1860 5107 censuetudine
1901 5071 1962 5109 ac
2014 5034 2256 5107 moribus

718 5139 800 5195 Sui
849 5141 1026 5195 saeculi
1082 5143 1495 5211 haudquaquam
1559 5156 1676 5194 esse
1733 5144 1996 5210 alienam;
2048 5159 2169 5197 cum
2206 5144 2254 5195 id

718 5229 873 5283 nobis
903 5233 1157 5298 sulﬁciat,
1191 5233 1354 5288 fuisse
1383 5250 1442 5286 ca
1478 5241 1631 5284 gelato
1671 5247 1818 5300 reges
1857 5250 2111 5301 purpura,
2143 5236 2256 5287 dia-

720 5319 924 5375 demate
961 5335 1120 5391 atque
1161 5335 1370 5393 sceptro
1422 5336 1673 5392 tanquam
1716 5324 1876 5391 regiis
1927 5327 2255 5378 ornamentis

722 5414 1054 5479 conspicuos.

756 5613 900 5690 _(53)
929 5613 993 5668 .lu
1038 5619 1133 5693 lili_.
1178 5620 1249 5672 De
1290 5639 1557 5693 regnorum
1620 5640 1679 5674 ac
1730 5631 2012 5688 temporum
2059 5635 2255 5671 succes-

723 5689 883 5739 sione.
919 5699 1036 5751 cap.
1067 5689 1153 5740 87.

788 5751 897 5824 (⁵Ἵῖ
941 5756 1191 5824 ΑΙῙΗίιυίε.
1235 5757 1471 5817 "curari,
1506 5763 1593 5812 liii.
1626 5779 1705 5820 ιιι,
1738 5776 1853 5824 cap.
1896 5758 1978 5809 II.

789 5820 899 5891 (till)
941 5820 1156 5877 Afueid.
1182 5827 1273 5878 lib.
1309 5844 1399 5892 vn,
1442 5847 1484 5881 \‘.
1517 5832 1638 5884 ﬂii.
1677 5820 1834 5884 (Leni.
1873 5829 2001 5882 ibid.
2037 5828 2125 5881 lib.
2162 5843 2252 5894 λιι,

2359 4714 2431 4775 ὡς
2455 4712 2516 4780 δὴ
2551 4710 2706 4771 εὐθὺς
2746 4726 2802 4759 τε
2847 4708 2936 4759 καὶ
2970 4710 3031 4758 ὲκ
3073 4705 3289 4777 πρώτης
3339 4706 3589 4773 ἐπιϐολῆς
3635 4701 3894 4771 ἐμφανοῦς

2364 4805 2452 4854 καὶ
2482 4801 2643 4870 δήλης
2673 4801 2781 4859 τοῖς
2806 4797 3204 4866 ἐπευξαμένοις
3243 4795 3735 4864 καταστησομένης,
3772 4793 3896 4843 κάν-

2363 4892 2544 4944 τεῦθεν
2571 4890 2847 4960 διαδρᾶσαι
2887 4888 2991 4939 τῶν
3029 4887 3608 4958 ὃραματουργηοέντων
3641 4885 3730 4936 τὸν
3757 4884 3900 4947 ἐλεγ-

2363 5002 2472 5052 χον.
2509 4981 2558 5033 ld
2582 4989 2697 5033 est:
2733 4981 2810 5030 Ad
2847 4979 3050 5047 prolata
3084 4980 3375 5032 testimonia
3403 4978 3537 5046 quod
3567 4977 3774 5038 attinet,
3804 4991 3900 5025 non

2361 5075 2492 5128 satis
2525 5071 2755 5124 constitit
2791 5071 2959 5135 nobis,
2989 5072 3110 5140 quid
3142 5073 3442 5137 faceremus.
3474 5068 3732 5120 Miramur
3767 5067 3901 5118 enim

2365 5164 2508 5216 valde
2535 5171 2580 5212 et
2622 5160 3058 5226 obstupescimas,
3103 5160 3335 5227 quisquis
3378 5157 3463 5208 ille
3494 5168 3570 5208 est
3602 5155 3689 5222 qui
3720 5171 3778 5205 ea
3810 5168 3900 5204 cI-

2362 5256 2570 5322 cerpsit,
2603 5269 2695 5303 cur
2727 5251 2863 5317 ipsos
2894 5251 3049 5302 libros
3083 5267 3182 5302 non
3208 5249 3424 5302 miserit.
3455 5249 3534 5298 An
3566 5245 3896 5314 quia-scien-

2364 5347 2490 5396 tiam
2510 5343 2901 5407 doctrinamque
2923 5339 3062 5389 illius
3085 5337 3289 5388 laudati
3317 5337 3583 5402 scriptoris
3601 5331 3899 5400 optantibus

2364 5437 2506 5488 nobis
2550 5432 3057 5498 desiderantibusque
3108 5429 3332 5481 invidit?
3377 5434 3456 5481 An
3506 5426 3630 5494 quia
3681 5435 3901 5477 mente-rt

2365 5636 2412 5673 κ.
2435 5619 2788 5754 ἓίῖῗ⁶11ξδιον·.
2822 5683 3048 5754 lil)._vn._
3070 5696 3116 5734 c.
3146 5680 3196 5740 fi,
3227 5694 3375 5754 p.311.
3407 5673 3547 5729 305:

2438 5747 2546 5825 ((52)
2591 5757 2729 5809 Hist.
2766 5772 2806 5805 et
2824 5753 2887 5805 cl.
2925 5752 3014 5804 lil).
3044 5747 3092 5815 κ’,
3127 5765 3238 5817 cap.
3274 5747 3362 5799 9.7.
