4094 6350
159 530 163 534 _
201 471 342 524 1565

1334 474 1608 542 ΝΟΤΙΪΙΊΑ
1648 472 1734 529 ΕΤ
1772 471 2215 531 FRAGMENTA.

3243 472 3378 529 1566

200 589 436 644 auctoris
465 592 917 662 argumentumque
942 597 1129 661 operis,
1153 597 1288 665 quod
1325 601 1386 650 ab
1422 599 1532 667 ipso
1557 598 1735 650 statim

1836 612 2057 667 γραμμα
2115 599 2414 668 εὑρίσκεται
2466 602 2522 652 ὲν
2583 600 2737 653 πέντε
2767 597 3007 668 ⁴βιϐλίοις
3063 594 3380 667 διηρημένον

196 683 417 734 exordio
446 681 645 737 evidens
675 685 1103 754 manifestumque
1135 687 1410 741 lectoribus
1439 690 1738 751 exstitisset,

199 773 485 838 occultare,
531 784 683 844 atque
712 778 787 828 ita
837 778 1128 845 facinorum
1169 795 1378 832 suorum
1419 781 1666 832 indicium
1694 790 1741 830 et

198 865 572 916 com-ictiouem
607 867 774 919 vitare
803 869 964 920 voluit
991 870 1012 920 '1
1038 878 1140 922 etc.
1171 868 1324 934 Quod
1362 872 1404 923 si
1432 871 1660 939 denique
1688 871 1741 922 in

197 955 464 1023 originem
502 956 724 1010 istorum
757 973 999 1012 errorum
1024 962 1182 1026 paulo
1206 962 1443 1014 curatius
1473 962 1743 1030 inquirere

197 1045 448 1110 velimus,
492 1047 580 1114 qui
621 1046 849 1101 Macario
892 1049 1115 1117 .‘llagueti
1154 1060 1338 1103 nostro
1381 1052 1734 1119 imputantur,

197 1145 251 1186 et
273 1135 342 1187 de
366 1135 562 1202 quibus
583 1138 834 1207 deinceps
861 1140 1153 1193 disserendi
1183 1140 1332 1194 locus
1359 1143 1490 1206 erit;
1528 1143 1742 1209 majoris

195 1223 336 1278 forte
369 1225 547 1280 adhuc
604 1229 962 1297 antiquitatis,
1008 1247 1166 1298 quam
1215 1233 1426 1300 quidem
1460 1234 1638 1290 saeculi
1685 1249 1740 1284 ιιι

196 1315 260 1366 ad
291 1314 453 1368 linem
487 1321 751 1385 vergentis
793 1321 928 1372 ratio
957 1322 1174 1388 patitur,
1221 1322 1363 1374 varia
1408 1321 1580 1388 colligi
1622 1336 1743 1388 pos-

195 1416 318 1460 sent
370 1407 600 1472 iutlicia,
650 1425 769 1477 qua:
823 1412 1189 1475 superioribus
1233 1413 1557 1478 argumentis
1599 1411 1742 1462 haud

195 1513 389 1564 parum
435 1499 687 1553 adderent
742 1502 972 1555 roboris.
1005 1501 1164 1555 Jubet
1197 1511 1370 1554 autem
1420 1501 1738 1564 necessitas,

196 1595 255 1640 ut
305 1587 448 1641 hanc
495 1589 924 1656 disquisitionem
973 1591 1038 1642 de
1097 1599 1248 1644 relate
1299 1591 1532 1644 auctoris
1573 1590 1742 1642 nostri

195 1682 454 1735 ﬁniamus
504 1683 815 1749 tequissimo
871 1684 1104 1751 satisque
1142 1684 1364 1750 probato
1409 1681 1487 1734 (Il.
1524 1679 1742 1732 Joannis

166 1841 170 1844 _
197 1775 427 1828 Boivinii
457 1775 682 1843 judicio,
711 1775 853 1844 quod
889 1793 952 1828 ex
978 1775 1309 1842 autographo
1337 1774 1435 1826 viri
1479 1783 1596 1840 pOst
1637 1771 1740 1824 lata

200 1869 507 1937 superstitis
537 1869 638 1922 hoc
671 1869 787 1921 loco
830 1870 1152 1937 suhjungcre
1201 1867 1341 1920 haud
1390 1869 1735 1934 injueundum

201 1960 309 2013 fore
339 1961 749 2013 existimamus:
793 1976 920 2010 sane
963 1961 1005 2010 si
1041 1969 1264 2018 constet,
1294 1958 1582 2026 Magnetem
1618 1967 1739 2011 ante

198 2050 445 2118 Origenis
503 2059 739 2116 tempora
790 2051 1068 2113 ﬂoruisse,
1105 2059 1161 2101 ut
1204 2050 1418 2116 quidam
1468 2049 1740 2101 existima-

200 2149 324 2192 runt
359 2140 486 2205 (65),
521 2140 766 2192 ﬂoruisse
807 2156 926 2192 eum
962 2155 1181 2193 necesse
1212 2149 1292 2194 est
1335 2156 1396 2191 ea
1425 2140 1536 2206 ipsa
1564 2149 1736 2203 aetate,

200 2243 301 2295 qua
348 2230 625 2281 erroribus
682 2230 786 2281 illis
839 2247 943 2282 non
998 2231 1211 2283 defuere
1256 2230 1429 2297 magni
1469 2240 1734 2283 auctores.

202 2319 301 2372 Sed
332 2318 544 2371 interim
578 2319 702 2372 dum
737 2333 894 2373 tantze
923 2323 1197 2373 vetustatis
1247 2332 1555 2388 argumenta
1586 2322 1739 2375 nobis

202 2417 344 2461 certa
371 2420 673 2477 suppetant,
704 2413 869 2462 tutius
907 2412 1061 2463 fuerit
1085 2428 1204 2464 ctnn
1248 2410 1546 2478 Nicephoro
1575 2412 1738 2478 patri-

203 2501 365 2552 archa
405 2511 457 2551 et
510 2502 628 2552 aliis
681 2501 1151 2552 Ιι-υιιοιιιει(;1ιοι·ιιιιι
1196 2501 1516 2553 adversariis
1564 2499 1737 2552 Maea-

201 2588 339 2639 rium
387 2586 680 2655 Magnetem
712 2590 906 2641 saeculo
938 2590 1144 2655 integro
1177 2597 1407 2641 statuere
1445 2589 1735 2655 juniorcm,

202 2688 260 2732 ut
285 2678 517 2747 Origene
548 2679 760 2747 quidein
805 2688 854 2730 et
895 2678 1222 2732 Tertulliano
1255 2679 1536 2744 recentior,
1571 2678 1736 2730 Atha-

203 2769 357 2820 nasio
403 2777 576 2820 autem
616 2776 665 2820 et
713 2767 922 2820 concilii
970 2765 1164 2820 Nicaeni
1220 2765 1467 2819 Patribus
1517 2766 1738 2834 :equalis

205 2861 481 2912 habeatur.

489 2948 514 3017 §
555 2947 688 3000 Χιν.
728 2947 946 2999 Macarii
979 2947 1228 3014 Magnetis
1259 2949 1470 3015 scripta.

272 3041 594 3094 Acccditnus
623 3057 761 3094 ntinc
785 3041 846 3092 ad
883 3039 1244 3092 l'CtJt'llsiOItCttl
1282 3039 1599 3107 scriptorum
1635 3037 1742 3090 Pila-

206 3133 333 3186 carii
369 3130 652 3197 Magnetis,
683 3147 912 3198 quorum
943 3131 1196 3182 hactenus
1222 3131 1357 3182 inter
1388 3131 1624 3184 eruditos
1654 3133 1739 3182 vix

207 3223 310 3276 ulla
339 3221 541 3273 exstitit
567 3221 845 3278 memoria,
875 3220 1066 3272 nedum
1091 3229 1230 3271 certa
1254 3221 1494 3287 quaedam
1527 3221 1739 3282 notitia;

207 3312 401 3381 quippe
430 3313 566 3363 inter
595 3311 1075 3363 vetustissimorum
1102 3319 1375 3362 auctorum
1400 3320 1738 3362 monumenta

207 3400 480 3466 deperdita
526 3401 634 3468 (lii)
688 3400 962 3466 hucusque
1017 3401 1207 3468 injuria
1265 3411 1560 3468 temporum
1615 3401 1743 3451 deli-

208 3492 372 3544 tuisse
414 3490 522 3556 jam
576 3505 734 3556 supra
785 3490 1156 3544 indirmimus.
1197 3489 1258 3542 Et
1285 3490 1526 3558 quamvis
1558 3489 1740 3539 hodie-

213 3595 337 3630 uum
367 3579 538 3631 adhuc
575 3580 772 3645 integra
811 3579 977 3645 ipsius
1025 3596 1181 3646 opera
1216 3580 1278 3632 ad
1310 3595 1498 3631 manus
1532 3583 1742 3629 nostras

214 3669 351 3722 haud
401 3671 775 3736 pervenerint,
822 3671 1050 3739 pretiosa
1105 3680 1277 3723 tamen
1327 3668 1740 3734 ἀποσπασμὰτια

210 3763 625 3830 quamplurima,
654 3763 860 3831 aliaque.
881 3763 1117 3830 ejusdem
1145 3762 1416 3827 scriptoris
1447 3760 1739 3828 fragmenta

209 3853 271 3906 ad
305 3853 603 3906 doctrinam
629 3854 1041 3906 ecclesiasticam
1075 3866 1324 3920 perquam
1366 3850 1456 3901 util
1483 3866 1532 3909 a,
1559 3861 1741 3903 nostro

211 3944 419 3998 tandem
459 3944 654 3996 sarculo
695 3944 746 3995 in
785 3942 1234 4011 pmstantissimis
1260 3940 1594 3994 bibliothecis
1627 3939 1741 3994 feli-

206 4032 339 4086 citcr
381 4033 628 4096 inventa,
677 4048 705 4086 e
752 4043 829 4086 tot
877 4028 1191 4086 saeculorum
1242 4031 1471 4084 tenebris
1526 4032 1737 4086 demum

203 4119 489 4172 emersisse
522 4121 879 4187 maximopere
915 4121 1223 4189 gaudemus.
1255 4118 1398 4186 Opus
1430 4120 1600 4188 ipsum
1640 4123 1740 4174 hu-

200 4207 292 4272 jus
317 4211 602 4274 pervetusti
634 4211 864 4264 auctoris
889 4211 1040 4263 titulo
1061 4209 1324 4277 Apologia:
1347 4212 1647 4280 evangelicw
1675 4215 1741 4264 ad

211 4295 579 4352 Theosthenem
616 4301 857 4354 adversus
903 4301 1113 4368 gentiles
1160 4298 1738 4368 Evangeliicalumnia-

209 4395 343 4439 tores
390 4387 697 4457 insignitum
728 4391 941 4459 quidem
978 4389 1198 4457 legimus
1249 4407 1275 4442 ει
1319 4391 1574 4445 Zacharia
1613 4392 1742 4445 Cre-

213 4477 372 4540 tensi,
403 4475 684 4545 Turriano,
715 4481 1023 4545 Possevino,
1061 4480 1281 4548 aliisque
1307 4483 1692 4536 recentioribus
1726 4503 1736 4536 :

1846 676 1984 758 apo;
2010 689 2265 759 ’Έλληνας
2299 691 2364 742 πὲ
2399 727 2456 746 ...
2482 692 2537 743 ὲν
2570 693 2683 753 ταῖς
2719 687 2895 760 ρήσιέ.
2922 729 2934 740 .
2979 704 3050 757 μεν
3078 729 3090 740 .
3113 727 3125 740 .
3151 728 3161 738 .
3199 687 3228 740 λ
3258 724 3303 739 ..
3329 727 3339 737 .
3362 726 3375 739 .

1845 773 1901 827 In
1936 774 2219 845 Nicephori
2265 777 2368 832 ΟΡ.
2420 773 2901 842 Autirrheticis,ex
2930 762 3125 846 quibus
3166 776 3382 844 potissi-

1846 883 1992 921 mum
2021 871 2256 924 anetoris
2280 870 2450 924 nostri
2484 869 2774 938 fragmenta
2801 869 3245 936 deprompsimus,
3273 867 3385 919 hare

1848 959 2069 1014 habetur
2095 959 2375 1030 inscriptio
2409 981 2422 1015 :
2454 950 2736 1028 Τοῦἅγίον
2763 948 3042 1029 Μακαρῖου
3080 962 3142 1011 ἐκ
3169 961 3275 1028 τῆς·
3295 975 3383 1010 τε·

1846 1052 2044 1122 τάρτης
2077 1053 2255 1122 βίϐλου
2282 1047 2387 1107 τῶν
2427 1045 2830 1124 ’Λποκριτικῶν,
2861 1055 3026 1106 sancti
3071 1051 3294 1104 Macarii
3321 1065 3385 1104 es

1847 1155 2029 1212 quarto
2059 1144 2189 1197 libro
2215 1146 2647 1214 Apocriticorum.
2693 1148 2746 1198 In
2779 1146 2895 1200 aliis
2940 1143 3212 1197 codicibus
3251 1158 3379 1195 mss.

1846 1237 2078 1289 citantur
2111 1236 2324 1289 Macarii
2371 1237 2740 1306 Ἀποκρίσειςς
2786 1235 3230 1304 quemadmodum
3282 1234 3384 1286 hoc

1848 1341 1982 1395 opus
2010 1327 2399 1396 apologeticum
2431 1341 2478 1380 e.
2507 1342 2555 1381 c.
2584 1328 2635 1379 in
2659 1327 2775 1381 cod.
2811 1325 2935 1392 Reg.
2967 1326 3112 1387 l98li,
3141 1323 3231 1376 fol.
3255 1323 3379 1386 257,

1848 1431 2053 1469 necnon
2088 1418 2138 1468 in
2166 1417 2283 1470 cod.
2310 1418 2470 1478 2955,
2496 1417 2736 1486 sequenti
2760 1415 2950 1485 gaudet
2977 1417 3127 1469 titulo
3157 1430 3166 1465 :
3197 1415 3384 1467 Μακα-

1849 1506 1960 1574 ρεου
2003 1504 2279 1574 Μάγνητος
2327 1509 2387 1558 ἐκ
2430 1508 2537 1559 τῶν
2570 1510 2703 1577 πρὸς
2733 1509 2992 1577 Ἕλληνας
3024 1507 3180 1559 αὐτοῦ
3226 1507 3380 1556 Ἀπο-

1805 1636 1810 1639 .
1847 1596 2095 1663 κρίσεων,
2128 1597 2175 1648 id
2206 1605 2284 1649 est
2315 1596 2535 1648 Macarii
2570 1597 2823 1664 Magnetis
2855 1614 2918 1652 ex
2940 1599 3048 1665 ejus
3080 1598 3147 1649 ad
3176 1596 3379 1651 (ἐι-ωερε

1846 1685 2142 1754 Responsis.
2176 1686 2248 1740 De
2284 1702 2390 1754 quo
2429 1687 2582 1740 titulo
2617 1689 2802 1742 audire
2848 1690 2990 1742 lubet
3024 1685 3193 1756 ipsum
3227 1687 3380 1743 Niee-
3450 1718 3454 1723 -

1851 1776 2076 1842 phorum
2114 1776 2184 1828 ita
2213 1777 2511 1844 loquentem
2553 1793 2564 1826 :
2592 1777 2661 1828 Τὸ
2687 1779 2740 1828 δὲ
2771 1778 2876 1831 τῶν
2918 1778 3296 1848 ’Λποκριτικῶν
3319 1780 3380 1829 ὲν

1849 1868 1911 1933 τῇ
1955 1867 2224 1936 ἐπιγραφῇ
2270 1868 2634 1936 τροκέῐμενον,
2663 1868 2841 1937 ἐπειδὴ
2886 1869 3021 1921 κατὰ
3057 1870 3377 1940 Siue/aptavi]

1769 1931 1812 1986 Β
1842 1955 1982 2020 λέξις
2028 1958 2430 2025 σημαινομένων
2481 1957 2732 2027 φέρεται,
2787 1957 2981 2020 ἱκανῶς
3026 1950 3381 2026 ἐπετάραττεν

1844 2046 1948 2098 τῶν
1993 2047 2289 2098 ἀκουόντων
2339 2047 2433 2116 τὴν
2484 2046 2759 2116 αἴσθησιν,
2804 2048 3003 2101 ἔννοιαν
3045 2049 3088 2098 δ’
3117 2045 3206 2099 οὖν
3236 2050 3380 2117 ὅμως

1844 2135 2068 2187 ἐπιτειῦοα
2111 2138 2363 2206 παρεῖχεν
2388 2137 2464 2206 τῷ
2496 2138 2884 2206 ἐντυγχάνοντι,
2921 2138 2994 2200 ὡς
3026 2139 3114 2190 ἐπὶ
3146 2153 3379 2207 προηπο-

1846 2244 1912 2296 pr;
1921 2227 2091 2296 μένων
2117 2227 2148 2296 ἢ
2173 2227 2532 2297 προτεθέντων
2571 2231 2647 2289 εἰς
2690 2229 2904 2298 ζήτησιν
2946 2228 3200 2299 πρότερον
3225 2229 3380 2281 τινῶν

1844 2317 2012 2382 λόγων
2043 2318 2321 2383 ἐπάγεται,
2355 2317 2449 2386 τὴν
2486 2317 2634 2369 λύσιν
2681 2317 2711 2386 ἦ
2754 2315 2850 2389 τὴν
2892 2318 3157 2388 ἐπίκρισιν
3186 2318 3380 2371 τούτων

1843 2409 2266 2478 ὑπαγορεύουσα,
2300 2426 2350 2460 κ.
2396 2426 2442 2459 τ.
2485 2409 2530 2458 λ.
2569 2409 3000 2464 Arocmrlconru
3026 2421 3194 2463 autem
3229 2392 3380 2463 voca--

1843 2498 2040 2558 bulum,
2072 2499 2205 2565 quod
2230 2500 2280 2549 in
2311 2497 2464 2548 titulo
2502 2499 2750 2558 ocrurrit,
2779 2499 2899 2564 quia
2926 2501 2994 2549 ad
3023 2502 3190 2552 varias
3219 2502 3382 2569 signi-

1843 2587 2108 2651 ﬁcationes
2151 2587 2474 2652 producitur,
2522 2595 2738 2638 mentem
2783 2587 3102 2638 audientium
3146 2604 3242 2640 non
3281 2606 3380 2656 pa-

1845 2691 1958 2726 rum
1994 2676 2258 2743 torquebat
2292 2675 2492 2728 :dabat
2523 2687 2692 2729 tamen
2737 2676 2913 2727 lectori
2957 2676 3087 2728 hanc
3130 2680 3383 2744 suspicioa

1845 2781 1982 2828 ueni,
2016 2766 2268 2834 quasdam
2312 2766 2471 2832 fuisse
2511 2767 2815 2833 qumstiones
2856 2779 2972 2818 ante
3008 2769 3378 2832 controversas,

1845 2854 1919 2907 vel
1949 2855 2015 2906 ad
2045 2855 2435 2922 disceptandam
2474 2857 2785 2923 propositas,
2822 2855 2886 2905 ad
2920 2869 3047 2921 quas
3084 2858 3378 2910 rocalmlum

1846 2944 1979 3006 illud
2008 2946 2301 3012 pertineret,
2335 2954 2381 2996 et
2408 2961 2624 3012 quarunt
2667 2945 2767 2995 sive
2798 2943 3100 2995 solutiohent
3127 2948 3229 2998 sire
3257 2961 3379 2999 etta-

1850 3050 1959 3086 nten
1994 3035 2264 3098 indicaret,
2288 3045 2388 3087 ete.
2421 3033 2548 3101 (liii).

1939 3126 1964 3195 §
1995 3125 2107 3177 XV.
2142 3125 2344 3177 Notitia
2375 3125 2608 3176 codicum
2639 3141 2759 3176 mss.
2789 3128 2954 3193 operis
2984 3126 3294 3179 .‘lIacari‘aui.

1919 3217 2131 3271 Exstitit
2163 3217 2286 3267 olim
2320 3217 2742 3284 integrutn'opus
2767 3219 3148 3288 apologcticum
3179 3219 3382 3286 Magne-

1852 3309 1936 3369 tis,
1964 3307 2199 3374 quinque
2241 3306 2391 3358 libris
2437 3313 2708 3370 constans,
2739 3309 2875 3361 inter
2903 3323 3031 3361 mss.
3064 3309 3271 3361 codices
3299 3309 3380 3358 hi-

1851 3397 2124 3450 bliothcca:
2155 3394 2388 3460 Venctm,
2424 3412 2530 3464 quo
2563 3399 2742 3450 codice
2775 3413 2831 3450 se
2860 3413 3012 3450 usum
3041 3413 3157 3450 esse
3180 3400 3377 3463 passim

1850 3488 2126 3552 proﬁtetur
2153 3484 2468 3546 Turrianus,
2516 3488 2640 3539 dum
2675 3486 2818 3537 varia
2866 3485 3056 3538 exinde
3092 3486 3384 3552 publicavit

1848 3585 2091 3644 excerpta
2121 3579 2311 3645 partim
2345 3577 2543 3637 Grmce,
2586 3580 2776 3642 partim
2812 3574 2998 3627 Latine
3031 3583 3234 3627 tantum
3261 3577 3376 3628 edi-

1848 3675 1922 3718 ta.
1952 3663 2177 3719 Unicum
2222 3675 2425 3718 tantum
2458 3663 2623 3728 ipsius
2657 3661 2829 3714 locum
2857 3662 3032 3713 citabo
3055 3677 3115 3714 ex
3150 3670 3377 3714 tractatu

1848 3772 1943 3824 pro
1971 3755 2267 3810 canonibus
2310 3751 2530 3821 apostol.
2578 3758 2759 3803 contra
2793 3751 3188 3814 Centuriatores
3230 3750 3377 3820 Mag-

1847 3846 1989 3908 deh.,
2023 3844 2115 3896 lib.
2151 3858 2220 3902 tv,
2260 3856 2309 3908 p.
2339 3855 2407 3891 ιιι.
2440 3838 2540 3890 517
2579 3840 2686 3905 (6(3)
2719 3858 2729 3891 ξ
2767 3837 2882 3891 Non
2913 3841 3094 3908 pigebit
3126 3842 3206 3892 hic
3243 3857 3380 3908 repe-

1848 3945 1968 3998 tere,
1998 3933 2187 3999 inquit,
2217 3945 2329 3996 quar
2373 3946 2434 3981 ex
2473 3929 2603 3982 [Νη-ο
2633 3947 2660 3982 ν
2709 3929 2960 3999 Magnetis
3007 3943 3185 3984 contra
3220 3930 3379 3984 Theo-

1847 4026 2070 4077 stheuem
2101 4024 2152 4072 in
2182 4020 2481 4088 Dogmutieo
2507 4031 2680 4073 nostra
2704 4021 2764 4073 tle
2793 4022 3170 4089 justi/icatione
3196 4021 3381 4074 Latine

1848 4097 2223 4180 interpretatus
2251 4128 2384 4173 sum,
2419 4128 2533 4163 cum
2561 4112 2622 4163 de
2662 4113 2762 4179 [ide
2805 4114 3025 4166 Abrahw
3059 4103 3372 4166 dissererem.

1849 4206 1905 4260 Si
1938 4206 2050 4273 quis
2077 4203 2254 4256 erca
2287 4204 2516 4269 conferre
2557 4204 2792 4268 roluerit,
2825 4205 2938 4256 inde
2973 4215 3126 4271 petat.
3157 4204 3378 4271 Scripsit

1847 4303 1926 4352 hic
1959 4307 2141 4350 auctor
2162 4304 2279 4346 ante
2317 4294 2456 4344 mille
2496 4303 2541 4345 et
2581 4295 2979 4362 quadringentos
3030 4314 3188 4349 annos
3218 4296 3375 4348 libros

1846 4395 2064 4461 quinque
2089 4387 2426 4456 apologeticos
2456 4404 2548 4454 pro
2575 4386 2873 4455 l'Irtmgelio,
2896 4391 2986 4458 qui
3029 4405 3184 4458 usque
3215 4390 3264 4440 in
3289 4389 3380 4439 hu-

1847 4486 2078 4535 diernum
2107 4481 2242 4531 diem
2275 4481 2325 4530 in
2351 4478 2650 4532 bibliotheca
2684 4479 2868 4532 Veneta
2907 4491 3187 4532 servantur.
3214 4481 3381 4547 Cujus

212 4576 264 4620 et
309 4583 376 4620 ex
407 4568 688 4626 .Turriano
744 4573 1014 4639 speciatim
1049 4580 1276 4634 constat,
1321 4573 1540 4639 quiuth
1579 4573 1742 4628 fuisse
1777 4591 1816 4644 ι)
1848 4573 2208 4627 testimonium
2245 4570 2287 4622 si
2315 4571 2404 4637 qui
2442 4581 2498 4624 ut
2528 4572 2639 4624 leve
2678 4585 2740 4624 ac
2771 4579 3076 4636 suspectum
3108 4572 3375 4638 rejiciunt,

208 4656 371 4709 libros
416 4657 815 4725 Ἂποκριτικὼν
856 4664 967 4716 sive
1011 4661 1412 4729 Responsiouum
1450 4661 1678 4728 scriptos
1711 4679 1739 4716 a

207 4745 450 4816 Magnete
483 4750 779 4804 hierarcha.
811 4751 961 4816 Quod
990 4763 1041 4807 et
1071 4753 1269 4806 diserto
1297 4752 1448 4820 longe
1478 4752 1743 4820 antiquio-

208 4839 282 4891 ris
315 4840 594 4906 scriptoris
629 4842 975 4895 conlirmatur
1009 4844 1309 4896 testimonio
1339 4843 1390 4894 in
1423 4842 1603 4894 codice
1639 4860 1739 4897 IIIS.

193 4927 542 4980 bibliothecae
572 4927 747 4995 Regia:
775 4928 1091 4985 Parisiensis
1123 4934 1334 5002 optima:
1360 4942 1496 4986 notae
1522 4942 1575 4984 et
1607 4935 1742 4985 anti-

207 5018 430 5083 quitatis
458 5034 682 5072 numero
710 5019 866 5083 3509.,
894 5019 984 5073 lol.
1028 5021 1154 5084 205,
1201 5025 1252 5075 in
1294 5037 1400 5091 quo
1440 5022 1504 5074 de
1531 5021 1681 5075 libris
1713 5040 1740 5077 a

206 5106 443 5162 Macario
496 5107 737 5177 Magnete
785 5111 994 5177 scriptis
1045 5113 1157 5166 haec
1209 5113 1431 5181 paucula
1483 5110 1546 5163 ad
1593 5128 1740 5166 oram

211 5199 414 5252 codicis
443 5201 606 5252 minio
654 5209 836 5254 notata
867 5201 1130 5269 leguntur,
1175 5220 1292 5272 qua:
1330 5203 1504 5271 quoad
1557 5202 1741 5256 ultima

208 5289 369 5340 verba
401 5289 681 5343 vetustatis
709 5290 836 5343 vitio
865 5291 1074 5358 penitus
1101 5289 1208 5345 fere
1235 5293 1508 5345 obliterata
1539 5291 1735 5344 inveni-

209 5393 330 5435 mus
374 5394 389 5430 :
426 5377 531 5432 Τοῦ
583 5379 858 5450 Μακαρίον
908 5381 1190 5453 Μάγνητος
1242 5383 1331 5434 καὶ
1381 5380 1559 5448 ἓτερον
1613 5381 1738 5448 σύγ-

280 5531 394 5602 (65)
423 5529 626 5602 Confer
660 5531 920 5602 judicium
967 5533 1284 5586 Tillemontii
1319 5547 1381 5585 cx
1423 5531 1458 5581 l.
1495 5544 1540 5582 c.
1588 5546 1739 5598 repe-

213 5598 384 5657 titum'
418 5601 470 5652 in
504 5598 552 5653 J.
588 5598 919 5670 A.'Fabricii
971 5603 1174 5655 Delectu
1226 5610 1638 5670 argumentorum
1684 5603 1741 5660 de

213 5673 360 5725 verit.
393 5669 538 5738 relig.
569 5669 785 5736 Christ,
815 5687 933 5738 pag.
971 5674 1054 5725 70.

963 5713 1334 5820 Atraliricius
1372 5741 1520 5820 hunc
1554 5747 1738 5820 aucto-

214 5824 322 5864 rem
372 5810 506 5866 inter
553 5810 837 5877 scriptores
891 5811 1189 5879 depcrditos
1227 5810 1404 5866 saeculi
1455 5823 1510 5860 ιιι
1554 5810 1738 5864 merito

1846 4662 2060 4717 credant
2102 4660 2284 4710 saltem
2332 4660 2565 4726 antiquis
2611 4657 2940 4709 bibliotheca:
2981 4655 3190 4709 Venetae
3231 4669 3378 4709 eata-

1845 4751 1996 4818 logis,
2030 4764 2091 4800 ex
2125 4747 2317 4811 quith
2353 4748 2686 4816 perspicitur,
2721 4744 2884 4796 libros
2927 4743 3046 4795 illos
3089 4743 3140 4795 in
3186 4744 3374 4798 biblio-

1844 4841 1992 4894 theca
2025 4836 2081 4887 D.
2117 4834 2272 4889 Marci
2321 4837 2501 4904 utique
2541 4841 2841 4887 asservatos
2885 4829 3081 4894 fuisse,
3133 4840 3373 4887 notatos-

1841 4945 1942 4998 que
1973 4942 2195 4980 numero
2229 4929 2290 4982 A.
2326 4928 2409 4993 Μ,
2444 4929 2599 4994 idque
2631 4926 2681 4975 in
2724 4937 2917 4990 papyro
2942 4933 2989 4975 et
3025 4923 3134 4973 sine
3159 4923 3371 4988 tabulis,

1843 5021 1891 5072 id
1929 5027 2027 5080 est,
2071 5017 2186 5071 sine
2233 5020 2482 5086 tegmine.
2517 5014 2725 5068 Similes
2773 5014 3038 5081 catalogos
3074 5012 3176 5064 hoc
3200 5013 3372 5079 ipsum

1841 5110 2238 5175 conlirmantes,
2268 5124 2433 5163 unum
2467 5109 2519 5159 in
2572 5103 2700 5157 bibl.
2735 5101 2896 5173 Regia
2925 5100 3117 5164 Paris,
3146 5101 3370 5156 alterum

1841 5200 1894 5252 in
1936 5197 2264 5264 Colbertina,
2317 5214 2374 5252 se
2421 5195 2616 5249 vidisse
2661 5201 2887 5246 testatur
2943 5191 3010 5244 cl.
3062 5187 3370 5252 Boivinius;

1841 5288 2167 5358 proindeque
2209 5291 2348 5343 haud
2379 5285 2602 5345 dubitat,
2627 5283 2757 5351 quin
2784 5281 2821 5335 ii
2848 5281 2990 5342 libri,
3021 5278 3064 5332 si
3090 5278 3244 5333 hodie
3265 5295 3369 5334 non

1841 5378 2204 5446 reperiuntur,
2229 5379 2311 5432 vel
2351 5376 2490 5430 furto
2518 5373 2772 5441 perierint
2795 5413 2810 5437 ,
2837 5382 2894 5425 ut
2922 5371 3010 5423 alii
3048 5371 3368 5440 complures,

1839 5534 2016 5587 retulit
2057 5535 2108 5587 ιιι
2160 5533 2473 5588 Bibliotheca
2500 5528 2701 5591 Ct'teca,
2732 5527 2836 5580 vol.
2874 5524 2937 5586 ν,
2978 5540 3026 5578 c.
3071 5527 3131 5588 Ι,
3157 5541 3208 5594 p.
3244 5527 3367 5581 276.

1911 5604 2017 5672 (65)
2044 5604 2240 5659 Confer
2263 5604 2421 5657 etiam
2446 5614 2563 5668 quae
2596 5614 2752 5666 supra
2791 5597 2897 5665 jam
2931 5603 3041 5648 tum
3074 5595 3125 5649 in
3158 5595 3184 5666 ς
3219 5597 3250 5653 8
3279 5601 3372 5660 ad-

1837 5673 1994 5725 «luela
2024 5685 2168 5728 sunt.

1911 5743 2025 5812 ltili)
2053 5744 2189 5799 lidit.
2223 5740 2440 5796 Lutetia:
2476 5738 2628 5804 1573,
2657 5737 2708 5791 in
2740 5737 2812 5791 8°.
