4094 6350
696 443 701 447 ’
759 486 894 545 εδιτ

2025 486 2376 544 MACARIUS
2410 476 2706 543 MA‘GNES.

3822 483 3955 539 1368

757 605 841 661 vel
883 608 990 662 situ
1022 608 1323 677 consumpti
1357 608 1485 672 sint,
1531 608 1663 663 viles
1712 608 1916 663 scilicet
1947 608 2134 672 habiti,
2156 616 2207 661 et
2236 611 2303 660 ab
2333 613 2373 666 Α
2399 605 2692 675 Magnetis)
2735 601 2849 675 quia
2894 622 2989 659 non
3038 606 3236 660 sincere
3282 614 3462 659 contra
3498 620 3680 659 sacras
3708 603 3964 674 imagines

757 698 894 768 ipsis
916 696 1337 755 bibliothecariis
1372 698 1618 769 neglecti,
1656 709 1934 769 pr0pterea
1967 698 2109 768 quod
2140 700 2298 753 char-

759 787 901 853 taecl
936 795 991 841 et
1036 786 1173 841 male
1217 789 1503 858 compacti,
1538 798 1592 843 et
1638 784 1868 843 fortasse
1915 790 2086 842 mutili
2129 803 2191 843 ac
2225 790 2288 841 ιι.

757 878 869 932 ceri
905 887 1077 934 erant.
1106 878 1346 949 Eamque
1388 882 1558 949 ipsam
1589 895 1712 934 cum
1748 878 1988 934 Boivinio
2020 882 2303 949 opinamur

757 979 976 1022 causam
1016 966 1203 1032 fuisse,
1236 984 1336 1023 cur
1384 971 1436 1023 in
1470 984 1564 1024 eos
1604 970 1897 1039 catalogos,
1937 971 2031 1039 qui
2076 988 2219 1025 nunc
2250 971 2301 1024 in

754 1056 1075 1114 bibliotheca
1123 1057 1322 1114 Veneta
1372 1069 1528 1125 sunt,
1584 1076 1687 1113 non
1738 1060 1889 1115 relati
1940 1061 2203 1116 fuerunt:
2249 1062 2301 1115 in

754 1148 951 1216 quibus
982 1150 1183 1205 nullam
1212 1160 1425 1207 exstare
1452 1150 1708 1221 Magnetis
1742 1154 2090 1216 mentionem,
2120 1153 2301 1208 Boivi-

754 1240 903 1293 nium
936 1240 1062 1295 olim
1111 1240 1373 1295 docuerat
1415 1242 1527 1307 ipse
1571 1242 2009 1298 bibliothecarius
2047 1244 2299 1309 Venetus,

751 1330 1155 1386 eruditissimus
1202 1327 1381 1385 Letus.
1420 1329 1573 1396 Quod
1619 1332 1757 1386 idem
1794 1334 2102 1402 nuperrime
2127 1336 2303 1391 adhuc

753 1434 817 1475 ex
841 1418 1035 1473 litteris
1080 1419 1379 1476 doetissimi
1419 1420 1697 1491 cujusdam
1746 1424 1926 1489 amici,
1962 1424 2200 1483 Venetiis
2226 1428 2306 1481 vi-

755 1518 864 1563 tam
897 1510 1123 1579 agentis,
1148 1526 1247 1580 ope
1275 1499 1598 1581 promotdris
1633 1522 1792 1582 atque
1828 1515 2045 1585 collegas
2079 1519 2303 1586 conjun-

754 1598 980 1655 ctissimi
1030 1598 1091 1653 Ι).
1145 1600 1409 1655 Feuerlini
1473 1607 1862 1673 perspeximus.
1918 1604 2116 1660 Prmter
2162 1609 2304 1661 hunc

754 1689 990 1749 codicem
1026 1688 1307 1757 Venetum,
1340 1695 1429 1761 qui
1461 1710 1649 1748 omnes
1680 1696 1917 1764 quinque
1946 1698 2110 1753 libros
2148 1701 2304 1752 Ἀπο-

756 1780 1013 1851 κριτικῶν
1046 1782 1326 1851 complecti
1351 1784 1569 1847 dicitur,
1616 1786 1668 1837 in
1710 1785 1958 1857 Catalogo
1990 1804 2113 1841 mss.
2144 1790 2304 1842 libro-

756 1887 871 1929 ruin
921 1870 1239 1926 bibliotheca:
1294 1872 1579 1947 Vaticana,
1618 1875 1708 1942 qui
1740 1876 1866 1930 olim
1908 1894 2070 1947 penes
2095 1881 2303 1950 episco-

665 2037 670 2041 ι
754 1977 883 2031 pum
915 1960 1293 2018 Norvicensem
1322 1965 1373 2017 in
1400 1965 1587 2036 Anglia
1622 1965 1738 2029 fuit,
1770 1968 2012 2022 similiter
2041 1972 2305 2039 reperitur

756 2052 846 2107 hic
900 2053 1088 2107 titulus
1123 2054 1241 2108 libri
1272 2073 1284 2107 :
1312 2056 1594 2126 Μάγνητος
1638 2061 1702 2111 ἐκ
1746 2060 1850 2111 τῶν
1880 2061 2014 2132 πρὸς
2044 2062 2304 2132 ’Έλληνας

756 2145 1127 2217 ἀποκρίσεων,
1168 2164 1325 2217 quem
1369 2166 1434 2203 ex
1480 2150 1579 2205 fide
1624 2154 2000 2222 ‘excerptorum
2043 2152 2127 2209 Jo.
2172 2154 2300 2211 Ern.

760 2228 940 2292 Grabii
967 2239 1071 2293 huc
1101 2239 1439 2294 referendum
1487 2241 1763 2308 duximus,
1790 2254 1850 2298 ut
1889 2247 2129 2299 curatius
2156 2248 2303 2300 illum

758 2328 992 2383 codicem
1037 2331 1386 2401 investigandi
1427 2333 1863 2389 subministretur
1895 2339 2129 2391 occasio.
2170 2336 2303 2390 Dum

678 2487 687 2497 ι
759 2414 923 2487 igitur
960 2419 1113 2488 plura
1147 2434 1210 2475 ac
1242 2423 1471 2477 certiora
1501 2425 1565 2479 de
1598 2426 1807 2496 integro
1847 2441 2007 2496 opere
2048 2424 2307 2494 Magnetis

759 2508 1046 2579 aliquando
1097 2512 1391 2577 tradantur,
1437 2516 1700 2586 jacturam
1757 2518 1915 2572 istam
1967 2518 2306 2587 aliquatenus

738 2604 1021 2685 resarcire
1068 2604 1297 2674 juvabit,
1345 2608 1391 2662 si
1442 2609 1734 2679 pleniorem
1768 2608 2189 2681 fragmentorum
2239 2626 2305 2664 ex

758 2691 863 2748 hoc
893 2693 1146 2751 thesauro
1171 2696 1445 2769 deperdito
1476 2709 1849 2770 excerptorum
1900 2701 2144 2755 notitiam
2180 2716 2302 2756 cum

758 2782 970 2837 erudito
1016 2784 1147 2839 orbe
1193 2788 1806 2856 communicaverimus,
1867 2788 2180 2861 fontesque,
2236 2808 2302 2847 ex

756 2872 956 2940 quibus
979 2874 1083 2929 ista
1119 2876 1335 2933 haurire
1372 2878 1544 2945 licuit,
1578 2880 2013 2936 indicaverimus.
2042 2882 2305 2938 Latebant

757 2964 960 3019 scilicet
1006 2965 1057 3020 in
1091 2966 1429 3026 bibliothecis
1473 2986 1635 3042 opera
1671 2970 1725 3025 S.
1761 2970 2043 3041 Nicephori
2078 2977 2304 3043 patriar-

678 3112 681 3115 ,
757 3057 874 3110 chaa
900 3056 1005 3111 (ΖΡ.
1040 3061 1358 3131 dogmatica,
1386 3072 1499 3120 slve
1528 3065 1675 3119 Libri
1702 3067 2027 3120 antirrlietici
2062 3083 2160 3136 pro
2202 3070 2303 3125 llde

754 3146 1050 3203 orthodoxa
1074 3151 1329 3210 adversus
1356 3148 1835 3212 leo’nomachorum
1865 3157 2029 3213 falsas
2052 3160 2303 3215 crimina-

2405 710 2653 767 usurpata
2680 708 2817 752 sunt.

2650 789 2679 859 ᾗ
2708 789 2844 843 XVI.
2879 790 3071 861 Scopas
3098 791 3405 859 scriptorum
3431 788 3709 859 Magnetis.

2482 878 2713 950 Scopum
2747 884 2911 936 totius
2936 884 3110 951 Operis
3143 882 3358 936 Macarii
3394 882 3586 947 nostri,
3629 882 3696 935 de
3728 895 3845 949 quo
3872 896 3959 935 sn—

2404 985 2499 1038 pra
2528 970 2639 1038 jam
2682 979 2793 1024 tum
2830 970 2856 1041 §
2902 970 2934 1025 9
2968 972 3224 1025 nonnulla
3257 971 3506 1024 adnotata
3557 985 3679 1023 esse
3709 970 3954 1027 memini,

2404 1061 2603 1128 optime
2644 1060 3048 1130 dijudicandum
3095 1075 3217 1114 esse
3262 1059 3493 1113 arbitror
3521 1072 3587 1113 ex
3628 1059 3717 1112 illa
3752 1057 3953 1110 deseri—

2408 1152 2609 1221 ptione,
2641 1167 2801 1220 quam
2854 1150 3192 1221 Nicephorus
3236 1149 3539 1218 patriarcha
3580 1164 3703 1202 eum
3741 1147 3955 1215 reliquis

2411 1244 2763 1306 antistitibus,
2782 1243 2874 1311 qui
2894 1257 3103 1296 summa
3127 1257 3254 1295 cura
3284 1242 3383 1295 hoc
3412 1241 3672 1309 scriptum
3699 1240 3953 1309 Magnetis

2406 1335 2708 1403 perlegendi
2770 1344 2929 1403 atque
2986 1333 3127 1386 haud
3189 1331 3550 1402 perfunctorie
3604 1332 3947 1386 examinandi

2405 1442 2625 1480 causam
2654 1427 2910 1487 habuere,
2936 1433 3244 1494 sequentem
3278 1424 3329 1477 in
3363 1425 3583 1478 modum
3613 1424 3668 1476 in
3692 1426 3954 1476 Antirrhe-

2406 1520 2522 1572 ticis
2575 1518 2689 1572 suis
2733 1517 3026 1585 exposuit:
3075 1514 3350 1567 Θεοσθένει
3393 1513 3450 1567 δέ
3499 1531 3602 1567 τινι
3659 1516 3955 1584 προσφωνεῖ

2403 1612 2509 1665 τῶν
2538 1612 2674 1679 ἄγαν
2704 1608 3063 1662 εὐνουστάτων
3096 1606 3241 1679 αὐτῷ
3277 1608 3370 1660 καὶ
3416 1605 3614 1675 φίλων,
3648 1607 3749 1657 καὶ
3787 1606 3949 1673 ὢσπρ

2404 1703 2511 1755 τῶν
2539 1704 2710 1771 λόγων
2735 1702 2996 1773 διορθωτῇ
3036 1701 3128 1753 καὶ
3172 1702 3330 1771 κριτῇ
3365 1700 3681 1771 ὑπάρχοντι’
3709 1699 3740 1749 ὁ
3771 1698 3827 1749 δὲ
3852 1714 3941 1749 σκο-

2407 1797 2504 1856 πὸς
2530 1794 2674 1864 αὐτῷ
2713 1795 2813 1865 τῆς
2855 1792 3230 1865 πραγματείας
3264 1791 3403 1843 κατὰ
3441 1790 3708 1860 Ἐλλήνων
3740 1790 3940 1857 nm-

2405 1907 2513 1951 ται,
2542 1889 2634 1940 καὶ
2667 1886 2868 1939 τούτων
2902 1886 3130 1957 μάλιστα
3156 1884 3289 1954 πρός
3320 1900 3437 1935 τινα
3467 1881 3575 1934 τῶν
3607 1884 3674 1932 ὲκ
3700 1880 3800 1947 τῆς
3827 1881 3947 1952 Ἄρις

2410 1980 2685 2042 στοτέλους
2713 1977 3003 2050 διατριϐῆς,
3030 1978 3157 2029 ὄντα
3190 1976 3433 2045 ἐπιφέρει
3475 1972 3574 2037 τὰς
3602 1973 3945 2041 ἀντιρρήσεις.

2405 2072 2558 2141 6651};
2593 2073 2689 2142 μὲν
2731 2070 2837 2123 τῶν
2882 2069 3175 2139 μοναρχίαν
3206 2066 3609 2138 πρεσόευόντων
3639 2064 3945 2133 ὑπάρχοντι,

2410 2164 2549 2233 μέγα
2579 2162 2634 2215 δὲ
2673 2162 2763 2213 ἐπὶ
2802 2160 2959 2230 σοφίᾳ
3003 2161 3067 2229 τῇ
3113 2158 3343 2229 θύραθεν
3383 2155 3721 2226 κεκτημένον
3752 2154 3807 2206 τὸ
3837 2153 3948 2222 φρό-

2406 2270 2573 2324 νημα,
2605 2254 2697 2305 καὶ
2743 2251 2929 2312 δεινῶς
2974 2250 3071 2320 τὴν
3113 2250 3283 2319 ὀφρὺν
3312 2247 3451 2302 κατὰ
3487 2247 3598 2299 τῶν
3647 2246 3806 2316 ἱερῶν
3834 2246 3943 2296 ἀνα·

2406 2343 2625 2397 σπῶντα
2668 2341 2969 2409 δογμάτων,
3015 2340 3239 2402 καὶτοῖς
3290 2342 3353 2392 ὲκ
3390 2339 3487 2409 τῆς
3529 2339 3734 2402 οἰκείας
3777 2338 3942 2405 τέχνης

2408 2431 2701 2499 σοφίπμασί
2729 2447 2787 2483 τε
2820 2432 2911 2482 καὶ
2936 2430 3251 2500 πιθανότησι
3283 2429 3379 2499 τῆς
3414 2430 3715 2498 ἁπλότητος
3743 2429 3833 2480 τοῦ
3865 2446 3946 2497 μυ·

2408 2521 2625 2593 στηρίου
2674 2521 2765 2574 τοῦ
2809 2521 2928 2574 καθ’
2962 2522 3108 2591 ἡμᾶς
3151 2520 3717 2589 κατακομψευόμενον.
3753 2518 3807 2572 Id
3838 2528 3943 2572 est:

2407 2614 2675 2681 Scriptum
2718 2629 2867 2666 suum
2901 2621 3162 2680 nuncupat
3196 2610 3486 2683 (Macarius
3528 2610 3767 2680 Magnes)
3805 2610 3946 2663 Theo—

2404 2707 2571 2759 stlieni
2610 2704 2819 2758 cuidam
2862 2705 3225 2757 amantissimo
3252 2704 3685 2771 charissimoque,
3725 2715 3772 2756 et
3814 2703 3946 2767 quasi

2404 2799 2658 2852 librorum
2708 2813 2921 2851 suorum
2964 2796 3284 2849 emendatori
3351 2809 3413 2846 ac
3473 2792 3671 2860 judici.
3724 2789 3941 2844 Institsti

2405 2907 2519 2943 rero
2551 2890 2719 2957 operis
2768 2902 2951 2955 scapus
3003 2897 3186 2938 contra
3221 2882 3426 2937 (Συ-ωερε
3479 2882 3758 2948 dirigitur,
3805 2891 3849 2933 et
3884 2894 3935 2931 es

2405 2982 2641 3035 omnibus
2672 2996 2832 3033 unum
2861 2978 3088 3030 maxime
3114 2973 3450 3027 Aristotelica
3481 2972 3769 3038 disciplina
3794 2972 3927 3023 inibu-

2406 3083 2516 3126 tum
2549 3071 2779 3140 refellere
2818 3068 3103 3127 contendit,
3134 3064 3279 3117 illius
3308 3064 3515 3132 quidem
3550 3064 3809 3132 Opinionis
3839 3062 3935 3129 [au-

2407 3164 2627 3227 torem,"
2658 3176 2772 3230 quin
2818 3156 3173 3210 monarchiam
3222 3155 3446 3218 statuit,
3494 3154 3736 3206 doctrina
3786 3162 3942 3205 autem

754 3241 929 3296 tiones
957 3250 1009 3294 et
1032 3256 1280 3309 perversa
1310 3245 1558 3314 dogmata
1574 3248 1707 3317 (67),
1727 3252 1778 3304 in
1809 3252 2007 3320 quibus
2031 3253 2169 3305 inter
2201 3252 2301 3307 alia
2330 3254 2371 3309 C
2406 3252 2629 3321 profana
2664 3248 2945 3313 tumidum,
2977 3256 3026 3300 et
3063 3247 3116 3299 in
3143 3261 3297 3298 sacra
3329 3234 3577 3313 dagmata
3608 3245 3833 3297 terribile
3861 3259 3947 3295 stt-

751 3332 1017 3401 reperitur
1041 3332 1342 3403 Disputatio
1384 3337 1445 3391 de
1490 3339 1713 3395 Macarii
1762 3341 2023 3414 Magnetis
2070 3346 2302 3398 testimo-

754 3427 875 3491 niis,
908 3442 1069 3495 quam
1100 3443 1162 3482 ex
1199 3428 1370 3483 tribus
1408 3427 1687 3485 codicibus
1720 3450 1851 3487 mss.
1891 3436 2105 3504 Optima:
2139 3436 2296 3501 notae,

666 3551 670 3555 ι
754 3517 919 3589 Regio
946 3518 1256 3587 Parisiensi,
1286 3520 1599 3578 Colbertino
1640 3532 1695 3577 et
1721 3522 2051 3581 Coisliniano
2092 3529 2296 3583 descri-

684 3616 689 3619 '
752 3621 897 3680 ptam
944 3628 1008 3667 ac
1055 3614 1365 3669 ﬁdelissima
1419 3628 1549 3669 cura
1602 3614 1850 3669 collatam
1905 3619 2298 3675 exhibebimus.

750 3699 1092 3759 Colbertinus
1142 3706 1310 3761 codex
1363 3707 1841 3771 membranaeeus,
1891 3708 2046 3775 cujus
2099 3710 2297 3766 deseri-

676 3830 679 3833 -
751 3790 909 3847 bendi
954 3797 1162 3863 copiam
1212 3797 1281 3851 cl.
1338 3795 1420 3851 Jo'.
1472 3796 1715 3851 Boivinio
1765 3799 1877 3868 jam
1936 3808 2048 3852 tum
2104 3799 2300 3855 iecerat

753 3881 940 3953 Steph.
973 3885 1244 3951 Baluzius,
1267 3897 1607 3955 pervetustus
1647 3899 1748 3954 est,
1784 3905 2071 3954 annorum,
2101 3901 2156 3945 ut
2186 3893 2299 3960 opi-

752 3975 980 4027 nabatur
1026 3976 1324 4043 Boivinius,
1355 3980 1736 4047 sagacissimus
1781 3983 2117 4051 antiquitatis
2161 3983 2298 4040 litte-

752 4063 911 4116 rariae
955 4076 1349 4133 perscrutator,
1400 4068 1567 4125 ferme
1618 4073 2067 4143 octingentorum.
2102 4076 2298 4145 Regius

752 4154 1195 4215 membranaeeus
1246 4161 1417 4216 ei'lem
1449 4165 1617 4219 multo
1659 4166 1927 4222 recentior
1950 4176 2159 4223 atatem
2194 4169 2297 4224 500

750 4258 1017 4300 annorum
1052 4264 1157 4317 prae
1205 4266 1262 4308 se
1295 4253 1452 4317 ferre,
1483 4263 1537 4309 et
1560 4271 1623 4310 ex
1654 4257 1820 4327 priori
1854 4258 2153 4330 descriptus
2176 4277 2297 4317 esse

749 4336 977 4391 videtur.
1014 4338 1374 4399 Coislinianus
1403 4345 1754 4417 bombycinus
1798 4350 2033 4418 quidem,
2063 4352 2153 4406 sed
2182 4356 2299 4407 exi~

750 4430 873 4484 mia:
916 4430 1263 4491 nihilominus
1313 4446 1472 4499 notas,
1514 4448 1568 4489 et
1612 4440 1887 4508 antiquus,
1936 4442 2182 4497 videlicet
2240 4463 2291 4499 χι

749 4520 963 4575 circiter
1012 4527 1212 4591 saeculi,
1243 4527 1425 4595 judice
1470 4528 1634 4581 celeb.
1680 4529 1743 4582 Ι).
1797 4530 2195 4586 Montfauconio
2238 4536 2289 4587 in

747 4609 1070 4668 Bibliotheca
1096 4615 1438 4681 Coisliniana,
1468 4618 1586 4672 cod.
1621 4634 1770 4681 xcm,
1798 4636 1917 4689 pag.
1952 4610 2069 4674 H3.
2099 4620 2154 4674 In
2190 4623 2291 4679 hac

748 4700 1111 4774 Disputatione
1139 4700 1285 4763 varia
1326 4710 1569 4779 leguntur
1601 4720 1847 4779 excerpta
1874 4726 1936 4765 ex
1970 4714 2120 4768 libris
2152 4715 2294 4783 Apo-

747 4798 947 4851 criticis
987 4793 1205 4852 Macarii
1241 4802 1350 4856 sive
1396 4818 1461 4857 ex
1509 4806 1625 4873 ejus
1670 4806 1897 4877 dialogis
1942 4824 2065 4863 cum
2107 4808 2293 4864 Gnaeo

748 4888 859 4941 sive
908 4888 1123 4942 ethnieo
1171 4892 1511 4963 philosopho,
1563 4898 1760 4966 quibus
1801 4904 2076 4971 praemissa
2127 4910 2211 4955 est
2261 4917 2290 4956 a

746 4976 1045 5051 Nicephoro
1083 4982 1379 5052 Ἐπίκρισις
1413 4988 1526 5056 ἤτοι
1560 4989 1879 5063 διασὰφησις
1906 4994 2012 5047 τῶν
2044 4996 2141 5048 οὐκ
2170 4996 2291 5048 εὐα-

657 5100 660 5103 λ
689 5138 693 5141 _
747 5071 853 5136 γῶς
882 5074 1242 5146 ὲκληφθεισῶν
1276 5077 1411 5129 κατὰ
1434 5078 1538 5129 τῶν
1569 5082 1724 5151 ἱερῶν
1772 5086 1991 5137 εἰκόνων
2026 5088 2287 5157 χρήσεων,

746 5166 1003 5236 γενομένη
1029 5166 1174 5237 παρά
1201 5166 1306 5219 τῶν
1341 5167 1690 5239 προεστώτων
1724 5174 1813 5247 τοῦ
1840 5174 1997 5243 ὀρθοῦ
2035 5178 2130 5245 τῆς
2173 5178 2291 5229 Ἐκο

745 5251 963 5323 κλησίας
995 5258 1278 5329 δόγματος,
1305 5258 1357 5313 id
1394 5270 1474 5313 est
1501 5278 1512 5311 :
1540 5260 1848 5314 Antistitum
1887 5266 2288 5320 orthodoxorum

744 5343 996 5409 iudicium
1024 5352 1127 5404 sive
1157 5351 1445 5405 declaratio
1475 5353 1538 5404 de
1564 5352 1869 5406 testimoniis
1900 5354 2040 5423 (scil.
2073 5355 2287 5411 Macarii

812 5586 921 5656 (67)
941 5592 1119 5667 _Cuj_us_
1146 5599 1323 5667 operis
1362 5598 1546 5652 inediti
1587 5607 1931 5667 conspectum
1960 5588 2288 5665 atqueelcn—

742 5655 911 5732 alium
936 5655 1155 5732 Parisiis
1182 5655 1332 5721 anno
1361 5668 1495 5721 1705
1534 5655 1769 5732 vulgavit
1798 5666 1862 5720 ll.
1903 5666 1964 5720 Ρ.
2005 5655 2288 5723 Ᾱιιεριῐηυς

740 5723 1059 5796 pandurius,
1109 5749 1265 5796 quem
1311 5737 1370 5790 Β.
1420 5737 1467 5789 J.
1510 5738 1575 5790 A.
1624 5723 1902 5791 Fabricius
1956 5736 2288 5793 Bibliotheca

628 5838 631 5839 ν
717 5786 935 5873 ’κῆρες
964 5786 1339 5873 γοῐι-Ῡιρῂἑιςῖ
1358 5786 1467 5858 illo
1494 5786 1939 5873 semifaigéam.

964 5864 1018 5922 ln
1050 5857 1337 5931 Exercfitaut.
1371 5857 1542 5928 selecl.
1570 5857 1715 5943 ‘p'ait.
2004 5893 2121 5947 pag.
2162 5878 2281 5933 255.

2323 4577 2371 4635 D

2402 3342 2674 3412 percilium
2724 3339 3066 3400 attollentem,
3096 3353 3302 3407 sua'qne
3330 3339 3465 3390 artis
3509 3336 3776 3405 fallacibus
3822 3351 3947 3387 con-

2402 3432 2743 3513 clusiunculis
2773 3430 3226 3499 probabilibusque
3263 3428 3794 3499 argumentationibus
3822 3427 3945 3480 sim-

2400 3528 2629 3597 plicitati
2662 3525 2783 3585 ﬁdei
2829 3533 3022 3579 nostra
3054 3522 3375 3575 illudentem.
3411 3521 3618 3575 Exinde
3649 3521 3811 3589 igitur
3838 3519 3941 3589 pri-

2400 3634 2546 3672 mum
2596 3619 2648 3672 in
2678 3628 2931 3685 promptu
2979 3623 3062 3667 est
3093 3612 3481 3667 Theosthenem
3520 3628 3631 3666 non
3666 3612 3830 3665 inissa
3857 3611 3940 3664 atl-

2398 3709 2693 3763 versarium
2740 3705 2955 3769 Macarii
3007 3703 3265 3773 Magnetis
3297 3720 3415 3758 cum
3463 3719 3576 3771 quo
3614 3704 3671 3755 in
3712 3704 3937 3771 disputa-

2400 3802 2545 3855 tione
2596 3815 2694 3853 sua
2730 3797 3089 3861 contenderit,
3128 3796 3223 3850 sed
3271 3796 3494 3849 amicum
3546 3794 3934 3853 charissimam,

2400 3892 2462 3944 ad
2498 3905 2657 3959 quem
2710 3904 2806 3943 ceu
2861 3888 3125 3958 optimum
3158 3885 3389 3954 judicem
3436 3882 3749 3957 Apologiam
3800 3898 3937 3935 suam

2399 3997 2496 4050 pro
2526 3982 2771 4035 doctrina
2801 3979 3110 4034 Christiana
3159 3985 3345 4032 contra
3394 3973 3618 4044 gentiles
3666 3972 3933 4040 Evangelia

2398 4074 2790 4134 calumniantes
2824 4064 3171 4139 conscripsit,
3225 4070 3454 4140 ejusque
3498 4064 3694 4117 nomini
3729 4065 3931 4118 dicavit.

2398 4165 2622 4219 Fallitur
2653 4175 2933 4234 propterea
2969 4164 3267 4219 Turrianus
3309 4171 3424 4215 tum
3460 4161 3511 4214 in
3541 4158 3858 4229 praefatione
3882 4162 3938 4213 ad

2398 4256 2804 4311 Constitutiones
2838 4257 3174 4325 apostolicus,
3210 4264 3320 4308 tum
3354 4253 3405 4305 in
3436 4251 3595 4305 lib..|t
3625 4268 3724 4321 pro
3748 4254 3940 4322 episto—

2396 4351 2461 4403 lis
2493 4349 2825 4418 pontilicum,
2853 4364 2971 4419 cap.
3000 4349 3052 4411 3,
3079 4364 3130 4417 p.
3174 4363 3247 4401 [ιι.
3290 4343 3391 4397 1ἳο
3442 4344 3494 4409 b,
3526 4346 3617 4413 qui
3654 4344 3939 4397 Tlieostbe—

2391 4459 2516 4498 nem
2574 4443 2724 4496 illum
2782 4452 3037 4511 tanquam
3091 4437 3466 4507 philosophum
3535 4434 3932 4504 Peripateticum

2395 4535 2584 4597 Celso,
2620 4533 2919 4602 Porphyrio
2973 4540 3025 4584 et
3072 4528 3316 4592 Juliano,
3362 4526 3659 4581 Christiani
3710 4526 3927 4580 nominis

2397 4624 2659 4685 hostibus,
2714 4635 2991 4691 perperam
3040 4619 3217 4687 jungit
3250 4636 3262 4671 :
3299 4617 3566 4688 simulque
3602 4619 3658 4670 in
3698 4616 3920 4670 eumdem

2396 4728 2633 4766 errorem
2665 4728 2695 4764 a
2728 4710 2996 4763 Turriano
3020 4709 3223 4762 inducti
3247 4719 3371 4764 sunt
3398 4708 3733 4770 Blondellus,
3764 4708 3927 4758 Alber-

2394 4804 2574 4865 tinus,
2606 4802 2849 4867 Caveus,
2886 4800 3148 4866 Sandius,
3181 4810 3234 4855 et
3277 4800 3443 4855 Wilb.
3486 4799 3618 4853 Ern.
3663 4797 3934 4851 Tenzelius

2396 4893 2530 4962 (68),
2576 4902 2881 4946 asserentes
2919 4891 3213 4962 Magnetem
3253 4892 3623 4946 Christianum
3662 4889 3936 4956 scripsisse

2393 4984 2649 5037 adversus
2715 4982 3108 5038 Theosthenem
3173 4984 3462 5054 gentilem,
3519 4982 3935 5046 discrepantiam

2391 5075 2840 5143 evangelistarum
2914 5086 2968 5130 et
3036 5077 3137 5130 alia
3202 5078 3256 5130 in
3306 5072 3611 5141 Evangeliis
3667 5082 3935 5126 notantem

2391 5167 2824 5233 Christianisque
2865 5168 3227 5236 objicientem.
3260 5166 3478 5220 Rectius
3526 5174 3702 5217 autem
3737 5162 3935 5217 Zacha-

2391 5261 2501 5313 rias
2526 5258 2798 5311 Cretensis
2824 5258 2949 5311 citat
2980 5259 3237 5329 Magnetis
3280 5255 3590 5323 Ἀπολογίαν
3632 5256 3729 5308 τοῦ
3780 5258 3937 5323 Εὐαγ-

2392 5350 2568 5418 γελίου
2619 5348 2752 5420 πρὸς
2794 5350 3085 5419 Θεοσθένη,
3137 5364 3293 5419 quem
3338 5356 3555 5401 secutus
3600 5357 3684 5402 est
3740 5348 3933 5403 Anton.

2369 5569 2709 5654 .Conferatur
2729 5598 2889 5651 etiam
2914 5595 2964 5651 J.
2992 5597 3055 5650 A.
3081 5597 3307 5652 Fabricii
3355 5596 3622 5655 Salutaris
3645 5602 3745 5656 lux
3774 5602 3940 5657 Eatur

2392 5671 2528 5735 gelii,
2576 5686 2695 5739 pag.
2731 5667 2869 5739 154,,
2896 5675 2949 5720 et
2978 5681 3097 5720 ven.
3133 5666 3211 5739 _l).
3254 5668 3535 5724 Moshemii
3569 5671 3937 5727 [institutiones

2392 5737 2989 5814 ρίξ-ιογὶίεςρίινὶξ-ιὶρκφ
3030 5737 3361 5814 antiquioris,
3414 5757 3538 5795 saec.
3594 5758 3677 5811 ut,
3728 5756 3869 5814 part.
3903 5760 3935 5807 ι,

2394 5806 2421 5876 §
2457 5808 2505 5875 7,
2532 5826 2581 5878 p.
2622 5809 2715 5863 ΞΗ
2752 5807 3006 5864 editionis
3038 5809 3373 5889 nuperrimae.
