4094 6350
269 474 412 531 1369

1434 473 1712 531 norma
1746 475 1833 531 ετ
1869 444 2301 535 pascuis“.

3245 538 3247 541 τ
3320 428 3457 526 ιδιά

261 582 597 646 Passerinus
630 574 927 658 Apparatus
956 590 1093 649 sacri
1122 599 1251 645 tom.
1282 590 1349 655 ll,
1380 608 1433 662 p.
1460 608 1535 646 m.
1572 592 1659 657 50,
1683 593 1817 648 seri-
1843 596 1888 653 Δ
1917 594 2005 671 isti
2029 593 2237 649 Platoni
2268 610 2374 665 prae
2413 593 2620 649 ceteris
2666 592 2935 655 faverent,
2965 600 3018 645 et
3046 589 3127 643 vel
3156 585 3458 642 Platonico—
3493 667 3497 671 _

259 676 404 732 hens
434 677 502 732 de
525 676 797 747 Magnete:
817 677 1135 749 Evangelia:
1163 682 1427 754 Apologia
1455 683 1616 739 libros
1640 684 1816 739 Grece

260 768 478 835 scripsit
516 768 585 822 ad
619 767 981 823 Theostltenem
1018 771 1261 827 adversus
1295 774 1507 843 gentiles
1548 774 1815 846 Evangelii

256 857 703 913 calumniatores.
735 858 903 913 Porro
929 877 1126 931 scopus
1157 865 1336 934 operis
1363 864 1592 919 refertur
1626 868 1690 921 ad
1714 882 1811 936 op-

257 950 587 1018 pugnandos
615 948 849 1015 Graecos,
896 942 1280 1023 speciatimqu‘e
1322 955 1387 1008 ad
1430 957 1812 1011 confutandum

257 1040 530 1095 celebrem
562 1042 844 1110 quemdam
874 1042 993 1111 ejus
1033 1044 1204 1098 aetatis
1237 1045 1631 1114 philosophum,
1656 1063 1812 1117 quem

256 1126 602 1200 Nicephorus
634 1140 914 1201 propterea
954 1133 1292 1189 Aristotelica
1320 1134 1601 1205 disciplina
1640 1138 1814 1191 imbu-

252 1227 381 1275 tum
406 1223 667 1285 nominat,
701 1225 843 1293 quod
878 1225 1125 1278 insanum
1164 1226 1457 1281 dialectica:
1483 1228 1719 1281 studium
1749 1244 1812 1282 ex

258 1310 554 1366 Aristotele
596 1314 862 1377 hauserit,
897 1316 1185 1384 multisque
1215 1316 1603 1373 subtilitatibus
1628 1318 1815 1388 logicis

257 1401 662 1471 simplicitatem
694 1404 1016 1460 Christiana:
1056 1406 1176 1463 fidei
1208 1408 1278 1461 sit
1316 1409 1631 1463 insectatus.
1662 1407 1817 1465 llunc

252 1508 395 1547 vero
422 1476 797 1563 philosophum
822 1494 997 1564 ipsum
1022 1495 1189 1550 fuisse
1210 1495 1568 1567 Porphyrium
1596 1496 1811 1569 Syrum,

255 1598 358 1639 seu
385 1581 642 1654 ’l‘yrium,
686 1587 1012 1641 acerrimum
1044 1587 1474 1642 Christianorum
1513 1588 1811 1655 inimicum,

254 1684 461 1746 praeter
493 1686 735 1731 exactam
768 1678 940 1732 aetatis
969 1678 1121 1747 juxta
1149 1686 1309 1748 atque
1338 1677 1595 1734 doctrina:
1617 1693 1813 1733 conve-

258 1766 543 1831 nientiam,
578 1768 804 1822 suadent
825 1768 1076 1837 plurima,
1108 1784 1227 1838 qua:
1258 1769 1310 1822 in
1341 1768 1652 1841 fragmentis
1679 1770 1813 1825 scri-

259 1865 477 1926 ptorum
528 1856 745 1911 Macarii
800 1858 1061 1928 Magnetis
1115 1870 1440 1927 occurrunt,
1487 1862 1629 1915 haud
1682 1876 1813 1915 sane

257 1949 561 2017 spernenda
615 1950 825 2003 indicia.
889 1948 1042 2014 Quod
1069 1949 1113 2003 si
1149 1951 1290 2003 enim
1332 1952 1505 2005 aetatis
1553 1952 1811 2006 rationem

257 2040 629 2102 attendamus,
654 2057 814 2111 supra
841 2038 950 2110 jam
996 2050 1106 2094 tum
1136 2042 1564 2097 demonstratum
1595 2053 1697 2109 est,
1734 2044 1815 2097 vi-

262 2133 415 2186 xisse
441 2132 740 2203 Magnetem
777 2144 1020 2188 nostrum
1064 2134 1207 2187 circa
1252 2125 1485 2189 medium
1511 2136 1592 2189 vel
1626 2137 1812 2190 saltem

257 2221 425 2275 ﬁnem
470 2222 649 2275 saeculi
678 2238 797 2276 serae
827 2222 1144 2279 Christiana:
1192 2224 1351 2277 tertii.
1384 2225 1558 2293 Atque
1588 2225 1653 2278 de
1689 2224 1816 2279 Por-

254 2312 457 2382 phyrio
502 2314 702 2380 pariter
748 2324 981 2380 constat,
1027 2329 1148 2368 eum
1179 2314 1247 2367 50
1289 2330 1461 2367 annos
1509 2323 1693 2367 natum
1748 2314 1815 2367 ab

255 2412 408 2457 anulo
453 2402 653 2457 Christi
683 2403 787 2456 265
830 2402 1016 2459 Romae
1070 2404 1239 2459 fuisse
1280 2404 1474 2458 Plotini
1509 2405 1813 2473 philosophi

252 2490 523 2546 Platonici
563 2493 861 2546 auditorem
881 2532 896 2554 ,
930 2492 1232 2562 ibidemque
1262 2494 1671 2561 septuagenario
1696 2508 1812 2545 ma-

245 2583 429 2651 jorem
461 2597 602 2636 anno
629 2581 828 2637 Christi
867 2584 972 2636 503
1003 2584 1140 2636 diem
1169 2582 1363 2636 obiisse
1391 2582 1521 2650 (69).
1558 2583 1813 2646 Quamvis

253 2673 430 2743 igitur
458 2671 789 2743 Porphyrius
838 2688 980 2750 anno
1030 2683 1150 2741 post
1193 2672 1413 2726 Adriani
1460 2673 1665 2726 obitum
1712 2672 1814 2725 120

190 2778 193 2781 ·
255 2763 468 2829 floruit,
516 2764 677 2818 istum
731 2772 909 2817 tamen
964 2765 1336 2833 imperalorem
1383 2765 1724 2833 potissimum
1758 2764 1812 2816 in

253 2855 628 2924 disputatione
657 2872 755 2911 sua
784 2854 859 2909 De
884 2856 1188 2908 manare/tia
1212 2854 1389 2908 divina
1421 2855 1473 2907 in
1508 2855 1810 2923 exemplum

253 2945 579 3014 imperantis
626 2948 929 3002 monarcha:
984 2948 1200 3001 adducit
1263 2962 1386 3001 cum
1452 2962 1515 3001 eo
1577 2956 1813 3015 tempore

249 3036 485 3089 Adriani
512 3039 770 3091 memoria
802 3038 979 3093 adhuc
1008 3038 1225 3107 vigeret,
1264 3039 1497 3091 maxime
1523 3038 1662 3107 apud
1698 3037 1812 3105 phi-

252 3125 536 3192 losophos,
586 3141 723 3194 quos
764 3127 851 3181 ille
893 3127 947 3180 in
1000 3129 1177 3181 aulam
1237 3130 1442 3197 primus
1500 3128 1811 3192 introduxit,

252 3226 311 3270 et
347 3213 803 3271 familiarissimos
853 3218 1057 3271 habuit.
1104 3221 1250 3272 lnter
1296 3220 1632 3272 characteres
1659 3220 1813 3273 istius
1839 3258 1881 3312 ϐ

251 3306 603 3377 philosophi,
673 3323 795 3361 cum
876 3325 983 3377 quo
1023 3308 1250 3379 Magneti
1317 3319 1499 3363 nostro
1559 3325 1646 3365 res
1688 3321 1805 3377 est,

249 3393 594 3464 Nicephorus
624 3396 839 3464 quidem
878 3399 1147 3463 observat,
1171 3412 1293 3451 eum
1325 3399 1664 3454 Aristoteliea
1691 3402 1811 3469 phi—

254 3485 505 3553 losophia
552 3484 818 3538 imbutum
868 3484 1069 3553 fuisse;
1102 3490 1245 3556 quod
1289 3498 1465 3543 tamen
1515 3488 1810 3559 Porphyrio

258 3577 581 3649 philosopho
625 3575 899 3632 Platonico
950 3579 1363 3650 haudquaquam
1408 3584 1698 3635 convenire
1727 3584 1807 3634 vi.

258 3666 472 3723 deatur.
520 3665 717 3721 Verum
766 3676 915 3723 tanto
959 3672 1199 3727 veritatis
1245 3673 1425 3728 studio
1482 3672 1812 3743 Porphyrius

256 3758 540 3823 excelluit,
568 3768 629 3814 ut
670 3774 779 3813 non
807 3770 1007 3816 temere
1038 3762 1103 3816 ad
1148 3778 1309 3816 unam
1343 3763 1577 3830 aliquam
1613 3773 1810 3816 sectam

258 3850 414 3907 velut
436 3852 501 3907 ad
529 3836 807 3921 scopulum
854 3852 1156 3919 adharserit,
1191 3869 1290 3907 nec
1318 3852 1577 3921 juraverit
1618 3852 1669 3905 in
1714 3868 1811 3907 cu-

251 3942 517 4013 jusquam
547 3943 788 4013 magistri
819 3943 1000 3997 verba.
1043 3944 1257 3997 Interim
1291 3943 1426 3997 duos
1455 3942 1557 3996 sibi
1600 3942 1814 4011 potissi-

258 4048 415 4087 mum
457 4033 690 4102 elegerat
738 4033 935 4098 duces,
983 4047 1214 4102 quorum
1260 4031 1482 4100 vestigia
1528 4039 1811 4098 premeret,

256 4121 541 4176 Platonem
569 4131 730 4193 atque
757 4123 1119 4188 Aristotelem,
1148 4136 1285 4191 quos
1312 4121 1364 4173 in
1408 4109 1817 4188 pnecipuis'do-

262 4214 456 4270 ctrina:
494 4215 759 4283 capitibus
790 4216 928 4269 inter
973 4228 1032 4269 se
1072 4212 1378 4267 consentire
1412 4211 1620 4279 prolixo
1656 4224 1816 4277 opere

261 4300 604 4379 probandum
620 4316 926 4375 susceperat
948 4305 1176 4373 (70-71).
1193 4305 1266 4358 lta
1284 4316 1511 4370 namque
1527 4300 1687 4355 refert
1700 4299 1817 4355 Sui-

260 4400 397 4462 das,
444 4395 797 4466 Porphyrium
847 4395 1170 4461 defendisse,
1221 4409 1382 4447 unam
1417 4406 1536 4445 esse
1579 4390 1816 4448 Platonis

1916 701 2032 740 rum
2078 686 2162 738 vel
2206 683 2663 757 Pythagoreorum
2709 682 3118 751 appellationem
3152 679 3459 757 allectat-ent
3558 678 3563 687 ‘

1915 774 2045 845 (γε).
2075 774 2208 828 Cum
2252 751 2419 843 porro
2468 772 2801 843 Nicephorus
2846 771 3005 825 istum
3045 751 3457 838 philosophum,

1914 875 2097 920 contra
2131 881 2287 935 quem
2321 865 2587 919 Macarius
2614 863 2850 932 scripsit.
2890 862 2992 916 hoc
3022 862 3331 916 charactere
3359 858 3457 923 de-

1913 955 2105 1024 signat,
2137 956 2278 1024 quod
2322 952 2483 1008 fuerit
2523 954 2766 1006 doctrina
2800 952 3023 1021 profana
3064 950 3293 1003 tumidus
3318 957 3368 1001 et
3399 947 3458 1000 in
3566 1016 3570 1023 Ι

1904 1044 2063 1099 “sacra
2089 1046 2333 1114 dogmata
2361 1043 2589 1097 terribile
2623 1042 2959 1110 supercilium
3001 1038 3243 1093 attollens
3272 1050 3291 1091 :
3319 1035 3458 1089 Por-

1913 1138 2103 1209 phyrio
2133 1139 2317 1207 utique
2354 1151 2461 1190 non
2506 1135 2737 1189 sublime
2762 1135 2935 1188 solum
2966 1147 3029 1185 ac
3054 1129 3288 1183 validum
3310 1128 3461 1196 iuge-
3488 1204 3491 1207 γ

1915 1228 2062 1281 nium
2098 1226 2285 1290 fuisse,
2316 1224 2410 1281 sed
2440 1233 2493 1278 et
2532 1224 2821 1278 vehemens
2867 1232 3029 1292 atque
3056 1221 3247 1289 'aliqno
3276 1216 3460 1270 furore

1914 1318 2227 1384 admistum,
2251 1333 2317 1371 ex
2352 1319 2568 1387 scriptis
2599 1316 2770 1385 ipsius
2798 1312 3178 1381 superstitibus
3209 1309 3336 1365 satis
3364 1322 3461 1376 ap—
3495 1307 3502 1316 ‘

1916 1419 2086 1478 paret.
2115 1410 2452 1479 Quapropter
2476 1418 2530 1463 et
2556 1407 2788 1463 Eusebio
2810 1405 2921 1476 (73)
2950 1402 3173 1456 τοιαῦτα.
3195 1417 3462 1471 κατακομί-

1913 1503 2092 1573 πήσας
2113 1493 2331 1564 dicitur,
2356 1501 2408 1555 id
2440 1510 2542 1563 est,
2568 1498 2711 1567 quod
2739 1498 2804 1552 ad
2838 1496 3037 1551 fastum
3064 1504 3117 1549 et
3147 1493 3463 1547 ostentatio-
3556 1560 3557 1563 η

1913 1608 2033 1647 nem
2072 1593 2232 1646 verba
2266 1607 2361 1646 sua
2384 1591 2749 1660 composuerit
2776 1609 2790 1644 :
2820 1598 2873 1644 et
2909 1588 2965 1641 S.
2990 1586 3189 1657 Cyrillo
3219 1585 3328 1653 (74)
3359 1600 3459 1638 au-
3526 1611 3538 1617 -

1912 1682 1991 1737 dit
2037 1685 2066 1736 ὀ
2106 1683 2308 1754 θρασὺς
2354 1682 2474 1735 καθ’
2502 1680 2657 1751 ἡμῶν
2703 1679 3027 1751 Πορφύριος.
3075 1674 3258 1745 Neque
3299 1675 3458 1728 aliam

1911 1789 2011 1843 ego
2040 1789 2257 1827 causam
2294 1772 2461 1827 fuisse
2492 1771 2718 1825 dixerim
2754 1772 2991 1840 (perapte
3036 1766 3219 1821 scribit
3251 1763 3461 1819 Holste-
3514 1763 3519 1767 ’

1912 1866 2036 1920 nius
2066 1865 2103 1918 l.
2134 1880 2181 1919 c.
2210 1880 2263 1933 p.
2293 1863 2442 1931 254),
2483 1862 2654 1916 rabidi
2703 1862 2846 1915 illius
2875 1859 3014 1922 odii,
3054 1873 3163 1928 quo
3201 1857 3460 1911 adversus

1912 1955 2271 2011 Christianam
2300 1954 2607 2021 religionem
2654 1966 2763 2020 prie
2800 1950 3004 2004 caneris
3042 1948 3270 2013 furebat,
3298 1963 3457 2017 quam
3542 1946 3547 1951 ’

1912 2046 2055 2115 quod
2083 2046 2297 2098 animus
2337 2051 2465 2096 atrae
2499 2041 2620 2095 bilis
2650 2040 2913 2112 fermento
2952 2046 3194 2107 turgens,
3218 2045 3269 2091 et
3294 2037 3459 2097 nimia

1911 2135 2227 2189 eruditionis
2278 2131 2430 2200 copia
2480 2129 2709 2183 inﬂatus
2762 2128 3110 2193 semetipsum
3187 2141 3295 2179 non
3364 2141 3497 2181 ea»

1912 2236 2079 2297 peret.
2131 2224 2445 2293 Opinionem
2530 2229 2768 2274 nostram
2842 2218 3119 2273 contirmat
3167 2217 3458 2281 doctrinae,

1913 2333 2073 2385 quam
2107 2317 2327 2370 tradidit
2365 2314 2728 2385 Porphyrius,
2767 2328 2889 2366 eum
2920 2309 3131 2379 placitis
3160 2307 3463 2376 phil050phi

1913 2406 2201 2460 Macariani
2250 2407 2601 2475 comparatio.
2663 2404 2833 2471 Hujus
2898 2402 3041 2455 enim
3102 2400 3344 2453 doctrina
3400 2398 3463 2451 de

1913 2499 2215 2552 monarchia
2262 2498 2473 2559 divina,
2515 2511 2675 2564 quam
2724 2482 2989 2547 Macarius
3028 2490 3244 2558 Magnes
3290 2490 3464 2565 impu-

1912 2599 2057 2658 gnat,
2091 2589 2145 2640 in
2192 2602 2257 2641 eo
2303 2587 2597 2641 consistit:
2639 2585 2806 2640 Deum
2858 2583 3071 2653 pr0prie
3112 2580 3462 2633 manarcham
3556 2634 3557 2637 η

1913 2677 2054 2730 haud
2098 2676 2201 2729 dici
2236 2690 2439 2746 posse,
2479 2675 2583 2728 nisi
2618 2674 2905 2742 imperaret
2947 2671 3077 2735 diis;
3124 2667 3267 2723 istud
3317 2668 3461 2723 enim

1911 2764 2244 2833 majestatem
2280 2763 2515 2817 divinam
2561 2763 2942 2829 caelestemque
2984 2775 3047 2813 ac
3086 2770 3348 2812 summam
3379 2755 3463 2808 di-

1911 2855 2167 2924 gnitatem
2199 2854 2391 2907 decere
2420 2867 2433 2903 :
2465 2868 2603 2922 quos
2632 2867 2757 2906 vero
2786 2848 3078 2905 Christiani
3118 2845 3335 2913 angelos
3362 2860 3462 2902 vo-

1912 2956 2054 3011 cant,
2082 2947 2174 3015 qui
2205 2962 2305 3000 nec
2334 2946 2467 3015 pati,
2504 2961 2602 3001 nec
2629 2946 2786 3008 mori,
2832 2959 2928 2997 nec
2966 2942 3236 3011 corrumpi
3272 2951 3462 2998 natura

1913 3054 2009 3092 sua
2035 3048 2282 3108 possunt,
2308 3054 2420 3103 eos,
2447 3038 2573 3107 quia
2619 3035 2887 3089 Diviuitati
2929 3032 3209 3102 propiores
3249 3040 3396 3097 sunt,
3429 3047 3462 3087 a

1913 3131 2199 3201 gentilibus
2225 3131 2355 3184 deos
2382 3127 2657 3198 appellari.
2689 3126 2862 3194 Atque
2906 3126 3019 3191 haec
3046 3132 3235 3179 exacte
3265 3140 3463 3185 conve-

1915 3222 2209 3282 niuntcum
2240 3219 2520 3289 Porphyrii
2549 3216 2836 3281 sententia,
2861 3216 2961 3294 qui
2997 3216 3151 3285 juxta
3180 3232 3302 3269 cum
3340 3214 3464 3269 aliis

1913 3311 2245 3381 philosophis
2286 3308 2550 3377 ejusmodi
2598 3306 2882 3361 πλυθεῖαν
2920 3308 3293 3375 venerabatur,
3321 3323 3460 3376 qua,

1910 3414 1968 3458 ut
1994 3403 2207 3456 Maximi
2235 3400 2379 3471 Tyrii
2409 3399 2587 3453 verbis
2626 3408 2749 3453 utar
2791 3400 2933 3469 (75),
2966 3399 3127 3478 Desint
3152 3414 3260 3455 esse
3300 3413 3467 3451 unum

1910 3494 2196 3555 statuebat,
2226 3508 2390 3561 regem
2413 3495 2641 3547 omnium
2672 3505 2717 3547 et
2743 3492 2977 3551 Patrem.
3007 3489 3337 3567 ’καιτοψο
3370 3487 3469 3539 ad-
3544 3562 3548 3567 μ

1908 3583 2047 3633 ditas
2078 3598 2186 3634 esse
2214 3582 2334 3635 deos
2365 3582 2518 3648 alios,
2553 3584 2642 3652 qui
2672 3582 2897 3651 supremi
2939 3578 3083 3648 illius
3128 3566 3227 3645 ﬁlii
3254 3578 3378 3639 sint,
3406 3579 3458 3629 et

1908 3673 2058 3739 quasi
2091 3673 2144 3723 in
2168 3673 2382 3740 imperio
2421 3673 2650 3743 collega.
2685 3672 2954 3740 Legantur
2981 3667 3260 3737 Porphyrii
3297 3667 3458 3721 verba
3494 3728 3499 3741 ἱ

1910 3776 1974 3813 ex
2011 3762 2103 3816 lib.
2156 3778 2193 3816 ll
2240 3762 2316 3815 De
2348 3763 2682 3822 abstinentia,
2726 3774 2779 3829 p.
2828 3775 2901 3812 tu.
2952 3757 3052 3823 50,
3105 3758 3229 3811 edit.
3262 3756 3460 3835 Grafca

1910 3850 2235 3906 Florentium
2281 3862 2334 3907 et
2390 3852 2655 3907 Eusebius
2702 3850 2777 3903 De
2821 3849 3203 3919 praeparatione
3251 3862 3456 3917 evang.,

1912 3945 2007 3999 lib.
2038 3960 2112 4010 ιν,
2140 3960 2257 4013 cap.
2287 3945 2373 4009 l9,
2416 3960 2470 4012 p.
2500 3958 2573 3995 ιιι.
2620 3940 2757 4005 166;
2805 3956 2926 3995 cum
2972 3941 3170 4009 quibus
3212 3941 3462 3995 conferre
3500 3998 3506 4007 ,

1908 4035 2079 4105 juvat,
2112 4051 2233 4104 quae
2262 4052 2326 4089 ex
2374 4033 2596 4101 reliquis
2645 4031 2925 4103 Porphyrii
2976 4033 3188 4102 scriptis
3221 4034 3361 4086 hanc
3404 4031 3457 4086 in

1910 4141 2025 4179 rem
2066 4125 2288 4179 adduxit
2342 4122 2565 4177 Huetius
2607 4124 2662 4175 in
2716 4122 3101 4187 Quwstionibus
3148 4124 3459 4191 Alnetanis,

1911 4229 1964 4286 p.
1992 4232 2065 4270 ιιι.
2102 4216 2201 4269 l08
2224 4229 2374 4283 seqq.
2402 4212 2531 4279 Quae
2558 4214 2815 4284 peculiari
2852 4230 3013 4283 Opera
3052 4215 3225 4270 fusius
3254 4223 3461 4285 pertra-

1911 4307 2101 4361 ctanda
2142 4312 2333 4369 erunt,
2379 4320 2501 4359 cum
2548 4304 2664 4374 ipsa
2715 4307 3152 4375 Θεολονούμενα
3200 4306 3459 4375 Magnetis

1911 4394 2372 4465 perlustrabimus.
2401 4394 2640 4449 Similem
2669 4410 2993 4450 consensum
3018 4397 3301 4450 verborum
3328 4395 3457 4447 Por-

258 4501 323 4549 α
351 4489 652 4569 Aristotelis
680 4496 879 4543 sectam
918 4506 932 4541 :
960 4490 1101 4542 unde
1130 4502 1249 4541 cum
1276 4485 1554 4552 utriusque
1582 4485 1819 4553 philoso—
1914 4484 2084 4554 phyrii
2114 4483 2188 4537 De
2218 4470 2532 4571 imaginibus
2565 4487 2781 4539 deorum
2812 4486 2945 4556 (76),
2974 4487 3151 4555 qualia
3180 4501 3245 4539 ex
3268 4499 3332 4537 eo
3362 4483 3457 4535 ad-

261 4584 410 4656 phize
436 4595 591 4651 aque
617 4580 822 4649 peritus
848 4587 1010 4645 esset,
1038 4577 1373 4632 Aristotelica
1405 4576 1600 4643 ubique
1629 4574 1809 4628 Plato-
1842 4580 1882 4633 D
1910 4575 2065 4629 duxit
2089 4574 2353 4630 Eusebius
2384 4577 2517 4647 (77),
2538 4578 2821 4631 observare
2852 4578 3031 4630 licebit
3058 4591 3179 4629 cum
3219 4575 3303 4637 iis,
3336 4590 3456 4643 qua:

176 4706 195 4711 ο
262 4674 407 4731 nicis
439 4670 742 4727 admiscuit.
773 4667 925 4733 Quod
954 4678 1006 4721 et
1042 4670 1262 4721 Proclus
1288 4668 1379 4720 lib.
1412 4682 1425 4718 ι
1452 4667 1502 4718 in
1537 4665 1808 4728 Timaeum,

259 4782 320 4836 p.
358 4765 446 4828 18,
476 4771 723 4827 testatur,
760 4760 850 4813 ubi
884 4761 959 4813 ait
993 4759 1343 4830 Porphyrium
1381 4756 1812 4828 Περιπατητικὰς

260 4855 546 4918 ἀποδόσεις
568 4852 972 4925 παρεσφέροντα
996 4850 1141 4903 λύειν
1183 4849 1277 4911 τὰς
1306 4848 1649 4913 Πλατωνικὰς
1682 4851 1809 4903 ἀπο-

263 4946 410 5018 ρίας.
443 4946 618 5012 Atque
666 4944 769 4998 hoc
810 4941 1137 4995 liberrimum
1172 4940 1579 5009 phiIOSOphaudi
1621 4955 1811 5008 genus,

258 5034 413 5107 quod
443 5034 605 5101 paulo
636 5024 760 5087 ante
810 5032 879 5085 ab
914 5028 1198 5082 Ammonio
1245 5028 1609 5083 Alexandrino
1640 5029 1813 5082 fuerat

263 5122 657 5186 introductum,
682 5125 914 5177 maxime
943 5122 1258 5191 probaverat
1281 5117 1630 5190 Porphyrius,
1659 5120 1813 5172 adeo-

264 5231 379 5287 que
408 5214 483 5269 ad
521 5214 751 5270 classem
783 5214 1167 5269 Eclecticorum
1204 5210 1389 5264 referri
1440 5212 1655 5275 maluit,
1690 5212 1813 5264 licet

343 5440 450 5510 (69)
486 5437 604 5510 Vid.
641 5436 1081 5510 Lucasllolstenii
1126 5440 1257 5493 diss.
1289 5438 1372 5510 ραν
1396 5440 1502 5491 vita
1526 5450 1575 5493 et
1603 5440 1808 5510 scriptis

268 5508 574 5579 Porphyrii,
604 5523 737 5579 cap.
786 5508 853 5572 2,
897 5512 950 5563 in
1001 5510 1238 5563 Fabricii
1266 5508 1539 5562 ‘Bibliotlt.
1590 5508 1804 5569 Grata,

268 5576 393 5637 vol;
410 5576 497 5640 IV,
522 5576 700 5646 p.3l7
728 5592 840 5646 seq.

346 5644 553 5718 (τρια-ιι)
581 5644 960 5718 Νοιειιιιεέιιέε.
985 5646 1326 5718 ῌοιειειιὶΟΊ.
1353 5664 1400 5703 e.
1428 5664 1481 5718 p.
1510 5647 1615 5718 255

346 5685 960 5787 ﬁgereﬁngere
1873 5702 1881 5711 “

394 5782 697 5857 recentiores
716 5782 1011 5857 Platonico!
1041 5786 1293 5849 Ecclesia,
1320 5788 1345 5857 §
1376 5788 1410 5857 2
1434 5796 1485 5839 et
1504 5786 1555 5857 3,
1579 5784 1809 5857 itemque

297 5875 331 5913 ιι
364 5857 505 5913 notis
540 5854 605 5910 ad
628 5853 934 5909 Cudworthi
967 5852 1204 5923 Systema
1237 5852 1601 5920 intellectuale,
1628 5869 1681 5921 p.
1706 5852 1809 5905 642

1911 4670 1963 4722 in
1989 4668 2159 4723 Graeci
2185 4669 2486 4738 philosophi
2515 4669 2977 4736 argumentatione
3018 4680 3115 4734 pro
3153 4666 3454 4725 idololatria

1912 4760 1963 4813 in
2002 4760 2364 4830 disputatione
2418 4757 2635 4812 Macarii
2691 4758 2858 4813 nostri
2922 4756 3281 4828 reperiuntur.
3344 4756 3453 4811 Nec

1912 4851 2090 4903 minus
2121 4864 2205 4906 ea.
2235 4862 2355 4915 qua:
2382 4845 2647 4901 Macarius
2686 4847 2902 4916 Magnes
2934 4846 3069 4899 libro
3101 4861 3161 4898 ιιι
3202 4847 3453 4913 Ἀποκρι-

1920 4936 2098 4990 τικῶν
2126 4937 2189 4988 de
2206 4934 2484 4990 sacrificiis
2506 4943 2557 4989 et
2590 4935 2655 4991 de
2687 4934 3019 4989 daemonibus
3047 4936 3299 5005 disputat,
3328 4950 3449 4989 cum

1910 5028 2128 5083 oraculo
2152 5026 2431 5093 Apollinis,
2455 5028 2597 5096 quod
2628 5025 2892 5081 Eusebius
2913 5043 2977 5080 ex
3003 5026 3280 5099 Porphyrii
3314 5026 3451 5080 libro

1909 5117 2098 5185 λογίων
2132 5116 2443 5185 φιλοσοφίας
2471 5117 2651 5171 retulit
2691 5115 2820 5186 (78),
2856 5116 3088 5186 perfecte
3117 5116 3446 5184 conspirant.

1908 5206 2050 5262 Nihil
2102 5210 2373 5276 apertius,
2422 5223 2584 5279 quam
2627 5207 2771 5277 quod
2818 5208 2885 5262 ad
2930 5205 3210 5277 Porphyrii
3252 5203 3447 5272 placita

1907 5446 1959 5491 et
1981 5434 2103 5489 682.

2002 5506 2086 5573 7⁵)
2118 5504 2358 5575 Ρνιτρατ.
2388 5524 2565 5575 evang.
2592 5507 2685 5561 lib.
2721 5522 2804 5567 ιιι,
2828 5504 3028 5575 cap._7.

2003 5574 2086 5650 ξιξ)
2117 5572 2279 5650 Ιέίιιίι
2311 5588 2493 5650 contra
2516 5572 2809 5650 Iulianum,
2836 5572 2901 5650 p_.
3058 5638 3069 5650 ο
3108 5640 3118 5650 ⁸

1976 5640 2087 5710 (75⁷)
2118 5644 2196 5698 Ex
2230 5645 2445 5699 dissert.
2472 5646 2523 5705 l,
2552 5661 2603 5713 p.
2633 5660 2705 5697 m.
2737 5644 2768 5695 6
2790 5640 2915 5696 edit.
2945 5640 3162 5713 Dayisii.

1977 5709 2087 5781 (76)
2113 5713 2268 5767 Conf.
2303 5714 2433 5769 Luc.
2462 5709 2769 5767 Holstenius
2800 5712 2835 5763 ι.
2864 5725 2913 5762 c.
2941 5724 3006 5781 p._

2004 5776 2088 5845 77')
2130 5783 2362 5849 l’rrepar.
2396 5800 2570 5850 evang.
2596 5783 2687 5833 lib.
2720 5797 2797 5841 Ill,
2823 5794 2939 5846 cap.
2976 5778 3008 5850 Z
3035 5779 3102 5833 ab
3130 5776 3307 5835 initio.

2004 5789 2088 5845 77)
2130 5789 2362 5849 l’rrepar.
2396 5800 2570 5850 evang.
2596 5789 2687 5833 lib.
2720 5797 2797 5841 ιιι,
2823 5794 2939 5846 cap.
2977 5789 3004 5829 Ἰ

1978 5789 2088 5921 ἓ78)
2120 5852 2353 5907 Prauar.
2390 5867 2566 5920 evang.
2602 5850 2693 5904 lib.
2726 5865 2796 5915 tv,
2830 5862 2948 5918 cap.
2978 5847 3027 5902 7.
