  <div class='ocr_page' id='page_1' title='image "/cluster/home/n/w/nwhite01/storage/ocr_20150623/10/pst.000005711901/709.png"; bbox 0 0 4094 6350; ppageno 0'>
   <div class='ocr_carea' id='block_1_1' title="bbox 778 429 903 482">
    <p class='ocr_par' dir='ltr' id='par_1_1' title="bbox 778 429 903 482">
     <span class='ocr_line' id='line_1_1' title="bbox 778 429 903 482; baseline 0.008 -1"><span class='ocrx_word' id='word_1_1' title='bbox 778 429 903 482; x_wconf 75' lang='grc'>1371</span> 
     </span>
    </p>
   </div>
   <div class='ocr_carea' id='block_1_2' title="bbox 2020 434 2718 498">
    <p class='ocr_par' dir='ltr' id='par_1_2' title="bbox 2020 434 2718 498">
     <span class='ocr_line' id='line_1_2' title="bbox 2020 434 2718 498; baseline 0.003 -6"><span class='ocrx_word' id='word_1_2' title='bbox 2020 437 2370 495; x_wconf 76' lang='lat' dir='ltr'><strong>MACARIUS</strong></span> <span class='ocrx_word' id='word_1_3' title='bbox 2409 434 2718 498; x_wconf 64' lang='lat' dir='ltr'><strong>MMNES-</strong></span> 
     </span>
    </p>
   </div>
   <div class='ocr_carea' id='block_1_3' title="bbox 3807 443 3941 492">
    <p class='ocr_par' dir='ltr' id='par_1_3' title="bbox 3807 443 3941 492">
     <span class='ocr_line' id='line_1_3' title="bbox 3807 443 3941 492; baseline 0 -2"><span class='ocrx_word' id='word_1_4' title='bbox 3807 443 3941 492; x_wconf 71' lang='lat'><strong>1371’.</strong></span> 
     </span>
    </p>
   </div>
   <div class='ocr_carea' id='block_1_4' title="bbox 771 547 3938 627">
    <p class='ocr_par' dir='ltr' id='par_1_4' title="bbox 771 547 3938 627">
     <span class='ocr_line' id='line_1_4' title="bbox 771 547 3938 627; baseline 0.003 -32"><span class='ocrx_word' id='word_1_5' title='bbox 771 547 1078 614; x_wconf 90' lang='lat' dir='ltr'><strong>respiciant,</strong></span> <span class='ocrx_word' id='word_1_6' title='bbox 1113 551 1204 619; x_wconf 86' lang='lat' dir='ltr'><strong>qui</strong></span> <span class='ocrx_word' id='word_1_7' title='bbox 1245 553 1392 607; x_wconf 86' lang='lat' dir='ltr'><strong>solus</strong></span> <span class='ocrx_word' id='word_1_8' title='bbox 1421 553 1530 609; x_wconf 91' lang='lat' dir='ltr'><strong>fere</strong></span> <span class='ocrx_word' id='word_1_9' title='bbox 1562 571 1626 607; x_wconf 82' lang='lat' dir='ltr'><strong>ex</strong></span> <span class='ocrx_word' id='word_1_10' title='bbox 1663 557 1937 624; x_wconf 76' lang='lat' dir='ltr'><strong>gentilium</strong></span> <span class='ocrx_word' id='word_1_11' title='bbox 1977 558 2304 627; x_wconf 86' lang='lat' dir='ltr'><strong>philosophis</strong></span> <span class='ocrx_word' id='word_1_12' title='bbox 2333 564 2376 616; x_wconf 79' lang='grc' dir='ltr'><strong>Α</strong></span> <span class='ocrx_word' id='word_1_13' title='bbox 2405 558 2511 610; x_wconf 91' lang='lat' dir='ltr'><strong>tius</strong></span> <span class='ocrx_word' id='word_1_14' title='bbox 2535 559 2891 626; x_wconf 79' lang='lat' dir='ltr'><strong>polyarchiam</strong></span> <span class='ocrx_word' id='word_1_15' title='bbox 2922 557 3144 612; x_wconf 87' lang='lat' dir='ltr'><strong>deorum</strong></span> <span class='ocrx_word' id='word_1_16' title='bbox 3176 556 3604 626; x_wconf 83' lang='lat' dir='ltr'><strong>gentilium,cum</strong></span> <span class='ocrx_word' id='word_1_17' title='bbox 3633 555 3938 608; x_wconf 79' lang='lat' dir='ltr'><strong>monarchia</strong></span> 
     </span>
    </p>
   </div>
   <div class='ocr_carea' id='block_1_5' title="bbox 725 637 2299 716">
    <p class='ocr_par' dir='ltr' id='par_1_5' title="bbox 725 637 2299 716">
     <span class='ocr_line' id='line_1_5' title="bbox 725 637 2299 716; baseline 0.009 -30"><span class='ocrx_word' id='word_1_18' title='bbox 725 705 731 712; x_wconf 32' lang='lat'><strong>&#39;</strong></span> <span class='ocrx_word' id='word_1_19' title='bbox 768 637 1150 692; x_wconf 83' lang='lat' dir='ltr'><strong>sacrificiorum</strong></span> <span class='ocrx_word' id='word_1_20' title='bbox 1197 643 1486 712; x_wconf 89' lang='lat' dir='ltr'><strong>primordia</strong></span> <span class='ocrx_word' id='word_1_21' title='bbox 1533 646 1851 714; x_wconf 86' lang='lat' dir='ltr'><strong>investigare</strong></span> <span class='ocrx_word' id='word_1_22' title='bbox 1885 664 2167 716; x_wconf 75' lang='lat' dir='ltr'><strong>aggressus</strong></span> <span class='ocrx_word' id='word_1_23' title='bbox 2199 657 2299 710; x_wconf 88' lang='lat' dir='ltr'><strong>est,</strong></span> 
     </span>
    </p>
   </div>
   <div class='ocr_carea' id='block_1_6' title="bbox 760 722 2305 804">
    <p class='ocr_par' dir='ltr' id='par_1_6' title="bbox 760 722 2305 804">
     <span class='ocr_line' id='line_1_6' title="bbox 760 722 2305 804; baseline 0.005 -24"><span class='ocrx_word' id='word_1_24' title='bbox 760 734 818 780; x_wconf 80' lang='lat' dir='ltr'><strong>et</strong></span> <span class='ocrx_word' id='word_1_25' title='bbox 848 727 960 794; x_wconf 87' lang='lat' dir='ltr'><strong>ipse</strong></span> <span class='ocrx_word' id='word_1_26' title='bbox 991 722 1603 801; x_wconf 35' lang='lat' dir='ltr'><strong>demum&#39;pervulgatum</strong></span> <span class='ocrx_word' id='word_1_27' title='bbox 1639 735 1912 804; x_wconf 77' lang='lat' dir='ltr'><strong>gentilium</strong></span> <span class='ocrx_word' id='word_1_28' title='bbox 1946 751 2181 790; x_wconf 87' lang='lat' dir='ltr'><strong>errorem</strong></span> <span class='ocrx_word' id='word_1_29' title='bbox 2216 736 2305 804; x_wconf 82' lang='lat' dir='ltr'><strong>ju-</strong></span> 
     </span>
    </p>
   </div>
   <div class='ocr_carea' id='block_1_7' title="bbox 764 818 2302 895">
    <p class='ocr_par' dir='ltr' id='par_1_7' title="bbox 764 818 2302 895">
     <span class='ocr_line' id='line_1_7' title="bbox 764 818 2302 895; baseline 0.007 -26"><span class='ocrx_word' id='word_1_30' title='bbox 764 818 987 886; x_wconf 75' lang='lat' dir='ltr'><strong>gulavit,</strong></span> <span class='ocrx_word' id='word_1_31' title='bbox 1022 821 1149 874; x_wconf 92' lang='lat' dir='ltr'><strong>dum</strong></span> <span class='ocrx_word' id='word_1_32' title='bbox 1196 823 1458 876; x_wconf 90' lang='lat' dir='ltr'><strong>sacrificia</strong></span> <span class='ocrx_word' id='word_1_33' title='bbox 1494 833 1548 876; x_wconf 89' lang='lat' dir='ltr'><strong>et</strong></span> <span class='ocrx_word' id='word_1_34' title='bbox 1589 827 1937 879; x_wconf 90' lang='lat' dir='ltr'><strong>mactationes</strong></span> <span class='ocrx_word' id='word_1_35' title='bbox 1978 843 2005 879; x_wconf 90' lang='lat' dir='ltr'><strong>a</strong></span> <span class='ocrx_word' id='word_1_36' title='bbox 2035 843 2157 880; x_wconf 83' lang='lat' dir='ltr'><strong>vera</strong></span> <span class='ocrx_word' id='word_1_37' title='bbox 2193 829 2302 895; x_wconf 89' lang='lat' dir='ltr'><strong>pic-</strong></span> 
     </span>
    </p>
   </div>
   <div class='ocr_carea' id='block_1_8' title="bbox 717 906 2301 981">
    <p class='ocr_par' dir='ltr' id='par_1_8' title="bbox 717 906 2301 981">
     <span class='ocr_line' id='line_1_8' title="bbox 717 906 2301 981; baseline 0.009 -23"><span class='ocrx_word' id='word_1_38' title='bbox 717 906 723 915; x_wconf 84' lang='lat'>&#39;</span> <span class='ocrx_word' id='word_1_39' title='bbox 763 914 870 961; x_wconf 91' lang='lat' dir='ltr'><strong>tate</strong></span> <span class='ocrx_word' id='word_1_40' title='bbox 895 910 1063 962; x_wconf 90' lang='lat' dir='ltr'><strong>aliena</strong></span> <span class='ocrx_word' id='word_1_41' title='bbox 1094 926 1233 973; x_wconf 88' lang='lat' dir='ltr'><strong>esse,</strong></span> <span class='ocrx_word' id='word_1_42' title='bbox 1265 927 1584 981; x_wconf 90' lang='lat' dir='ltr'><strong>crassosque</strong></span> <span class='ocrx_word' id='word_1_43' title='bbox 1617 930 1688 967; x_wconf 81' lang='lat' dir='ltr'><strong>ac.</strong></span> <span class='ocrx_word' id='word_1_44' title='bbox 1709 917 2013 970; x_wconf 88' lang='lat' dir='ltr'><strong>materiales</strong></span> <span class='ocrx_word' id='word_1_45' title='bbox 2035 919 2301 972; x_wconf 73' lang='lat' dir='ltr'><strong>dannones</strong></span> 
     </span>
    </p>
   </div>
   <div class='ocr_carea' id='block_1_9' title="bbox 759 1004 2302 1075">
    <p class='ocr_par' dir='ltr' id='par_1_9' title="bbox 759 1004 2302 1075">
     <span class='ocr_line' id='line_1_9' title="bbox 759 1004 2302 1075; baseline 0.005 -22"><span class='ocrx_word' id='word_1_46' title='bbox 759 1016 879 1054; x_wconf 85' lang='lat' dir='ltr'><strong>esse</strong></span> <span class='ocrx_word' id='word_1_47' title='bbox 903 1004 1284 1069; x_wconf 83' lang='lat' dir='ltr'><strong>pronuntiavit,</strong></span> <span class='ocrx_word' id='word_1_48' title='bbox 1317 1005 1406 1071; x_wconf 94' lang='lat' dir='ltr'><strong>qui</strong></span> <span class='ocrx_word' id='word_1_49' title='bbox 1437 1006 1731 1058; x_wconf 80' lang='lat' dir='ltr'><strong>hostiarum</strong></span> <span class='ocrx_word' id='word_1_50' title='bbox 1759 1023 2003 1075; x_wconf 86' lang='lat' dir='ltr'><strong>vaporem</strong></span> <span class='ocrx_word' id='word_1_51' title='bbox 2041 1008 2302 1062; x_wconf 75' lang='lat' dir='ltr'><strong>fmlidum-</strong></span> 
     </span>
    </p>
   </div>
   <div class='ocr_carea' id='block_1_10' title="bbox 758 1091 2299 1160">
    <p class='ocr_par' dir='ltr' id='par_1_10' title="bbox 758 1091 2299 1160">
     <span class='ocr_line' id='line_1_10' title="bbox 758 1091 2299 1160; baseline 0.008 -19"><span class='ocrx_word' id='word_1_52' title='bbox 758 1105 863 1156; x_wconf 91' lang='lat' dir='ltr'><strong>que</strong></span> <span class='ocrx_word' id='word_1_53' title='bbox 915 1091 1154 1144; x_wconf 84' lang='lat' dir='ltr'><strong>nidorem</strong></span> <span class='ocrx_word' id='word_1_54' title='bbox 1209 1103 1488 1160; x_wconf 91' lang='lat' dir='ltr'><strong>expetant;</strong></span> <span class='ocrx_word' id='word_1_55' title='bbox 1540 1096 1613 1147; x_wconf 94' lang='lat' dir='ltr'><strong>uti</strong></span> <span class='ocrx_word' id='word_1_56' title='bbox 1663 1106 1887 1150; x_wconf 87' lang='lat' dir='ltr'><strong>testatur</strong></span> <span class='ocrx_word' id='word_1_57' title='bbox 1937 1097 2299 1154; x_wconf 87' lang='lat' dir='ltr'><strong>Theodoretus</strong></span> 
     </span>
    </p>
   </div>
   <div class='ocr_carea' id='block_1_11' title="bbox 761 1175 2301 1258">
    <p class='ocr_par' dir='ltr' id='par_1_11' title="bbox 761 1175 2301 1258">
     <span class='ocr_line' id='line_1_11' title="bbox 761 1175 2301 1258; baseline 0.007 -26"><span class='ocrx_word' id='word_1_58' title='bbox 761 1177 1073 1258; x_wconf 67' lang='lat' dir='ltr'><strong>Tlterapeut.</strong></span> <span class='ocrx_word' id='word_1_59' title='bbox 1112 1198 1272 1236; x_wconf 90' lang='lat' dir='ltr'><strong>scrm.</strong></span> <span class='ocrx_word' id='word_1_60' title='bbox 1326 1185 1370 1233; x_wconf 88' lang='lat'><strong>&#39;7.</strong></span> <span class='ocrx_word' id='word_1_61' title='bbox 1427 1175 1640 1238; x_wconf 79' lang='lat' dir='ltr'><strong>Accedit</strong></span> <span class='ocrx_word' id='word_1_62' title='bbox 1675 1202 1853 1255; x_wconf 90' lang='lat' dir='ltr'><strong>porro,</strong></span> <span class='ocrx_word' id='word_1_63' title='bbox 1926 1178 2069 1256; x_wconf 87' lang='lat' dir='ltr'><strong>quod</strong></span> <span class='ocrx_word' id='word_1_64' title='bbox 2127 1190 2301 1258; x_wconf 89' lang='lat' dir='ltr'><strong>philo-</strong></span> 
     </span>
    </p>
   </div>
   <div class='ocr_carea' id='block_1_12' title="bbox 757 1271 2297 1343">
    <p class='ocr_par' dir='ltr' id='par_1_12' title="bbox 757 1271 2297 1343">
     <span class='ocr_line' id='line_1_12' title="bbox 757 1271 2297 1343; baseline 0.008 -19"><span class='ocrx_word' id='word_1_65' title='bbox 757 1271 961 1338; x_wconf 78' lang='lat' dir='ltr'><strong>sophus</strong></span> <span class='ocrx_word' id='word_1_66' title='bbox 1012 1272 1119 1333; x_wconf 80' lang='lat' dir='ltr'><strong>ille,</strong></span> <span class='ocrx_word' id='word_1_67' title='bbox 1155 1288 1275 1326; x_wconf 82' lang='lat' dir='ltr'><strong>cum</strong></span> <span class='ocrx_word' id='word_1_68' title='bbox 1328 1291 1430 1343; x_wconf 90' lang='lat' dir='ltr'><strong>quo</strong></span> <span class='ocrx_word' id='word_1_69' title='bbox 1478 1279 1808 1331; x_wconf 85' lang='lat' dir='ltr'><strong>conflictatur</strong></span> <span class='ocrx_word' id='word_1_70' title='bbox 1843 1279 2131 1343; x_wconf 88' lang='lat' dir='ltr'><strong>lllacarius,</strong></span> <span class='ocrx_word' id='word_1_71' title='bbox 2176 1283 2297 1336; x_wconf 90' lang='lat' dir='ltr'><strong>reli-</strong></span> 
     </span>
    </p>
   </div>
   <div class='ocr_carea' id='block_1_13' title="bbox 758 1360 2296 1434">
    <p class='ocr_par' dir='ltr' id='par_1_13' title="bbox 758 1360 2296 1434">
     <span class='ocr_line' id='line_1_13' title="bbox 758 1360 2296 1434; baseline 0.012 -25"><span class='ocrx_word' id='word_1_72' title='bbox 758 1360 933 1427; x_wconf 81' lang='lat' dir='ltr'><strong>gionis</strong></span> <span class='ocrx_word' id='word_1_73' title='bbox 966 1361 1283 1416; x_wconf 71' lang='lat' dir='ltr'><strong>Christiana:</strong></span> <span class='ocrx_word' id='word_1_74' title='bbox 1323 1375 1373 1418; x_wconf 91' lang='lat' dir='ltr'><strong>et</strong></span> <span class='ocrx_word' id='word_1_75' title='bbox 1421 1365 1709 1434; x_wconf 72' lang='lat' dir='ltr'><strong>Scriptura:</strong></span> <span class='ocrx_word' id='word_1_76' title='bbox 1739 1385 1904 1423; x_wconf 76' lang='lat' dir='ltr'><strong>sacra:</strong></span> <span class='ocrx_word' id='word_1_77' title='bbox 1948 1381 2057 1425; x_wconf 90' lang='lat' dir='ltr'><strong>tum</strong></span> <span class='ocrx_word' id='word_1_78' title='bbox 2093 1374 2296 1428; x_wconf 85' lang='lat' dir='ltr'><strong>Veteris</strong></span> 
     </span>
    </p>
   </div>
   <div class='ocr_carea' id='block_1_14' title="bbox 755 1451 2282 1529">
    <p class='ocr_par' dir='ltr' id='par_1_14' title="bbox 755 1451 2282 1529">
     <span class='ocr_line' id='line_1_14' title="bbox 755 1451 2282 1529; baseline 0.011 -27"><span class='ocrx_word' id='word_1_79' title='bbox 755 1460 869 1502; x_wconf 90' lang='lat' dir='ltr'><strong>tum</strong></span> <span class='ocrx_word' id='word_1_80' title='bbox 924 1451 1050 1505; x_wconf 69' lang='lat' dir='ltr'><strong>Novi</strong></span> <span class='ocrx_word' id='word_1_81' title='bbox 1082 1454 1429 1508; x_wconf 65' lang='lat' dir='ltr'><strong>&#39;Teslamen&#39;ti</strong></span> <span class='ocrx_word' id='word_1_82' title='bbox 1478 1459 1639 1526; x_wconf 90' lang='lat' dir='ltr'><strong>probe</strong></span> <span class='ocrx_word' id='word_1_83' title='bbox 1692 1477 1890 1529; x_wconf 83' lang='lat' dir='ltr'><strong>gnarus</strong></span> <span class='ocrx_word' id='word_1_84' title='bbox 1938 1463 2114 1517; x_wconf 88' lang='lat' dir='ltr'><strong>fuerit.</strong></span> <span class='ocrx_word' id='word_1_85' title='bbox 2164 1464 2282 1519; x_wconf 85' lang='lat' dir='ltr'><strong>Frc-</strong></span> 
     </span>
    </p>
   </div>
   <div class='ocr_carea' id='block_1_15' title="bbox 692 1547 2295 1624">
    <p class='ocr_par' dir='ltr' id='par_1_15' title="bbox 692 1547 2295 1624">
     <span class='ocr_line' id='line_1_15' title="bbox 692 1547 2295 1624; baseline 0.011 -30"><span class='ocrx_word' id='word_1_86' title='bbox 692 1607 707 1622; x_wconf 43' lang='lat' dir='ltr'><em>l</em></span> <span class='ocrx_word' id='word_1_87' title='bbox 757 1553 980 1609; x_wconf 81' lang='lat' dir='ltr'><strong>quenter</strong></span> <span class='ocrx_word' id='word_1_88' title='bbox 1008 1560 1129 1597; x_wconf 91' lang='lat' dir='ltr'><strong>eum</strong></span> <span class='ocrx_word' id='word_1_89' title='bbox 1161 1547 1223 1600; x_wconf 90' lang='lat' dir='ltr'><strong>ad</strong></span> <span class='ocrx_word' id='word_1_90' title='bbox 1256 1547 1544 1616; x_wconf 77' lang='lat' dir='ltr'><strong>Seripturm</strong></span> <span class='ocrx_word' id='word_1_91' title='bbox 1577 1567 1741 1605; x_wconf 71' lang='lat' dir='ltr'><strong>sacra:</strong></span> <span class='ocrx_word' id='word_1_92' title='bbox 1772 1555 2072 1609; x_wconf 77' lang='lat' dir='ltr'><strong>testimonia</strong></span> <span class='ocrx_word' id='word_1_93' title='bbox 2105 1573 2295 1624; x_wconf 88' lang='lat' dir='ltr'><strong>provo-</strong></span> 
     </span>
    </p>
   </div>
   <div class='ocr_carea' id='block_1_16' title="bbox 756 1631 2289 1710">
    <p class='ocr_par' dir='ltr' id='par_1_16' title="bbox 756 1631 2289 1710">
     <span class='ocr_line' id='line_1_16' title="bbox 756 1631 2289 1710; baseline 0.008 -22"><span class='ocrx_word' id='word_1_94' title='bbox 756 1650 879 1688; x_wconf 85' lang='lat' dir='ltr'><strong>care</strong></span> <span class='ocrx_word' id='word_1_95' title='bbox 909 1637 1180 1703; x_wconf 83' lang='lat' dir='ltr'><strong>videmus,</strong></span> <span class='ocrx_word' id='word_1_96' title='bbox 1215 1631 1457 1708; x_wconf 87' lang='lat' dir='ltr'><strong>interque</strong></span> <span class='ocrx_word' id='word_1_97' title='bbox 1504 1643 1605 1694; x_wconf 91' lang='lat' dir='ltr'><strong>alia</strong></span> <span class='ocrx_word' id='word_1_98' title='bbox 1659 1646 1932 1710; x_wconf 88' lang='lat' dir='ltr'><strong>speciatim</strong></span> <span class='ocrx_word' id='word_1_99' title='bbox 1987 1649 2053 1700; x_wconf 91' lang='lat' dir='ltr'><strong>ad</strong></span> <span class='ocrx_word' id='word_1_100' title='bbox 2107 1646 2289 1701; x_wconf 85' lang='lat' dir='ltr'><strong>Matth.</strong></span> 
     </span>
    </p>
   </div>
   <div class='ocr_carea' id='block_1_17' title="bbox 757 1724 2290 1803">
    <p class='ocr_par' dir='ltr' id='par_1_17' title="bbox 757 1724 2290 1803">
     <span class='ocr_line' id='line_1_17' title="bbox 757 1724 2290 1803; baseline 0.01 -31"><span class='ocrx_word' id='word_1_101' title='bbox 757 1736 889 1784; x_wconf 80' lang='lat' dir='ltr'><strong>xxii,</strong></span> <span class='ocrx_word' id='word_1_102' title='bbox 918 1724 1005 1785; x_wconf 79' lang='lat'><strong>‘29,</strong></span> <span class='ocrx_word' id='word_1_103' title='bbox 1036 1725 1133 1789; x_wconf 79' lang='lat'><strong>50;</strong></span> <span class='ocrx_word' id='word_1_104' title='bbox 1173 1727 1337 1780; x_wconf 83' lang='lat' dir='ltr'><strong>Exod.</strong></span> <span class='ocrx_word' id='word_1_105' title='bbox 1368 1744 1514 1792; x_wconf 81' lang='lat' dir='ltr'><strong>xxxi,</strong></span> <span class='ocrx_word' id='word_1_106' title='bbox 1551 1730 1645 1794; x_wconf 85' lang='lat' dir='ltr'><strong>l8;</strong></span> <span class='ocrx_word' id='word_1_107' title='bbox 1679 1731 1810 1784; x_wconf 89' lang='lat' dir='ltr'><strong>Gen.</strong></span> <span class='ocrx_word' id='word_1_108' title='bbox 1844 1751 1993 1801; x_wconf 82' lang='lat' dir='ltr'><strong>xvm,</strong></span> <span class='ocrx_word' id='word_1_109' title='bbox 2029 1737 2093 1788; x_wconf 84' lang='grc'>16</span> <span class='ocrx_word' id='word_1_110' title='bbox 2118 1752 2290 1803; x_wconf 86' lang='lat' dir='ltr'><strong>seqq.;</strong></span> 
     </span>
    </p>
   </div>
   <div class='ocr_carea' id='block_1_18' title="bbox 755 1808 2293 1887">
    <p class='ocr_par' dir='ltr' id='par_1_18' title="bbox 755 1808 2293 1887">
     <span class='ocr_line' id='line_1_18' title="bbox 755 1808 2293 1887; baseline 0.012 -24"><span class='ocrx_word' id='word_1_111' title='bbox 755 1808 924 1865; x_wconf 79' lang='lat' dir='ltr'><strong>Exod.</strong></span> <span class='ocrx_word' id='word_1_112' title='bbox 978 1830 1116 1879; x_wconf 55' lang='grc' dir='ltr'>χχιι,</span> <span class='ocrx_word' id='word_1_113' title='bbox 1160 1817 1262 1881; x_wconf 77' lang='lat'><strong>9.8;</strong></span> <span class='ocrx_word' id='word_1_114' title='bbox 1309 1819 1502 1886; x_wconf 82' lang='lat' dir='ltr'><strong>quibus</strong></span> <span class='ocrx_word' id='word_1_115' title='bbox 1554 1823 1826 1887; x_wconf 79' lang='lat' dir='ltr'><strong>gentilium</strong></span> <span class='ocrx_word' id='word_1_116' title='bbox 1867 1827 2178 1879; x_wconf 70' lang='lat' dir='ltr'><strong>idololatrite</strong></span> <span class='ocrx_word' id='word_1_117' title='bbox 2210 1827 2293 1883; x_wconf 87' lang='lat' dir='ltr'><strong>fu-</strong></span> 
     </span>
    </p>
   </div>
   <div class='ocr_carea' id='block_1_19' title="bbox 755 1894 2289 1987">
    <p class='ocr_par' dir='ltr' id='par_1_19' title="bbox 755 1894 2289 1983">
     <span class='ocr_line' id='line_1_19' title="bbox 755 1894 2289 1983; baseline 0.012 -30"><span class='ocrx_word' id='word_1_118' title='bbox 755 1917 878 1953; x_wconf 86' lang='lat' dir='ltr'><strong>cum</strong></span> <span class='ocrx_word' id='word_1_119' title='bbox 927 1904 1096 1957; x_wconf 84' lang='lat' dir='ltr'><strong>veluti&#39;</strong></span> <span class='ocrx_word' id='word_1_120' title='bbox 1120 1907 1386 1971; x_wconf 79' lang='lat' dir='ltr'><strong>obducere</strong></span> <span class='ocrx_word' id='word_1_121' title='bbox 1434 1916 1670 1966; x_wconf 90' lang='lat' dir='ltr'><strong>tentavit.</strong></span> <span class='ocrx_word' id='word_1_122' title='bbox 1714 1914 1907 1982; x_wconf 82' lang='lat' dir='ltr'><strong>Ecquis</strong></span> <span class='ocrx_word' id='word_1_123' title='bbox 1939 1894 2063 1970; x_wconf 78' lang='lat' dir='ltr'><strong>vero</strong></span> <span class='ocrx_word' id='word_1_124' title='bbox 2101 1919 2289 1983; x_wconf 86' lang='lat' dir='ltr'><strong>nescit,</strong></span> 
     </span>
    </p>
   </div>
   <div class='ocr_carea' id='block_1_20' title="bbox 732 1991 2292 2073">
    <p class='ocr_par' dir='ltr' id='par_1_20' title="bbox 732 1991 2292 2073">
     <span class='ocr_line' id='line_1_20' title="bbox 732 1991 2292 2073; baseline 0.015 -32"><span class='ocrx_word' id='word_1_125' title='bbox 732 1991 1102 2062; x_wconf 65' lang='lat' dir='ltr'><strong>_l‘orph_vrium</strong></span> <span class='ocrx_word' id='word_1_126' title='bbox 1142 1999 1280 2050; x_wconf 90' lang='lat' dir='ltr'><strong>inter</strong></span> <span class='ocrx_word' id='word_1_127' title='bbox 1326 2017 1437 2054; x_wconf 75' lang='lat' dir='ltr'><strong>sua:</strong></span> <span class='ocrx_word' id='word_1_128' title='bbox 1477 2005 1647 2056; x_wconf 71' lang='lat' dir='ltr'><strong>:rlalis</strong></span> <span class='ocrx_word' id='word_1_129' title='bbox 1677 2006 2017 2073; x_wconf 81' lang='lat' dir='ltr'><strong>philosophas</strong></span> <span class='ocrx_word' id='word_1_130' title='bbox 2046 2008 2096 2058; x_wconf 92' lang='lat' dir='ltr'><strong>in</strong></span> <span class='ocrx_word' id='word_1_131' title='bbox 2127 2010 2292 2064; x_wconf 85' lang='lat' dir='ltr'><strong>sacris</strong></span> 
     </span>
    </p>
   </div>
   <div class='ocr_carea' id='block_1_21' title="bbox 753 2080 2291 2159">
    <p class='ocr_par' dir='ltr' id='par_1_21' title="bbox 753 2080 2291 2159">
     <span class='ocr_line' id='line_1_21' title="bbox 753 2080 2291 2159; baseline 0.008 -28"><span class='ocrx_word' id='word_1_132' title='bbox 753 2080 942 2134; x_wconf 89' lang='lat' dir='ltr'><strong>litteris</strong></span> <span class='ocrx_word' id='word_1_133' title='bbox 974 2087 1392 2146; x_wconf 86' lang='lat' dir='ltr'><strong>versatissimmn</strong></span> <span class='ocrx_word' id='word_1_134' title='bbox 1425 2089 1626 2144; x_wconf 84' lang='lat' dir='ltr'><strong>fuisse?</strong></span> <span class='ocrx_word' id='word_1_135' title='bbox 1659 2109 1812 2159; x_wconf 88' lang='lat' dir='ltr'><strong>quem</strong></span> <span class='ocrx_word' id='word_1_136' title='bbox 1847 2109 1949 2145; x_wconf 89' lang='lat' dir='ltr'><strong>non</strong></span> <span class='ocrx_word' id='word_1_137' title='bbox 1980 2093 2176 2147; x_wconf 73' lang='lat' dir='ltr'><strong>Mos&#39;em</strong></span> <span class='ocrx_word' id='word_1_138' title='bbox 2205 2112 2291 2149; x_wconf 84' lang='lat' dir='ltr'><strong>su-</strong></span> 
     </span>
    </p>
   </div>
   <div class='ocr_carea' id='block_1_22' title="bbox 753 2173 2292 2249">
    <p class='ocr_par' dir='ltr' id='par_1_22' title="bbox 753 2173 2292 2249">
     <span class='ocr_line' id='line_1_22' title="bbox 753 2173 2292 2249; baseline 0.01 -25"><span class='ocrx_word' id='word_1_139' title='bbox 753 2173 884 2234; x_wconf 87' lang='lat' dir='ltr'><strong>lum,</strong></span> <span class='ocrx_word' id='word_1_140' title='bbox 922 2175 1011 2226; x_wconf 81' lang='lat' dir='ltr'><strong>sed</strong></span> <span class='ocrx_word' id='word_1_141' title='bbox 1046 2177 1346 2230; x_wconf 86' lang='lat' dir='ltr'><strong>universam</strong></span> <span class='ocrx_word' id='word_1_142' title='bbox 1382 2179 1436 2232; x_wconf 90' lang='lat' dir='ltr'><strong>S.</strong></span> <span class='ocrx_word' id='word_1_143' title='bbox 1468 2181 1795 2249; x_wconf 76' lang='lat' dir='ltr'><strong>Scripturam</strong></span> <span class='ocrx_word' id='word_1_144' title='bbox 1823 2185 2035 2237; x_wconf 84' lang='lat' dir='ltr'><strong>assidua</strong></span> <span class='ocrx_word' id='word_1_145' title='bbox 2072 2187 2292 2240; x_wconf 85' lang='lat' dir='ltr'><strong>lectione</strong></span> 
     </span>
    </p>
   </div>
   <div class='ocr_carea' id='block_1_23' title="bbox 751 2263 2289 2330">
    <p class='ocr_par' dir='ltr' id='par_1_23' title="bbox 751 2263 2289 2330">
     <span class='ocr_line' id='line_1_23' title="bbox 751 2263 2289 2330; baseline 0.01 -15"><span class='ocrx_word' id='word_1_146' title='bbox 751 2263 984 2327; x_wconf 90' lang='lat' dir='ltr'><strong>trivisse,</strong></span> <span class='ocrx_word' id='word_1_147' title='bbox 1033 2276 1084 2318; x_wconf 89' lang='lat' dir='ltr'><strong>et</strong></span> <span class='ocrx_word' id='word_1_148' title='bbox 1133 2267 1183 2318; x_wconf 92' lang='lat' dir='ltr'><strong>in</strong></span> <span class='ocrx_word' id='word_1_149' title='bbox 1235 2269 1604 2325; x_wconf 86' lang='lat' dir='ltr'><strong>subvcrtcndis</strong></span> <span class='ocrx_word' id='word_1_150' title='bbox 1637 2273 1830 2326; x_wconf 76' lang='lat' dir='ltr'><strong>divinis</strong></span> <span class='ocrx_word' id='word_1_151' title='bbox 1871 2275 2100 2329; x_wconf 84' lang='lat' dir='ltr'><strong>oraculis</strong></span> <span class='ocrx_word' id='word_1_152' title='bbox 2132 2277 2289 2330; x_wconf 82' lang='lat' dir='ltr'><strong>velte-</strong></span> 
     </span>
    </p>
   </div>
   <div class='ocr_carea' id='block_1_24' title="bbox 750 2360 2291 2429">
    <p class='ocr_par' dir='ltr' id='par_1_24' title="bbox 750 2360 2291 2429">
     <span class='ocr_line' id='line_1_24' title="bbox 750 2360 2291 2429; baseline 0.011 -25"><span class='ocrx_word' id='word_1_153' title='bbox 750 2364 954 2407; x_wconf 89' lang='lat' dir='ltr'><strong>menter</strong></span> <span class='ocrx_word' id='word_1_154' title='bbox 981 2360 1284 2414; x_wconf 78' lang='lat' dir='ltr'><strong>exercuisse</strong></span> <span class='ocrx_word' id='word_1_155' title='bbox 1313 2361 1604 2429; x_wconf 89' lang='lat' dir='ltr'><strong>iugenimn,</strong></span> <span class='ocrx_word' id='word_1_156' title='bbox 1625 2379 1728 2416; x_wconf 91' lang='lat' dir='ltr'><strong>non</strong></span> <span class='ocrx_word' id='word_1_157' title='bbox 1760 2381 1866 2419; x_wconf 91' lang='lat' dir='ltr'><strong>uno</strong></span> <span class='ocrx_word' id='word_1_158' title='bbox 1887 2367 2002 2420; x_wconf 90' lang='lat' dir='ltr'><strong>loco</strong></span> <span class='ocrx_word' id='word_1_159' title='bbox 2031 2378 2291 2421; x_wconf 77' lang='lat' dir='ltr'><strong>testantur</strong></span> 
     </span>
    </p>
   </div>
   <div class='ocr_carea' id='block_1_25' title="bbox 749 2439 2286 2529">
    <p class='ocr_par' dir='ltr' id='par_1_25' title="bbox 749 2439 2286 2529">
     <span class='ocr_line' id='line_1_25' title="bbox 749 2439 2286 2529; baseline 0.011 -35"><span class='ocrx_word' id='word_1_160' title='bbox 749 2439 1008 2499; x_wconf 87' lang='lat' dir='ltr'><strong>Eusebius</strong></span> <span class='ocrx_word' id='word_1_161' title='bbox 1055 2448 1186 2517; x_wconf 82' lang='lat'><strong>(79),</strong></span> <span class='ocrx_word' id='word_1_162' title='bbox 1226 2450 1590 2507; x_wconf 88' lang='lat' dir='ltr'><strong>Theodoretus</strong></span> <span class='ocrx_word' id='word_1_163' title='bbox 1635 2453 1767 2524; x_wconf 80' lang='grc'>(80),</span> <span class='ocrx_word' id='word_1_164' title='bbox 1815 2465 1976 2525; x_wconf 89' lang='lat' dir='ltr'><strong>atque</strong></span> <span class='ocrx_word' id='word_1_165' title='bbox 2025 2456 2286 2529; x_wconf 78' lang='lat' dir='ltr'><strong>Hierony-</strong></span> 
     </span>
    </p>
   </div>
   <div class='ocr_carea' id='block_1_26' title="bbox 749 2537 2288 2612">
    <p class='ocr_par' dir='ltr' id='par_1_26' title="bbox 749 2537 2288 2612">
     <span class='ocr_line' id='line_1_26' title="bbox 749 2537 2288 2612; baseline 0.01 -25"><span class='ocrx_word' id='word_1_166' title='bbox 749 2550 867 2589; x_wconf 92' lang='lat' dir='ltr'><strong>mus</strong></span> <span class='ocrx_word' id='word_1_167' title='bbox 901 2537 1029 2604; x_wconf 86' lang='lat'><strong>(8|).</strong></span> <span class='ocrx_word' id='word_1_168' title='bbox 1068 2538 1171 2594; x_wconf 84' lang='lat' dir='ltr'><strong>Nec</strong></span> <span class='ocrx_word' id='word_1_169' title='bbox 1203 2541 1334 2595; x_wconf 92' lang='lat' dir='ltr'><strong>adeo</strong></span> <span class='ocrx_word' id='word_1_170' title='bbox 1371 2544 1585 2607; x_wconf 88' lang='lat' dir='ltr'><strong>mirmn,</strong></span> <span class='ocrx_word' id='word_1_171' title='bbox 1621 2547 1762 2612; x_wconf 89' lang='lat' dir='ltr'><strong>quod</strong></span> <span class='ocrx_word' id='word_1_172' title='bbox 1795 2554 1846 2600; x_wconf 88' lang='lat' dir='ltr'><strong>et</strong></span> <span class='ocrx_word' id='word_1_173' title='bbox 1877 2562 2083 2599; x_wconf 90' lang='lat' dir='ltr'><strong>sacram</strong></span> <span class='ocrx_word' id='word_1_174' title='bbox 2120 2547 2288 2601; x_wconf 77' lang='lat' dir='ltr'><strong>Evan-</strong></span> 
     </span>
    </p>
   </div>
   <div class='ocr_carea' id='block_1_27' title="bbox 747 2625 2287 2697">
    <p class='ocr_par' dir='ltr' id='par_1_27' title="bbox 747 2625 2287 2697">
     <span class='ocr_line' id='line_1_27' title="bbox 747 2625 2287 2697; baseline 0.011 -24"><span class='ocrx_word' id='word_1_175' title='bbox 747 2625 1000 2688; x_wconf 76' lang='lat' dir='ltr'><strong>geliorum</strong></span> <span class='ocrx_word' id='word_1_176' title='bbox 1035 2629 1310 2682; x_wconf 85' lang='lat' dir='ltr'><strong>historiam</strong></span> <span class='ocrx_word' id='word_1_177' title='bbox 1345 2631 1614 2696; x_wconf 68' lang='lat' dir='ltr'><strong>falsitatis,</strong></span> <span class='ocrx_word' id='word_1_178' title='bbox 1640 2627 2016 2688; x_wconf 56' lang='lat' dir='ltr'><strong>inconstantia</strong></span> <span class='ocrx_word' id='word_1_179' title='bbox 2035 2675 2048 2697; x_wconf 91' lang='lat'><strong>,</strong></span> <span class='ocrx_word' id='word_1_180' title='bbox 2079 2645 2131 2689; x_wconf 87' lang='lat' dir='ltr'><strong>et</strong></span> <span class='ocrx_word' id='word_1_181' title='bbox 2159 2653 2287 2690; x_wconf 88' lang='lat' dir='ltr'><strong>con-</strong></span> 
     </span>
    </p>
   </div>
   <div class='ocr_carea' id='block_1_28' title="bbox 747 2715 2286 2790">
    <p class='ocr_par' dir='ltr' id='par_1_28' title="bbox 747 2715 2286 2790">
     <span class='ocr_line' id='line_1_28' title="bbox 747 2715 2286 2790; baseline 0.01 -26"><span class='ocrx_word' id='word_1_182' title='bbox 747 2715 1076 2771; x_wconf 87' lang='lat' dir='ltr'><strong>tradictionis</strong></span> <span class='ocrx_word' id='word_1_183' title='bbox 1110 2723 1457 2783; x_wconf 87' lang='lat' dir='ltr'><strong>accusaverit,</strong></span> <span class='ocrx_word' id='word_1_184' title='bbox 1491 2739 1715 2790; x_wconf 88' lang='lat' dir='ltr'><strong>eamque</strong></span> <span class='ocrx_word' id='word_1_185' title='bbox 1746 2740 1849 2776; x_wconf 86' lang='lat' dir='ltr'><strong>non</strong></span> <span class='ocrx_word' id='word_1_186' title='bbox 1875 2741 1904 2776; x_wconf 88' lang='lat' dir='ltr'><strong>a</strong></span> <span class='ocrx_word' id='word_1_187' title='bbox 1939 2724 2061 2788; x_wconf 87' lang='lat' dir='ltr'><strong>Deo,</strong></span> <span class='ocrx_word' id='word_1_188' title='bbox 2094 2726 2182 2778; x_wconf 89' lang='lat' dir='ltr'><strong>sed</strong></span> <span class='ocrx_word' id='word_1_189' title='bbox 2219 2726 2286 2779; x_wconf 89' lang='lat' dir='ltr'><strong>ab</strong></span> 
     </span>
    </p>
   </div>
   <div class='ocr_carea' id='block_1_29' title="bbox 749 2803 2283 2884">
    <p class='ocr_par' dir='ltr' id='par_1_29' title="bbox 749 2803 2283 2884">
     <span class='ocr_line' id='line_1_29' title="bbox 749 2803 2283 2884; baseline 0.01 -32"><span class='ocrx_word' id='word_1_190' title='bbox 749 2803 1052 2859; x_wconf 89' lang='lat' dir='ltr'><strong>hominibus</strong></span> <span class='ocrx_word' id='word_1_191' title='bbox 1079 2808 1364 2875; x_wconf 91' lang='lat' dir='ltr'><strong>profectam</strong></span> <span class='ocrx_word' id='word_1_192' title='bbox 1392 2826 1508 2864; x_wconf 90' lang='lat' dir='ltr'><strong>esse</strong></span> <span class='ocrx_word' id='word_1_193' title='bbox 1535 2814 1891 2866; x_wconf 89' lang='lat' dir='ltr'><strong>calumniatus</strong></span> <span class='ocrx_word' id='word_1_194' title='bbox 1921 2815 1986 2868; x_wconf 89' lang='lat' dir='ltr'><strong>sit</strong></span> <span class='ocrx_word' id='word_1_195' title='bbox 2022 2831 2032 2864; x_wconf 95' lang='lat'>:</span> <span class='ocrx_word' id='word_1_196' title='bbox 2066 2815 2116 2868; x_wconf 87' lang='lat' dir='ltr'><strong>id</strong></span> <span class='ocrx_word' id='word_1_197' title='bbox 2143 2817 2283 2884; x_wconf 89' lang='lat' dir='ltr'><strong>quod</strong></span> 
     </span>
    </p>
   </div>
   <div class='ocr_carea' id='block_1_30' title="bbox 749 2893 2285 2968">
    <p class='ocr_par' dir='ltr' id='par_1_30' title="bbox 749 2893 2285 2968">
     <span class='ocr_line' id='line_1_30' title="bbox 749 2893 2285 2968; baseline 0.01 -29"><span class='ocrx_word' id='word_1_198' title='bbox 749 2904 914 2956; x_wconf 89' lang='lat' dir='ltr'><strong>pauca</strong></span> <span class='ocrx_word' id='word_1_199' title='bbox 962 2893 1046 2945; x_wconf 93' lang='lat' dir='ltr'><strong>illa</strong></span> <span class='ocrx_word' id='word_1_200' title='bbox 1101 2896 1393 2965; x_wconf 85' lang='lat' dir='ltr'><strong>fragmenta</strong></span> <span class='ocrx_word' id='word_1_201' title='bbox 1427 2915 1490 2951; x_wconf 81' lang='lat' dir='ltr'><strong>ex</strong></span> <span class='ocrx_word' id='word_1_202' title='bbox 1538 2901 1688 2954; x_wconf 85' lang='lat' dir='ltr'><strong>libris</strong></span> <span class='ocrx_word' id='word_1_203' title='bbox 1718 2902 1885 2968; x_wconf 86' lang='lat' dir='ltr'><strong>ipsius</strong></span> <span class='ocrx_word' id='word_1_204' title='bbox 1915 2915 2096 2956; x_wconf 89' lang='lat' dir='ltr'><strong>contra</strong></span> <span class='ocrx_word' id='word_1_205' title='bbox 2126 2902 2285 2955; x_wconf 58' lang='lat' dir='ltr'><strong>Chriv</strong></span> 
     </span>
    </p>
   </div>
   <div class='ocr_carea' id='block_1_31' title="bbox 748 2977 2285 3060">
    <p class='ocr_par' dir='ltr' id='par_1_31' title="bbox 748 2977 2285 3060">
     <span class='ocr_line' id='line_1_31' title="bbox 748 2977 2285 3060; baseline 0.009 -29"><span class='ocrx_word' id='word_1_206' title='bbox 748 2979 951 3033; x_wconf 89' lang='lat' dir='ltr'><strong>stianos</strong></span> <span class='ocrx_word' id='word_1_207' title='bbox 979 2986 1188 3053; x_wconf 82' lang='lat' dir='ltr'><strong>scriptis</strong></span> <span class='ocrx_word' id='word_1_208' title='bbox 1218 2990 1553 3049; x_wconf 78' lang='lat' dir='ltr'><strong>confirmant,</strong></span> <span class='ocrx_word' id='word_1_209' title='bbox 1585 3005 1703 3056; x_wconf 73' lang='lat' dir='ltr'><strong>qua:</strong></span> <span class='ocrx_word' id='word_1_210' title='bbox 1730 2992 1940 3060; x_wconf 91' lang='lat' dir='ltr'><strong>collegit</strong></span> <span class='ocrx_word' id='word_1_211' title='bbox 1965 2977 2134 3045; x_wconf 71' lang='lat' dir='ltr'><strong>Lucas</strong></span> <span class='ocrx_word' id='word_1_212' title='bbox 2163 2990 2285 3044; x_wconf 88' lang='lat' dir='ltr'><strong>llol-</strong></span> 
     </span>
    </p>
   </div>
   <div class='ocr_carea' id='block_1_32' title="bbox 748 3069 2282 3149">
    <p class='ocr_par' dir='ltr' id='par_1_32' title="bbox 748 3069 2282 3149">
     <span class='ocr_line' id='line_1_32' title="bbox 748 3069 2282 3149; baseline 0.01 -28"><span class='ocrx_word' id='word_1_213' title='bbox 748 3069 951 3123; x_wconf 85' lang='lat' dir='ltr'><strong>stenius</strong></span> <span class='ocrx_word' id='word_1_214' title='bbox 985 3073 1018 3124; x_wconf 94' lang='grc' dir='ltr'><strong>Ι.</strong></span> <span class='ocrx_word' id='word_1_215' title='bbox 1051 3090 1097 3127; x_wconf 90' lang='lat' dir='ltr'><strong>c.</strong></span> <span class='ocrx_word' id='word_1_216' title='bbox 1134 3092 1250 3144; x_wconf 85' lang='lat' dir='ltr'><strong>cap.</strong></span> <span class='ocrx_word' id='word_1_217' title='bbox 1300 3080 1380 3141; x_wconf 87' lang='lat' dir='ltr'><strong>ll,</strong></span> <span class='ocrx_word' id='word_1_218' title='bbox 1429 3095 1545 3147; x_wconf 90' lang='lat' dir='ltr'><strong>pag.</strong></span> <span class='ocrx_word' id='word_1_219' title='bbox 1581 3079 1682 3132; x_wconf 70' lang='grc'><strong>271</strong></span> <span class='ocrx_word' id='word_1_220' title='bbox 1722 3097 1869 3149; x_wconf 86' lang='lat' dir='ltr'><strong>seqq.</strong></span> <span class='ocrx_word' id='word_1_221' title='bbox 1911 3081 2058 3134; x_wconf 86' lang='lat' dir='ltr'><strong>Unde</strong></span> <span class='ocrx_word' id='word_1_222' title='bbox 2105 3083 2282 3136; x_wconf 89' lang='lat' dir='ltr'><strong>nullus</strong></span> 
     </span>
    </p>
   </div>
   <div class='ocr_carea' id='block_1_33' title="bbox 746 3159 2348 3257">
    <p class='ocr_par' dir='ltr' id='par_1_33' title="bbox 746 3159 2348 3257">
     <span class='ocr_line' id='line_1_33' title="bbox 746 3159 2348 3257; baseline 0.007 -45"><span class='ocrx_word' id='word_1_223' title='bbox 746 3159 950 3225; x_wconf 91' lang='lat' dir='ltr'><strong>dubito,</strong></span> <span class='ocrx_word' id='word_1_224' title='bbox 983 3161 1069 3214; x_wconf 91' lang='lat' dir='ltr'><strong>illa</strong></span> <span class='ocrx_word' id='word_1_225' title='bbox 1110 3166 1291 3231; x_wconf 90' lang='lat' dir='ltr'><strong>etiam,</strong></span> <span class='ocrx_word' id='word_1_226' title='bbox 1333 3184 1450 3234; x_wconf 79' lang='lat' dir='ltr'><strong>qua:</strong></span> <span class='ocrx_word' id='word_1_227' title='bbox 1489 3170 1700 3238; x_wconf 78' lang='lat' dir='ltr'><strong>Magnes</strong></span> <span class='ocrx_word' id='word_1_228' title='bbox 1729 3171 1865 3224; x_wconf 86' lang='lat' dir='ltr'><strong>libro</strong></span> <span class='ocrx_word' id='word_1_229' title='bbox 1897 3187 1933 3225; x_wconf 93' lang='grc' dir='ltr'><strong>ιι</strong></span> <span class='ocrx_word' id='word_1_230' title='bbox 1973 3181 2023 3225; x_wconf 91' lang='lat' dir='ltr'><strong>et</strong></span> <span class='ocrx_word' id='word_1_231' title='bbox 2055 3187 2081 3222; x_wconf 76' lang='grc' dir='ltr'><strong>ν</strong></span> <span class='ocrx_word' id='word_1_232' title='bbox 2126 3173 2283 3223; x_wconf 78' lang='grc' dir='ltr'><strong>Ἀπσ-</strong></span> <span class='ocrx_word' id='word_1_233' title='bbox 2308 3202 2348 3257; x_wconf 76' lang='lat' dir='ltr'>C</span> 
     </span>
    </p>
   </div>
   <div class='ocr_carea' id='block_1_34' title="bbox 745 3250 2281 3327">
    <p class='ocr_par' dir='ltr' id='par_1_34' title="bbox 745 3250 2281 3327">
     <span class='ocr_line' id='line_1_34' title="bbox 745 3250 2281 3327; baseline 0.005 -23"><span class='ocrx_word' id='word_1_234' title='bbox 745 3250 1014 3318; x_wconf 72' lang='grc' dir='ltr'><strong>κριτικῶν</strong></span> <span class='ocrx_word' id='word_1_235' title='bbox 1047 3263 1231 3306; x_wconf 86' lang='lat' dir='ltr'><strong>contra</strong></span> <span class='ocrx_word' id='word_1_236' title='bbox 1280 3257 1544 3322; x_wconf 84' lang='lat' dir='ltr'><strong>gentilem.</strong></span> <span class='ocrx_word' id='word_1_237' title='bbox 1575 3260 1983 3326; x_wconf 85' lang='lat' dir='ltr'><strong>discrepantiam</strong></span> <span class='ocrx_word' id='word_1_238' title='bbox 2015 3260 2281 3327; x_wconf 87' lang='lat' dir='ltr'><strong>evangeli-</strong></span> 
     </span>
    </p>
   </div>
   <div class='ocr_carea' id='block_1_35' title="bbox 745 3345 2310 3418">
    <p class='ocr_par' dir='ltr' id='par_1_35' title="bbox 745 3345 2310 3418">
     <span class='ocr_line' id='line_1_35' title="bbox 745 3345 2310 3418; baseline 0.003 -22"><span class='ocrx_word' id='word_1_239' title='bbox 745 3352 948 3396; x_wconf 78' lang='lat' dir='ltr'><strong>Staruui</strong></span> <span class='ocrx_word' id='word_1_240' title='bbox 975 3353 1026 3396; x_wconf 88' lang='lat' dir='ltr'><strong>et</strong></span> <span class='ocrx_word' id='word_1_241' title='bbox 1053 3345 1156 3396; x_wconf 88' lang='lat' dir='ltr'><strong>alia</strong></span> <span class='ocrx_word' id='word_1_242' title='bbox 1188 3345 1342 3398; x_wconf 84' lang='lat' dir='ltr'><strong>nobis</strong></span> <span class='ocrx_word' id='word_1_243' title='bbox 1371 3345 1504 3398; x_wconf 83' lang='lat' dir='ltr'><strong>falso</strong></span> <span class='ocrx_word' id='word_1_244' title='bbox 1531 3348 1579 3398; x_wconf 92' lang='lat' dir='ltr'><strong>in</strong></span> <span class='ocrx_word' id='word_1_245' title='bbox 1607 3348 1890 3418; x_wconf 85' lang='lat' dir='ltr'><strong>Evangelio</strong></span> <span class='ocrx_word' id='word_1_246' title='bbox 1917 3351 2277 3418; x_wconf 85' lang='lat' dir='ltr'><strong>objicientem,</strong></span> <span class='ocrx_word' id='word_1_247' title='bbox 2299 3375 2310 3384; x_wconf 51' lang='grc' dir='ltr'><strong>η</strong></span> 
     </span>
    </p>
   </div>
   <div class='ocr_carea' id='block_1_36' title="bbox 744 3434 2069 3511">
    <p class='ocr_par' dir='ltr' id='par_1_36' title="bbox 744 3434 2069 3511">
     <span class='ocr_line' id='line_1_36' title="bbox 744 3434 2069 3511; baseline 0.006 -27"><span class='ocrx_word' id='word_1_248' title='bbox 744 3434 976 3511; x_wconf 76' lang='lat' dir='ltr'><strong>scripsit,</strong></span> <span class='ocrx_word' id='word_1_249' title='bbox 1008 3436 1128 3487; x_wconf 91' lang='lat' dir='ltr'><strong>huic</strong></span> <span class='ocrx_word' id='word_1_250' title='bbox 1155 3436 1253 3502; x_wconf 86' lang='lat' dir='ltr'><strong>ipsi</strong></span> <span class='ocrx_word' id='word_1_251' title='bbox 1288 3436 1579 3504; x_wconf 78' lang='lat' dir='ltr'><strong>Porphyrio</strong></span> <span class='ocrx_word' id='word_1_252' title='bbox 1613 3439 1776 3492; x_wconf 86' lang='lat' dir='ltr'><strong>luisse</strong></span> <span class='ocrx_word' id='word_1_253' title='bbox 1809 3442 2069 3507; x_wconf 76' lang='lat' dir='ltr'><strong>opposita.</strong></span> 
     </span>
    </p>
   </div>
   <div class='ocr_carea' id='block_1_37' title="bbox 851 3524 2171 3596">
    <p class='ocr_par' dir='ltr' id='par_1_37' title="bbox 851 3524 2171 3596">
     <span class='ocr_line' id='line_1_37' title="bbox 851 3524 2171 3596; baseline 0.004 -21"><span class='ocrx_word' id='word_1_254' title='bbox 851 3524 1064 3593; x_wconf 71' lang='lat' dir='ltr'><strong>§XVIL</strong></span> <span class='ocrx_word' id='word_1_255' title='bbox 1109 3527 1353 3595; x_wconf 74' lang='lat' dir='ltr'><strong>Analysis</strong></span> <span class='ocrx_word' id='word_1_256' title='bbox 1397 3529 1801 3596; x_wconf 74' lang='lat' dir='ltr'><strong>fragmentorum</strong></span> <span class='ocrx_word' id='word_1_257' title='bbox 1839 3531 2171 3584; x_wconf 81' lang='lat' dir='ltr'><strong>iueditorum.</strong></span> 
     </span>
    </p>
   </div>
   <div class='ocr_carea' id='block_1_38' title="bbox 811 3614 2284 3689">
    <p class='ocr_par' dir='ltr' id='par_1_38' title="bbox 811 3614 2284 3689">
     <span class='ocr_line' id='line_1_38' title="bbox 811 3614 2284 3689; baseline 0.005 -22"><span class='ocrx_word' id='word_1_258' title='bbox 811 3614 942 3668; x_wconf 90' lang='lat' dir='ltr'><strong>Cum</strong></span> <span class='ocrx_word' id='word_1_259' title='bbox 979 3616 1040 3668; x_wconf 74' lang='grc' dir='ltr'><strong>Β.</strong></span> <span class='ocrx_word' id='word_1_260' title='bbox 1073 3618 1130 3672; x_wconf 87' lang='grc' dir='ltr'><strong>Ρ.</strong></span> <span class='ocrx_word' id='word_1_261' title='bbox 1167 3619 1450 3673; x_wconf 82' lang='lat' dir='ltr'><strong>Auselmus</strong></span> <span class='ocrx_word' id='word_1_262' title='bbox 1476 3620 1775 3673; x_wconf 80' lang='lat' dir='ltr'><strong>Bandurius</strong></span> <span class='ocrx_word' id='word_1_263' title='bbox 1805 3621 1902 3673; x_wconf 85' lang='lat' dir='ltr'><strong>levi</strong></span> <span class='ocrx_word' id='word_1_264' title='bbox 1927 3623 2175 3689; x_wconf 89' lang='lat' dir='ltr'><strong>penicillo</strong></span> <span class='ocrx_word' id='word_1_265' title='bbox 2198 3637 2284 3689; x_wconf 37' lang='lat' dir='ltr'><strong>ges</strong></span> 
     </span>
    </p>
   </div>
   <div class='ocr_carea' id='block_1_39' title="bbox 743 3700 2281 3780">
    <p class='ocr_par' dir='ltr' id='par_1_39' title="bbox 743 3700 2281 3780">
     <span class='ocr_line' id='line_1_39' title="bbox 743 3700 2281 3780; baseline 0.006 -24"><span class='ocrx_word' id='word_1_266' title='bbox 743 3707 940 3758; x_wconf 76' lang='lat' dir='ltr'><strong>neralia</strong></span> <span class='ocrx_word' id='word_1_267' title='bbox 969 3700 1168 3761; x_wconf 85' lang='lat' dir='ltr'><strong>tantum</strong></span> <span class='ocrx_word' id='word_1_268' title='bbox 1198 3711 1368 3779; x_wconf 90' lang='lat' dir='ltr'><strong>capita</strong></span> <span class='ocrx_word' id='word_1_269' title='bbox 1397 3712 1557 3779; x_wconf 88' lang='lat' dir='ltr'><strong>hujus</strong></span> <span class='ocrx_word' id='word_1_270' title='bbox 1586 3720 1842 3764; x_wconf 85' lang='lat' dir='ltr'><strong>tractatus</strong></span> <span class='ocrx_word' id='word_1_271' title='bbox 1879 3712 2059 3764; x_wconf 89' lang='lat' dir='ltr'><strong>inediti</strong></span> <span class='ocrx_word' id='word_1_272' title='bbox 2092 3712 2281 3780; x_wconf 84' lang='lat' dir='ltr'><strong>attige—</strong></span> 
     </span>
    </p>
   </div>
   <div class='ocr_carea' id='block_1_40' title="bbox 745 3797 2282 3869">
    <p class='ocr_par' dir='ltr' id='par_1_40' title="bbox 745 3797 2282 3869">
     <span class='ocr_line' id='line_1_40' title="bbox 745 3797 2282 3869; baseline 0.004 -21"><span class='ocrx_word' id='word_1_273' title='bbox 745 3797 813 3850; x_wconf 89' lang='lat' dir='ltr'><strong>rit</strong></span> <span class='ocrx_word' id='word_1_274' title='bbox 847 3799 976 3865; x_wconf 72' lang='lat'><strong>(8‘2),</strong></span> <span class='ocrx_word' id='word_1_275' title='bbox 1002 3801 1140 3852; x_wconf 84' lang='lat' dir='ltr'><strong>haud</strong></span> <span class='ocrx_word' id='word_1_276' title='bbox 1163 3802 1256 3853; x_wconf 88' lang='lat' dir='ltr'><strong>abs</strong></span> <span class='ocrx_word' id='word_1_277' title='bbox 1281 3818 1336 3855; x_wconf 92' lang='lat' dir='ltr'><strong>re</strong></span> <span class='ocrx_word' id='word_1_278' title='bbox 1358 3803 1477 3866; x_wconf 84' lang='lat' dir='ltr'><strong>erit,</strong></span> <span class='ocrx_word' id='word_1_279' title='bbox 1507 3803 1550 3856; x_wconf 88' lang='lat' dir='ltr'><strong>si</strong></span> <span class='ocrx_word' id='word_1_280' title='bbox 1576 3803 1899 3856; x_wconf 89' lang='lat' dir='ltr'><strong>succinctam</strong></span> <span class='ocrx_word' id='word_1_281' title='bbox 1925 3801 2078 3854; x_wconf 85' lang='lat' dir='ltr'><strong>istius</strong></span> <span class='ocrx_word' id='word_1_282' title='bbox 2101 3801 2282 3869; x_wconf 82' lang='lat' dir='ltr'><strong>diSpu-</strong></span> 
     </span>
    </p>
   </div>
   <div class='ocr_carea' id='block_1_41' title="bbox 744 3889 2279 3962">
    <p class='ocr_par' dir='ltr' id='par_1_41' title="bbox 744 3889 2279 3962">
     <span class='ocr_line' id='line_1_41' title="bbox 744 3889 2279 3962; baseline 0.004 -22"><span class='ocrx_word' id='word_1_283' title='bbox 744 3889 978 3952; x_wconf 82' lang='lat' dir='ltr'><strong>talionis,</strong></span> <span class='ocrx_word' id='word_1_284' title='bbox 997 3904 1114 3955; x_wconf 69' lang='lat' dir='ltr'><strong>quae</strong></span> <span class='ocrx_word' id='word_1_285' title='bbox 1131 3889 1420 3958; x_wconf 88' lang='lat' dir='ltr'><strong>fragmenta</strong></span> <span class='ocrx_word' id='word_1_286' title='bbox 1434 3893 1688 3962; x_wconf 87' lang='lat' dir='ltr'><strong>Magnetis</strong></span> <span class='ocrx_word' id='word_1_287' title='bbox 1712 3894 1877 3946; x_wconf 88' lang='lat' dir='ltr'><strong>nostri</strong></span> <span class='ocrx_word' id='word_1_288' title='bbox 1894 3894 2279 3960; x_wconf 88' lang='lat' dir='ltr'><strong>complectitur,</strong></span> 
     </span>
    </p>
   </div>
   <div class='ocr_carea' id='block_1_42' title="bbox 746 3977 2280 4053">
    <p class='ocr_par' dir='ltr' id='par_1_42' title="bbox 746 3977 2280 4053">
     <span class='ocr_line' id='line_1_42' title="bbox 746 3977 2280 4053; baseline 0.005 -24"><span class='ocrx_word' id='word_1_289' title='bbox 746 3977 1127 4045; x_wconf 84' lang='lat' dir='ltr'><strong>subjungamus</strong></span> <span class='ocrx_word' id='word_1_290' title='bbox 1157 3983 1414 4050; x_wconf 82' lang='lat' dir='ltr'><strong>aualysin,</strong></span> <span class='ocrx_word' id='word_1_291' title='bbox 1452 3995 1508 4038; x_wconf 91' lang='lat' dir='ltr'><strong>ut</strong></span> <span class='ocrx_word' id='word_1_292' title='bbox 1537 3996 1645 4038; x_wconf 92' lang='lat' dir='ltr'><strong>tum</strong></span> <span class='ocrx_word' id='word_1_293' title='bbox 1675 3987 1788 4053; x_wconf 90' lang='lat' dir='ltr'><strong>ipsa</strong></span> <span class='ocrx_word' id='word_1_294' title='bbox 1813 3985 2044 4037; x_wconf 88' lang='lat' dir='ltr'><strong>auctoris</strong></span> <span class='ocrx_word' id='word_1_295' title='bbox 2079 3989 2280 4037; x_wconf 74' lang='lat'><strong>080.20-</strong></span> 
     </span>
    </p>
   </div>
   <div class='ocr_carea' id='block_1_43' title="bbox 745 4067 2280 4142">
    <p class='ocr_par' dir='ltr' id='par_1_43' title="bbox 745 4067 2280 4142">
     <span class='ocr_line' id='line_1_43' title="bbox 745 4067 2280 4142; baseline -0.001 -11"><span class='ocrx_word' id='word_1_296' title='bbox 745 4067 1016 4134; x_wconf 58' lang='grc' dir='ltr'><strong>τιθέμενα»</strong></span> <span class='ocrx_word' id='word_1_297' title='bbox 1042 4077 1150 4120; x_wconf 71' lang='lat' dir='ltr'><strong>lum</strong></span> <span class='ocrx_word' id='word_1_298' title='bbox 1181 4085 1243 4122; x_wconf 71' lang='lat' dir='ltr'><strong>ex</strong></span> <span class='ocrx_word' id='word_1_299' title='bbox 1274 4073 1466 4137; x_wconf 80' lang='lat' dir='ltr'><strong>quibus</strong></span> <span class='ocrx_word' id='word_1_300' title='bbox 1493 4075 1641 4128; x_wconf 85' lang='lat' dir='ltr'><strong>libris</strong></span> <span class='ocrx_word' id='word_1_301' title='bbox 1675 4074 2078 4142; x_wconf 58' lang='lat' dir='ltr'><strong>&#39;Axoxfttmér</strong></span> <span class='ocrx_word' id='word_1_302' title='bbox 2106 4091 2165 4128; x_wconf 88' lang='lat' dir='ltr'><strong>ea</strong></span> <span class='ocrx_word' id='word_1_303' title='bbox 2194 4077 2280 4130; x_wconf 89' lang='lat' dir='ltr'><strong>de-</strong></span> 
     </span>
    </p>
   </div>
   <div class='ocr_carea' id='block_1_44' title="bbox 744 4159 2274 4234">
    <p class='ocr_par' dir='ltr' id='par_1_44' title="bbox 744 4159 2274 4234">
     <span class='ocr_line' id='line_1_44' title="bbox 744 4159 2274 4234; baseline 0.008 -24"><span class='ocrx_word' id='word_1_304' title='bbox 744 4167 957 4225; x_wconf 88' lang='lat' dir='ltr'><strong>sumpta</strong></span> <span class='ocrx_word' id='word_1_305' title='bbox 988 4159 1114 4222; x_wconf 89' lang='lat' dir='ltr'><strong>sint,</strong></span> <span class='ocrx_word' id='word_1_306' title='bbox 1151 4160 1423 4226; x_wconf 87' lang='lat' dir='ltr'><strong>aliquanto</strong></span> <span class='ocrx_word' id='word_1_307' title='bbox 1451 4167 1668 4231; x_wconf 88' lang='lat' dir='ltr'><strong>pr0pius</strong></span> <span class='ocrx_word' id='word_1_308' title='bbox 1695 4166 1955 4234; x_wconf 86' lang='lat' dir='ltr'><strong>dispicere</strong></span> <span class='ocrx_word' id='word_1_309' title='bbox 1984 4167 2274 4234; x_wconf 85' lang='lat' dir='ltr'><strong>possimus.</strong></span> 
     </span>
    </p>
   </div>
   <div class='ocr_carea' id='block_1_45' title="bbox 745 4245 2280 4315">
    <p class='ocr_par' dir='ltr' id='par_1_45' title="bbox 745 4245 2280 4315">
     <span class='ocr_line' id='line_1_45' title="bbox 745 4245 2280 4315; baseline 0.008 -16"><span class='ocrx_word' id='word_1_310' title='bbox 745 4245 799 4300; x_wconf 88' lang='lat' dir='ltr'><strong>lu</strong></span> <span class='ocrx_word' id='word_1_311' title='bbox 831 4249 1089 4315; x_wconf 63' lang='lat' dir='ltr'><strong>promu‘iio</strong></span> <span class='ocrx_word' id='word_1_312' title='bbox 1132 4259 1397 4314; x_wconf 88' lang='lat' dir='ltr'><strong>monetur,</strong></span> <span class='ocrx_word' id='word_1_313' title='bbox 1430 4269 1532 4305; x_wconf 90' lang='lat' dir='ltr'><strong>non</strong></span> <span class='ocrx_word' id='word_1_314' title='bbox 1567 4271 1684 4308; x_wconf 89' lang='lat' dir='ltr'><strong>esse</strong></span> <span class='ocrx_word' id='word_1_315' title='bbox 1719 4266 1915 4309; x_wconf 87' lang='lat' dir='ltr'><strong>temere</strong></span> <span class='ocrx_word' id='word_1_316' title='bbox 1939 4257 2153 4310; x_wconf 79' lang='lat' dir='ltr'><strong>cuilibet</strong></span> <span class='ocrx_word' id='word_1_317' title='bbox 2184 4257 2280 4311; x_wconf 86' lang='lat' dir='ltr'><strong>do-</strong></span> 
     </span>
    </p>
   </div>
   <div class='ocr_carea' id='block_1_46' title="bbox 741 4337 2276 4408">
    <p class='ocr_par' dir='ltr' id='par_1_46' title="bbox 741 4337 2276 4408">
     <span class='ocr_line' id='line_1_46' title="bbox 741 4337 2276 4408; baseline 0.005 -19"><span class='ocrx_word' id='word_1_318' title='bbox 741 4337 926 4389; x_wconf 69' lang='lat' dir='ltr'><strong>ctrina:</strong></span> <span class='ocrx_word' id='word_1_319' title='bbox 959 4337 1296 4401; x_wconf 90' lang='lat' dir='ltr'><strong>credendum,</strong></span> <span class='ocrx_word' id='word_1_320' title='bbox 1344 4337 1436 4390; x_wconf 87' lang='lat' dir='ltr'><strong>sed</strong></span> <span class='ocrx_word' id='word_1_321' title='bbox 1467 4340 1513 4390; x_wconf 91' lang='lat' dir='ltr'><strong>ei</strong></span> <span class='ocrx_word' id='word_1_322' title='bbox 1550 4349 1750 4393; x_wconf 90' lang='lat' dir='ltr'><strong>tantum</strong></span> <span class='ocrx_word' id='word_1_323' title='bbox 1789 4360 1906 4408; x_wconf 75' lang='lat' dir='ltr'><strong>qua:</strong></span> <span class='ocrx_word' id='word_1_324' title='bbox 1934 4345 2101 4397; x_wconf 89' lang='lat' dir='ltr'><strong>sacris</strong></span> <span class='ocrx_word' id='word_1_325' title='bbox 2131 4345 2276 4398; x_wconf 87' lang='lat' dir='ltr'><strong>Scri-</strong></span> 
     </span>
    </p>
   </div>
   <div class='ocr_carea' id='block_1_47' title="bbox 743 4409 2277 4494">
    <p class='ocr_par' dir='ltr' id='par_1_47' title="bbox 743 4409 2277 4494">
     <span class='ocr_line' id='line_1_47' title="bbox 743 4409 2277 4494; baseline 0.005 -16"><span class='ocrx_word' id='word_1_326' title='bbox 743 4427 912 4494; x_wconf 70' lang='lat' dir='ltr'><strong>pturis</strong></span> <span class='ocrx_word' id='word_1_327' title='bbox 946 4421 1177 4493; x_wconf 79' lang='lat' dir='ltr'><strong>congrua</strong></span> <span class='ocrx_word' id='word_1_328' title='bbox 1216 4409 1438 4479; x_wconf 10' lang='lat' dir='ltr'><strong>sit.lUbi</strong></span> <span class='ocrx_word' id='word_1_329' title='bbox 1487 4428 1644 4479; x_wconf 88' lang='lat' dir='ltr'><strong>simul</strong></span> <span class='ocrx_word' id='word_1_330' title='bbox 1671 4429 1734 4481; x_wconf 89' lang='lat' dir='ltr'><strong>de</strong></span> <span class='ocrx_word' id='word_1_331' title='bbox 1765 4433 1898 4482; x_wconf 89' lang='lat' dir='ltr'><strong>mala</strong></span> <span class='ocrx_word' id='word_1_332' title='bbox 1927 4432 2052 4492; x_wconf 50' lang='lat' dir='ltr'><strong>,‘fide</strong></span> <span class='ocrx_word' id='word_1_333' title='bbox 2098 4433 2277 4486; x_wconf 88' lang='lat' dir='ltr'><strong>lcono-</strong></span> 
     </span>
    </p>
   </div>
   <div class='ocr_carea' id='block_1_48' title="bbox 2404 635 3936 714">
    <p class='ocr_par' dir='ltr' id='par_1_48' title="bbox 2404 635 3936 714">
     <span class='ocr_line' id='line_1_48' title="bbox 2404 635 3936 714; baseline -0.003 -14"><span class='ocrx_word' id='word_1_334' title='bbox 2404 647 2639 714; x_wconf 88' lang='lat' dir='ltr'><strong>supremi</strong></span> <span class='ocrx_word' id='word_1_335' title='bbox 2669 645 2914 699; x_wconf 88' lang='lat' dir='ltr'><strong>Numinis</strong></span> <span class='ocrx_word' id='word_1_336' title='bbox 2937 635 3034 700; x_wconf 88' lang='lat' dir='ltr'><strong>hac</strong></span> <span class='ocrx_word' id='word_1_337' title='bbox 3065 647 3269 699; x_wconf 84' lang='lat' dir='ltr'><strong>ratione</strong></span> <span class='ocrx_word' id='word_1_338' title='bbox 3293 645 3579 699; x_wconf 88' lang='lat' dir='ltr'><strong>conciliare</strong></span> <span class='ocrx_word' id='word_1_339' title='bbox 3598 643 3818 695; x_wconf 87' lang='lat' dir='ltr'><strong>annisus</strong></span> <span class='ocrx_word' id='word_1_340' title='bbox 3839 652 3936 704; x_wconf 79' lang='lat' dir='ltr'><strong>est,</strong></span> 
     </span>
    </p>
   </div>
   <div class='ocr_carea' id='block_1_49' title="bbox 2402 734 3938 805">
    <p class='ocr_par' dir='ltr' id='par_1_49' title="bbox 2402 734 3938 805">
     <span class='ocr_line' id='line_1_49' title="bbox 2402 734 3938 805; baseline -0.005 -16"><span class='ocrx_word' id='word_1_341' title='bbox 2402 737 2545 804; x_wconf 87' lang='lat' dir='ltr'><strong>quod</strong></span> <span class='ocrx_word' id='word_1_342' title='bbox 2585 737 2875 790; x_wconf 89' lang='lat' dir='ltr'><strong>monareha</strong></span> <span class='ocrx_word' id='word_1_343' title='bbox 2902 753 3006 789; x_wconf 90' lang='lat' dir='ltr'><strong>non</strong></span> <span class='ocrx_word' id='word_1_344' title='bbox 3035 738 3120 799; x_wconf 85' lang='lat' dir='ltr'><strong>sit,</strong></span> <span class='ocrx_word' id='word_1_345' title='bbox 3160 737 3250 805; x_wconf 94' lang='lat' dir='ltr'><strong>qui</strong></span> <span class='ocrx_word' id='word_1_346' title='bbox 3277 736 3422 790; x_wconf 91' lang='lat' dir='ltr'><strong>solus</strong></span> <span class='ocrx_word' id='word_1_347' title='bbox 3463 743 3564 796; x_wconf 87' lang='lat' dir='ltr'><strong>est,</strong></span> <span class='ocrx_word' id='word_1_348' title='bbox 3597 734 3690 785; x_wconf 87' lang='lat' dir='ltr'><strong>sed</strong></span> <span class='ocrx_word' id='word_1_349' title='bbox 3717 736 3805 800; x_wconf 89' lang='lat' dir='ltr'><strong>qui</strong></span> <span class='ocrx_word' id='word_1_350' title='bbox 3840 735 3938 783; x_wconf 86' lang='lat' dir='ltr'><strong>im—</strong></span> 
     </span>
    </p>
   </div>
   <div class='ocr_carea' id='block_1_50' title="bbox 2401 824 3936 895">
    <p class='ocr_par' dir='ltr' id='par_1_50' title="bbox 2401 824 3936 895">
     <span class='ocr_line' id='line_1_50' title="bbox 2401 824 3936 895; baseline -0.001 -17"><span class='ocrx_word' id='word_1_351' title='bbox 2401 835 2546 894; x_wconf 91' lang='lat' dir='ltr'><strong>perat</strong></span> <span class='ocrx_word' id='word_1_352' title='bbox 2599 827 2777 891; x_wconf 89' lang='lat' dir='ltr'><strong>solus;</strong></span> <span class='ocrx_word' id='word_1_353' title='bbox 2814 842 2910 880; x_wconf 90' lang='lat' dir='ltr'><strong>nec</strong></span> <span class='ocrx_word' id='word_1_354' title='bbox 2941 827 3080 879; x_wconf 89' lang='lat' dir='ltr'><strong>Deus</strong></span> <span class='ocrx_word' id='word_1_355' title='bbox 3109 827 3319 895; x_wconf 86' lang='lat' dir='ltr'><strong>preprie</strong></span> <span class='ocrx_word' id='word_1_356' title='bbox 3354 825 3646 878; x_wconf 89' lang='lat' dir='ltr'><strong>monarcha</strong></span> <span class='ocrx_word' id='word_1_357' title='bbox 3684 824 3936 876; x_wconf 80' lang='lat' dir='ltr'><strong>dicendus</strong></span> 
     </span>
    </p>
   </div>
   <div class='ocr_carea' id='block_1_51' title="bbox 2402 915 3935 986">
    <p class='ocr_par' dir='ltr' id='par_1_51' title="bbox 2402 915 3935 986">
     <span class='ocr_line' id='line_1_51' title="bbox 2402 915 3935 986; baseline -0.003 -17"><span class='ocrx_word' id='word_1_358' title='bbox 2402 917 2488 978; x_wconf 90' lang='lat' dir='ltr'><strong>sit,</strong></span> <span class='ocrx_word' id='word_1_359' title='bbox 2537 917 2638 970; x_wconf 89' lang='lat' dir='ltr'><strong>nisi</strong></span> <span class='ocrx_word' id='word_1_360' title='bbox 2676 918 2959 986; x_wconf 88' lang='lat' dir='ltr'><strong>imperaret</strong></span> <span class='ocrx_word' id='word_1_361' title='bbox 2989 918 3112 979; x_wconf 91' lang='lat' dir='ltr'><strong>diis,</strong></span> <span class='ocrx_word' id='word_1_362' title='bbox 3141 918 3231 985; x_wconf 89' lang='lat' dir='ltr'><strong>qui</strong></span> <span class='ocrx_word' id='word_1_363' title='bbox 3265 917 3503 970; x_wconf 88' lang='lat' dir='ltr'><strong>eamdem</strong></span> <span class='ocrx_word' id='word_1_364' title='bbox 3534 931 3656 969; x_wconf 90' lang='lat' dir='ltr'><strong>cum</strong></span> <span class='ocrx_word' id='word_1_365' title='bbox 3690 930 3754 967; x_wconf 89' lang='lat' dir='ltr'><strong>eo</strong></span> <span class='ocrx_word' id='word_1_366' title='bbox 3781 915 3935 967; x_wconf 85' lang='lat' dir='ltr'><strong>habe-</strong></span> 
     </span>
    </p>
   </div>
   <div class='ocr_carea' id='block_1_52' title="bbox 2401 1006 3931 1074">
    <p class='ocr_par' dir='ltr' id='par_1_52' title="bbox 2401 1006 3931 1074">
     <span class='ocr_line' id='line_1_52' title="bbox 2401 1006 3931 1074; baseline -0.002 -16"><span class='ocrx_word' id='word_1_367' title='bbox 2401 1017 2517 1060; x_wconf 87' lang='lat' dir='ltr'><strong>rent</strong></span> <span class='ocrx_word' id='word_1_368' title='bbox 2551 1015 2813 1060; x_wconf 87' lang='lat' dir='ltr'><strong>naturam.</strong></span> <span class='ocrx_word' id='word_1_369' title='bbox 2845 1007 2974 1074; x_wconf 83' lang='lat' dir='ltr'><strong>Cap.</strong></span> <span class='ocrx_word' id='word_1_370' title='bbox 3009 1008 3040 1060; x_wconf 76' lang='grc'>5</span> <span class='ocrx_word' id='word_1_371' title='bbox 3064 1007 3429 1074; x_wconf 88' lang='lat' dir='ltr'><strong>complectitur</strong></span> <span class='ocrx_word' id='word_1_372' title='bbox 3474 1006 3828 1074; x_wconf 80' lang='lat' dir='ltr'><strong>fragmentum</strong></span> <span class='ocrx_word' id='word_1_373' title='bbox 3879 1021 3931 1066; x_wconf 86' lang='grc' dir='ltr'><strong>ιι,</strong></span> 
     </span>
    </p>
   </div>
   <div class='ocr_carea' id='block_1_53' title="bbox 2400 1094 3931 1163">
    <p class='ocr_par' dir='ltr' id='par_1_53' title="bbox 2400 1094 3931 1163">
     <span class='ocr_line' id='line_1_53' title="bbox 2400 1094 3931 1163; baseline -0.001 -17"><span class='ocrx_word' id='word_1_374' title='bbox 2400 1095 2510 1147; x_wconf 84' lang='lat' dir='ltr'><strong>sive</strong></span> <span class='ocrx_word' id='word_1_375' title='bbox 2538 1096 2937 1163; x_wconf 77' lang='lat' dir='ltr'><strong>responsionem</strong></span> <span class='ocrx_word' id='word_1_376' title='bbox 2971 1095 3186 1148; x_wconf 83' lang='lat' dir='ltr'><strong>Macarii</strong></span> <span class='ocrx_word' id='word_1_377' title='bbox 3219 1097 3283 1147; x_wconf 91' lang='lat' dir='ltr'><strong>ad</strong></span> <span class='ocrx_word' id='word_1_378' title='bbox 3327 1111 3386 1148; x_wconf 92' lang='lat' dir='ltr'><strong>ea</strong></span> <span class='ocrx_word' id='word_1_379' title='bbox 3421 1111 3539 1162; x_wconf 64' lang='lat' dir='ltr'><strong>quae</strong></span> <span class='ocrx_word' id='word_1_380' title='bbox 3568 1094 3790 1148; x_wconf 69' lang='lat' dir='ltr'><strong>Graecus</strong></span> <span class='ocrx_word' id='word_1_381' title='bbox 3821 1095 3931 1160; x_wconf 83' lang='lat' dir='ltr'><strong>phi-</strong></span> 
     </span>
    </p>
   </div>
   <div class='ocr_carea' id='block_1_54' title="bbox 2398 1181 3927 1250">
    <p class='ocr_par' dir='ltr' id='par_1_54' title="bbox 2398 1181 3927 1250">
     <span class='ocr_line' id='line_1_54' title="bbox 2398 1181 3927 1250; baseline 0 -17"><span class='ocrx_word' id='word_1_382' title='bbox 2398 1181 2654 1250; x_wconf 87' lang='lat' dir='ltr'><strong>losophus</strong></span> <span class='ocrx_word' id='word_1_383' title='bbox 2697 1184 2762 1236; x_wconf 87' lang='lat' dir='ltr'><strong>de</strong></span> <span class='ocrx_word' id='word_1_384' title='bbox 2815 1184 3121 1236; x_wconf 77' lang='lat' dir='ltr'><strong>tnouarcltia</strong></span> <span class='ocrx_word' id='word_1_385' title='bbox 3170 1183 3346 1236; x_wconf 88' lang='lat' dir='ltr'><strong>divina</strong></span> <span class='ocrx_word' id='word_1_386' title='bbox 3388 1184 3927 1250; x_wconf 79' lang='lat' dir='ltr'><strong>disputaveratzscil.</strong></span> 
     </span>
    </p>
   </div>
   <div class='ocr_carea' id='block_1_55' title="bbox 2396 1275 3928 1339">
    <p class='ocr_par' dir='ltr' id='par_1_55' title="bbox 2396 1275 3928 1339">
     <span class='ocr_line' id='line_1_55' title="bbox 2396 1275 3928 1339; baseline -0.001 -13"><span class='ocrx_word' id='word_1_387' title='bbox 2396 1290 2503 1327; x_wconf 90' lang='lat' dir='ltr'><strong>non</strong></span> <span class='ocrx_word' id='word_1_388' title='bbox 2549 1275 2626 1327; x_wconf 86' lang='lat' dir='ltr'><strong>rei</strong></span> <span class='ocrx_word' id='word_1_389' title='bbox 2671 1290 2735 1328; x_wconf 80' lang='lat' dir='ltr'><strong>ex</strong></span> <span class='ocrx_word' id='word_1_390' title='bbox 2780 1275 3013 1339; x_wconf 83' lang='lat' dir='ltr'><strong>nomine,</strong></span> <span class='ocrx_word' id='word_1_391' title='bbox 3049 1275 3138 1327; x_wconf 88' lang='lat' dir='ltr'><strong>sed</strong></span> <span class='ocrx_word' id='word_1_392' title='bbox 3187 1275 3416 1328; x_wconf 90' lang='lat' dir='ltr'><strong>nominis</strong></span> <span class='ocrx_word' id='word_1_393' title='bbox 3453 1291 3517 1327; x_wconf 79' lang='lat' dir='ltr'><strong>ex</strong></span> <span class='ocrx_word' id='word_1_394' title='bbox 3561 1291 3617 1327; x_wconf 88' lang='lat' dir='ltr'><strong>re</strong></span> <span class='ocrx_word' id='word_1_395' title='bbox 3663 1275 3928 1327; x_wconf 79' lang='lat' dir='ltr'><strong>veritatem</strong></span> 
     </span>
    </p>
   </div>
   <div class='ocr_carea' id='block_1_56' title="bbox 2395 1362 3929 1434">
    <p class='ocr_par' dir='ltr' id='par_1_56' title="bbox 2395 1362 3929 1434">
     <span class='ocr_line' id='line_1_56' title="bbox 2395 1362 3929 1434; baseline -0.001 -16"><span class='ocrx_word' id='word_1_396' title='bbox 2395 1366 2647 1432; x_wconf 86' lang='lat' dir='ltr'><strong>pendere,</strong></span> <span class='ocrx_word' id='word_1_397' title='bbox 2685 1362 2845 1432; x_wconf 86' lang='lat' dir='ltr'><strong>atque</strong></span> <span class='ocrx_word' id='word_1_398' title='bbox 2888 1366 3181 1434; x_wconf 90' lang='lat' dir='ltr'><strong>apostolum</strong></span> <span class='ocrx_word' id='word_1_399' title='bbox 3227 1365 3448 1418; x_wconf 85' lang='lat' dir='ltr'><strong>Paulum</strong></span> <span class='ocrx_word' id='word_1_400' title='bbox 3499 1366 3673 1419; x_wconf 88' lang='lat' dir='ltr'><strong>lCor.</strong></span> <span class='ocrx_word' id='word_1_401' title='bbox 3707 1380 3801 1417; x_wconf 77' lang='lat' dir='ltr'><strong>vni</strong></span> <span class='ocrx_word' id='word_1_402' title='bbox 3850 1381 3929 1417; x_wconf 86' lang='lat' dir='ltr'><strong>ve-</strong></span> 
     </span>
    </p>
   </div>
   <div class='ocr_carea' id='block_1_57' title="bbox 2395 1453 3924 1523">
    <p class='ocr_par' dir='ltr' id='par_1_57' title="bbox 2395 1453 3924 1523">
     <span class='ocr_line' id='line_1_57' title="bbox 2395 1453 3924 1523; baseline 0 -19"><span class='ocrx_word' id='word_1_403' title='bbox 2395 1468 2506 1504; x_wconf 87' lang='lat' dir='ltr'><strong>ram</strong></span> <span class='ocrx_word' id='word_1_404' title='bbox 2565 1453 2894 1505; x_wconf 74' lang='lat' dir='ltr'><strong>divinitatem</strong></span> <span class='ocrx_word' id='word_1_405' title='bbox 2951 1453 3014 1504; x_wconf 89' lang='lat' dir='ltr'><strong>ab</strong></span> <span class='ocrx_word' id='word_1_406' title='bbox 3068 1454 3406 1523; x_wconf 80' lang='lat' dir='ltr'><strong>homonymia</strong></span> <span class='ocrx_word' id='word_1_407' title='bbox 3457 1469 3762 1513; x_wconf 87' lang='lat' dir='ltr'><strong>secernere.</strong></span> <span class='ocrx_word' id='word_1_408' title='bbox 3812 1455 3924 1506; x_wconf 87' lang='lat' dir='ltr'><strong>dum</strong></span> 
     </span>
    </p>
   </div>
   <div class='ocr_carea' id='block_1_58' title="bbox 2393 1543 3919 1612">
    <p class='ocr_par' dir='ltr' id='par_1_58' title="bbox 2393 1543 3919 1612">
     <span class='ocr_line' id='line_1_58' title="bbox 2393 1543 3919 1612; baseline 0 -18"><span class='ocrx_word' id='word_1_409' title='bbox 2393 1544 2576 1596; x_wconf 88' lang='lat' dir='ltr'><strong>verum</strong></span> <span class='ocrx_word' id='word_1_410' title='bbox 2609 1543 2772 1596; x_wconf 90' lang='lat' dir='ltr'><strong>Deum</strong></span> <span class='ocrx_word' id='word_1_411' title='bbox 2795 1546 3022 1598; x_wconf 88' lang='lat' dir='ltr'><strong>essentia</strong></span> <span class='ocrx_word' id='word_1_412' title='bbox 3058 1545 3217 1598; x_wconf 88' lang='lat' dir='ltr'><strong>Demn</strong></span> <span class='ocrx_word' id='word_1_413' title='bbox 3247 1560 3364 1598; x_wconf 91' lang='lat' dir='ltr'><strong>esse</strong></span> <span class='ocrx_word' id='word_1_414' title='bbox 3387 1547 3596 1612; x_wconf 84' lang='lat' dir='ltr'><strong>preprie</strong></span> <span class='ocrx_word' id='word_1_415' title='bbox 3623 1544 3919 1605; x_wconf 73' lang='lat' dir='ltr'><strong>Dominum,</strong></span> 
     </span>
    </p>
   </div>
   <div class='ocr_carea' id='block_1_59' title="bbox 2393 1633 3917 1702">
    <p class='ocr_par' dir='ltr' id='par_1_59' title="bbox 2393 1633 3917 1702">
     <span class='ocr_line' id='line_1_59' title="bbox 2393 1633 3917 1702; baseline 0 -17"><span class='ocrx_word' id='word_1_416' title='bbox 2393 1633 2526 1686; x_wconf 92' lang='lat' dir='ltr'><strong>alios</strong></span> <span class='ocrx_word' id='word_1_417' title='bbox 2558 1644 2732 1686; x_wconf 90' lang='lat' dir='ltr'><strong>autem</strong></span> <span class='ocrx_word' id='word_1_418' title='bbox 2765 1634 3050 1702; x_wconf 84' lang='lat' dir='ltr'><strong>improprie</strong></span> <span class='ocrx_word' id='word_1_419' title='bbox 3079 1645 3129 1688; x_wconf 91' lang='lat' dir='ltr'><strong>et</strong></span> <span class='ocrx_word' id='word_1_420' title='bbox 3159 1635 3371 1688; x_wconf 88' lang='lat' dir='ltr'><strong>nomine</strong></span> <span class='ocrx_word' id='word_1_421' title='bbox 3407 1644 3612 1686; x_wconf 92' lang='lat' dir='ltr'><strong>tantum</strong></span> <span class='ocrx_word' id='word_1_422' title='bbox 3661 1635 3794 1688; x_wconf 75' lang='lat' dir='ltr'><strong>deus</strong></span> <span class='ocrx_word' id='word_1_423' title='bbox 3837 1635 3917 1687; x_wconf 73' lang='lat' dir='ltr'><strong>dici</strong></span> 
     </span>
    </p>
   </div>
   <div class='ocr_carea' id='block_1_60' title="bbox 2392 1724 3910 1794">
    <p class='ocr_par' dir='ltr' id='par_1_60' title="bbox 2392 1724 3910 1794">
     <span class='ocr_line' id='line_1_60' title="bbox 2392 1724 3910 1794; baseline 0 -18"><span class='ocrx_word' id='word_1_424' title='bbox 2392 1724 2598 1776; x_wconf 82' lang='lat' dir='ltr'><strong>asserit.</strong></span> <span class='ocrx_word' id='word_1_425' title='bbox 2620 1724 2746 1792; x_wconf 90' lang='lat' dir='ltr'><strong>Cap.</strong></span> <span class='ocrx_word' id='word_1_426' title='bbox 2774 1725 2804 1776; x_wconf 70' lang='grc'><strong>4</strong></span> <span class='ocrx_word' id='word_1_427' title='bbox 2831 1725 3041 1778; x_wconf 89' lang='lat' dir='ltr'><strong>exhibet</strong></span> <span class='ocrx_word' id='word_1_428' title='bbox 3071 1724 3421 1794; x_wconf 83' lang='lat' dir='ltr'><strong>fragmentum</strong></span> <span class='ocrx_word' id='word_1_429' title='bbox 3456 1740 3537 1787; x_wconf 87' lang='lat' dir='ltr'><strong>Ill,</strong></span> <span class='ocrx_word' id='word_1_430' title='bbox 3570 1724 3622 1776; x_wconf 90' lang='lat' dir='ltr'><strong>in</strong></span> <span class='ocrx_word' id='word_1_431' title='bbox 3653 1740 3765 1790; x_wconf 83' lang='lat' dir='ltr'><strong>quo</strong></span> <span class='ocrx_word' id='word_1_432' title='bbox 3796 1726 3910 1776; x_wconf 69' lang='lat' dir='ltr'><strong>sisti-</strong></span> 
     </span>
    </p>
   </div>
   <div class='ocr_carea' id='block_1_61' title="bbox 2394 1798 3916 1882">
    <p class='ocr_par' dir='ltr' id='par_1_61' title="bbox 2394 1798 3916 1882">
     <span class='ocr_line' id='line_1_61' title="bbox 2394 1798 3916 1882; baseline -0.003 -16"><span class='ocrx_word' id='word_1_433' title='bbox 2394 1825 2479 1866; x_wconf 90' lang='lat' dir='ltr'><strong>tur</strong></span> <span class='ocrx_word' id='word_1_434' title='bbox 2507 1813 2673 1867; x_wconf 68' lang='lat' dir='ltr'><strong>Grmei</strong></span> <span class='ocrx_word' id='word_1_435' title='bbox 2708 1798 3004 1882; x_wconf 80' lang='lat' dir='ltr'><strong>philosOphi</strong></span> <span class='ocrx_word' id='word_1_436' title='bbox 3033 1814 3418 1882; x_wconf 88' lang='lat' dir='ltr'><strong>argumentatio</strong></span> <span class='ocrx_word' id='word_1_437' title='bbox 3466 1828 3562 1880; x_wconf 88' lang='lat' dir='ltr'><strong>pro</strong></span> <span class='ocrx_word' id='word_1_438' title='bbox 3611 1813 3916 1871; x_wconf 81' lang='lat' dir='ltr'><strong>idololatria,</strong></span> 
     </span>
    </p>
   </div>
   <div class='ocr_carea' id='block_1_62' title="bbox 2393 1901 3920 1971">
    <p class='ocr_par' dir='ltr' id='par_1_62' title="bbox 2393 1901 3920 1971">
     <span class='ocr_line' id='line_1_62' title="bbox 2393 1901 3920 1971; baseline -0.003 -17"><span class='ocrx_word' id='word_1_439' title='bbox 2393 1903 2553 1971; x_wconf 82' lang='lat' dir='ltr'><strong>petita</strong></span> <span class='ocrx_word' id='word_1_440' title='bbox 2579 1919 2642 1955; x_wconf 89' lang='lat' dir='ltr'><strong>ex</strong></span> <span class='ocrx_word' id='word_1_441' title='bbox 2673 1902 2990 1954; x_wconf 89' lang='lat' dir='ltr'><strong>testimoniis</strong></span> <span class='ocrx_word' id='word_1_442' title='bbox 3020 1901 3306 1970; x_wconf 73' lang='lat' dir='ltr'><strong>Scriptura:</strong></span> <span class='ocrx_word' id='word_1_443' title='bbox 3329 1916 3513 1962; x_wconf 73' lang='lat' dir='ltr'><strong>sacrm,</strong></span> <span class='ocrx_word' id='word_1_444' title='bbox 3548 1902 3920 1966; x_wconf 88' lang='lat' dir='ltr'><strong>speciatimque</strong></span> 
     </span>
    </p>
   </div>
   <div class='ocr_carea' id='block_1_63' title="bbox 2393 1990 3914 2058">
    <p class='ocr_par' dir='ltr' id='par_1_63' title="bbox 2393 1990 3914 2058">
     <span class='ocr_line' id='line_1_63' title="bbox 2393 1990 3914 2058; baseline -0.005 -12"><span class='ocrx_word' id='word_1_445' title='bbox 2393 1995 2511 2047; x_wconf 91' lang='lat' dir='ltr'><strong>loco</strong></span> <span class='ocrx_word' id='word_1_446' title='bbox 2545 1993 2774 2046; x_wconf 76' lang='lat' dir='ltr'><strong>Matthrci</strong></span> <span class='ocrx_word' id='word_1_447' title='bbox 2804 2009 2919 2058; x_wconf 89' lang='lat' dir='ltr'><strong>cap.</strong></span> <span class='ocrx_word' id='word_1_448' title='bbox 2949 2008 3081 2055; x_wconf 72' lang='lat' dir='ltr'><strong>xxii,</strong></span> <span class='ocrx_word' id='word_1_449' title='bbox 3111 1992 3200 2055; x_wconf 75' lang='lat'><strong>9.9,</strong></span> <span class='ocrx_word' id='word_1_450' title='bbox 3243 1992 3331 2054; x_wconf 75' lang='lat'><strong>30,</strong></span> <span class='ocrx_word' id='word_1_451' title='bbox 3376 2004 3423 2044; x_wconf 91' lang='lat' dir='ltr'><strong>et</strong></span> <span class='ocrx_word' id='word_1_452' title='bbox 3467 1990 3640 2043; x_wconf 84' lang='lat' dir='ltr'><strong>Exod.</strong></span> <span class='ocrx_word' id='word_1_453' title='bbox 3673 2007 3813 2053; x_wconf 69' lang='lat' dir='ltr'><strong>xui,</strong></span> <span class='ocrx_word' id='word_1_454' title='bbox 3839 1991 3914 2052; x_wconf 74' lang='lat'><strong>18,</strong></span> 
     </span>
    </p>
   </div>
   <div class='ocr_carea' id='block_1_64' title="bbox 2391 2080 3918 2151">
    <p class='ocr_par' dir='ltr' id='par_1_64' title="bbox 2391 2080 3918 2151">
     <span class='ocr_line' id='line_1_64' title="bbox 2391 2080 3918 2151; baseline -0.005 -15"><span class='ocrx_word' id='word_1_455' title='bbox 2391 2099 2453 2136; x_wconf 82' lang='lat' dir='ltr'><strong>ex</strong></span> <span class='ocrx_word' id='word_1_456' title='bbox 2485 2083 2680 2150; x_wconf 86' lang='lat' dir='ltr'><strong>quibus</strong></span> <span class='ocrx_word' id='word_1_457' title='bbox 2724 2082 2938 2151; x_wconf 87' lang='lat' dir='ltr'><strong>angelos</strong></span> <span class='ocrx_word' id='word_1_458' title='bbox 2970 2081 3080 2133; x_wconf 87' lang='lat' dir='ltr'><strong>sive</strong></span> <span class='ocrx_word' id='word_1_459' title='bbox 3109 2080 3236 2132; x_wconf 86' lang='lat' dir='ltr'><strong>deos</strong></span> <span class='ocrx_word' id='word_1_460' title='bbox 3282 2088 3521 2132; x_wconf 86' lang='lat' dir='ltr'><strong>naturam</strong></span> <span class='ocrx_word' id='word_1_461' title='bbox 3569 2080 3770 2135; x_wconf 84' lang='lat' dir='ltr'><strong>habere</strong></span> <span class='ocrx_word' id='word_1_462' title='bbox 3799 2080 3918 2132; x_wconf 86' lang='lat' dir='ltr'><strong>divi-</strong></span> 
     </span>
    </p>
   </div>
   <div class='ocr_carea' id='block_1_65' title="bbox 2391 2169 3916 2239">
    <p class='ocr_par' dir='ltr' id='par_1_65' title="bbox 2391 2169 3916 2239">
     <span class='ocr_line' id='line_1_65' title="bbox 2391 2169 3916 2239; baseline -0.005 -14"><span class='ocrx_word' id='word_1_463' title='bbox 2391 2189 2535 2238; x_wconf 85' lang='lat' dir='ltr'><strong>nam,</strong></span> <span class='ocrx_word' id='word_1_464' title='bbox 2561 2173 2729 2236; x_wconf 54' lang='lat' dir='ltr'><strong>;l)eum</strong></span> <span class='ocrx_word' id='word_1_465' title='bbox 2779 2187 2902 2225; x_wconf 90' lang='lat' dir='ltr'><strong>vero</strong></span> <span class='ocrx_word' id='word_1_466' title='bbox 2945 2170 3137 2223; x_wconf 88' lang='lat' dir='ltr'><strong>habere</strong></span> <span class='ocrx_word' id='word_1_467' title='bbox 3166 2169 3360 2239; x_wconf 87' lang='lat' dir='ltr'><strong>digitos</strong></span> <span class='ocrx_word' id='word_1_468' title='bbox 3399 2169 3706 2238; x_wconf 78' lang='lat' dir='ltr'><strong>colligebat.</strong></span> <span class='ocrx_word' id='word_1_469' title='bbox 3741 2169 3858 2235; x_wconf 85' lang='lat' dir='ltr'><strong>Cap.</strong></span> <span class='ocrx_word' id='word_1_470' title='bbox 3891 2170 3916 2218; x_wconf 75' lang='grc'>5</span> 
     </span>
    </p>
   </div>
   <div class='ocr_carea' id='block_1_66' title="bbox 2390 2259 3915 2330">
    <p class='ocr_par' dir='ltr' id='par_1_66' title="bbox 2390 2259 3915 2330">
     <span class='ocr_line' id='line_1_66' title="bbox 2390 2259 3915 2330; baseline -0.004 -17"><span class='ocrx_word' id='word_1_471' title='bbox 2390 2262 2729 2330; x_wconf 70' lang='lat' dir='ltr'><strong>subiungitur</strong></span> <span class='ocrx_word' id='word_1_472' title='bbox 2765 2261 3115 2330; x_wconf 86' lang='lat' dir='ltr'><strong>fragmentum</strong></span> <span class='ocrx_word' id='word_1_473' title='bbox 3149 2276 3218 2324; x_wconf 85' lang='lat' dir='ltr'><strong>Iv,</strong></span> <span class='ocrx_word' id='word_1_474' title='bbox 3266 2260 3319 2312; x_wconf 91' lang='lat' dir='ltr'><strong>in</strong></span> <span class='ocrx_word' id='word_1_475' title='bbox 3349 2276 3456 2327; x_wconf 89' lang='lat' dir='ltr'><strong>quo</strong></span> <span class='ocrx_word' id='word_1_476' title='bbox 3486 2259 3757 2312; x_wconf 83' lang='lat' dir='ltr'><strong>Macarius</strong></span> <span class='ocrx_word' id='word_1_477' title='bbox 3786 2259 3915 2325; x_wconf 76' lang='lat' dir='ltr'><strong>obje-</strong></span> 
     </span>
    </p>
   </div>
   <div class='ocr_carea' id='block_1_67' title="bbox 2389 2349 3917 2420">
    <p class='ocr_par' dir='ltr' id='par_1_67' title="bbox 2389 2349 3917 2420">
     <span class='ocr_line' id='line_1_67' title="bbox 2389 2349 3917 2420; baseline -0.005 -15"><span class='ocrx_word' id='word_1_478' title='bbox 2389 2362 2470 2405; x_wconf 93' lang='lat' dir='ltr'><strong>cta</strong></span> <span class='ocrx_word' id='word_1_479' title='bbox 2501 2352 2616 2406; x_wconf 86' lang='lat' dir='ltr'><strong>loca</strong></span> <span class='ocrx_word' id='word_1_480' title='bbox 2656 2352 2944 2420; x_wconf 72' lang='lat' dir='ltr'><strong>Scriptura:</strong></span> <span class='ocrx_word' id='word_1_481' title='bbox 2973 2351 3222 2412; x_wconf 89' lang='lat' dir='ltr'><strong>vindicat,</strong></span> <span class='ocrx_word' id='word_1_482' title='bbox 3256 2361 3306 2403; x_wconf 92' lang='lat' dir='ltr'><strong>et</strong></span> <span class='ocrx_word' id='word_1_483' title='bbox 3334 2360 3580 2402; x_wconf 88' lang='lat' dir='ltr'><strong>naturam</strong></span> <span class='ocrx_word' id='word_1_484' title='bbox 3609 2349 3917 2416; x_wconf 87' lang='lat' dir='ltr'><strong>incorrupti-</strong></span> 
     </span>
    </p>
   </div>
   <div class='ocr_carea' id='block_1_68' title="bbox 2389 2439 3916 2510">
    <p class='ocr_par' dir='ltr' id='par_1_68' title="bbox 2389 2439 3916 2510">
     <span class='ocr_line' id='line_1_68' title="bbox 2389 2439 3916 2510; baseline -0.003 -16"><span class='ocrx_word' id='word_1_485' title='bbox 2389 2441 2607 2495; x_wconf 88' lang='lat' dir='ltr'><strong>bilitatis</strong></span> <span class='ocrx_word' id='word_1_486' title='bbox 2655 2439 2813 2510; x_wconf 80' lang='lat' dir='ltr'><strong>atque</strong></span> <span class='ocrx_word' id='word_1_487' title='bbox 2855 2439 3270 2494; x_wconf 71' lang='lat' dir='ltr'><strong>innuortalitatis</strong></span> <span class='ocrx_word' id='word_1_488' title='bbox 3320 2440 3656 2508; x_wconf 87' lang='lat' dir='ltr'><strong>angelorum.</strong></span> <span class='ocrx_word' id='word_1_489' title='bbox 3719 2439 3836 2505; x_wconf 90' lang='lat' dir='ltr'><strong>quin</strong></span> <span class='ocrx_word' id='word_1_490' title='bbox 3871 2447 3916 2490; x_wconf 82' lang='lat' dir='ltr'><strong>et</strong></span> 
     </span>
    </p>
   </div>
   <div class='ocr_carea' id='block_1_69' title="bbox 2387 2528 3914 2597">
    <p class='ocr_par' dir='ltr' id='par_1_69' title="bbox 2387 2528 3914 2597">
     <span class='ocr_line' id='line_1_69' title="bbox 2387 2528 3914 2597; baseline -0.004 -12"><span class='ocrx_word' id='word_1_491' title='bbox 2387 2532 2786 2585; x_wconf 89' lang='lat' dir='ltr'><strong>similitudinem</strong></span> <span class='ocrx_word' id='word_1_492' title='bbox 2810 2546 2930 2584; x_wconf 88' lang='lat' dir='ltr'><strong>cmn</strong></span> <span class='ocrx_word' id='word_1_493' title='bbox 2962 2545 3210 2596; x_wconf 89' lang='lat' dir='ltr'><strong>supremo</strong></span> <span class='ocrx_word' id='word_1_494' title='bbox 3239 2528 3465 2582; x_wconf 81' lang='lat' dir='ltr'><strong>Numine</strong></span> <span class='ocrx_word' id='word_1_495' title='bbox 3493 2530 3741 2597; x_wconf 77' lang='lat' dir='ltr'><strong>expooit.</strong></span> <span class='ocrx_word' id='word_1_496' title='bbox 3765 2531 3914 2596; x_wconf 75' lang='lat' dir='ltr'><strong>Atque</strong></span> 
     </span>
    </p>
   </div>
   <div class='ocr_carea' id='block_1_70' title="bbox 2387 2619 3913 2688">
    <p class='ocr_par' dir='ltr' id='par_1_70' title="bbox 2387 2619 3913 2688">
     <span class='ocr_line' id='line_1_70' title="bbox 2387 2619 3913 2688; baseline -0.005 -14"><span class='ocrx_word' id='word_1_497' title='bbox 2387 2622 2437 2675; x_wconf 93' lang='lat' dir='ltr'><strong>in</strong></span> <span class='ocrx_word' id='word_1_498' title='bbox 2498 2623 2599 2676; x_wconf 92' lang='lat' dir='ltr'><strong>hoc</strong></span> <span class='ocrx_word' id='word_1_499' title='bbox 2649 2622 2952 2676; x_wconf 86' lang='lat' dir='ltr'><strong>testimonio</strong></span> <span class='ocrx_word' id='word_1_500' title='bbox 3003 2620 3217 2674; x_wconf 89' lang='lat' dir='ltr'><strong>Macarii</strong></span> <span class='ocrx_word' id='word_1_501' title='bbox 3268 2619 3525 2688; x_wconf 83' lang='lat' dir='ltr'><strong>Magnetis</strong></span> <span class='ocrx_word' id='word_1_502' title='bbox 3579 2619 3913 2687; x_wconf 73' lang='lat' dir='ltr'><strong>pet-vertendo</strong></span> 
     </span>
    </p>
   </div>
   <div class='ocr_carea' id='block_1_71' title="bbox 2387 2715 3910 2782">
    <p class='ocr_par' dir='ltr' id='par_1_71' title="bbox 2387 2715 3910 2782">
     <span class='ocr_line' id='line_1_71' title="bbox 2387 2715 3910 2782; baseline -0.001 -14"><span class='ocrx_word' id='word_1_503' title='bbox 2387 2715 2622 2768; x_wconf 88' lang='lat' dir='ltr'><strong>fraudem</strong></span> <span class='ocrx_word' id='word_1_504' title='bbox 2657 2715 3120 2768; x_wconf 90' lang='lat' dir='ltr'><strong>lconomaehorum</strong></span> <span class='ocrx_word' id='word_1_505' title='bbox 3145 2716 3477 2782; x_wconf 59' lang='lat' dir='ltr'><strong>potissimum</strong></span> <span class='ocrx_word' id='word_1_506' title='bbox 3499 2725 3770 2767; x_wconf 82' lang='lat' dir='ltr'><strong>versatam</strong></span> <span class='ocrx_word' id='word_1_507' title='bbox 3792 2729 3910 2776; x_wconf 85' lang='lat' dir='ltr'><strong>esse,</strong></span> 
     </span>
    </p>
   </div>
   <div class='ocr_carea' id='block_1_72' title="bbox 2385 2802 3911 2875">
    <p class='ocr_par' dir='ltr' id='par_1_72' title="bbox 2385 2802 3911 2875">
     <span class='ocr_line' id='line_1_72' title="bbox 2385 2802 3911 2875; baseline -0.003 -18"><span class='ocrx_word' id='word_1_508' title='bbox 2385 2807 2589 2875; x_wconf 79' lang='lat' dir='ltr'><strong>prolixe</strong></span> <span class='ocrx_word' id='word_1_509' title='bbox 2611 2814 2997 2858; x_wconf 85' lang='lat' dir='ltr'><strong>commemorat</strong></span> <span class='ocrx_word' id='word_1_510' title='bbox 3027 2803 3383 2871; x_wconf 67' lang='lat' dir='ltr'><strong>Nicephorus.</strong></span> <span class='ocrx_word' id='word_1_511' title='bbox 3411 2802 3542 2869; x_wconf 88' lang='lat' dir='ltr'><strong>Cap.</strong></span> <span class='ocrx_word' id='word_1_512' title='bbox 3576 2803 3609 2854; x_wconf 84' lang='grc'>6</span> <span class='ocrx_word' id='word_1_513' title='bbox 3647 2802 3911 2855; x_wconf 82' lang='lat' dir='ltr'><strong>adducitur</strong></span> 
     </span>
    </p>
   </div>
   <div class='ocr_carea' id='block_1_73' title="bbox 2385 2892 3906 2966">
    <p class='ocr_par' dir='ltr' id='par_1_73' title="bbox 2385 2892 3906 2966">
     <span class='ocr_line' id='line_1_73' title="bbox 2385 2892 3906 2966; baseline -0.003 -19"><span class='ocrx_word' id='word_1_514' title='bbox 2385 2897 2736 2966; x_wconf 85' lang='lat' dir='ltr'><strong>fragmentum</strong></span> <span class='ocrx_word' id='word_1_515' title='bbox 2771 2910 2823 2956; x_wconf 72' lang='grc' dir='ltr'><strong>ν,</strong></span> <span class='ocrx_word' id='word_1_516' title='bbox 2857 2895 2908 2945; x_wconf 92' lang='lat' dir='ltr'><strong>in</strong></span> <span class='ocrx_word' id='word_1_517' title='bbox 2941 2909 3046 2961; x_wconf 91' lang='lat' dir='ltr'><strong>quo</strong></span> <span class='ocrx_word' id='word_1_518' title='bbox 3081 2892 3478 2945; x_wconf 86' lang='lat' dir='ltr'><strong>laudatissimus</strong></span> <span class='ocrx_word' id='word_1_519' title='bbox 3510 2903 3705 2944; x_wconf 90' lang='lat' dir='ltr'><strong>auctor</strong></span> <span class='ocrx_word' id='word_1_520' title='bbox 3758 2903 3906 2945; x_wconf 76' lang='lat' dir='ltr'><strong>aostrr</strong></span> 
     </span>
    </p>
   </div>
   <div class='ocr_carea' id='block_1_74' title="bbox 2382 2975 3901 3051">
    <p class='ocr_par' dir='ltr' id='par_1_74' title="bbox 2382 2975 3901 3051">
     <span class='ocr_line' id='line_1_74' title="bbox 2382 2975 3901 3051; baseline -0.003 -14"><span class='ocrx_word' id='word_1_521' title='bbox 2382 2975 2651 3037; x_wconf 88' lang='lat' dir='ltr'><strong>irridendo</strong></span> <span class='ocrx_word' id='word_1_522' title='bbox 2675 2983 3111 3051; x_wconf 78' lang='lat' dir='ltr'><strong>cxplodendoque</strong></span> <span class='ocrx_word' id='word_1_523' title='bbox 3135 2981 3533 3033; x_wconf 82' lang='lat' dir='ltr'><strong>idololatrarum</strong></span> <span class='ocrx_word' id='word_1_524' title='bbox 3564 2983 3901 3044; x_wconf 69' lang='lat' dir='ltr'><strong>stoliditatem,</strong></span> 
     </span>
    </p>
   </div>
   <div class='ocr_carea' id='block_1_75' title="bbox 2383 3071 3910 3141">
    <p class='ocr_par' dir='ltr' id='par_1_75' title="bbox 2383 3071 3910 3141">
     <span class='ocr_line' id='line_1_75' title="bbox 2383 3071 3910 3141; baseline -0.001 -15"><span class='ocrx_word' id='word_1_525' title='bbox 2383 3083 2528 3127; x_wconf 92' lang='lat' dir='ltr'><strong>muto</strong></span> <span class='ocrx_word' id='word_1_526' title='bbox 2563 3075 2812 3141; x_wconf 81' lang='lat' dir='ltr'><strong>figmento</strong></span> <span class='ocrx_word' id='word_1_527' title='bbox 2865 3088 3046 3140; x_wconf 88' lang='lat' dir='ltr'><strong>preces</strong></span> <span class='ocrx_word' id='word_1_528' title='bbox 3098 3071 3513 3134; x_wconf 85' lang='lat' dir='ltr'><strong>admoventium,</strong></span> <span class='ocrx_word' id='word_1_529' title='bbox 3546 3075 3679 3141; x_wconf 91' lang='lat' dir='ltr'><strong>quin</strong></span> <span class='ocrx_word' id='word_1_530' title='bbox 3725 3089 3843 3128; x_wconf 78' lang='lat' dir='ltr'><strong>saxo</strong></span> <span class='ocrx_word' id='word_1_531' title='bbox 3868 3083 3910 3126; x_wconf 86' lang='lat' dir='ltr'><strong>ct</strong></span> 
     </span>
    </p>
   </div>
   <div class='ocr_carea' id='block_1_76' title="bbox 2382 3163 3911 3232">
    <p class='ocr_par' dir='ltr' id='par_1_76' title="bbox 2382 3163 3911 3232">
     <span class='ocr_line' id='line_1_76' title="bbox 2382 3163 3911 3232; baseline -0.001 -16"><span class='ocrx_word' id='word_1_532' title='bbox 2382 3165 2526 3232; x_wconf 89' lang='lat' dir='ltr'><strong>ligno</strong></span> <span class='ocrx_word' id='word_1_533' title='bbox 2571 3163 2776 3216; x_wconf 84' lang='lat' dir='ltr'><strong>Numen</strong></span> <span class='ocrx_word' id='word_1_534' title='bbox 2813 3165 3065 3217; x_wconf 83' lang='lat' dir='ltr'><strong>incubare</strong></span> <span class='ocrx_word' id='word_1_535' title='bbox 3094 3164 3460 3226; x_wconf 79' lang='lat' dir='ltr'><strong>statuentium,</strong></span> <span class='ocrx_word' id='word_1_536' title='bbox 3492 3163 3911 3219; x_wconf 82' lang='lat' dir='ltr'><strong>Christianorum</strong></span> 
     </span>
    </p>
   </div>
   <div class='ocr_carea' id='block_1_77' title="bbox 2382 3253 3910 3320">
    <p class='ocr_par' dir='ltr' id='par_1_77' title="bbox 2382 3253 3910 3320">
     <span class='ocr_line' id='line_1_77' title="bbox 2382 3253 3910 3320; baseline -0.001 -14"><span class='ocrx_word' id='word_1_537' title='bbox 2382 3255 2538 3306; x_wconf 84' lang='lat' dir='ltr'><strong>Iidem</strong></span> <span class='ocrx_word' id='word_1_538' title='bbox 2590 3267 2773 3320; x_wconf 76' lang='lat' dir='ltr'><strong>puram</strong></span> <span class='ocrx_word' id='word_1_539' title='bbox 2822 3253 3054 3306; x_wconf 83' lang='lat' dir='ltr'><strong>declarat</strong></span> <span class='ocrx_word' id='word_1_540' title='bbox 3105 3269 3156 3306; x_wconf 90' lang='lat' dir='ltr'><strong>et</strong></span> <span class='ocrx_word' id='word_1_541' title='bbox 3203 3254 3268 3305; x_wconf 90' lang='lat' dir='ltr'><strong>ab</strong></span> <span class='ocrx_word' id='word_1_542' title='bbox 3310 3256 3454 3306; x_wconf 91' lang='lat' dir='ltr'><strong>oumi</strong></span> <span class='ocrx_word' id='word_1_543' title='bbox 3490 3266 3744 3308; x_wconf 79' lang='lat' dir='ltr'><strong>creatura:</strong></span> <span class='ocrx_word' id='word_1_544' title='bbox 3771 3255 3910 3307; x_wconf 88' lang='lat' dir='ltr'><strong>cultu</strong></span> 
     </span>
    </p>
   </div>
   <div class='ocr_carea' id='block_1_78' title="bbox 2381 3343 3914 3410">
    <p class='ocr_par' dir='ltr' id='par_1_78' title="bbox 2381 3343 3914 3410">
     <span class='ocr_line' id='line_1_78' title="bbox 2381 3343 3914 3410; baseline -0.001 -15"><span class='ocrx_word' id='word_1_545' title='bbox 2381 3344 2792 3406; x_wconf 65' lang='lat' dir='ltr'><strong>innuunetn;.et</strong></span> <span class='ocrx_word' id='word_1_546' title='bbox 2823 3343 3156 3396; x_wconf 72' lang='lat' dir='ltr'><strong>Christianus</strong></span> <span class='ocrx_word' id='word_1_547' title='bbox 3189 3345 3363 3410; x_wconf 86' lang='lat' dir='ltr'><strong>potius</strong></span> <span class='ocrx_word' id='word_1_548' title='bbox 3413 3345 3462 3395; x_wconf 91' lang='lat' dir='ltr'><strong>in</strong></span> <span class='ocrx_word' id='word_1_549' title='bbox 3515 3345 3568 3396; x_wconf 90' lang='lat' dir='ltr'><strong>id</strong></span> <span class='ocrx_word' id='word_1_550' title='bbox 3614 3343 3914 3395; x_wconf 84' lang='lat' dir='ltr'><strong>incumbere</strong></span> 
     </span>
    </p>
   </div>
   <div class='ocr_carea' id='block_1_79' title="bbox 2371 3434 3913 3502">
    <p class='ocr_par' dir='ltr' id='par_1_79' title="bbox 2371 3434 3913 3502">
     <span class='ocr_line' id='line_1_79' title="bbox 2371 3434 3913 3502; baseline -0.001 -17"><span class='ocrx_word' id='word_1_551' title='bbox 2371 3435 2590 3497; x_wconf 71' lang='lat' dir='ltr'><strong>asserit,</strong></span> <span class='ocrx_word' id='word_1_552' title='bbox 2625 3444 2680 3486; x_wconf 91' lang='lat' dir='ltr'><strong>ut</strong></span> <span class='ocrx_word' id='word_1_553' title='bbox 2729 3434 3017 3502; x_wconf 84' lang='lat' dir='ltr'><strong>angelicam</strong></span> <span class='ocrx_word' id='word_1_554' title='bbox 3065 3435 3225 3486; x_wconf 91' lang='lat' dir='ltr'><strong>vitam</strong></span> <span class='ocrx_word' id='word_1_555' title='bbox 3251 3435 3563 3497; x_wconf 81' lang='lat' dir='ltr'><strong>imitentur,</strong></span> <span class='ocrx_word' id='word_1_556' title='bbox 3595 3451 3694 3487; x_wconf 90' lang='lat' dir='ltr'><strong>non</strong></span> <span class='ocrx_word' id='word_1_557' title='bbox 3743 3446 3913 3487; x_wconf 85' lang='lat' dir='ltr'><strong>autem</strong></span> 
     </span>
    </p>
   </div>
   <div class='ocr_carea' id='block_1_80' title="bbox 2391 3525 3913 3593">
    <p class='ocr_par' dir='ltr' id='par_1_80' title="bbox 2391 3525 3913 3593">
     <span class='ocr_line' id='line_1_80' title="bbox 2391 3525 3913 3593; baseline -0.001 -15"><span class='ocrx_word' id='word_1_558' title='bbox 2391 3525 2544 3593; x_wconf 87' lang='lat' dir='ltr'><strong>lignis</strong></span> <span class='ocrx_word' id='word_1_559' title='bbox 2577 3536 2630 3578; x_wconf 94' lang='lat' dir='ltr'><strong>et</strong></span> <span class='ocrx_word' id='word_1_560' title='bbox 2662 3526 2806 3578; x_wconf 86' lang='lat' dir='ltr'><strong>saxis</strong></span> <span class='ocrx_word' id='word_1_561' title='bbox 2839 3526 3070 3593; x_wconf 78' lang='lat' dir='ltr'><strong>aliaque</strong></span> <span class='ocrx_word' id='word_1_562' title='bbox 3097 3526 3314 3578; x_wconf 89' lang='lat' dir='ltr'><strong>materia</strong></span> <span class='ocrx_word' id='word_1_563' title='bbox 3362 3526 3548 3577; x_wconf 88' lang='lat' dir='ltr'><strong>ellictis</strong></span> <span class='ocrx_word' id='word_1_564' title='bbox 3601 3526 3913 3593; x_wconf 87' lang='lat' dir='ltr'><strong>imaginibus</strong></span> 
     </span>
    </p>
   </div>
   <div class='ocr_carea' id='block_1_81' title="bbox 2378 3615 3914 3683">
    <p class='ocr_par' dir='ltr' id='par_1_81' title="bbox 2378 3615 3914 3683">
     <span class='ocr_line' id='line_1_81' title="bbox 2378 3615 3914 3683; baseline 0 -17"><span class='ocrx_word' id='word_1_565' title='bbox 2378 3625 2606 3668; x_wconf 88' lang='lat' dir='ltr'><strong>mentem</strong></span> <span class='ocrx_word' id='word_1_566' title='bbox 2642 3617 2867 3668; x_wconf 86' lang='lat' dir='ltr'><strong>habeant</strong></span> <span class='ocrx_word' id='word_1_567' title='bbox 2909 3616 3144 3667; x_wconf 85' lang='lat' dir='ltr'><strong>infixam.</strong></span> <span class='ocrx_word' id='word_1_568' title='bbox 3180 3615 3254 3668; x_wconf 74' lang='lat' dir='ltr'><strong>Ex</strong></span> <span class='ocrx_word' id='word_1_569' title='bbox 3286 3616 3481 3683; x_wconf 83' lang='lat' dir='ltr'><strong>quibus</strong></span> <span class='ocrx_word' id='word_1_570' title='bbox 3511 3617 3689 3669; x_wconf 85' lang='lat' dir='ltr'><strong>verbis</strong></span> <span class='ocrx_word' id='word_1_571' title='bbox 3715 3616 3914 3667; x_wconf 86' lang='lat' dir='ltr'><strong>antisti-</strong></span> 
     </span>
    </p>
   </div>
   <div class='ocr_carea' id='block_1_82' title="bbox 2380 3705 3912 3772">
    <p class='ocr_par' dir='ltr' id='par_1_82' title="bbox 2380 3705 3912 3772">
     <span class='ocr_line' id='line_1_82' title="bbox 2380 3705 3912 3772; baseline -0.003 -12"><span class='ocrx_word' id='word_1_572' title='bbox 2380 3719 2456 3761; x_wconf 91' lang='lat' dir='ltr'><strong>tes</strong></span> <span class='ocrx_word' id='word_1_573' title='bbox 2510 3709 2789 3762; x_wconf 75' lang='lat' dir='ltr'><strong>orthodoxi</strong></span> <span class='ocrx_word' id='word_1_574' title='bbox 2849 3723 2952 3759; x_wconf 85' lang='lat' dir='ltr'><strong>uua</strong></span> <span class='ocrx_word' id='word_1_575' title='bbox 3006 3722 3125 3758; x_wconf 90' lang='lat' dir='ltr'><strong>cum</strong></span> <span class='ocrx_word' id='word_1_576' title='bbox 3186 3705 3479 3772; x_wconf 73' lang='lat' dir='ltr'><strong>Nieephoro</strong></span> <span class='ocrx_word' id='word_1_577' title='bbox 3539 3705 3912 3758; x_wconf 81' lang='lat' dir='ltr'><strong>lconomaehos</strong></span> 
     </span>
    </p>
   </div>
   <div class='ocr_carea' id='block_1_83' title="bbox 2379 3793 3904 3867">
    <p class='ocr_par' dir='ltr' id='par_1_83' title="bbox 2379 3793 3904 3867">
     <span class='ocr_line' id='line_1_83' title="bbox 2379 3793 3904 3867; baseline -0.007 -15"><span class='ocrx_word' id='word_1_578' title='bbox 2379 3807 2693 3867; x_wconf 82' lang='lat' dir='ltr'><strong>coarguunt,</strong></span> <span class='ocrx_word' id='word_1_579' title='bbox 2726 3811 3024 3851; x_wconf 89' lang='lat' dir='ltr'><strong>sermonem</strong></span> <span class='ocrx_word' id='word_1_580' title='bbox 3073 3793 3280 3846; x_wconf 87' lang='lat' dir='ltr'><strong>auctori</strong></span> <span class='ocrx_word' id='word_1_581' title='bbox 3334 3802 3511 3854; x_wconf 77' lang='lat' dir='ltr'><strong>nostro</strong></span> <span class='ocrx_word' id='word_1_582' title='bbox 3546 3807 3655 3842; x_wconf 86' lang='lat' dir='ltr'><strong>non</strong></span> <span class='ocrx_word' id='word_1_583' title='bbox 3690 3807 3808 3844; x_wconf 89' lang='lat' dir='ltr'><strong>esse</strong></span> <span class='ocrx_word' id='word_1_584' title='bbox 3850 3793 3904 3843; x_wconf 90' lang='lat' dir='ltr'><strong>de</strong></span> 
     </span>
    </p>
   </div>
   <div class='ocr_carea' id='block_1_84' title="bbox 2379 3881 3909 3956">
    <p class='ocr_par' dir='ltr' id='par_1_84' title="bbox 2379 3881 3909 3956">
     <span class='ocr_line' id='line_1_84' title="bbox 2379 3881 3909 3956; baseline -0.005 -16"><span class='ocrx_word' id='word_1_585' title='bbox 2379 3889 2700 3956; x_wconf 88' lang='lat' dir='ltr'><strong>imaginibus</strong></span> <span class='ocrx_word' id='word_1_586' title='bbox 2729 3887 2914 3949; x_wconf 87' lang='lat' dir='ltr'><strong>sacris,</strong></span> <span class='ocrx_word' id='word_1_587' title='bbox 2941 3900 3124 3938; x_wconf 89' lang='lat' dir='ltr'><strong>vermn</strong></span> <span class='ocrx_word' id='word_1_588' title='bbox 3156 3885 3220 3936; x_wconf 90' lang='lat' dir='ltr'><strong>de</strong></span> <span class='ocrx_word' id='word_1_589' title='bbox 3247 3881 3513 3950; x_wconf 77' lang='lat' dir='ltr'><strong>gentilium</strong></span> <span class='ocrx_word' id='word_1_590' title='bbox 3542 3883 3724 3935; x_wconf 88' lang='lat' dir='ltr'><strong>idolis.</strong></span> <span class='ocrx_word' id='word_1_591' title='bbox 3752 3883 3909 3946; x_wconf 82' lang='lat' dir='ltr'><strong>Quam</strong></span> 
     </span>
    </p>
   </div>
   <div class='ocr_carea' id='block_1_85' title="bbox 2378 3957 3911 4048">
    <p class='ocr_par' dir='ltr' id='par_1_85' title="bbox 2378 3977 3911 4048">
     <span class='ocr_line' id='line_1_85' title="bbox 2378 3977 3911 4048; baseline -0.003 -17"><span class='ocrx_word' id='word_1_592' title='bbox 2378 3982 2430 4032; x_wconf 90' lang='lat' dir='ltr'><strong>in</strong></span> <span class='ocrx_word' id='word_1_593' title='bbox 2458 3995 2566 4032; x_wconf 89' lang='lat' dir='ltr'><strong>rem</strong></span> <span class='ocrx_word' id='word_1_594' title='bbox 2600 3996 2715 4048; x_wconf 89' lang='lat' dir='ltr'><strong>cap.</strong></span> <span class='ocrx_word' id='word_1_595' title='bbox 2745 3981 2776 4033; x_wconf 90' lang='lat'>8</span> <span class='ocrx_word' id='word_1_596' title='bbox 2807 3979 2980 4032; x_wconf 85' lang='lat' dir='ltr'><strong>adhuc</strong></span> <span class='ocrx_word' id='word_1_597' title='bbox 3006 3978 3160 4029; x_wconf 89' lang='lat' dir='ltr'><strong>aliam</strong></span> <span class='ocrx_word' id='word_1_598' title='bbox 3194 3977 3432 4029; x_wconf 82' lang='lat' dir='ltr'><strong>fraudem</strong></span> <span class='ocrx_word' id='word_1_599' title='bbox 3465 3978 3588 4029; x_wconf 86' lang='lat' dir='ltr'><strong>huic</strong></span> <span class='ocrx_word' id='word_1_600' title='bbox 3617 3979 3911 4029; x_wconf 83' lang='lat' dir='ltr'><strong>testimonio</strong></span> 
     </span>
    </p>
   </div>
   <div class='ocr_carea' id='block_1_86' title="bbox 2376 4068 3910 4139">
    <p class='ocr_par' dir='ltr' id='par_1_86' title="bbox 2376 4068 3910 4139">
     <span class='ocr_line' id='line_1_86' title="bbox 2376 4068 3910 4139; baseline -0.001 -18"><span class='ocrx_word' id='word_1_601' title='bbox 2376 4070 2631 4139; x_wconf 77' lang='lat' dir='ltr'><strong>Magnetis</strong></span> <span class='ocrx_word' id='word_1_602' title='bbox 2654 4074 2719 4123; x_wconf 88' lang='lat' dir='ltr'><strong>ab</strong></span> <span class='ocrx_word' id='word_1_603' title='bbox 2742 4069 3046 4125; x_wconf 85' lang='lat' dir='ltr'><strong>adversario</strong></span> <span class='ocrx_word' id='word_1_604' title='bbox 3076 4068 3273 4120; x_wconf 88' lang='lat' dir='ltr'><strong>illatam</strong></span> <span class='ocrx_word' id='word_1_605' title='bbox 3307 4068 3609 4128; x_wconf 85' lang='lat' dir='ltr'><strong>observant,</strong></span> <span class='ocrx_word' id='word_1_606' title='bbox 3639 4070 3785 4136; x_wconf 87' lang='lat' dir='ltr'><strong>quod</strong></span> <span class='ocrx_word' id='word_1_607' title='bbox 3819 4069 3910 4121; x_wconf 56' lang='lat' dir='ltr'><strong>sci-</strong></span> 
     </span>
    </p>
   </div>
   <div class='ocr_carea' id='block_1_87' title="bbox 2376 4157 3911 4229">
    <p class='ocr_par' dir='ltr' id='par_1_87' title="bbox 2376 4157 3911 4229">
     <span class='ocr_line' id='line_1_87' title="bbox 2376 4157 3911 4229; baseline -0.001 -17"><span class='ocrx_word' id='word_1_608' title='bbox 2376 4161 2498 4214; x_wconf 91' lang='lat' dir='ltr'><strong>licet</strong></span> <span class='ocrx_word' id='word_1_609' title='bbox 2531 4171 2649 4229; x_wconf 87' lang='lat' dir='ltr'><strong>post</strong></span> <span class='ocrx_word' id='word_1_610' title='bbox 2681 4163 2768 4214; x_wconf 89' lang='lat' dir='ltr'><strong>illa</strong></span> <span class='ocrx_word' id='word_1_611' title='bbox 2797 4160 3071 4228; x_wconf 86' lang='lat' dir='ltr'><strong>scriptoris</strong></span> <span class='ocrx_word' id='word_1_612' title='bbox 3092 4157 3248 4211; x_wconf 89' lang='lat' dir='ltr'><strong>verba</strong></span> <span class='ocrx_word' id='word_1_613' title='bbox 3281 4176 3292 4210; x_wconf 94' lang='lat'>:</span> <span class='ocrx_word' id='word_1_614' title='bbox 3329 4157 3445 4209; x_wconf 79' lang='lat' dir='ltr'><strong>Non</strong></span> <span class='ocrx_word' id='word_1_615' title='bbox 3471 4169 3642 4210; x_wconf 76' lang='lat' dir='ltr'><strong>autem</strong></span> <span class='ocrx_word' id='word_1_616' title='bbox 3669 4160 3911 4228; x_wconf 76' lang='lat' dir='ltr'><strong>imagines</strong></span> 
     </span>
    </p>
   </div>
   <div class='ocr_carea' id='block_1_88' title="bbox 2376 4249 3910 4319">
    <p class='ocr_par' dir='ltr' id='par_1_88' title="bbox 2376 4249 3910 4319">
     <span class='ocr_line' id='line_1_88' title="bbox 2376 4249 3910 4319; baseline -0.002 -16"><span class='ocrx_word' id='word_1_617' title='bbox 2376 4252 2581 4303; x_wconf 81' lang='lat' dir='ltr'><strong>illorum.</strong></span> <span class='ocrx_word' id='word_1_618' title='bbox 2614 4253 2863 4319; x_wconf 73' lang='lat' dir='ltr'><strong>efﬁngens,</strong></span> <span class='ocrx_word' id='word_1_619' title='bbox 2892 4265 3080 4304; x_wconf 89' lang='lat' dir='ltr'><strong>rursus</strong></span> <span class='ocrx_word' id='word_1_620' title='bbox 3125 4263 3187 4299; x_wconf 74' lang='lat' dir='ltr'><strong>ex</strong></span> <span class='ocrx_word' id='word_1_621' title='bbox 3229 4249 3468 4302; x_wconf 90' lang='lat' dir='ltr'><strong>oratione</strong></span> <span class='ocrx_word' id='word_1_622' title='bbox 3511 4251 3828 4303; x_wconf 81' lang='lat' dir='ltr'><strong>subtraxerit</strong></span> <span class='ocrx_word' id='word_1_623' title='bbox 3855 4250 3910 4301; x_wconf 88' lang='lat' dir='ltr'><strong>il-</strong></span> 
     </span>
    </p>
   </div>
   <div class='ocr_carea' id='block_1_89' title="bbox 2377 4340 3903 4410">
    <p class='ocr_par' dir='ltr' id='par_1_89' title="bbox 2377 4340 3903 4410">
     <span class='ocr_line' id='line_1_89' title="bbox 2377 4340 3903 4410; baseline -0.003 -17"><span class='ocrx_word' id='word_1_624' title='bbox 2377 4343 2477 4394; x_wconf 89' lang='lat' dir='ltr'><strong>lam</strong></span> <span class='ocrx_word' id='word_1_625' title='bbox 2514 4342 2814 4405; x_wconf 86' lang='lat' dir='ltr'><strong>formulam,</strong></span> <span class='ocrx_word' id='word_1_626' title='bbox 2852 4344 2924 4404; x_wconf 76' lang='grc' dir='ltr'><strong>ὼς</strong></span> <span class='ocrx_word' id='word_1_627' title='bbox 2958 4341 3061 4410; x_wconf 67' lang='grc' dir='ltr'><strong>φὴς</strong></span> <span class='ocrx_word' id='word_1_628' title='bbox 3088 4340 3264 4403; x_wconf 76' lang='grc' dir='ltr'><strong>αὑτός,</strong></span> <span class='ocrx_word' id='word_1_629' title='bbox 3298 4354 3350 4392; x_wconf 83' lang='grc' dir='ltr'><strong>ιιι</strong></span> <span class='ocrx_word' id='word_1_630' title='bbox 3380 4342 3486 4407; x_wconf 79' lang='lat' dir='ltr'><strong>ipse</strong></span> <span class='ocrx_word' id='word_1_631' title='bbox 3516 4343 3629 4403; x_wconf 80' lang='lat' dir='ltr'><strong>uis;</strong></span> <span class='ocrx_word' id='word_1_632' title='bbox 3663 4357 3760 4410; x_wconf 91' lang='lat' dir='ltr'><strong>qua</strong></span> <span class='ocrx_word' id='word_1_633' title='bbox 3791 4341 3903 4407; x_wconf 86' lang='lat' dir='ltr'><strong>qui-</strong></span> 
     </span>
    </p>
   </div>
   <div class='ocr_carea' id='block_1_90' title="bbox 2377 4430 3908 4500">
    <p class='ocr_par' dir='ltr' id='par_1_90' title="bbox 2377 4430 3908 4500">
     <span class='ocr_line' id='line_1_90' title="bbox 2377 4430 3908 4500; baseline -0.001 -16"><span class='ocrx_word' id='word_1_634' title='bbox 2377 4434 2494 4484; x_wconf 90' lang='lat' dir='ltr'><strong>dem</strong></span> <span class='ocrx_word' id='word_1_635' title='bbox 2530 4449 2631 4484; x_wconf 90' lang='lat' dir='ltr'><strong>non</strong></span> <span class='ocrx_word' id='word_1_636' title='bbox 2687 4435 3030 4500; x_wconf 88' lang='lat' dir='ltr'><strong>semetipsum</strong></span> <span class='ocrx_word' id='word_1_637' title='bbox 3086 4431 3373 4484; x_wconf 88' lang='lat' dir='ltr'><strong>introducit</strong></span> <span class='ocrx_word' id='word_1_638' title='bbox 3431 4433 3768 4500; x_wconf 86' lang='lat' dir='ltr'><strong>loquentem,</strong></span> <span class='ocrx_word' id='word_1_639' title='bbox 3821 4430 3908 4483; x_wconf 81' lang='lat' dir='ltr'><strong>sed</strong></span> 
     </span>
    </p>
   </div>
   <div class='ocr_carea' id='block_1_91' title="bbox 744 4517 3904 4596">
    <p class='ocr_par' dir='ltr' id='par_1_91' title="bbox 744 4517 3904 4596">
     <span class='ocr_line' id='line_1_91' title="bbox 744 4517 3904 4596; baseline 0.001 -27"><span class='ocrx_word' id='word_1_640' title='bbox 744 4519 1057 4596; x_wconf 73' lang='lat' dir='ltr'><strong>mat-horum</strong></span> <span class='ocrx_word' id='word_1_641' title='bbox 1079 4517 1381 4580; x_wconf 82' lang='lat' dir='ltr'><strong>disseritur,</strong></span> <span class='ocrx_word' id='word_1_642' title='bbox 1409 4518 1498 4585; x_wconf 90' lang='lat' dir='ltr'><strong>qui</strong></span> <span class='ocrx_word' id='word_1_643' title='bbox 1527 4518 1826 4570; x_wconf 88' lang='lat' dir='ltr'><strong>testimonia</strong></span> <span class='ocrx_word' id='word_1_644' title='bbox 1858 4521 2043 4573; x_wconf 84' lang='lat' dir='ltr'><strong>trunca</strong></span> <span class='ocrx_word' id='word_1_645' title='bbox 2071 4537 2131 4571; x_wconf 82' lang='lat' dir='ltr'><strong>ae</strong></span> <span class='ocrx_word' id='word_1_646' title='bbox 2162 4538 2276 4572; x_wconf 88' lang='lat' dir='ltr'><strong>lllll-</strong></span> <span class='ocrx_word' id='word_1_647' title='bbox 2309 4531 2349 4581; x_wconf 84' lang='lat'><strong>1)</strong></span> <span class='ocrx_word' id='word_1_648' title='bbox 2379 4521 2544 4574; x_wconf 67' lang='lat' dir='ltr'><strong>Graeci</strong></span> <span class='ocrx_word' id='word_1_649' title='bbox 2578 4524 2874 4591; x_wconf 81' lang='lat' dir='ltr'><strong>philosophi</strong></span> <span class='ocrx_word' id='word_1_650' title='bbox 2907 4524 3180 4589; x_wconf 89' lang='lat' dir='ltr'><strong>impugnat</strong></span> <span class='ocrx_word' id='word_1_651' title='bbox 3217 4523 3543 4588; x_wconf 88' lang='lat' dir='ltr'><strong>opinionem.</strong></span> <span class='ocrx_word' id='word_1_652' title='bbox 3583 4523 3904 4576; x_wconf 68' lang='lat' dir='ltr'><strong>lconomaelli</strong></span> 
     </span>
    </p>
   </div>
   <div class='ocr_carea' id='block_1_92' title="bbox 742 4608 2274 4670">
    <p class='ocr_par' dir='ltr' id='par_1_92' title="bbox 742 4608 2274 4670">
     <span class='ocr_line' id='line_1_92' title="bbox 742 4608 2274 4670; baseline 0.001 -11"><span class='ocrx_word' id='word_1_653' title='bbox 742 4609 851 4670; x_wconf 88' lang='lat' dir='ltr'><strong>tila,</strong></span> <span class='ocrx_word' id='word_1_654' title='bbox 897 4609 980 4660; x_wconf 85' lang='lat' dir='ltr'><strong>vix</strong></span> <span class='ocrx_word' id='word_1_655' title='bbox 1032 4609 1278 4662; x_wconf 89' lang='lat' dir='ltr'><strong>indicatis</strong></span> <span class='ocrx_word' id='word_1_656' title='bbox 1333 4609 1661 4668; x_wconf 88' lang='lat' dir='ltr'><strong>auctoribus,</strong></span> <span class='ocrx_word' id='word_1_657' title='bbox 1719 4609 2070 4662; x_wconf 87' lang='lat' dir='ltr'><strong>examinamla</strong></span> <span class='ocrx_word' id='word_1_658' title='bbox 2123 4608 2274 4662; x_wconf 84' lang='lat' dir='ltr'><strong>Nice-</strong></span> 
     </span>
    </p>
   </div>
   <div class='ocr_carea' id='block_1_93' title="bbox 740 4696 2274 4767">
    <p class='ocr_par' dir='ltr' id='par_1_93' title="bbox 740 4696 2274 4767">
     <span class='ocr_line' id='line_1_93' title="bbox 740 4696 2274 4767; baseline 0.001 -20"><span class='ocrx_word' id='word_1_659' title='bbox 740 4698 905 4763; x_wconf 90' lang='lat' dir='ltr'><strong>phoro</strong></span> <span class='ocrx_word' id='word_1_660' title='bbox 944 4699 1214 4750; x_wconf 84' lang='lat' dir='ltr'><strong>miserant.</strong></span> <span class='ocrx_word' id='word_1_661' title='bbox 1251 4698 1378 4766; x_wconf 86' lang='lat' dir='ltr'><strong>Cap.</strong></span> <span class='ocrx_word' id='word_1_662' title='bbox 1414 4699 1437 4750; x_wconf 91' lang='grc'><strong>1</strong></span> <span class='ocrx_word' id='word_1_663' title='bbox 1476 4699 1583 4767; x_wconf 81' lang='lat' dir='ltr'><strong>agit</strong></span> <span class='ocrx_word' id='word_1_664' title='bbox 1631 4698 1906 4767; x_wconf 85' lang='lat' dir='ltr'><strong>speciatim</strong></span> <span class='ocrx_word' id='word_1_665' title='bbox 1949 4698 2013 4750; x_wconf 89' lang='lat' dir='ltr'><strong>de</strong></span> <span class='ocrx_word' id='word_1_666' title='bbox 2061 4696 2274 4749; x_wconf 87' lang='lat' dir='ltr'><strong>Macarii</strong></span> 
     </span>
    </p>
   </div>
   <div class='ocr_carea' id='block_1_94' title="bbox 742 4785 2277 4857">
    <p class='ocr_par' dir='ltr' id='par_1_94' title="bbox 742 4785 2277 4857">
     <span class='ocr_line' id='line_1_94' title="bbox 742 4785 2277 4857; baseline 0.002 -21"><span class='ocrx_word' id='word_1_667' title='bbox 742 4786 1065 4852; x_wconf 71' lang='lat' dir='ltr'><strong>Apocriticis,</strong></span> <span class='ocrx_word' id='word_1_668' title='bbox 1100 4788 1523 4857; x_wconf 89' lang='lat' dir='ltr'><strong>testimoniisque</strong></span> <span class='ocrx_word' id='word_1_669' title='bbox 1573 4790 1693 4841; x_wconf 91' lang='lat' dir='ltr'><strong>inde</strong></span> <span class='ocrx_word' id='word_1_670' title='bbox 1743 4789 1988 4855; x_wconf 89' lang='lat' dir='ltr'><strong>sumptis.</strong></span> <span class='ocrx_word' id='word_1_671' title='bbox 2023 4785 2120 4840; x_wconf 89' lang='lat' dir='ltr'><strong>Ubi</strong></span> <span class='ocrx_word' id='word_1_672' title='bbox 2167 4787 2277 4854; x_wconf 90' lang='lat' dir='ltr'><strong>pri-</strong></span> 
     </span>
    </p>
   </div>
   <div class='ocr_carea' id='block_1_95' title="bbox 740 4875 2274 4947">
    <p class='ocr_par' dir='ltr' id='par_1_95' title="bbox 740 4875 2274 4947">
     <span class='ocr_line' id='line_1_95' title="bbox 740 4875 2274 4947; baseline 0.002 -20"><span class='ocrx_word' id='word_1_673' title='bbox 740 4890 884 4927; x_wconf 91' lang='lat' dir='ltr'><strong>mum</strong></span> <span class='ocrx_word' id='word_1_674' title='bbox 928 4875 1243 4941; x_wconf 90' lang='lat' dir='ltr'><strong>disquiritur</strong></span> <span class='ocrx_word' id='word_1_675' title='bbox 1272 4878 1334 4929; x_wconf 92' lang='lat' dir='ltr'><strong>de</strong></span> <span class='ocrx_word' id='word_1_676' title='bbox 1365 4880 1725 4947; x_wconf 85' lang='lat' dir='ltr'><strong>manuscripto</strong></span> <span class='ocrx_word' id='word_1_677' title='bbox 1769 4880 1951 4931; x_wconf 85' lang='lat' dir='ltr'><strong>codice</strong></span> <span class='ocrx_word' id='word_1_678' title='bbox 1980 4879 2274 4932; x_wconf 90' lang='lat' dir='ltr'><strong>vetustissi-</strong></span> 
     </span>
    </p>
   </div>
   <div class='ocr_carea' id='block_1_96' title="bbox 740 4964 2276 5033">
    <p class='ocr_par' dir='ltr' id='par_1_96' title="bbox 740 4964 2276 5033">
     <span class='ocr_line' id='line_1_96' title="bbox 740 4964 2276 5033; baseline 0.005 -18"><span class='ocrx_word' id='word_1_679' title='bbox 740 4979 846 5025; x_wconf 88' lang='lat' dir='ltr'><strong>mo,</strong></span> <span class='ocrx_word' id='word_1_680' title='bbox 884 4964 936 5015; x_wconf 94' lang='lat' dir='ltr'><strong>in</strong></span> <span class='ocrx_word' id='word_1_681' title='bbox 965 4978 1071 5030; x_wconf 90' lang='lat' dir='ltr'><strong>quo</strong></span> <span class='ocrx_word' id='word_1_682' title='bbox 1103 4965 1507 5018; x_wconf 86' lang='lat' dir='ltr'><strong>continebantur</strong></span> <span class='ocrx_word' id='word_1_683' title='bbox 1537 4969 1830 5033; x_wconf 61' lang='lat' dir='ltr'><strong>.lpocritica</strong></span> <span class='ocrx_word' id='word_1_684' title='bbox 1861 4968 2095 5033; x_wconf 86' lang='lat' dir='ltr'><strong>Macarii,</strong></span> <span class='ocrx_word' id='word_1_685' title='bbox 2131 4969 2276 5022; x_wconf 88' lang='lat' dir='ltr'><strong>dein—</strong></span> 
     </span>
    </p>
   </div>
   <div class='ocr_carea' id='block_1_97' title="bbox 739 5053 2275 5127">
    <p class='ocr_par' dir='ltr' id='par_1_97' title="bbox 739 5053 2275 5127">
     <span class='ocr_line' id='line_1_97' title="bbox 739 5053 2275 5127; baseline 0.003 -20"><span class='ocrx_word' id='word_1_686' title='bbox 739 5058 802 5107; x_wconf 87' lang='lat' dir='ltr'><strong>de</strong></span> <span class='ocrx_word' id='word_1_687' title='bbox 854 5055 921 5108; x_wconf 92' lang='lat' dir='ltr'><strong>de</strong></span> <span class='ocrx_word' id='word_1_688' title='bbox 967 5053 1083 5122; x_wconf 91' lang='lat' dir='ltr'><strong>ipso</strong></span> <span class='ocrx_word' id='word_1_689' title='bbox 1132 5063 1368 5118; x_wconf 79' lang='lat' dir='ltr'><strong>auctore,</strong></span> <span class='ocrx_word' id='word_1_690' title='bbox 1402 5057 1550 5123; x_wconf 72' lang='lat' dir='ltr'><strong>cuias</strong></span> <span class='ocrx_word' id='word_1_691' title='bbox 1587 5058 1761 5120; x_wconf 87' lang='lat' dir='ltr'><strong>fuerit,</strong></span> <span class='ocrx_word' id='word_1_692' title='bbox 1791 5068 1841 5111; x_wconf 89' lang='lat' dir='ltr'><strong>et</strong></span> <span class='ocrx_word' id='word_1_693' title='bbox 1889 5074 1996 5127; x_wconf 90' lang='lat' dir='ltr'><strong>quo</strong></span> <span class='ocrx_word' id='word_1_694' title='bbox 2039 5069 2275 5126; x_wconf 87' lang='lat' dir='ltr'><strong>tempore</strong></span> 
     </span>
    </p>
   </div>
   <div class='ocr_carea' id='block_1_98' title="bbox 739 5141 2271 5215">
    <p class='ocr_par' dir='ltr' id='par_1_98' title="bbox 739 5141 2271 5215">
     <span class='ocr_line' id='line_1_98' title="bbox 739 5141 2271 5215; baseline 0.005 -24"><span class='ocrx_word' id='word_1_695' title='bbox 739 5143 948 5204; x_wconf 76' lang='lat' dir='ltr'><strong>vixerit,</strong></span> <span class='ocrx_word' id='word_1_696' title='bbox 969 5156 1176 5194; x_wconf 90' lang='lat' dir='ltr'><strong>necnon</strong></span> <span class='ocrx_word' id='word_1_697' title='bbox 1204 5141 1268 5193; x_wconf 91' lang='lat' dir='ltr'><strong>de</strong></span> <span class='ocrx_word' id='word_1_698' title='bbox 1299 5157 1460 5209; x_wconf 87' lang='lat' dir='ltr'><strong>scopo</strong></span> <span class='ocrx_word' id='word_1_699' title='bbox 1491 5144 1656 5210; x_wconf 86' lang='lat' dir='ltr'><strong>ipsius</strong></span> <span class='ocrx_word' id='word_1_700' title='bbox 1675 5147 1849 5213; x_wconf 86' lang='lat' dir='ltr'><strong>Operis</strong></span> <span class='ocrx_word' id='word_1_701' title='bbox 1873 5150 1936 5199; x_wconf 87' lang='lat' dir='ltr'><strong>ad</strong></span> <span class='ocrx_word' id='word_1_702' title='bbox 1963 5162 2271 5215; x_wconf 89' lang='lat' dir='ltr'><strong>oppugnan-</strong></span> 
     </span>
    </p>
   </div>
   <div class='ocr_carea' id='block_1_99' title="bbox 719 5223 2275 5306">
    <p class='ocr_par' dir='ltr' id='par_1_99' title="bbox 719 5223 2275 5306">
     <span class='ocr_line' id='line_1_99' title="bbox 719 5223 2275 5306; baseline 0.01 -35"><span class='ocrx_word' id='word_1_703' title='bbox 719 5223 833 5306; x_wconf 14' lang='lat' dir='ltr'><strong>‘dos</strong></span> <span class='ocrx_word' id='word_1_704' title='bbox 859 5225 1070 5280; x_wconf 67' lang='lat' dir='ltr'><strong>Graecos</strong></span> <span class='ocrx_word' id='word_1_705' title='bbox 1102 5226 1311 5279; x_wconf 90' lang='lat' dir='ltr'><strong>directi.</strong></span> <span class='ocrx_word' id='word_1_706' title='bbox 1347 5227 1480 5294; x_wconf 89' lang='lat' dir='ltr'><strong>Cap.</strong></span> <span class='ocrx_word' id='word_1_707' title='bbox 1511 5228 1544 5279; x_wconf 73' lang='lat'><strong>2</strong></span> <span class='ocrx_word' id='word_1_708' title='bbox 1581 5233 1891 5297; x_wconf 81' lang='lat' dir='ltr'><strong>proponitur</strong></span> <span class='ocrx_word' id='word_1_709' title='bbox 1920 5232 2275 5302; x_wconf 83' lang='lat' dir='ltr'><strong>fragmentum</strong></span> 
     </span>
    </p>
   </div>
   <div class='ocr_carea' id='block_1_100' title="bbox 739 5312 2274 5390">
    <p class='ocr_par' dir='ltr' id='par_1_100' title="bbox 739 5312 2274 5390">
     <span class='ocr_line' id='line_1_100' title="bbox 739 5312 2274 5390; baseline 0.014 -29"><span class='ocrx_word' id='word_1_710' title='bbox 739 5312 962 5378; x_wconf 89' lang='lat' dir='ltr'><strong>primum</strong></span> <span class='ocrx_word' id='word_1_711' title='bbox 992 5334 1056 5371; x_wconf 81' lang='lat' dir='ltr'><strong>ex</strong></span> <span class='ocrx_word' id='word_1_712' title='bbox 1084 5318 1390 5385; x_wconf 79' lang='lat' dir='ltr'><strong>Apocriticis</strong></span> <span class='ocrx_word' id='word_1_713' title='bbox 1421 5320 1658 5385; x_wconf 76' lang='lat' dir='ltr'><strong>Macarii,</strong></span> <span class='ocrx_word' id='word_1_714' title='bbox 1690 5324 1832 5390; x_wconf 91' lang='lat' dir='ltr'><strong>quod</strong></span> <span class='ocrx_word' id='word_1_715' title='bbox 1865 5326 2097 5378; x_wconf 90' lang='lat' dir='ltr'><strong>continet</strong></span> <span class='ocrx_word' id='word_1_716' title='bbox 2131 5328 2274 5381; x_wconf 76' lang='lat' dir='ltr'><strong>Crte-</strong></span> 
     </span>
    </p>
   </div>
   <div class='ocr_carea' id='block_1_101' title="bbox 738 5399 2294 5474">
    <p class='ocr_par' dir='ltr' id='par_1_101' title="bbox 738 5399 2294 5474">
     <span class='ocr_line' id='line_1_101' title="bbox 738 5399 2294 5474; baseline 0.011 -20"><span class='ocrx_word' id='word_1_717' title='bbox 738 5401 784 5454; x_wconf 87' lang='lat' dir='ltr'><strong>ci</strong></span> <span class='ocrx_word' id='word_1_718' title='bbox 818 5402 1112 5474; x_wconf 89' lang='lat' dir='ltr'><strong>philosophi</strong></span> <span class='ocrx_word' id='word_1_719' title='bbox 1160 5417 1212 5460; x_wconf 91' lang='lat' dir='ltr'><strong>et</strong></span> <span class='ocrx_word' id='word_1_720' title='bbox 1256 5410 1550 5464; x_wconf 71' lang='lat' dir='ltr'><strong>idololati-ze</strong></span> <span class='ocrx_word' id='word_1_721' title='bbox 1582 5413 1738 5465; x_wconf 90' lang='lat' dir='ltr'><strong>verba</strong></span> <span class='ocrx_word' id='word_1_722' title='bbox 1788 5413 1853 5467; x_wconf 89' lang='lat' dir='ltr'><strong>ad</strong></span> <span class='ocrx_word' id='word_1_723' title='bbox 1893 5413 2179 5469; x_wconf 87' lang='lat' dir='ltr'><strong>Macarium</strong></span> <span class='ocrx_word' id='word_1_724' title='bbox 2212 5399 2294 5471; x_wconf 17' lang='lat' dir='ltr'><strong>dei</strong></span> 
     </span>
    </p>
   </div>
   <div class='ocr_carea' id='block_1_102' title="bbox 671 5497 2271 5576">
    <p class='ocr_par' dir='ltr' id='par_1_102' title="bbox 671 5497 2271 5576">
     <span class='ocr_line' id='line_1_102' title="bbox 671 5497 2271 5576; baseline 0.009 -31"><span class='ocrx_word' id='word_1_725' title='bbox 671 5566 676 5574; x_wconf 79' lang='lat'><em>_</em></span> <span class='ocrx_word' id='word_1_726' title='bbox 741 5497 1046 5549; x_wconf 86' lang='lat' dir='ltr'><strong>monarchia</strong></span> <span class='ocrx_word' id='word_1_727' title='bbox 1072 5501 1270 5574; x_wconf 77' lang='lat' dir='ltr'><strong>divina,</strong></span> <span class='ocrx_word' id='word_1_728' title='bbox 1299 5504 1493 5573; x_wconf 86' lang='lat' dir='ltr'><strong>quippe</strong></span> <span class='ocrx_word' id='word_1_729' title='bbox 1525 5505 1617 5574; x_wconf 91' lang='lat' dir='ltr'><strong>qui</strong></span> <span class='ocrx_word' id='word_1_730' title='bbox 1648 5506 2038 5570; x_wconf 86' lang='lat' dir='ltr'><strong>monarchiam,</strong></span> <span class='ocrx_word' id='word_1_731' title='bbox 2074 5507 2152 5560; x_wconf 89' lang='lat' dir='ltr'><strong>vel</strong></span> <span class='ocrx_word' id='word_1_732' title='bbox 2183 5524 2271 5576; x_wconf 84' lang='lat' dir='ltr'><strong>pu-</strong></span> 
     </span>
    </p>
   </div>
   <div class='ocr_carea' id='block_1_103' title="bbox 809 5638 1807 5724">
    <p class='ocr_par' dir='ltr' id='par_1_103' title="bbox 809 5638 1807 5724">
     <span class='ocr_line' id='line_1_103' title="bbox 809 5638 1807 5724; baseline 0.021 -34"><span class='ocrx_word' id='word_1_733' title='bbox 953 5638 1181 5724; x_wconf 54' lang='lat' dir='ltr'><strong>Era&#39;par.</strong></span> <span class='ocrx_word' id='word_1_734' title='bbox 1208 5666 1381 5719; x_wconf 72' lang='lat' dir='ltr'><strong>evang.</strong></span> <span class='ocrx_word' id='word_1_735' title='bbox 1419 5654 1506 5706; x_wconf 93' lang='lat' dir='ltr'><strong>lib.</strong></span> <span class='ocrx_word' id='word_1_736' title='bbox 1538 5671 1587 5715; x_wconf 68' lang='grc' dir='ltr'><strong>κ,</strong></span> <span class='ocrx_word' id='word_1_737' title='bbox 1614 5672 1727 5724; x_wconf 84' lang='lat' dir='ltr'><strong>cap.</strong></span> <span class='ocrx_word' id='word_1_738' title='bbox 1758 5658 1807 5710; x_wconf 84' lang='lat'><strong>9.</strong></span> 
     </span>
    </p>
   </div>
   <div class='ocr_carea' id='block_1_104' title="bbox 808 5710 1558 5848">
    <p class='ocr_par' dir='ltr' id='par_1_104' title="bbox 808 5710 1558 5848">
     <span class='ocr_line' id='line_1_104' title="bbox 808 5710 1558 5775; baseline 0.024 -18"><span class='ocrx_word' id='word_1_739' title='bbox 808 5710 898 5773; x_wconf 82' lang='grc'><strong>(80</strong></span> <span class='ocrx_word' id='word_1_740' title='bbox 954 5710 1280 5775; x_wconf 74' lang='lat' dir='ltr'><strong>T/tct&#39;upcuL,</strong></span> <span class='ocrx_word' id='word_1_741' title='bbox 1315 5710 1473 5773; x_wconf 44' lang='lat' dir='ltr'><strong>S&#39;t&#39;l&#39;tn.</strong></span> <span class='ocrx_word' id='word_1_742' title='bbox 1511 5725 1558 5775; x_wconf 79' lang='grc'><strong>7.</strong></span> 
     </span>
     <span class='ocr_line' id='line_1_105' title="bbox 808 5711 1558 5848; baseline 0.024 -22"><span class='ocrx_word' id='word_1_743' title='bbox 808 5711 920 5848; x_wconf 43' lang='grc'>(81)</span> <span class='ocrx_word' id='word_1_744' title='bbox 955 5775 1008 5829; x_wconf 88' lang='lat' dir='ltr'><strong>lu</strong></span> <span class='ocrx_word' id='word_1_745' title='bbox 1032 5777 1254 5844; x_wconf 57' lang='lat' dir='ltr'><strong>t‘pistola</strong></span> <span class='ocrx_word' id='word_1_746' title='bbox 1291 5787 1378 5839; x_wconf 78' lang='lat' dir='ltr'><strong>llll</strong></span> <span class='ocrx_word' id='word_1_747' title='bbox 1417 5792 1479 5841; x_wconf 78' lang='lat' dir='ltr'><strong>ad</strong></span> <span class='ocrx_word' id='word_1_748' title='bbox 1511 5792 1558 5845; x_wconf 71' lang='lat' dir='ltr'><strong>l‘;</strong></span> 
     </span>
    </p>
   </div>
   <div class='ocr_carea' id='block_1_105' title="bbox 808 5775 2272 5851">
    <p class='ocr_par' dir='ltr' id='par_1_105' title="bbox 808 5775 2272 5851">
     <span class='ocr_line' id='line_1_106' title="bbox 808 5775 2272 5851; baseline 0.018 -26"><span class='ocrx_word' id='word_1_749' title='bbox 808 5775 916 5848; x_wconf 72' lang='grc'>(81)</span> <span class='ocrx_word' id='word_1_750' title='bbox 955 5775 1008 5829; x_wconf 88' lang='lat' dir='ltr'><strong>lu</strong></span> <span class='ocrx_word' id='word_1_751' title='bbox 1032 5777 1254 5844; x_wconf 63' lang='lat' dir='ltr'><strong>t‘f-istula</strong></span> <span class='ocrx_word' id='word_1_752' title='bbox 1291 5787 1378 5839; x_wconf 80' lang='lat' dir='ltr'><strong>llll</strong></span> <span class='ocrx_word' id='word_1_753' title='bbox 1417 5792 1479 5841; x_wconf 78' lang='lat' dir='ltr'><strong>ad</strong></span> <span class='ocrx_word' id='word_1_754' title='bbox 1511 5792 1928 5848; x_wconf 72' lang='lat' dir='ltr'><strong>Pammachium.</strong></span> <span class='ocrx_word' id='word_1_755' title='bbox 1956 5794 2108 5849; x_wconf 69' lang='lat' dir='ltr'><strong>Conf.</strong></span> <span class='ocrx_word' id='word_1_756' title='bbox 2138 5795 2272 5851; x_wconf 80' lang='lat' dir='ltr'><strong>Ten-</strong></span> 
     </span>
    </p>
   </div>
   <div class='ocr_carea' id='block_1_106' title="bbox 2374 4613 3900 4681">
    <p class='ocr_par' dir='ltr' id='par_1_106' title="bbox 2374 4613 3900 4681">
     <span class='ocr_line' id='line_1_107' title="bbox 2374 4613 3900 4681; baseline -0.001 -17"><span class='ocrx_word' id='word_1_757' title='bbox 2374 4613 2515 4664; x_wconf 86' lang='lat' dir='ltr'><strong>enim</strong></span> <span class='ocrx_word' id='word_1_758' title='bbox 2567 4616 2812 4668; x_wconf 90' lang='lat' dir='ltr'><strong>mutilum</strong></span> <span class='ocrx_word' id='word_1_759' title='bbox 2859 4631 2922 4668; x_wconf 91' lang='lat' dir='ltr'><strong>ac</strong></span> <span class='ocrx_word' id='word_1_760' title='bbox 2975 4622 3277 4667; x_wconf 88' lang='lat' dir='ltr'><strong>truncatum</strong></span> <span class='ocrx_word' id='word_1_761' title='bbox 3328 4616 3659 4681; x_wconf 88' lang='lat' dir='ltr'><strong>protulerant</strong></span> <span class='ocrx_word' id='word_1_762' title='bbox 3706 4615 3900 4668; x_wconf 84' lang='lat' dir='ltr'><strong>Macarii</strong></span> 
     </span>
    </p>
   </div>
   <div class='ocr_carea' id='block_1_107' title="bbox 2375 4703 3902 4776">
    <p class='ocr_par' dir='ltr' id='par_1_107' title="bbox 2375 4703 3902 4776">
     <span class='ocr_line' id='line_1_108' title="bbox 2375 4703 3902 4776; baseline 0.005 -24"><span class='ocrx_word' id='word_1_763' title='bbox 2375 4703 2759 4767; x_wconf 87' lang='lat' dir='ltr'><strong>testimonium,</strong></span> <span class='ocrx_word' id='word_1_764' title='bbox 2793 4707 3183 4774; x_wconf 71' lang='lat' dir='ltr'><strong>supprimentes</strong></span> <span class='ocrx_word' id='word_1_765' title='bbox 3211 4705 3469 4771; x_wconf 89' lang='lat' dir='ltr'><strong>quidquid</strong></span> <span class='ocrx_word' id='word_1_766' title='bbox 3503 4721 3694 4758; x_wconf 77' lang='lat' dir='ltr'><strong>eorum</strong></span> <span class='ocrx_word' id='word_1_767' title='bbox 3733 4722 3902 4776; x_wconf 86' lang='lat' dir='ltr'><strong>propo-</strong></span> 
     </span>
    </p>
   </div>
   <div class='ocr_carea' id='block_1_108' title="bbox 2375 4793 3910 4865">
    <p class='ocr_par' dir='ltr' id='par_1_108' title="bbox 2375 4793 3910 4865">
     <span class='ocr_line' id='line_1_109' title="bbox 2375 4793 3910 4865; baseline 0.003 -21"><span class='ocrx_word' id='word_1_768' title='bbox 2375 4793 2476 4844; x_wconf 91' lang='lat' dir='ltr'><strong>sito</strong></span> <span class='ocrx_word' id='word_1_769' title='bbox 2521 4808 2683 4860; x_wconf 89' lang='lat' dir='ltr'><strong>scopo</strong></span> <span class='ocrx_word' id='word_1_770' title='bbox 2729 4797 2864 4850; x_wconf 88' lang='lat' dir='ltr'><strong>haud</strong></span> <span class='ocrx_word' id='word_1_771' title='bbox 2919 4797 3213 4851; x_wconf 88' lang='lat' dir='ltr'><strong>conducere</strong></span> <span class='ocrx_word' id='word_1_772' title='bbox 3242 4795 3411 4847; x_wconf 89' lang='lat' dir='ltr'><strong>visum</strong></span> <span class='ocrx_word' id='word_1_773' title='bbox 3447 4795 3547 4850; x_wconf 90' lang='lat' dir='ltr'><strong>fuit</strong></span> <span class='ocrx_word' id='word_1_774' title='bbox 3582 4816 3594 4850; x_wconf 93' lang='lat'>:</span> <span class='ocrx_word' id='word_1_775' title='bbox 3625 4798 3756 4852; x_wconf 88' lang='lat' dir='ltr'><strong>hinc</strong></span> <span class='ocrx_word' id='word_1_776' title='bbox 3781 4812 3910 4865; x_wconf 57' lang='lat' dir='ltr'><strong>quato</strong></span> 
     </span>
    </p>
   </div>
   <div class='ocr_carea' id='block_1_109' title="bbox 2374 4879 3910 4951">
    <p class='ocr_par' dir='ltr' id='par_1_109' title="bbox 2374 4879 3910 4951">
     <span class='ocr_line' id='line_1_110' title="bbox 2374 4879 3910 4951; baseline 0.003 -20"><span class='ocrx_word' id='word_1_777' title='bbox 2374 4879 2495 4931; x_wconf 85' lang='lat' dir='ltr'><strong>dam</strong></span> <span class='ocrx_word' id='word_1_778' title='bbox 2539 4879 2595 4930; x_wconf 82' lang='lat' dir='ltr'><strong>in</strong></span> <span class='ocrx_word' id='word_1_779' title='bbox 2623 4881 3072 4951; x_wconf 80' lang='lat' dir='ltr'><strong>medio,qua:dam</strong></span> <span class='ocrx_word' id='word_1_780' title='bbox 3103 4884 3153 4934; x_wconf 89' lang='lat' dir='ltr'><strong>in</strong></span> <span class='ocrx_word' id='word_1_781' title='bbox 3195 4882 3296 4934; x_wconf 88' lang='lat' dir='ltr'><strong>fine</strong></span> <span class='ocrx_word' id='word_1_782' title='bbox 3320 4883 3578 4937; x_wconf 89' lang='lat' dir='ltr'><strong>orationis</strong></span> <span class='ocrx_word' id='word_1_783' title='bbox 3607 4888 3910 4946; x_wconf 87' lang='lat' dir='ltr'><strong>omiserant,</strong></span> 
     </span>
    </p>
   </div>
   <div class='ocr_carea' id='block_1_110' title="bbox 2373 4967 3913 5036">
    <p class='ocr_par' dir='ltr' id='par_1_110' title="bbox 2373 4967 3913 5036">
     <span class='ocr_line' id='line_1_111' title="bbox 2373 4967 3913 5036; baseline 0.006 -19"><span class='ocrx_word' id='word_1_784' title='bbox 2373 4983 2491 5034; x_wconf 68' lang='lat' dir='ltr'><strong>qum</strong></span> <span class='ocrx_word' id='word_1_785' title='bbox 2524 4967 2811 5036; x_wconf 88' lang='lat' dir='ltr'><strong>imaginum</strong></span> <span class='ocrx_word' id='word_1_786' title='bbox 2856 4987 3127 5025; x_wconf 87' lang='lat' dir='ltr'><strong>sacrarum</strong></span> <span class='ocrx_word' id='word_1_787' title='bbox 3157 4971 3464 5025; x_wconf 86' lang='lat' dir='ltr'><strong>defensores</strong></span> <span class='ocrx_word' id='word_1_788' title='bbox 3510 4974 3748 5029; x_wconf 82' lang='lat' dir='ltr'><strong>sollicita</strong></span> <span class='ocrx_word' id='word_1_789' title='bbox 3795 4989 3913 5029; x_wconf 86' lang='lat' dir='ltr'><strong>cura</strong></span> 
     </span>
    </p>
   </div>
   <div class='ocr_carea' id='block_1_111' title="bbox 2374 5047 3915 5134">
    <p class='ocr_par' dir='ltr' id='par_1_111' title="bbox 2374 5047 3915 5134">
     <span class='ocr_line' id='line_1_112' title="bbox 2374 5047 3915 5134; baseline 0.004 -24"><span class='ocrx_word' id='word_1_790' title='bbox 2374 5057 2663 5125; x_wconf 83' lang='lat' dir='ltr'><strong>supplenda</strong></span> <span class='ocrx_word' id='word_1_791' title='bbox 2698 5058 2981 5114; x_wconf 82' lang='lat' dir='ltr'><strong>duxerunt.</strong></span> <span class='ocrx_word' id='word_1_792' title='bbox 3007 5061 3134 5129; x_wconf 86' lang='lat' dir='ltr'><strong>Cap.</strong></span> <span class='ocrx_word' id='word_1_793' title='bbox 3159 5047 3196 5112; x_wconf 53' lang='lat' dir='ltr'><strong>8i</strong></span> <span class='ocrx_word' id='word_1_794' title='bbox 3216 5060 3484 5129; x_wconf 79' lang='lat' dir='ltr'><strong>profertur</strong></span> <span class='ocrx_word' id='word_1_795' title='bbox 3507 5062 3868 5134; x_wconf 85' lang='lat' dir='ltr'><strong>fragmentum</strong></span> <span class='ocrx_word' id='word_1_796' title='bbox 3886 5065 3915 5116; x_wconf 88' lang='grc'>6</span> 
     </span>
    </p>
   </div>
   <div class='ocr_carea' id='block_1_112' title="bbox 2372 5147 3915 5224">
    <p class='ocr_par' dir='ltr' id='par_1_112' title="bbox 2372 5147 3915 5224">
     <span class='ocr_line' id='line_1_113' title="bbox 2372 5147 3915 5224; baseline 0.005 -26"><span class='ocrx_word' id='word_1_797' title='bbox 2372 5157 2425 5199; x_wconf 90' lang='lat' dir='ltr'><strong>et</strong></span> <span class='ocrx_word' id='word_1_798' title='bbox 2455 5148 2504 5208; x_wconf 89' lang='lat'><strong>7,</strong></span> <span class='ocrx_word' id='word_1_799' title='bbox 2537 5147 2587 5198; x_wconf 92' lang='lat' dir='ltr'><strong>in</strong></span> <span class='ocrx_word' id='word_1_800' title='bbox 2615 5162 2722 5213; x_wconf 90' lang='lat' dir='ltr'><strong>quo</strong></span> <span class='ocrx_word' id='word_1_801' title='bbox 2748 5149 2812 5202; x_wconf 91' lang='lat' dir='ltr'><strong>de</strong></span> <span class='ocrx_word' id='word_1_802' title='bbox 2840 5150 3143 5204; x_wconf 85' lang='lat' dir='ltr'><strong>Abrahamo</strong></span> <span class='ocrx_word' id='word_1_803' title='bbox 3167 5159 3218 5203; x_wconf 89' lang='lat' dir='ltr'><strong>et</strong></span> <span class='ocrx_word' id='word_1_804' title='bbox 3244 5153 3444 5220; x_wconf 87' lang='lat' dir='ltr'><strong>angelis</strong></span> <span class='ocrx_word' id='word_1_805' title='bbox 3470 5154 3537 5207; x_wconf 87' lang='lat' dir='ltr'><strong>ab</strong></span> <span class='ocrx_word' id='word_1_806' title='bbox 3554 5169 3620 5208; x_wconf 88' lang='lat' dir='ltr'><strong>eo</strong></span> <span class='ocrx_word' id='word_1_807' title='bbox 3645 5157 3786 5210; x_wconf 78' lang='lat' dir='ltr'><strong>visis</strong></span> <span class='ocrx_word' id='word_1_808' title='bbox 3807 5156 3915 5224; x_wconf 77' lang='lat' dir='ltr'><strong>agi-</strong></span> 
     </span>
    </p>
   </div>
   <div class='ocr_carea' id='block_1_113' title="bbox 2373 5237 3916 5314">
    <p class='ocr_par' dir='ltr' id='par_1_113' title="bbox 2373 5237 3916 5314">
     <span class='ocr_line' id='line_1_114' title="bbox 2373 5237 3916 5314; baseline 0.004 -25"><span class='ocrx_word' id='word_1_809' title='bbox 2373 5246 2515 5289; x_wconf 89' lang='lat' dir='ltr'><strong>tatur</strong></span> <span class='ocrx_word' id='word_1_810' title='bbox 2563 5237 2807 5302; x_wconf 70' lang='lat' dir='ltr'><strong>quaastio.</strong></span> <span class='ocrx_word' id='word_1_811' title='bbox 2841 5237 2950 5292; x_wconf 89' lang='lat' dir='ltr'><strong>Etsi</strong></span> <span class='ocrx_word' id='word_1_812' title='bbox 2983 5239 3035 5290; x_wconf 92' lang='lat' dir='ltr'><strong>in</strong></span> <span class='ocrx_word' id='word_1_813' title='bbox 3063 5238 3294 5292; x_wconf 88' lang='lat' dir='ltr'><strong>humana</strong></span> <span class='ocrx_word' id='word_1_814' title='bbox 3329 5250 3386 5293; x_wconf 91' lang='lat' dir='ltr'><strong>ut</strong></span> <span class='ocrx_word' id='word_1_815' title='bbox 3419 5243 3713 5309; x_wconf 85' lang='lat' dir='ltr'><strong>plurimum</strong></span> <span class='ocrx_word' id='word_1_816' title='bbox 3747 5244 3916 5314; x_wconf 84' lang='lat' dir='ltr'><strong>specie</strong></span> 
     </span>
    </p>
   </div>
   <div class='ocr_carea' id='block_1_114' title="bbox 2373 5325 3916 5403">
    <p class='ocr_par' dir='ltr' id='par_1_114' title="bbox 2373 5325 3916 5403">
     <span class='ocr_line' id='line_1_115' title="bbox 2373 5325 3916 5403; baseline 0.004 -26"><span class='ocrx_word' id='word_1_817' title='bbox 2373 5326 2497 5377; x_wconf 92' lang='lat' dir='ltr'><strong>olim</strong></span> <span class='ocrx_word' id='word_1_818' title='bbox 2554 5325 2724 5391; x_wconf 84' lang='lat' dir='ltr'><strong>angeli</strong></span> <span class='ocrx_word' id='word_1_819' title='bbox 2774 5328 3152 5394; x_wconf 83' lang='lat' dir='ltr'><strong>apparuerunt,</strong></span> <span class='ocrx_word' id='word_1_820' title='bbox 3201 5338 3433 5384; x_wconf 89' lang='lat' dir='ltr'><strong>attamen</strong></span> <span class='ocrx_word' id='word_1_821' title='bbox 3490 5348 3598 5386; x_wconf 92' lang='lat' dir='ltr'><strong>non</strong></span> <span class='ocrx_word' id='word_1_822' title='bbox 3649 5334 3708 5386; x_wconf 87' lang='lat' dir='ltr'><strong>id</strong></span> <span class='ocrx_word' id='word_1_823' title='bbox 3749 5335 3916 5403; x_wconf 81' lang='lat' dir='ltr'><strong>ipsum</strong></span> 
     </span>
    </p>
   </div>
   <div class='ocr_carea' id='block_1_115' title="bbox 2371 5414 3915 5490">
    <p class='ocr_par' dir='ltr' id='par_1_115' title="bbox 2371 5414 3915 5490">
     <span class='ocr_line' id='line_1_116' title="bbox 2371 5414 3915 5490; baseline 0.003 -20"><span class='ocrx_word' id='word_1_824' title='bbox 2371 5428 2540 5481; x_wconf 88' lang='lat' dir='ltr'><strong>erant,</strong></span> <span class='ocrx_word' id='word_1_825' title='bbox 2575 5414 2716 5484; x_wconf 90' lang='lat' dir='ltr'><strong>quod</strong></span> <span class='ocrx_word' id='word_1_826' title='bbox 2749 5419 3068 5484; x_wconf 87' lang='lat' dir='ltr'><strong>apparebat;</strong></span> <span class='ocrx_word' id='word_1_827' title='bbox 3117 5421 3206 5473; x_wconf 89' lang='lat' dir='ltr'><strong>sed</strong></span> <span class='ocrx_word' id='word_1_828' title='bbox 3243 5422 3387 5490; x_wconf 88' lang='lat' dir='ltr'><strong>quod</strong></span> <span class='ocrx_word' id='word_1_829' title='bbox 3415 5433 3588 5485; x_wconf 86' lang='lat' dir='ltr'><strong>erant,</strong></span> <span class='ocrx_word' id='word_1_830' title='bbox 3621 5425 3679 5478; x_wconf 85' lang='lat' dir='ltr'><strong>id</strong></span> <span class='ocrx_word' id='word_1_831' title='bbox 3712 5424 3915 5479; x_wconf 71' lang='lat' dir='ltr'><strong>visibile</strong></span> 
     </span>
    </p>
   </div>
   <div class='ocr_carea' id='block_1_116' title="bbox 2373 5507 3915 5585">
    <p class='ocr_par' dir='ltr' id='par_1_116' title="bbox 2373 5507 3915 5585">
     <span class='ocr_line' id='line_1_117' title="bbox 2373 5507 3915 5585; baseline 0.003 -25"><span class='ocrx_word' id='word_1_832' title='bbox 2373 5525 2477 5561; x_wconf 92' lang='lat' dir='ltr'><strong>non</strong></span> <span class='ocrx_word' id='word_1_833' title='bbox 2546 5515 2678 5560; x_wconf 88' lang='lat' dir='ltr'><strong>erat.</strong></span> <span class='ocrx_word' id='word_1_834' title='bbox 2729 5507 3053 5576; x_wconf 77' lang='lat' dir='ltr'><strong>QuaprOpter</strong></span> <span class='ocrx_word' id='word_1_835' title='bbox 3119 5511 3451 5568; x_wconf 87' lang='lat' dir='ltr'><strong>Abrahamus</strong></span> <span class='ocrx_word' id='word_1_836' title='bbox 3526 5529 3762 5585; x_wconf 83' lang='lat' dir='ltr'><strong>eorum,</strong></span> <span class='ocrx_word' id='word_1_837' title='bbox 3828 5514 3915 5582; x_wconf 82' lang='lat' dir='ltr'><strong>qui</strong></span> 
     </span>
    </p>
   </div>
   <div class='ocr_carea' id='block_1_117' title="bbox 2373 5653 3913 5736">
    <p class='ocr_par' dir='ltr' id='par_1_117' title="bbox 2373 5653 3913 5736">
     <span class='ocr_line' id='line_1_118' title="bbox 2373 5653 3913 5736; baseline 0.006 -22"><span class='ocrx_word' id='word_1_838' title='bbox 2373 5653 2800 5736; x_wconf 69' lang='lat' dir='ltr'><strong>zeliiExcrcilat.</strong></span> <span class='ocrx_word' id='word_1_839' title='bbox 2841 5662 3056 5726; x_wconf 86' lang='lat' dir='ltr'><strong>Select.,</strong></span> <span class='ocrx_word' id='word_1_840' title='bbox 3093 5674 3228 5734; x_wconf 68' lang='lat' dir='ltr'><strong>part.</strong></span> <span class='ocrx_word' id='word_1_841' title='bbox 3260 5678 3497 5736; x_wconf 84' lang='lat' dir='ltr'><strong>poster.,</strong></span> <span class='ocrx_word' id='word_1_842' title='bbox 3543 5685 3596 5736; x_wconf 89' lang='lat' dir='ltr'><strong>p.</strong></span> <span class='ocrx_word' id='word_1_843' title='bbox 3628 5669 3742 5722; x_wconf 66' lang='lat'><strong>235</strong></span> <span class='ocrx_word' id='word_1_844' title='bbox 3770 5681 3913 5732; x_wconf 76' lang='lat' dir='ltr'><strong>seqq.</strong></span> 
     </span>
    </p>
   </div>
   <div class='ocr_carea' id='block_1_118' title="bbox 2444 5733 3915 5806">
    <p class='ocr_par' dir='ltr' id='par_1_118' title="bbox 2444 5733 3915 5806">
     <span class='ocr_line' id='line_1_119' title="bbox 2444 5733 3915 5806; baseline 0.001 -20"><span class='ocrx_word' id='word_1_845' title='bbox 2444 5733 2554 5798; x_wconf 70' lang='lat'><strong>(82)</strong></span> <span class='ocrx_word' id='word_1_846' title='bbox 2598 5734 2650 5784; x_wconf 89' lang='lat' dir='ltr'><strong>In</strong></span> <span class='ocrx_word' id='word_1_847' title='bbox 2660 5744 2962 5806; x_wconf 79' lang='lat' dir='ltr'><strong>_euuspectu</strong></span> <span class='ocrx_word' id='word_1_848' title='bbox 2994 5733 3210 5804; x_wconf 69' lang='lat' dir='ltr'><strong>operum</strong></span> <span class='ocrx_word' id='word_1_849' title='bbox 3247 5733 3302 5790; x_wconf 83' lang='lat' dir='ltr'><strong>S.</strong></span> <span class='ocrx_word' id='word_1_850' title='bbox 3336 5733 3625 5806; x_wconf 71' lang='lat' dir='ltr'><strong>Nicephori</strong></span> <span class='ocrx_word' id='word_1_851' title='bbox 3652 5750 3820 5805; x_wconf 80' lang='lat' dir='ltr'><strong>supra</strong></span> <span class='ocrx_word' id='word_1_852' title='bbox 3843 5737 3915 5788; x_wconf 80' lang='lat' dir='ltr'><strong>ci-</strong></span> 
     </span>
    </p>
   </div>
   <div class='ocr_carea' id='block_1_119' title="bbox 2375 5803 2865 5871">
    <p class='ocr_par' dir='ltr' id='par_1_119' title="bbox 2375 5803 2865 5871">
     <span class='ocr_line' id='line_1_120' title="bbox 2375 5803 2865 5871; baseline -0.002 -15"><span class='ocrx_word' id='word_1_853' title='bbox 2375 5811 2499 5868; x_wconf 89' lang='lat' dir='ltr'><strong>tato,</strong></span> <span class='ocrx_word' id='word_1_854' title='bbox 2535 5819 2586 5871; x_wconf 92' lang='lat' dir='ltr'><strong>p.</strong></span> <span class='ocrx_word' id='word_1_855' title='bbox 2623 5803 2722 5854; x_wconf 73' lang='lat' dir='ltr'><strong>U70</strong></span> <span class='ocrx_word' id='word_1_856' title='bbox 2756 5818 2865 5871; x_wconf 84' lang='lat' dir='ltr'><strong>seq.</strong></span> 
     </span>
    </p>
   </div>
  </div>
