4094 6350
2403 340 2408 349 .

2333 342 2339 385 Ι
2447 385 2459 396 ,
2624 379 2628 383 .

2053 445 2405 527 ascanius
2442 424 2757 508 illicitas."

802 382 939 487 im

1695 501 1723 510 -ρ

3850 460 3980 516 ποτε

801 563 927 618 pum
983 547 1493 621 iiemsoiymitanum
1523 557 1636 625 jam
1666 566 1776 612 tum
1808 570 2078 617 mortuum
2101 566 2343 619 conscri-
2372 571 2418 627 Α
2445 577 2568 623 ante
2617 554 2997 627 deliberatione
3032 572 3281 641 supremi
3330 548 3671 637 Creatoris;
3704 590 3812 628 non
3870 576 3980 628 solo

799 649 920 709 pta,
961 641 1119 709 quasi
1171 642 1305 696 nihil
1354 644 1655 713 interesset,
1685 654 2029 706 annumerari
2076 656 2339 710 viventem

798 732 1045 813 mortuis,
1066 746 1147 805 an
1183 745 1452 814 mortuum
1478 735 1810 803 viventibus;
1842 740 2005 796 David
2035 743 2343 815 Blondellus

796 810 853 874 ta
883 810 1328 879 Pande-Isidoro
1354 836 1403 880 et
1434 825 1692 883 Tum‘ano
1721 834 2112 901 vapulantibus,
2159 853 2212 906 p.
2246 812 2337 901 55,

794 910 861 965 ad
884 910 997 969 hate
1023 914 1184 969 verba
1216 912 1433 971 Macarii
1477 914 1735 987 Magnetis
1784 926 2108 993 respondet:
2165 908 2341 995 Ignoti

747 1002 759 1060 '_
780 999 1039 1055 abactenus
1067 1006 1297 1059 auctoris
1324 1007 1636 1060 sententiam
1662 1026 1763 1062 non
1781 1037 1786 1043 ·
1804 1012 2179 1079 improbemus,
2208 1015 2342 1067 nihil

794 1092 911 1145 inde
958 1090 1218 1147 Turriana
1249 1097 1521 1163 prasidii;
1575 1096 1770 1154 Paulus
1804 1103 2229 1156 enim‘mortuum
2265 1107 2341 1158 ci—

792 1184 1021 1235 nentibus
1068 1199 1171 1236 non
1215 1188 1597 1254 annumeravit,
1650 1173 2044 1248 neeguiventem
2091 1197 2337 1262 mortuis,

790 1270 929 1339 quod
962 1271 1015 1337 in
1044 1273 1529 1337 pseudo-Clemente
1558 1282 1906 1348 coarguimus.

860 1348 938 1413 Est
973 1361 1108 1415 libro
1130 1378 1163 1415 v
1188 1363 1416 1434 denique
1446 1368 1671 1437 ejusque
1703 1371 1806 1425 line
1849 1371 2117 1439 prolixum
2161 1374 2341 1429 Maca-

791 1449 856 1502 rii
881 1448 1142 1520 Magnetis
1175 1453 1535 1524 fragmentum
1565 1459 1641 1513 De
1667 1461 1770 1530 ﬁde
1806 1462 2033 1515 Abraluc
2056 1505 2070 1527 ,
2127 1465 2182 1518 in
2232 1480 2341 1534 quo

791 1542 859 1597 de
888 1545 1191 1621 arctissimo
1220 1548 1437 1602 vinculo
1462 1550 1579 1604 ﬁdei
1611 1562 1773 1620 atque
1822 1568 2045 1620 operum
2093 1554 2335 1623 disserit,

791 1627 973 1719 cum
986 1644 1037 1691 et
1059 1636 1251 1693 Latine
1273 1640 1500 1695 inseruit
1521 1640 1819 1711 Turrianus
1844 1646 1991 1713 operi
2010 1662 2108 1701 suo
2128 1648 2346 1717 dogma-

790 1724 899 1780 tice
926 1722 1003 1780 De
1024 1727 1425 1796 justiﬁcatione,
1452 1730 1633 1786 Roma:
1661 1734 1786 1787 l55l
1824 1736 1986 1789 edito.
2020 1738 2171 1802 Quod
2190 1740 2341 1793 dein-

789 1829 917 1885 cepa
946 1806 1085 1872 inter
1116 1820 1555 1889 Θεολογούμενα
1575 1824 1812 1878 auctoris
1843 1828 2012 1879 nostri
2044 1829 2109 1881 ad
2140 1829 2340 1882 articu—

2442 660 2622 723 verho,
2645 663 2718 715 uti
2745 676 2947 718 cetera:
2969 656 3250 728 creaturae,
3272 663 3444 720 factus
3468 666 3556 720 sit.
3582 663 3778 717 Filium
3806 676 3976 718 autem

2442 747 2533 802 Dei
2570 751 2931 821 unigenitum,
2973 769 3133 822 quem
3180 752 3325 807 Patri
3381 754 3701 824 ισοδύναμον
3740 764 3796 809 et
3818 755 3976 821 Λάγον

2443 840 2795 897 ὑποστατικδν
2822 858 2943 898 esse
2971 843 3185 918 asserit,
3204 845 3569 899 consiliarium
3606 845 3759 899 illum
3819 843 3977 899 fuisse

2440 934 2750 998 pronuntiat
2790 949 2896 1002 quo
2923 932 3081 988 Pater
3114 934 3166 993 in
3201 934 3522 990 formatione
3565 935 3806 989 hominis
3858 949 3979 989 usus

2441 1024 2527 1078 sit.
2558 1022 2785 1088 Quando
2834 1039 2993 1093 porro
3045 1024 3273 1092 primum
3310 1024 3587 1080 hominem
3625 1027 3679 1079 in
3725 1026 3975 1077 mundum

2441 1124 2694 1183 tanquam
2725 1130 2903 1185 regem
2931 1114 3314 1181 introductum,
3344 1125 3396 1169 et
3440 1117 3506 1170 ad
3551 1116 3645 1169 Dei
3700 1116 3975 1184 imaginem

2443 1203 2640 1257 factum
2694 1220 2813 1260 esse
2854 1207 3061 1269 scribit,
3092 1207 3228 1260 hanc
3250 1206 3658 1261 similitudinem
3714 1206 3863 1274 regis
3887 1220 3974 1256 non

2441 1294 2494 1347 in
2530 1305 2847 1364 purpura'et
2877 1306 3086 1365 sceptro
3130 1306 3183 1350 et
3210 1296 3507 1350 diademate
3543 1298 3738 1364 quaerit
3764 1338 3779 1361 ,
3812 1296 3905 1350 sed
3934 1295 3973 1346 in

2442 1396 2635 1437 ornatu
2668 1383 3210 1455 incorruptibilitatis,
3245 1386 3661 1441 immortalitatis
3689 1402 3756 1440 ac
3785 1387 3972 1439 virtutis

2443 1476 2702 1538 collocat;
2736 1484 2793 1529 ut
2830 1477 3104 1531 brevitatis
3136 1492 3298 1531 causa
3344 1486 3533 1531 caetera
3586 1492 3736 1530 nunc
3784 1476 3971 1530 silentio

2442 1575 2775 1631 praetereant.
2822 1565 2898 1619 Ex
2931 1583 3178 1622 sermone
3221 1568 3287 1621 l7
3335 1567 3668 1624 inGenesin
3705 1567 3969 1636 singularis

2443 1653 2656 1708 MaCarii
2686 1657 2853 1709 nostri
2880 1657 2931 1709 in
2963 1672 3181 1711 censum
3218 1658 3361 1712 venit
3389 1658 3677 1726 explicatio
3692 1657 3772 1710 de
3807 1658 3966 1709 tunicis

2442 1744 2695 1813 pclliceis,
2731 1746 2927 1813 quibus
2956 1746 3197 1801 Adamus
3222 1756 3279 1801 et
3297 1746 3403 1799 Eva
3433 1758 3555 1815 post
3576 1747 3802 1813 lapsum
3835 1746 3953 1797 induti

2444 1832 2623 1888 fuere:
2653 1850 2771 1903 qua»:
2796 1836 2959 1890 verba
2995 1851 3100 1889 non
3120 1836 3442 1892 ‘historieam
3465 1877 3477 1899 ,
3513 1830 3604 1890 sed
3653 1836 3955 1904 allegorica;

788 1906 899 1965 lum
928 1907 996 1961 de
1024 1908 1125 1962 llde
1151 1918 1205 1963 et
1227 1910 1611 1993 justillcatione
1656 1914 1797 1968 haud
1841 1915 2085 1970 intimum
2114 1933 2342 1987 occupa-
2377 1910 2415 1961 3
2446 1915 2707 1991 rationem
2746 1927 2968 1981 innuere
2990 1926 3142 1995 juxta
3171 1942 3291 1980 cum
3317 1928 3437 1981 aliis
3463 1925 3870 1993 antiquioribus
3899 1941 3963 1977 ar-

787 1997 867 2052 bit
895 1997 1103 2053 locum:
1158 2000 1246 2053 ubi
1282 2000 1443 2057 simul
1472 1990 1703 2073 singula,
1748 2021 1867 2074 quae
1919 2008 2079 2063 modo
2113 2010 2339 2079 allegata

786 2095 934 2155 sunt,
964 2085 1259 2156 fragmenta
1288 2091 1340 2144 in
1370 2092 1570 2147 classes
1594 2110 1721 2149 suas
1750 2098 2056 2164 redigenda,
2080 2109 2131 2155 et
2160 2101 2225 2154 ab
2250 2117 2343 2155 ex-

787 2178 1123 2245 ceptionibus
1154 2179 1584 2237 adversariorum
1615 2185 1931 2239 vindicanda
1972 2198 2147 2243 erunt.

662 2348 667 2352 ,
761 2368 763 2371 ν
862 2284 891 2356 ς
927 2283 1069 2340 XIX.
1104 2280 1332 2341 Macarii
1376 2278 1633 2371 Magnetis
1651 2309 1925 2371 _sennones
1966 2298 2018 2351 in
2054 2297 2274 2353 Genesin

1478 2363 1683 2415 inediti.
2096 2411 2098 2413 .

860 2442 1055 2501 Praeter
1112 2448 1349 2519 quinque
1408 2452 1542 2506 istos
1590 2452 1756 2511 libros
1822 2456 2225 2525 Ἀποκριτικῶν
2275 2460 2340 2513 ad

765 2532 1179 2605 .Tbeosthenem
1214 2550 1399 2597 contra
1426 2543 1649 2613 gentiles
1682 2544 1954 2618 Evangelii
1980 2550 2339 2604 calumniato—

773 2644 895 2692 res,
940 2644 1171 2700 quorum
1220 2632 1480 2687 hactenus
1509 2647 1759 2704 excerpta
1784 2639 2028 2706 quaedam
2070 2639 2337 2704 dedimus,

785 2718 1079 2787 scripserat
1130 2720 1291 2775 etiam
1330 2718 1596 2777 Macarius
1641 2724 1859 2795 Magnes
1911 2732 2337 2793 commentarios,

787 2822 903 2871 seu,
935 2818 994 2864 ut
1021 2808 1123 2864 fert
1139 2811 1350 2874 titulus,
1385 2830 1644 2869 sermones
1678 2818 1735 2869 in
1764 2816 2003 2884 Genesin,
2036 2818 2127 2889 qui
2160 2829 2213 2873 et
2236 2821 2339 2891 ipsi

786 2899 853 2951 ad
883 2899 984 2953 hoc
1014 2916 1184 2971 usque
1203 2912 1413 2972 tempus
1435 2905 1660 2960 eruditis
1689 2906 1854 2975 ignoti
1884 2905 2336 2964 fuerunt.llorum

788 2991 1423 3064 sermonum‘fragmenta
1468 3013 1533 3050 ex
1586 2997 1999 3052 eminentissimi
2050 3002 2338 3058 cardinalis

694 3080 697 3083 λ
786 3075 1042 3157 Ottoboni
1067 3089 1429 3155 manuscripto
1451 3088 1636 3142 codice
1658 3088 1973 3157 deprompta
2004 3088 2067 3141 lt.
2095 3089 2155 3146 P.
2184 3090 2334 3147 Dum.

790 3152 1170 3236 Stephano'tius
1197 3174 1259 3226 ad
1282 3152 1843 3232 laudatissimum-Dn.
1871 3152 2175 3243 Doivinium
2207 3186 2334 3235 mss.

786 3257 964 3328 Regia:
992 3259 1327 3317 bibliotheca:
1374 3264 1698 3323 Parisiensis
1731 3270 2006 3325 custodem
2048 3272 2336 3325 transmitti
2366 3243 2407 3301 Ο

783 3350 1025 3405 curavit:
1062 3348 1159 3421 qui
1205 3353 1389 3407 eadem
1441 3354 1626 3411 Latine
1664 3375 1813 3415 versa
1846 3371 2008 3431 atque
2056 3362 2336 3416 emendata

784 3455 909 3495 cum
963 3441 1087 3497 aliis
1143 3440 1457 3512 fragmentis
1508 3445 1749 3514 ejusdem
1792 3450 2029 3505 auctoris
2060 3450 2114 3503 in
2162 3450 2333 3519 lucem

700 3554 719 3588 ,ν
784 3532 943 3599 edere
970 3536 1339 3601 constituerat,
1370 3536 1472 3591 nisi
1502 3545 1822 3605 praematura
1859 3555 2002 3594 mors
2031 3541 2154 3595 huic
2176 3542 2334 3595 insti-

788 3632 905 3679 tuto
941 3625 1149 3679 obicem
1177 3628 1464 3696 posuisset.
1502 3626 1656 3682 Haud
1694 3628 1835 3683 ultra
1882 3630 2160 3685 historiam
2191 3647 2339 3686 crea-

789 3712 952 3767 tionis
995 3722 1048 3767 et
1078 3715 1259 3791 lapsus
1292 3717 1568 3771 hominum
1619 3732 1677 3771 se
1721 3717 2013 3771 extendunt
2051 3720 2166 3773 ista:
2192 3734 2339 3772 com-

696 3796 699 3802 ’
790 3790 1146 3857 mentationes
1178 3790 1465 3877 magnetis,
1514 3806 1567 3861 in
1599 3806 1798 3877 quibus
1828 3806 1969 3861 inter
2014 3807 2115 3860 alia
2161 3809 2337 3862 excel-

787 3892 1007 3947 lentiam
1053 3895 1286 3951 hominis
1337 3898 1460 3953 inde
1515 3898 1881 3965 demonstrat,
1939 3900 2082 3969 quod
2149 3900 2331 3954 habita

800 4133 985 4144 ορ...-

2446 2018 2673 2074 bitratus
2700 2031 2781 2075 est
2799 2006 2901 2085 {de
2923 2035 3029 2089 qua
3056 2019 3304 2088 opinione
3329 2018 3553 2073 inferius
3581 2018 3752 2087 plura
3780 2017 3967 2072 dicenda

2445 2116 2622 2163 erunt.

2760 2199 2786 2269 ς
2815 2198 2928 2252 XX.
2958 2200 3235 2254 Conclusio
3264 2200 3676 2253 dissertationis.

2515 2282 2874 2357 Constitutum
2898 2291 3110 2359 quidem
3141 2288 3332 2354 fuerat,
3356 2290 3471 2357 ipsa
3553 2289 3969 2355 Θεαιογσύμενα

2446 2378 2663 2434 Macarii
2688 2380 2969 2449 Magnetis,
3012 2397 3131 2450 qua:
3177 2396 3239 2434 ex
3294 2380 3610 2451 fragmentis
3643 2381 3879 2448 ejusdem
3917 2379 3971 2431 ab

2447 2473 2667 2528 interitu
2693 2471 2976 2527 vindicatis
3004 2470 3180 2542 colligi
3220 2479 3488 2541 poterant,
3511 2472 3707 2525 eadem
3760 2471 3856 2525 hac
3884 2469 3968 2523 db-

2445 2564 2738 2619 sertatione
2771 2563 3071 2633 inaugurali
3111 2564 3365 2619 exhibere
3404 2563 3458 2617 in
3499 2578 3636 2618 suas
3672 2565 3871 2624 classes
3905 2576 3969 2614 re-

2444 2652 2619 2717 dacta,
2656 2663 2713 2706 ut
2751 2652 2839 2706 αι’
2868 2652 2934 2706 iis
2970 2667 3169 2705 nexum
3198 2652 3432 2721 aliquem
3485 2653 3756 2705 doctrina:
3791 2650 3967 2703 theolo-

2392 2770 2393 2777 ι
2444 2741 2576 2812 gicae
2611 2742 2773 2809 hujus
2809 2744 3046 2798 auctoris
3092 2744 3397 2813 perspicere
3446 2742 3657 2796 liceret.
3692 2743 3824 2795 Cum
3864 2755 3967 2793 vero

2444 2826 2971 2903 praetercpinionem
3014 2842 3159 2887 tanta
3206 2833 3340 2886 mihi
3384 2820 3611 2895 subnata
3647 2831 3721 2885 sit
3750 2829 3966 2885 dicendo-

2443 2938 2561 2975 rum
2594 2923 2768 2990 copia,
2797 2938 2917 2991 qure
2952 2933 3206 2992 angustos
3230 2921 3625 2976 dissertationis
3661 2922 3957 2988 limitesjam

2444 3020 2561 3065 tum
2581 3014 2970 3080 praetergressa
3011 3012 3248 3078 videtur;
3275 3021 3330 3067 et
3351 3014 3401 3066 in
3437 3024 3764 3081 argumento
3792 3028 3818 3065 a
3839 3012 3955 3064 nullo

2442 3103 3061 3158 eruditorum-hactenus
3088 3115 3350 3174 occupato
3390 3105 3615 3173 singulae
3644 3105 3964 3159 circumstat»

2443 3191 2528 3244 tite
2554 3192 2712 3245 altius
2755 3193 3088 3262 aliquantum
3143 3196 3471 3264 repetendae,
3500 3213 3710 3265 suoque
3757 3197 3965 3267 pondere

2440 3279 2766 3335 aemulanda:
2780 3292 2991 3335 essent:
3018 3282 3299 3351 specialem
3324 3284 3630 3354 dogmatum
3656 3297 3819 3353 atque
3839 3299 3975 3337 erro-

2441 3386 2559 3423 rum
2586 3373 2824 3427 auctoris
2869 3376 3039 3428 nostri
3088 3378 3556 3443 pertractationem
3590 3376 3762 3430 altera
3799 3376 3971 3443 dispu-

2416 3454 2636 3517 itatione
2680 3466 2997 3534 complecti,
3028 3468 3107 3521 vel
3139 3468 3183 3521 si
3235 3468 3635 3522 convenientius
3701 3470 3775 3521 ita
3813 3469 3967 3520 visum

2440 3552 2621 3620 fuerit,
2652 3572 2757 3609 una
2788 3573 2910 3611 cum
2955 3559 3085 3627 ipsis
3125 3560 3306 3626 operis
3348 3559 3608 3627 deperditi
3652 3560 3967 3628 lragmentis

2444 3657 2695 3714 tauquam
2728 3648 2927 3702 relictis
2958 3664 3019 3701 ex
3046 3647 3328 3717 naufragio
3358 3649 3551 3702 tabulis
3572 3689 3586 3710 ,
3630 3649 3845 3716 publico
3865 3662 3967 3700 eru—

2440 3736 2674 3790 ditorum
2718 3738 2986 3796 desiderio
3019 3736 3425 3802 satisfactuius,
3474 3737 3670 3791 Graece
3706 3755 3770 3791 ac
3806 3736 3972 3790 Latius

2438 3846 2707 3899 exponere
2740 3829 2882 3884 haud
2910 3828 3241 3899 reiragabor.

1901 4296 2686 4390 DlSSEHTATlO
2787 4299 2913 4391 ll,

1410 4482 1541 4548 Quae
1591 4481 1977 4552 Θεολογούμενα
2001 4487 2231 4559 auctoris
2257 4502 2322 4540 ex

2418 4488 2577 4555 opriis
2607 4488 2769 4555 ipsius
2798 4487 3007 4554 scriptis
3036 4489 3262 4554 exponit.

1362 4772 1743 4834 PREFATIO.

773 4889 779 4892 '
852 4872 1135 4940 lntcrrupti
1192 4872 1427 4934 laboris,
1484 4873 1575 4942 qui
1634 4872 1689 4924 in
1734 4873 2065 4941 explicandis
2109 4874 2329 4930 Macarii

782 4966 1041 5039 Magnetis
1086 4965 1518 5037 θεολογουμένοις
1546 4976 1812 5030 versatur,
1846 4970 1889 5021 si
1922 4985 2113 5025 causas
2143 4973 2325 5040 requi-

786 5058 878 5122 ris,
913 5056 1103 5111 Lector
1132 5056 1404 5119 benevole,
1440 5058 1551 5113 hacc
1585 5058 1699 5112 sola
1731 5057 1867 5112 forte
1898 5058 2148 5125 sufﬁciet,
2184 5062 2326 5130 quod

746 5204 749 5205 ν
784 5148 1008 5201 certiora
1038 5146 1279 5217 quaedam
1312 5147 1376 5200 de
1400 5148 1764 5201 monumentis
1780 5147 1947 5216 hujus
1969 5154 2204 5207 auctoris
2229 5153 2325 5207 de-

787 5237 973 5303 perditi
1022 5238 1281 5293 hactenus
1318 5254 1382 5292 ex
1432 5240 1595 5293 Italia:
1624 5239 1934 5303 regionibus
1975 5256 2322 5309 exspectave-

785 5324 918 5389 rim,
949 5327 1057 5394 jam
1086 5343 1211 5381 vero
1248 5337 1356 5381 tum
1390 5344 1419 5382 a
1451 5330 1798 5382 celeberrimo
1850 5329 1896 5383 J.
1936 5330 2121 5387 Lamio
2150 5335 2201 5387 in
2234 5336 2329 5387 De-

785 5411 919 5466 liciis
969 5418 1287 5469 eruditorum
1350 5417 1631 5473 Florentim
1678 5419 1812 5471 1758
1855 5421 2044 5487 editis,
2103 5433 2213 5476 tum
2259 5440 2324 5476 ex

786 5503 1060 5569 splendido
1087 5494 1337 5577 catalogo
1374 5510 1710 5564 bibliothecae
1758 5508 1968 5565 Veneta:
2014 5512 2074 5564 D.
2124 5513 2321 5578 Marci,

786 5593 879 5661 qui
907 5608 1063 5661 opera
1104 5597 1170 5651 Μ.
1220 5604 1341 5653 Ant.
1375 5598 1601 5653 Zanettii
1627 5610 1678 5652 et
1705 5602 1920 5653 Antonii
1958 5601 2321 5672 Bonojoannis

784 5680 937 5754 jussu
981 5695 1198 5741 senatus
1227 5677 1410 5743 Veneti
1459 5699 1740 5745 contextus
1785 5693 2087 5759 nuperrime
2126 5693 2323 5761 prodiit

790 5770 945 5832 1740.
975 5773 1102 5827 satis
1130 5776 1346 5832 edoctus
1378 5779 1477 5833 sim
1501 5819 1514 5843 ,
1550 5780 1682 5833 nihil
1708 5780 1997 5849 quidquam
2021 5783 2085 5836 de
2118 5783 2323 5849 integro

2363 4790 2408 4845 D
2438 4801 2596 4854 opere
2625 4784 2883 4854 Magnetis
2910 4782 3140 4838 Venetiis
3185 4786 3413 4855 amplius
3439 4787 3694 4853 reperiri,
3731 4788 3817 4840 sed
3844 4784 3960 4839 (odi

2428 4890 2543 4927 cem
2580 4874 2725 4925 illum
2752 4913 2767 4935 ,
2818 4889 2925 4941 quo
2965 4873 3156 4928 Franc.
3196 4875 3492 4929 Turrianus
3521 4876 3658 4927 olim
3698 4892 3826 4929 usus
3867 4886 3963 4932 est.

2430 4966 2691 5035 probabili
2724 4965 3036 5032 conjectura
3066 4967 3118 5019 in
3144 4965 3453 5035 llispaniam
3492 4956 3821 5019 translatum
3844 4980 3961 5018 esse.

2428 5057 2501 5111 lta
2527 5056 2667 5110 enim
2709 5056 2958 5109 laudalus
2988 5055 3235 5121 Lamins,
3271 5062 3556 5123 postquam
3591 5058 3644 5108 in
3678 5057 3966 5126 praefatione

2426 5148 2553 5201 tomi
2583 5146 2646 5199 IV
2674 5145 2990 5199 Deliciarum
3021 5161 3240 5201 suarum
3285 5158 3335 5212 p.
3362 5143 3428 5196 19
3448 5184 3463 5207 ,
3501 5143 3837 5201 Turrianum
3867 5145 3968 5211 qui'

2428 5240 2546 5294 dem
2595 5238 2742 5291 nulla
2794 5240 2941 5291 venia
2978 5239 3191 5308 dignum
3235 5251 3353 5289 esse
3383 5235 3627 5303 dixerat,
3664 5243 3809 5307 quod
3851 5252 3968 5306 opus

2428 5332 2685 5401 Magnetis
2715 5347 2745 5385 a
2772 5347 2828 5384 se
2862 5330 3056 5385 lectum
3090 5343 3197 5380 non
3232 5325 3478 5390 ediderit,
3508 5344 3613 5383 nec
3645 5332 3853 5385 locum.
3890 5327 3963 5381 ubi

2426 5422 2707 5489 exstaret,
2736 5420 3066 5482 indicaverit,
3096 5417 3410 5471 sententiam
3448 5434 3604 5473 suam
3636 5431 3827 5489 postea
3860 5432 3963 5472 tunc
4054 5418 4057 5473 Τ

2396 5522 2399 5525 ’
2426 5488 2553 5566 tavit
2580 5512 2631 5563 iu
2662 5509 2971 5577 praefatione
3006 5508 3141 5571 tomi
3164 5505 3228 5558 IX
3260 5508 3335 5575 (in
3374 5524 3482 5576 quo
3512 5488 3746 5563 Maximi
3776 5511 3967 5577 Margi-

2428 5600 2501 5653 nii
2531 5596 2769 5666 epistola:
2796 5594 3077 5661 habentur)
3104 5609 3157 5663 p.
3190 5595 3257 5649 29
3286 5595 3354 5649 ita
3387 5598 3639 5653 scribens
3673 5617 3686 5651 :
3725 5598 3825 5655 Sed
3860 5611 3966 5649 aa-

2425 5688 2627 5740 Jcsuita
2670 5684 2955 5737 Turrianus
3001 5685 3263 5738 mendax?
3302 5686 3470 5741 Absit.
3524 5686 3634 5741 Sed
3679 5692 3727 5742 si
3765 5687 3965 5740 menda:

2430 5796 2528 5831 non
2550 5788 2644 5845 est,
2670 5786 2803 5831 certe
2833 5777 3028 5831 codices
3056 5778 3266 5847 quidam
3291 5778 3619 5834 bibliothecae
3663 5780 3869 5835 Venet:
3894 5778 3969 5830 ar
4052 5812 4055 5847 θ
