4094 6350
756 469 890 524 I379

2011 468 2359 524 MACARlUS
2394 467 2692 524 MAGNES.

3812 466 3944 523 1580

755 597 805 639 et
838 601 902 639 ex
932 600 995 639 co
1023 584 1081 638 Β.
1124 583 1173 637 ,1.
1206 585 1323 637 Αιι).
1366 584 1640 641 Fabricius
1672 589 1724 641 in
1767 587 1974 641 Delectu
2008 605 2281 657 argumen-
2314 601 2357 653 Α
2384 588 2472 642 hic
2523 588 2683 655 igitur
2746 586 2941 655 injuria
2996 585 3228 641 Macario
3279 584 3507 654 Magneti
3562 598 3589 636 a
3659 582 3939 637 Turriano

757 686 927 727 torum
975 684 1022 728 et
1064 675 1261 743 syllaba
1310 678 1618 744 scriptorum
1656 679 1719 730 de
1757 681 1967 731 veritate
2018 679 2282 747 religionis

754 765 1093 829 Christiana,
1124 781 1177 833 p.
1208 766 1308 829 65,
1344 780 1406 820 ex
1445 767 1677 820 Macario
1706 767 1943 837 Magnete
1970 778 2163 822 nostro.
2187 784 2285 837 pro

755 856 1104 909 conciliandis
1155 858 1600 927 evangelistarum
1662 860 1997 913 sermonibus
2048 860 2287 927 protule-

757 956 917 1009 runt:
955 943 1067 997 Iino
1099 947 1292 997 accedit
1324 925 1479 998 etiam
1504 948 1599 999 huc
1627 948 1910 1014 exemplum
1938 942 2287 1016 evangelista-

757 1052 871 1086 rum
903 1037 1062 1103 (sunt
1091 1038 1250 1089 verba
1288 1036 1604 1104 Turriani),
1630 1054 1754 1106 quos
1784 1039 2065 1107 aliquando
2094 1056 2192 1091 non
2227 1053 2289 1090 ea:

755 1129 867 1193 ipsa
896 1129 1105 1179 veritate
1131 1128 1224 1193 rei,
1246 1128 1333 1180 sed
1358 1143 1419 1179 ea:
1446 1128 1578 1195 vulgi
1598 1130 1965 1181 consuetudine
1985 1138 2032 1181 et
2052 1130 2291 1196 opinione

756 1234 933 1270 nomen
962 1219 1239 1284 sumpsisse
1260 1258 1272 1279 ,
1309 1226 1488 1269 auctor
1516 1227 1589 1269 est
1622 1217 1880 1287 Magnetes
1916 1219 2290 1271 vetustissimus

755 1310 977 1374 scriptor
1005 1307 1408 1372 ecclesiasticus,
1441 1306 1531 1359 lib.
1561 1323 1596 1358 ιι
1620 1317 1668 1359 et
1697 1324 1727 1357 v
1762 1324 1886 1375 quos
1912 1318 2090 1359 contra
2131 1307 2291 1359 Theo-

755 1398 982 1451 sthenem
1010 1396 1246 1465 gentilem
1291 1396 1400 1466 (95)
1432 1399 1830 1466 discrepantiam
1860 1400 2292 1467 evangelistarum

756 1496 803 1538 et
832 1486 937 1538 alia
967 1487 1109 1539 nobis
1141 1488 1275 1554 [also
1301 1488 1353 1539 in
1383 1486 1659 1555 Evangelia
1696 1484 2016 1552 objic‘ieutem
2065 1488 2290 1553 scripsit.

759 1578 845 1629 Ait
875 1580 1038 1639 enim,
1063 1594 1154 1646 pro
1181 1594 1237 1630 eo
1256 1619 1270 1642 ,
1295 1579 1426 1647 quod
1474 1595 1605 1630 unus
1643 1578 1951 1649 evangelista
1982 1578 2115 1630 dixit
2149 1576 2257 1647 (96)
2280 1617 2293 1634 .

763 1669 991 1721 «calamo
1013 1672 1282 1737 spongiam
1305 1672 1738 1737 circumponentes
1753 1670 2143 1722 idixisseulium
2163 1670 2293 1739 (97),

757 1766 963 1823 propter
1013 1756 1409 1808 similitudinem
1467 1758 1703 1819 arbusti,
1763 1758 2025 1831 «hyssopo
2078 1758 2298 1810 circum-

757 1856 1021 1913 ponentes,
1048 1864 1064 1896 ι
1093 1862 1205 1897 cum
1236 1846 2299 1914 dicendum,inqnit,esseticalamoaltem

2386 677 2525 730 illata
2560 676 2633 741 (Ι)

2384 786 2410 857 ς
2439 786 2523 840 IV.
2545 786 2615 839 De
2642 786 2790 839 modo
2822 785 3194 857 interpretandi
3219 783 3555 857 _Scripturam
3580 798 3821 845 sacram,
3850 784 3940 833 ad-

2740 871 2914 909 versus
2944 855 3174 907 eumdem
3212 853 3582 922 Porphyrium.

2455 950 2731 1020 Proposito
2774 967 2915 1005 nunc
2948 951 3237 1019 specimine
3286 951 3466 1019 aliquo
3506 950 3799 1018 exegetico
3836 947 3943 1000 Ma-

2387 1043 2515 1097 carii
2566 1041 2852 1111 Magnetis,
2893 1042 2946 1094 in
2998 1056 3105 1110 quo
3140 1041 3440 1095 dissensum
3475 1040 3939 1107 evangelistarum

2386 1148 2415 1183 a
2452 1132 2746 1200 Porphyrio
2775 1131 3043 1199 obiectum
3081 1130 3220 1183 haud
3264 1129 3459 1183 infelici
3488 1145 3657 1198 opera
3686 1146 3718 1182 a
3761 1128 3943 1181 divino

2393 1236 2558 1275 sacrae
2606 1220 2897 1289 Scriptura:
2953 1221 3088 1273 libro
3153 1221 3362 1273 amoliri
3426 1220 3686 1283 tentavit;
3750 1220 3943 1287 paucis

2389 1309 2561 1361 adhuc
2586 1309 2933 1361 observamus
2952 1348 2964 1369 .
2994 1307 3343 1376 Porphyrium
3377 1306 3819 1361 infensissimum
3858 1307 3935 1357 di—

2390 1399 2624 1465 seiplina:
2648 1398 2967 1451 Christianae
2999 1398 3202 1450 hostem
3224 1437 3237 1459 ,
3276 1411 3395 1449 cum
3438 1398 3584 1464 ipsas
3635 1410 3837 1450 sacras
3872 1397 3946 1447 lit-

2392 1494 2533 1538 teras
2550 1485 2846 1540 convellere
2866 1500 2972 1537 uon
2996 1493 3193 1559 posset,
3214 1485 3441 1539 subinde
3463 1485 3626 1537 etiam
3644 1486 3939 1537 damnasse

2394 1577 2609 1629 modum
2640 1575 3021 1643 interpretandi
3056 1574 3376 1632 Christianis
3433 1574 3804 1641 scriptoribus
3840 1574 3938 1625 usi-

2395 1674 2561 1717 tatum
2581 1706 2595 1728 ,
2625 1680 2735 1732 quo
2761 1665 2905 1717 varia
2942 1664 3233 1732 Scriptura:
3260 1664 3498 1727 oracula,
3539 1664 3765 1717 arcanis
3800 1664 3934 1730 plena

2394 1755 2694 1821 misteriis,
2731 1770 2889 1808 sensu
2917 1755 3234 1822 quandoque
3283 1756 3508 1823 mystico
3550 1762 3606 1806 et
3648 1754 3929 1821 allegorica

2396 1840 2662 1905 explicare
2706 1841 2961 1893 solebant.
3012 1838 3154 1893 lstud
3195 1841 3588 1915 commentandi
3645 1825 3826 1908 genus
3858 1855 3935 1906 per

760 1936 895 2002 quod
924 1952 1053 1987 unus
1094 1936 1404 2005 evangelista
1440 1936 1549 2005 (98)
1577 1938 1740 2000 dixit,
1777 1956 1794 1986 ι
1832 1940 2000 1991 vinum
2021 1980 2034 2002 ,
2067 1958 2083 1988 ι
2118 1956 2294 1991 rursus
2329 1924 2369 1981 Β
2397 1931 2757 1996 εκροδίιὶοηοε
2784 1932 2983 1998 lypicas
3011 1943 3063 1983 et
3093 1932 3406 1999 allegoricus
3434 1930 3807 1999 Porphyrium
3825 1944 3935 1997 gm-

760 2025 954 2074 dirtum
985 2040 1090 2074 esse
1122 2042 1137 2071 ι
1165 2037 1364 2076 acetum
1389 2025 1518 2096 (99),
1551 2045 1568 2075 ι
1607 2029 1661 2077 in
1688 2044 1835 2079 cruce
1858 2030 1939 2093 (ea:
1966 2015 2139 2080 eodem
2161 2030 2295 2080 enim

761 2130 877 2164 vase
906 2115 1069 2179 posito
1096 2114 1409 2179 hauserunt,
1446 2133 1559 2167 cum
1590 2128 1882 2185 perventum
1917 2129 1989 2169 est
2019 2120 2085 2169 ad
2108 2118 2297 2171 Calva-

762 2199 894 2252 rinm
928 2213 972 2253 et
1005 2203 1058 2252 in
1088 2205 1268 2267 cruce)
1297 2206 1610 2269 pra'sertim,
1636 2206 1837 2272 inquit,
1879 2222 1995 2258 cum
2027 2207 2183 2275 legem
2221 2208 2300 2259 hi-

761 2292 937 2345 storia:
974 2292 1296 2360 evangelista:
1334 2304 1610 2357 servarent,
1654 2295 1877 2364 nihilque
1922 2298 2065 2349 ultra
2111 2296 2301 2350 scribe-

764 2392 909 2446 rent,
956 2391 1114 2451 quam
1135 2385 1269 2451 quod
1311 2392 1430 2436 tunc
1472 2385 1737 2438 dicebatur
1777 2390 1827 2439 in
1856 2388 1949 2439 illo
1978 2390 2201 2441 tumultu
2240 2406 2300 2442 ac

766 2472 965 2538 furore.
996 2470 1080 2523 Sic
1109 2474 1243 2524 enim
1273 2474 1639 2532 existimarunt
1669 2477 1797 2543 fore,
1836 2485 1891 2528 ut
1919 2479 2138 2530 historia
2162 2481 2302 2532 omni

766 2563 1055 2629 suspicione
1078 2575 1294 2627 careret,
1318 2564 1363 2614 εὶ
1391 2564 1461 2632 μὴ
1479 2565 1887 2635 περιεργότερον
1903 2567 2014 2619 ἀλλ’
2036 2568 2300 2623 ἄπλαστον

764 2652 1006 2722 εὑρεθείη
1029 2652 1125 2720 τῆς
1154 2656 1386 2723 ἱστορίας
1409 2656 1469 2705 τὸ
1496 2656 1725 2723 γράμμα
1746 2694 1759 2717 ,
1804 2657 1859 2707 id
1904 2667 2009 2723 est,
2051 2660 2096 2710 si
2128 2660 2301 2713 littera

766 2744 997 2796 historice
1030 2758 1127 2794 non
1164 2744 1388 2807 curiosa,
1413 2742 1499 2794 scd
1533 2744 1748 2809 simple:
1782 2747 2107 2811 reperiretur.

836 2832 1090 2897 Quamvis
1130 2846 1258 2899 ergo
1304 2832 1638 2899 evangelista:
1672 2848 1735 2885 ex
1780 2836 2038 2889 sententia
2087 2835 2299 2890 Macarii

768 2918 1024 2988 Magnetis
1068 2921 1234 2989 legem
1292 2920 1531 2973 bistorite
1574 2922 1934 2983 servaverint,
1981 2924 2303 2995 simplicitati

770 3009 1055 3073 factorum,
1083 3027 1187 3064 non
1216 3011 1509 3064 curiositati
1534 3010 1891 3080 indulgentes,
1909 3014 2143 3083 nihilque
2165 3017 2302 3069 ultra

769 3100 1111 3169 scripserint,
1143 3118 1302 3171 quam
1333 3102 1474 3171 quod
1522 3104 1620 3175 ista
1648 3096 1801 3164 aetate
1838 3107 2192 3158 conmiunizer
2224 3107 2305 3158 di-

772 3194 992 3245 cebatur
1017 3192 1069 3244 in
1101 3192 1191 3245 illo
1218 3195 1446 3246 tumultu
1479 3209 1540 3247 ac
1568 3193 1747 3248 furere
1778 3196 1991 3263 populi;
2026 3197 2185 3248 nimis
2210 3212 2304 3249 au-

2398 2020 2532 2072 viter
2560 2021 2610 2071 iu
2636 2019 2955 2073 Christianis
2989 2021 3252 2087 culpasse,
3296 2023 3445 2077 testis
3474 2031 3554 2076 est
3584 2020 3852 2075 Eusebius
3882 2020 3928 2071 in

2396 2110 2818 2164 luculentissimo
2848 2110 2940 2162 illo
2966 2110 3107 2171 loco,
3130 2127 3288 2180 quem
3314 2129 3378 2165 ex
3397 2112 3684 2181 Porphyrii
3717 2110 3851 2184 libro
3880 2125 3930 2161 ιιι

2397 2208 2580 2251 contra
2607 2198 2943 2253 Christianos
2973 2199 3193 2254 adduxit
3225 2201 3275 2253 in
3305 2201 3541 2255 Historia
3566 2200 3932 2261 ecclesiastica,

2397 2283 2487 2336 lib.
2521 2297 2600 2345 vr,
2639 2300 2755 2353 cap.
2802 2285 2887 2338 19.
2920 2276 3165 2340 ’Νυιιιιηι
3204 2284 3359 2356 plane
3395 2298 3478 2343 est
3506 2288 3740 2342 dubium
3765 2327 3781 2349 ,
3820 2290 3933 2355 quin

2397 2372 2661 2428 Macarius
2711 2384 2894 2429 noster
2940 2376 2992 2428 in
3063 2377 3268 2446 integro
3324 2390 3482 2445 Opere
3541 2375 3937 2445 Ἀποκριταὼν

2397 2466 2555 2517 etiam
2587 2466 2725 2517 hanc
2765 2466 3119 2533 ignorantiam
3154 2480 3339 2524 rerum.
3371 2481 3653 2537 sacrarum
3709 2466 3936 2520 callidis-

2401 2549 2548 2608 simo'
2563 2554 2871 2608 adversario
2898 2554 3165 2623 retexerit,
3190 2570 3347 2622 quem
3370 2556 3608 2623 alioquin
3647 2564 3759 2610 non
3788 2558 3938 2609 latere

2396 2653 2643 2713 poterat,
2683 2644 2795 2713 ipsa
2823 2646 3097 2714 geiuilium
3132 2661 3282 2701 sacra
3326 2646 3590 2701 abstrusis
3626 2650 3935 2717 plerumque

2400 2734 2647 2805 sensibus
2692 2735 2893 2802 repleta
2935 2750 3053 2789 esse
3080 2735 3191 2805 (2);
3225 2736 3347 2790 licet
3380 2736 3431 2788 in
3484 2736 3803 2805 fragmentis
3832 2739 3935 2805 ejus

2400 2808 2774 2892 superstitibus
2805 2824 2938 2877 nihil
2967 2827 3257 2894 quidquam
3288 2827 3503 2880 obvium
3534 2828 3641 2888 sit,
3705 2828 3844 2894 quod
3872 2828 3925 2879 ad

2399 2913 2561 2981 hujus
2582 2903 2878 2983 argumenti
2904 2916 3368 2982 pertractatioucm
3393 2913 3579 2967 referri
3603 2926 3777 2983 queat
3803 2931 3815 2966 :
3840 2917 3920 2968 nisi

2408 3008 2549 3076 quod
2600 3018 2786 3061 auctor
2830 2992 3011 3060 noster
3060 3008 3112 3059 in
3143 3008 3381 3068 oratione
3413 3022 3524 3058 xvn
3577 3008 3635 3059 in
3679 3007 3922 3067 Genesin,

2401 3113 2524 3153 cum
2559 3098 2625 3151 de
2670 3098 2867 3149 tunicis
2891 3094 3125 3164 pelliceis
3151 3095 3446 3162 primorum
3484 3104 3772 3163 parentum
3807 3098 3933 3163 agit,

2405 3188 2541 3239 haud
2588 3187 2813 3239 obscure
2864 3169 3105 3246 asserat,
3141 3184 3360 3251 reperiri
3405 3186 3652 3253 quaedam
3700 3186 3752 3238 in
3803 3185 3938 3237 Scri-

771 3283 951 3336 dacter
977 3290 1151 3334 tamen
1178 3282 1365 3336 exinde
1397 3284 1593 3352 colligit
1621 3283 1938 3348 Turrianus,
1964 3300 2149 3339 saeros
2173 3287 2304 3339 scri-
2331 3254 2371 3310 Ο
2405 3286 2559 3345 plum
2590 3291 2739 3329 sacra
2762 3314 2775 3337 ν
2811 3291 2923 3343 (tua?
2980 3291 3078 3326 "0"
3108 3275 3386 3326 αάηιίηαηί
3406 3306 3409 3309 ‘
3428 3276 3727 3327 Μδιοτίτανκ
3777 3274 3931 3326 im?"

771 3384 949 3442 plores
988 3373 1275 3441 aliquando
1312 3388 1417 3426 non
1450 3378 1519 3426 ex
1557 3374 1669 3443 ipsa
1695 3364 1922 3430 veritate
1953 3378 2064 3441 rei,
2107 3378 2197 3431 sed
2240 3394 2303 3430 ex

773 3453 915 3532 vulgi
953 3463 1345 3519 consuetudine
1376 3472 1428 3516 et
1459 3464 1707 3531 opinione
1750 3483 1943 3521 nomen
1988 3469 2302 3536 sumpsisse.

775 3555 944 3618 Quam
997 3553 1540 3608 accommodationem
1592 3554 1876 3623 Scriptura:
1932 3558 1997 3611 ad
2056 3573 2306 3613 crroncas

776 3646 1055 3712 opiniones
1085 3655 1139 3699 et
1172 3646 1585 3700 consuetudines
1620 3647 1759 3716 vulgi
1781 3687 1795 3709 ,
1830 3663 1949 3700 cum
1976 3651 2197 3704 veritate
2230 3652 2306 3707 rei

780 3744 1077 3805 pugnantes
1102 3778 1114 3795 ,
1147 3736 1453 3804 neutiquam
1485 3752 1605 3790 cum
1635 3737 1878 3805 superius
1906 3739 2063 3792 allata
2092 3739 2305 3809 Magne-

780 3828 848 3879 tis
877 3826 1042 3878 nostri
1083 3824 1514 3892 intcrpretatioue
1566 3836 1724 3895 atque
1765 3828 2136 3882 conciliatione
2181 3846 2309 3883 con-

778 3916 1164 3980 venire,cuivis
1189 3916 1299 3971 haec
1324 3917 1555 3983 penitiu‘s
1584 3921 1935 3973 consideranti
1970 3922 2306 3989 perspicuum

781 4017 861 4060 est
892 4022 903 4055 :
938 4006 1201 4074 siquidem
1229 4006 1328 4057 alia
1362 4007 1579 4059 omnino
1607 4010 1864 4061 censenda
1898 4020 1979 4063 est
2002 3992 2309 4065 accommo-

780 4096 924 4149 datio
949 4094 1013 4148 ad
1042 4096 1349 4163 popularem
1382 4111 1589 4163 usuque
1619 4107 1883 4166 receptam
1913 4101 2170 4167 loquendi,
2204 4099 2310 4152 for-

781 4199 958 4245 mam,
994 4184 1093 4236 alia
1123 4199 1248 4237 vero
1297 4186 1359 4239 ad
1398 4185 1593 4239 indocti
1628 4187 1767 4254 vulgi
1816 4187 2120 4253 prmjiidicia
2152 4196 2311 4257 atque

780 4290 1019 4341 errores,
1051 4275 1161 4329 sive
1191 4276 1243 4327 in
1278 4276 1439 4329 rebus
1467 4277 1828 4339 naturalibus,
1864 4277 1975 4333 sive
2018 4277 2309 4344 historicis,

784 4366 896 4419 sive
939 4365 1268 4429 moralibus,
1313 4366 1423 4419 sive
1468 4367 1780 4437 theolOgicis
1812 4377 2111 4422 versentur.
2160 4369 2312 4423 Absit

2404 3367 2783 3433 pretationem,
2847 3370 2934 3417 sed
2993 3364 3321 3433 allegoricam
3384 3366 3633 3418 rationem
3676 3366 3936 3434 exigant:

2416 3455 2661 3525 Ἐπειδὴ,
2694 3455 2885 3523 inquit,
2914 3455 2973 3507 τὸ
2995 3455 3118 3524 περὶ
3148 3456 3251 3509 τῶν
3276 3454 3513 3525 χιτώνων
3542 3458 3638 3526 τὴν
3667 3458 3939 3527 ἱστορικὴν

2404 3546 2654 3613 ἐκφεύγει
2680 3546 2926 3608 διάνοιαν,
2953 3546 3041 3597 καὶ
3069 3547 3354 3615 ἀναγωγῆς
3385 3546 3538 3614 λόγον
3571 3549 3807 3610 ἀπαιτεῖ,
3840 3557 3935 3601 etc.

2407 3654 2433 3722 ᾗ
2462 3650 2522 3706 ν.
2554 3652 2802 3706 Doctrina
2830 3654 2892 3706 de
2921 3653 3043 3716 Deo,
3077 3662 3124 3705 et
3153 3671 3271 3706 vera
3303 3654 3613 3709 manare/tia:
3633 3657 3826 3709 divina:
3866 3657 3938 3707 iu-

2595 3722 3000 3787 dole,'ndversus
3027 3724 3421 3789 polytheismum
3449 3726 3743 3791 gentilium.

2473 3811 2527 3864 In
2600 3811 2894 3881 fragmento
2950 3810 2995 3861 ll
3058 3813 3232 3877 operis
3304 3810 3709 3877 Ἀποκριτικῶν
3775 3812 3927 3866 Deum

2405 3903 2703 3956 rectissime
2734 3903 2804 3954 ita
2834 3900 3108 3962 describit,
3132 3900 3273 3967 quod
3305 3900 3453 3953 solus
3474 3902 3539 3953 sit
3565 3901 3830 3971 ἀγένητος
3856 3905 3934 3954 καὶ

2403 3990 2669 4053 δεσπόζων
2694 3989 2802 4040 τῶν
2828 3987 3084 4058 γενητῶν,
3110 4004 3209 4039 non
3235 3991 3435 4057 genitus
3465 3998 3512 4040 et
3542 3991 3595 4040 in
3615 4006 3725 4053 eos,
3749 3996 3837 4059 qui
3859 4010 3930 4060 gs-

2407 4083 2503 4134 niti
2525 4090 2662 4139 sunt,
2688 4081 2955 4146 imperium
2981 4079 3202 4141 habens;
3232 4087 3573 4147 mentemque
3602 4094 3757 4133 suam
3789 4086 3932 4149 paulo

2406 4181 2525 4239 post
2549 4170 2800 4223 disertius
2824 4170 3093 4238 explicans
3124 4168 3269 4223 addit
3299 4187 3310 4221 :
3341 4169 3469 4231 Θεὸς
3491 4169 3546 4220 δὲ
3581 4170 3739 4238 μόνος
3766 4174 3935 4242 ἄρχων

2408 4262 2500 4313 καὶ
2535 4259 2819 4330 μοναρχίαν
2845 4244 2978 4330 ἔχων
3004 4259 3141 4311 κατὰ
3171 4259 3420 4329 ἀλήθειαν
3451 4262 3695 4330 κυριεύει
3718 4263 3822 4313 τῶν
3852 4279 3938 4328 γε·

2409 4351 2599 4419 νητῶν,
2635 4350 2887 4419 ὑπάρχων
2918 4350 3170 4419 ἀγένητος
3191 4365 3203 4378 '
3250 4352 3436 4418 κρατεῖ
3475 4350 3582 4400 τῶν
3617 4352 3931 4419 κτισμάτων,

856 4556 1138 4635 (ξδῦζιλοεθ
1158 4559 1356 4635 Dillius;
1380 4560 1446 4635 αςι
1463 4558 1825 4635 Ῑξιερδιξιεηεηι
1843 4572 2031 4635 ,εοηῑνα
2047 4565 2302 4635 (tantilem.
2339 4571 2381 4624 D
2404 4584 2500 4623 oue
2522 4569 2655 4621 enim
2679 4567 2811 4635 quod
2842 4566 3207 4635 scriptumest,
3231 4525 3384 4632 alque
3413 4564 3465 4614 in
3492 4565 3774 4635 primaut
3807 4567 3923 4635 poti:

790 4622 910 4697 Yid.
931 4622 1103 4697 ‘Diss:
1117 4622 1293 4682 nostra
1332 4628 1368 4689 Ι,
1401 4630 1427 4697 §
1457 4630 1539 4680 16.
1576 4630 1686 4682 Sub
1715 4631 1926 4683 nomine
1958 4622 2158 4697 geniilis
2181 4649 2308 4686 vero

786 4694 1133 4772 Porphyrium
1191 4694 1424 4772 intelligi
1460 4707 1703 4772 tuln_cx_
1724 4699 1927 4750 ratione
1958 4694 2168 4772 'tetatis»,
2206 4716 2308 4772 qua

789 4766 1038 4835 scripsit,
1074 4774 1183 4818 tum
1236 4783 1297 4819 ex
1341 4768 1457 4820 aliis
1504 4767 1634 4820 locis
1681 4766 2095 4832 fragmentorum
2142 4770 2311 4835 ipsius

786 4833 1074 4885 verisimile
1104 4835 1355 4887 redditur.

856 4900 966 4968 (96)
1005 4899 1185 4953 Matth.
1219 4919 1382 4963 xxvii,
1414 4904 1506 4962 48;
1536 4904 1697 4964 Marc,
1728 4920 1813 4967 xv,
1845 4904 1935 4957 36.

856 4970 965 5038 (97)
1003 4969 1133 5021 Luc.
1168 4986 1318 5031 χχιιι,
1352 4972 1449 5030 36;
1475 4972 1627 5025 Joan.
1660 4989 1770 5036 χιιι,
1807 4974 1895 5027 ‘29.

855 5038 965 5105 (98)
1002 5038 1188 5089 Matth.
1218 5054 1389 5097 xxv",
1420 5040 1506 5105 54,
1531 5043 1632 5104 48;
1664 5043 1825 5096 Marc.
1862 5058 1947 5106 xv,
1985 5042 2070 5096 25.

856 5108 965 5175 (99)
1003 5106 1157 5159 Joau.
1191 5122 1296 5167 χιιι,
1327 5107 1418 5161 29,
2166 5152 2167 5155 η

858 5176 933 5249 (_l)
973 5176 1309 5249 Contrarium
1351 5175 1528 5249 potius
1568 5179 1757 5249 asserit
1801 5178 2066 5249 Macarius
2100 5179 2314 5249 Magnes

791 5243 842 5294 in
874 5244 1168 5309 fragmento
1203 5244 1240 5294 ll
1272 5259 1336 5295 ex
1378 5244 1526 5295 libris
1569 5245 1987 5311 Ἀποκριτικῶν,
2034 5254 2159 5302 dum
2188 5243 2263 5301 ait
2298 5269 2309 5302 :

790 5313 863 5388 Ut}
896 5312 995 5379 μὴν
1025 5311 1163 5388 λέξις
1188 5313 1442 5388 ονοματος
1479 5312 1679 5388 βεϐεκιόξ
1703 5315 1763 5388 το
1780 5316 2108 5388 ,λεγόμενονλ
2140 5319 2251 5369 ἀλλ’
2278 5321 2309 5388 ἡ

790 5378 943 5452 φύσις
975 5378 1063 5452 τοῦ
1098 5378 1408 5452 «pansam;
1442 5378 1593 5451 κὺροῖ
1622 5383 1715 5451 τὴν
1744 5378 2007 5452 ἁλήῠείαν.
2059 5386 2174 5437 Non
2202 5378 2313 5439 vero

792 5450 1010 5519 nominis
1049 5449 1323 5513 appellatio
1350 5449 1523 5502 verum
1550 5449 1693 5518 eﬂicit
1720 5453 1793 5512 id,
1817 5449 1949 5519 quod
1977 5457 2191 5518 dicitur,
2224 5457 2312 5509 sed

792 5515 905 5587 ipsa
936 5522 1007 5587 rei
1047 5528 1236 5567 natura
1252 5518 1501 5572 dictionis
1532 5515 1795 5572 veritatem
1827 5515 2118 5587 conﬁrmat.

861 5585 935 5650 (Ξ)
970 5586 1085 5649 Qua
1125 5586 1189 5638 de
1233 5600 1289 5636 re
1322 5587 1569 5653 legendus
1613 5592 1664 5641 in
1717 5585 2019 5655 primis-est
2049 5593 2315 5646 Arnobius

792 5652 883 5724 lib.
913 5668 943 5703 v
966 5655 1221 5724 Adversus
1250 5652 1450 5721 gentes,
1482 5673 1531 5723 p.
1569 5673 1639 5709 m.
1679 5652 1778 5710 179
1806 5673 1955 5724 seqq.
2002 5658 2185 5721 Erras,
2232 5662 2314 5712 in-

792 5722 1234 5793 quil,etglaberis,
1266 5722 1496 5789 satisque
1518 5736 1561 5775 te
1587 5743 1691 5777 esse
1716 5722 2029 5793 imperitum,
2054 5729 2313 5779 indoctum

794 5804 853 5841 ac
878 5791 1121 5842 rusticum
1153 5794 1263 5860 ipsa
1296 5808 1461 5844 rerum
1492 5791 1822 5848 insectatione
1848 5798 2187 5850 demonstras.
2210 5796 2315 5850 Ne-

2412 4650 2517 4690 tum
2546 4633 2809 4689 verboirum
2836 4635 3030 4701 fronte,
3060 4633 3114 4684 id
3140 4634 3467 4699 signiﬁcatur
3488 4644 3535 4701 et
3587 4633 3818 4695 dicitur,
3858 4634 3923 4686 sed

2412 4706 2703 4771 allegoricis
2737 4699 2964 4771 sensibus
2993 4713 3040 4753 et
3066 4702 3337 4771 subditicii
3376 4699 3740 4771 intelliguntur
3774 4704 3925 4771 omnia

2413 4775 2505 4824 illa
2518 4768 2750 4823 secretis.
2778 4770 2960 4836 Itaque
2980 4771 3065 4837 qui
3083 4770 3257 4833 dicit,t
3269 4768 3398 4821 Cum
3426 4784 3520 4819 sua
3542 4769 3823 4820 coneubuit
3846 4770 3929 4821 la-

2412 4844 2547 4907 piter
2573 4850 2755 4901 matre,
2780 4858 2795 4887 ι
2830 4854 2929 4890 non
2954 4840 3173 4889 incestas
3195 4839 3452 4907 signiﬁcat
3476 4845 3567 4907 aut
3602 4839 3933 4907 propudiosus

2426 4909 2633 4960 Veneris
2663 4908 3053 4971 complexiones,
3076 4908 3159 4959 sed
3182 4904 3359 4958 Jovem
3386 4919 3476 4970 pro
3500 4904 3699 4968 pluria,
3728 4922 3825 4971 pro
3850 4914 3933 4958 tci-

2414 4978 2524 5028 lure
2564 4977 2794 5027 Cererem
2822 4976 3082 5039 nominat,
3107 4986 3208 5029 etc.
3238 4972 3395 5025 Conf.
3424 4971 3793 5029 Theodoretus
3826 4993 3936 5027 con-

2415 5056 2495 5097 tra
2523 5043 2725 5096 Cra'cos
2744 5058 2907 5095 serm.
2941 5059 3021 5102 ιιι.
3049 5060 3102 5111 p.
3134 5044 3203 5095 44
3241 5056 3353 5111 seq.
3380 5058 3393 5103 ;
3425 5038 3529 5111 Jul.
3564 5039 3833 5096 Firmicus
3868 5043 3939 5094 De

2412 5130 2583 5166 errore
2628 5112 2831 5180 profari.
2864 5108 3201 5179 religionum,
3231 5110 3445 5180 aliique.
3479 5108 3619 5180 Quin
3664 5121 3715 5163 et
3766 5115 3935 5180 ipsum

2410 5177 2759 5249 Porphyrium
2796 5194 2898 5230 non
2936 5177 3042 5232 uno
3067 5181 3201 5232 libro
3237 5177 3445 5229 llomeri
3476 5178 3684 5249 tabulas
3732 5177 3938 5247 iniegu-

2417 5246 3043 5316 menta'pnestautiorum
3075 5263 3192 5302 esse
3238 5261 3455 5316 rerum,
3498 5246 3552 5298 in
3584 5249 3781 5314 quibus
3808 5246 3939 5312 dog-

2414 5331 2552 5373 mata
2576 5314 2640 5371 de
2662 5317 2769 5369 Deo
2793 5317 3056 5383 rebusque
3093 5315 3397 5383 cmlestibus
3423 5314 3641 5373 lateant,
3672 5317 3935 5375 docuissr,

2413 5390 2698 5441 ostendunt
2740 5380 3055 5447 Quwstiones
3084 5386 3198 5451 ejus
3240 5380 3561 5447 Homericis,
3612 5385 3826 5437 libellus
3866 5384 3938 5434 De

2412 5469 2560 5509 antro
2590 5458 2925 5533 nympharum
2962 5464 3025 5533 et.
3056 5451 3269 5529 Muralis
3304 5454 3941 5533 interpretatio-Terrorum

2418 5520 2648 5592 Ulyssis',
2703 5520 2813 5601 imo
2861 5524 3126 5601 peculiare
3171 5520 3285 5601 ejus
3312 5523 3590 5601 _volum'en
3640 5524 3791 5601 ’Περὶ
3834 5522 3942 5601 ,τῆς

2411 5589 2699 5662 ἀλῖηγορου
2710 5591 2867 5662 μένης
2899 5590 3157 5658 Ἑλλήνων
3183 5590 3274 5662 ita}:
3297 5589 3602 5655 Αἰγυπτίων
3637 5589 3907 5655 Οεολογίτις
3928 5628 3940 5647 .

2416 5664 2488 5714 De
2515 5657 2790 5726 allegorica
2815 5657 3108 5710 Urwcorum
3128 5666 3175 5709 et
3204 5657 3570 5726 Afgyptiorum
3598 5662 3873 5725 theologia,
3902 5672 3943 5707 si

2416 5732 2545 5783 ﬁdes
2590 5718 2814 5781 Eusebio
2859 5729 3097 5779 habenda
3142 5736 3238 5779 est.
3280 5718 3439 5779 cani.
3492 5718 3854 5782 Cudvrortli'us
3897 5730 3945 5776 ιιι

2417 5800 2703 5867 Systemate
2729 5795 3082 5861 intellectuali,
3106 5810 3155 5864 p.
3187 5810 3257 5850 m.
3284 5795 3404 5850 37L
