4094 6350
214 487 356 546 1585

1381 497 1655 554 ΝΟΤΠΊΑ
1693 499 1780 556 ΕΤ
1814 496 2253 556 FRAGMENTA.
2284 540 2286 542 -

3265 506 3402 563 ίῖῧσ

212 603 346 658 Cum
388 605 442 658 in
478 607 709 675 confesso
747 610 836 676 sit,
866 620 1069 664 naturae
1105 611 1292 667 divina:
1334 618 1613 684 participes
1656 634 1764 670 esse
1793 626 1837 680 Α
1864 618 2075 687 gentilis
2108 617 2494 686 philosophus;
2523 616 2786 672 Macarius
2816 626 3023 684 noster,
3052 620 3262 688 rejectis
3290 623 3400 678 da:-

210 695 424 762 angelos
475 697 711 766 (quibus
737 709 928 756 natura
961 717 1059 756 sua
1093 704 1294 758 similes
1327 721 1447 761 esse
1475 707 1608 762 deos
1631 723 1761 763 suos

209 782 433 837 Graecus
468 787 816 842 interlocutor
841 800 994 845 antea
1023 793 1358 860 jactitaverat
1377 795 1417 864 ),
1442 797 1500 860 ii,
1526 797 1616 866 qui
1641 797 1759 850 deos

205 873 357 925 cultu
388 877 704 930 convenienti
736 880 930 947 colunt,
958 900 1056 935 non
1089 883 1141 936 in
1164 884 1325 954 ligno,
1357 899 1446 941 aut
1486 903 1633 951 saxo,
1669 900 1758 941 aut

205 979 334 1025 tere,
373 982 435 1017 ea:
461 982 558 1034 quo
585 968 920 1022 simulacrum
953 974 1264 1039 fabricatum
1291 985 1385 1038 est,
1415 977 1574 1030 Deum
1597 981 1760 1032 inesse

203 1065 448 1108 statuunt
481 1073 498 1108 :
530 1074 688 1126 neque
716 1062 894 1125 iidem,
924 1065 971 1116 si
999 1072 1101 1133 qua
1133 1066 1215 1118 sui
1246 1078 1391 1134 parte
1418 1068 1613 1122 idolum
1646 1087 1760 1122 mu-

203 1147 421 1197 tila-tum
456 1147 545 1212 sit,
585 1148 680 1201 Dei
707 1151 869 1217 ipsius
901 1154 1081 1205 t'irtuti
1118 1158 1405 1207 detractum
1437 1157 1633 1226 aliquid
1664 1176 1759 1226 pu-

202 1245 340 1286 tant.
369 1234 511 1288 Nam
534 1243 889 1293 commonendi
918 1260 1075 1294 causa
1102 1253 1306 1297 statuas
1335 1255 1381 1298 et
1415 1247 1602 1315 templa
1628 1252 1759 1302 anti-

197 1325 290 1391 qui
311 1338 614 1392 posuerunt,
640 1341 692 1382 ut
740 1332 828 1398 qui
873 1332 1163 1401 frequenter
1187 1352 1244 1386 eo
1279 1341 1536 1389 accessuri
1569 1350 1756 1403 essent,

196 1416 264 1468 de
291 1416 399 1470 Deo
431 1421 735 1487 cogitarent,
762 1433 852 1474 aut
878 1426 1039 1476 otium
1073 1437 1276 1494 agentes
1303 1439 1351 1480 et
1381 1447 1409 1480 a
1441 1432 1640 1482 creteris
1665 1448 1755 1484 ne-

197 1509 354 1576 gotiis
382 1509 558 1575 feriati
583 1513 819 1578 precibus
860 1531 921 1567 ac
969 1516 1430 1583 supplicationibus
1468 1533 1752 1583 uterentur,

194 1612 281 1660 ea,
317 1597 506 1665 quibus
539 1600 845 1668 indigerent,
892 1605 1104 1672 quisque
1150 1618 1427 1672 poscentes.
1474 1608 1677 1661 Etenim
1701 1613 1747 1663 si

193 1687 313 1753 quis
351 1687 507 1737 amici
527 1687 801 1756 imaginem
825 1691 924 1742 sibi
960 1695 1186 1758 paravit,
1222 1711 1321 1747 non
1360 1698 1533 1764 utique
1573 1700 1625 1750 in
1655 1699 1749 1750 illa

197 1777 432 1827 amicum
459 1778 642 1840 inesse,
673 1794 831 1848 neque
855 1782 1082 1848 corporis
1115 1784 1277 1850 ipsius
1309 1797 1478 1848 partes
1509 1786 1753 1855 imaginis

195 1868 439 1932 partibus
487 1870 684 1921 includi
717 1881 886 1938 putat,
918 1874 1007 1924 sed
1047 1891 1137 1942 per
1179 1877 1454 1945 imaginem
1494 1880 1753 1933 declarari

195 1974 356 2010 suam
398 1977 518 2028 erga
546 1963 770 2014 amicum
811 1967 1206 2020 obscrrantiam.
1230 1967 1426 2022 Oblata
1451 1981 1622 2023 autem
1649 1973 1749 2023 diis

191 2049 461 2115 sacriﬁcia
488 2067 588 2102 non
614 2061 719 2104 tant
758 2052 940 2106 honori
966 2057 1028 2107 iis
1068 2073 1195 2120 esse,
1225 2074 1382 2126 quam
1413 2060 1641 2113 indicare
1663 2062 1748 2130 af-

197 2137 391 2190 fectum
425 2156 621 2206 eorum,
652 2144 739 2211 qui
768 2147 1088 2212 sacrificant,
1133 2156 1179 2199 et
1223 2149 1454 2201 animum
1479 2167 1599 2219 erga
1626 2153 1748 2205 deos

193 2243 300 2279 non
325 2229 608 2295 ingratum.
642 2231 948 2286 Hominibus
987 2253 1102 2288 vero
1135 2238 1420 2291 simulacra
1449 2240 1544 2292 illa
1570 2242 1749 2296 habitu

191 2318 392 2369 similia
414 2335 521 2371 esse
543 2322 797 2386 probabili
839 2326 1056 2388 ratione,
1103 2329 1226 2396 quia
1255 2330 1405 2380 homo
1438 2332 1749 2386 animalium

190 2410 593 2475 pulcherrimus,
620 2423 666 2465 et
693 2413 862 2482 imago
894 2415 986 2467 Dei
1012 2434 1120 2469 esse
1147 2431 1398 2473 censetur.

267 2495 294 2564 §
332 2494 398 2548 Χ.
441 2494 716 2565 Porphyrii
738 2499 851 2552 loca
879 2503 940 2552 de
964 2505 1260 2556 simulacris
1285 2509 1675 2564 examinantur.

260 2585 416 2650 Quod
468 2586 512 2638 si
563 2587 674 2642 lucc
701 2589 816 2656 ipsa
851 2607 993 2645 nunc
1019 2592 1359 2648 conferamus
1383 2613 1503 2650 cum
1534 2600 1597 2651 iis
1627 2614 1745 2666 quae

188 2672 578 2746 Eusebius-(8)
629 2692 695 2730 ex
740 2680 1014 2746 deperdito
1056 2681 1334 2752 Porphyrii
1384 2687 1561 2742 libello
1607 2690 1742 2754 Περὶ

184 2763 564 2831 ἀγαλμάτων,
618 2766 686 2820 de
736 2771 930 2823 statuis
982 2771 1094 2825 sive
1143 2773 1466 2843 imaginibus
1517 2778 1742 2833 deorum

184 2855 654 2919 commemoravit,
695 2872 920 2926 quasque
967 2859 1018 2915 J.
1068 2861 1313 2918 Stobaeus
1341 2866 1418 2936 (9)
1465 2869 1645 2922 itidem
1677 2884 1741 2922 ex

183 2946 378 2998 eodem
431 2949 630 3016 scripto
677 2952 938 3017 servavit;
969 2964 1212 3008 exactam
1246 2958 1432 3025 utique
1468 2961 1744 3013 sentcntiae

182 3037 618 3091 convenientiam
684 3051 843 3109 atque
905 3043 1392 3112 interpretationem
1451 3047 1740 3104 Macariani

189 3125 500 3195 philosophi
524 3130 699 3196 verbis
732 3134 875 3186 haud
902 3135 1129 3188 multum
1173 3137 1469 3192 absimilem
1497 3143 1740 3194 animad-

1860 725 2078 763 monum
2128 709 2463 771 simulacris,
2509 711 2866 779 damnatoque
2919 713 3196 780 gentilium
3255 717 3402 768 cultu

1858 799 2216 852 communiter
2268 799 2458 852 iisdem
2519 801 2796 867 praestito,
2842 803 3004 855 verba
3053 803 3250 865 Mosis,
3287 805 3400 858 Diis

1859 905 1958 940 non
1990 889 2282 954 maledicas,
2315 889 2483 943 Exodi
2513 906 2644 953 χχιι,
2670 891 2758 954 28,
2790 907 2818 944 a
2842 891 3053 946 detorta”
3083 894 3401 963 interpreta-

1860 978 2002 1030 tione
2030 977 2318 1032 adversarii
2339 965 2607 1042 ‘vindicat,
2640 994 2737 1033 nec
2760 980 2825 1033 de
2851 979 3152 1034 simulacris
3178 984 3403 1038 deorum

1858 1070 1969 1122 ullo
2001 1068 2158 1123 modo
2204 1083 2266 1122 ea
2300 1068 2637 1138 intelligenda
2669 1066 2788 1123 esse
2817 1069 3148 1124 demonstrat
3181 1089 3194 1125 :
3228 1073 3404 1141 siqui-

1857 1159 1976 1212 dem
2012 1157 2114 1211 diis
2148 1173 2310 1212 sensu
2341 1157 2647 1211 carentibus
2681 1158 2922 1211 maledici
2951 1173 3056 1211 non
3087 1160 3278 1226 possit,
3306 1178 3407 1221 nec

1858 1263 1944 1302 res
1969 1248 2262 1300 inanimata
2301 1245 2697 1300 benetlicentem
2745 1243 2988 1311 hbuoret,
3037 1263 3134 1302 nec
3176 1252 3401 1304 maledi-

1857 1348 2063 1391 centem
2102 1338 2408 1391 ulciscatur.
2440 1335 2692 1404 Spectant
2722 1337 2828 1391 huc
2848 1338 3118 1407 sequentia
3143 1339 3402 1410 Magnetis

1857 1427 2026 1480 nostri
2073 1427 2232 1479 verba
2269 1446 2282 1480 :
2317 1427 2431 1480 Κᾶν
2459 1428 2744 1497 ἀγάλματα
2777 1431 2922 1497 φωνῇ
2952 1430 3044 1480 καὶ
3071 1428 3195 1498 δοκῇ
3227 1430 3400 1482 διαλέ-

1855 1516 2061 1582 γεσθαι,
2096 1517 2227 1585 μηδὲ
2260 1514 2467 1578 τούτοις
2505 1518 2667 1588 τιμὴν
2712 1517 2863 1579 ἀξίαν
2897 1517 3207 1588 προπίωμεν
3233 1533 3246 1549 ⁸
3283 1519 3401 1586 μηδ’

1855 1606 1920 1657 ἂν
1947 1605 2074 1676 λέγῃ
2108 1605 2370 1674 Μωῦσῆς·
2400 1605 2578 1670 Θεοὺς
2609 1609 2680 1660 οὐ
2707 1608 3153 1676 κακολογήσας,
3183 1608 3254 1678 μὴ
3279 1612 3403 1680 περὶ

1852 1687 2052 1748 τουτων
2097 1694 2128 1766 ἢ
2171 1697 2388 1760 τούτους
2420 1697 2663 1766 εἰρῆσθαι
2708 1697 3030 1768 νομίσωμεν.
3051 1700 3270 1752 Ἐκεῖνοι
3295 1701 3401 1770 γὰρ

1854 1786 1985 1846 θεοὶ,
2014 1786 2145 1855 πρὸς
2173 1787 2263 1849 οὓς
2285 1790 2312 1840 ὁ
2331 1787 2484 1854 λόγος
2505 1786 2597 1839 τοῦ
2626 1786 2759 1838 Θεοῦ
2790 1790 3022 1855 ἐγένετο,
3055 1791 3238 1860 ὥσπερ
3265 1795 3402 1843 ἐκεῖ·

1854 1892 1930 1926 νοι
1959 1875 2165 1944 Θερμοὶ,
2195 1875 2285 1938 οὓς
2314 1876 2373 1927 τὸ
2399 1875 2507 1946 πῦρ
2531 1875 2811 1946 ἐθέρμανε.
2843 1878 2975 1930 Θεοῦ
3019 1879 3073 1932 δὲ
3103 1879 3252 1946 λόγος
3278 1880 3401 1933 οὔτε

1782 1940 1824 1998 Β
1853 1966 2014 2028 λίθοις
2045 1967 2170 2018 ποτὲ
2202 1965 2322 2018 οὔτε
2356 1955 2524 2028 ξύλοις
2560 1969 2836 2037 ὲνήχησεν,
2862 1969 2980 2021 οὐδὲ
3006 1972 3120 2033 τοῖς
3147 1969 3426 2040 ἀναισθή-⁴

1851 2074 1960 2118 τοις
1993 2057 2236 2126 αἴσθησιν
2262 2059 2609 2127 ἐχορήγησεν.
2644 2057 2952 2110 Simulacris
2984 2071 3176 2124 autem,
3207 2078 3265 2113 ne
3287 2064 3401 2129 qui-

1851 2150 1967 2200 dem
2009 2151 2053 2200 si
2094 2151 2295 2201 vocalia
2335 2151 2462 2212 sint,
2493 2167 2553 2201 ac
2587 2151 2892 2203 ratiocinari
2918 2151 3212 2214 videantur,
3239 2153 3405 2217 hono-_

1851 2254 1956 2290 rem
2001 2239 2166 2290 ullum
2204 2255 2378 2292 verum
2413 2239 2705 2307 deferamus
2737 2254 2754 2291 :
2784 2256 2872 2291 nec
2905 2241 2949 2293 si
2989 2240 3157 2313 Moses
3213 2243 3397 2293 dicat:
3477 2234 3480 2243 ⁷

1856 2347 1872 2376 ι
1903 2327 2016 2379 Diis
2042 2344 2141 2379 non
2170 2329 2464 2392 maledicas,
2501 2345 2516 2375 ›
2548 2328 2678 2380 illud
2700 2330 2762 2380 de
2787 2331 2886 2391 his,
2917 2331 2992 2382 vel
3013 2332 3102 2382 hos
3125 2332 3260 2400 ipsos
3293 2333 3399 2384 dici

1847 2418 2218 2470 existimemus.
2254 2417 2394 2470 Nam
2440 2420 2479 2469 ii
2520 2420 2599 2478 dii
2644 2430 2785 2485 sunt,
2812 2421 2879 2473 ad
2916 2438 3041 2488 quos
3066 2423 3272 2474 verbum
3303 2423 3397 2475 Dei

1845 2507 2074 2558 delatum
2106 2519 2203 2569 est,
2246 2518 2302 2559 ut
2351 2509 2390 2560 ii
2431 2508 2589 2561 calidi
2633 2520 2774 2575 sunt,
2803 2527 2929 2576 quos
2972 2513 3105 2578 ignis
3136 2515 3392 2580 calefacit.

1861 2588 2075 2642 Verbum
2105 2602 2277 2644 autem
2309 2593 2400 2645 Dei
2435 2610 2589 2662 neque
2634 2597 2688 2647 in
2711 2603 2853 2650 saxis
2883 2615 3129 2666 unquam,
3156 2615 3312 2666 neque
3340 2604 3394 2653 in

1844 2681 1999 2749 lignis
2031 2682 2281 2745 insonuit,
2314 2699 2471 2751 neque
2499 2685 2827 2738 insensilibus
2864 2703 3065 2739 sensum
3100 2689 3299 2743 tribuit.
3331 2691 3395 2746 Et

1843 2774 2028 2841 paucis
2061 2771 2355 2842 interjectis
2387 2776 2534 2828 addit
2568 2794 2580 2829 :
2615 2778 2849 2845 Μωῦσῆς
2881 2775 2969 2830 οὖν
2999 2782 3094 2832 οὐκ
3134 2777 3390 2853 diva-mili;-

1842 2881 1964 2926 τους
2001 2863 2145 2930 λέγει
2185 2865 2589 2932 κακολογεῑσθαι
2617 2866 2788 2930 θεούς.
2821 2869 2883 2919 Τί
2917 2871 3019 2938 γὰρ
3049 2868 3106 2921 τὸ
3137 2873 3393 2943 ἀναίσθη-

1841 2971 1930 3007 τον
1976 2955 2430 3025 κακολογούμενον
2477 2958 2624 3026 παρά
2660 2957 2797 3020 τινός
2833 2977 2959 3012 ποτε
2991 2960 3388 3032 λυπηθήσεταις

1832 3028 1940 3106 Τίς
1975 3045 2017 3097 δ’
2049 3045 2218 3107 οὕτως
2251 3046 2400 3109 ὲνεὸς,
2422 3048 2514 3100 καὶ
2541 3049 2811 3116 φλήναφος
2844 3051 2932 3103 καὶ
2966 3050 3142 3122 μωρὸς
3167 3057 3388 3107 κακολοια

1840 3140 1954 3202 γεῖν
1994 3139 2165 3189 ἐκεῖνο
2196 3137 2254 3189 τὸ
2293 3137 2365 3207 μὴ
2404 3137 2690 3206 δυνάμενον
2725 3138 2788 3190 δι’
2816 3136 2949 3209 ὕλης
2978 3143 3272 3216 νεκρότητα
3297 3148 3392 3216 τῆς

184 3223 403 3268 vertere
438 3216 491 3268 in
516 3218 754 3286 'proclivi
779 3222 898 3276 erit.
929 3224 1006 3277 lbi
1034 3226 1174 3277 enim
1204 3227 1368 3282 tutius
1393 3228 1621 3283 instituti
1653 3247 1739 3284 ra-

1843 3226 2159 3293 κακολογίας
2188 3226 2454 3295 διακρῖναι
2483 3226 2577 3296 τὴν
2606 3226 2795 3298 ὖ6ριν;
2829 3231 2985 3284 Ὅθεν
3015 3234 3132 3285 οὐδὲ
3163 3236 3272 3287 θεοὶ
3297 3231 3391 3288 ὀὐ-

190 3303 398 3358 tionem
432 3306 502 3359 ita
537 3311 771 3378 exponit,
798 3328 856 3367 se
900 3315 1094 3370 divina
1139 3318 1411 3386 sapientiae
1457 3335 1650 3375 sensus
1688 3332 1740 3376 et

181 3393 414 3448 consilia
443 3401 835 3466 expositurum,
865 3404 1062 3473 quibus
1106 3405 1272 3459 Deum
1307 3418 1360 3462 et
1391 3411 1737 3480 multiplicem

187 3486 282 3540 Dei
331 3487 437 3540 vim
486 3499 646 3558 atque
679 3503 992 3560 potestatem
1037 3495 1358 3564 imaginibus
1393 3503 1573 3553 sensui
1603 3517 1736 3555 con-

181 3577 505 3642 gruentibus
536 3579 841 3635 indicarunt
869 3583 925 3644 ii,
973 3584 1064 3652 qui
1105 3599 1190 3639 res
1221 3586 1517 3642 invisibiles
1546 3592 1736 3644 visibi-

181 3665 330 3718 Iibus
360 3666 664 3722 simulacris
696 3672 746 3721 in
768 3686 955 3724 eorum
983 3674 1207 3741 gratiam
1234 3688 1620 3743 expresserunt
1641 3681 1733 3747 qui

179 3745 369 3822 prima
386 3755 451 3809 de
481 3756 582 3810 diis
605 3758 864 3812 elementa
894 3776 1188 3831 eorumque
1212 3764 1507 3820 doctrinam
1529 3783 1593 3822 es
1626 3778 1735 3822 sta-

180 3845 296 3898 tuis
329 3855 580 3917 tanquam
601 3862 664 3902 ex
690 3849 883 3905 libellis
910 3837 1136 3906 recitare
1163 3855 1479 3910 didicerant.
1515 3858 1733 3926 Θαυμα-

180 3934 310 3986 στὸν
351 3934 408 3988 δὲ
456 3936 624 4000 οὐδὲν,
658 3941 848 4008 pergit,
880 3941 1009 4004 ξύλα
1055 3943 1144 3994 καὶ
1188 3942 1363 4005 λίθους
1393 3946 1636 4013 ἡγεῖσθαι
1665 3949 1730 4001 τὰ

179 4024 348 4089 ξόανα
372 4029 495 4090 τοὺς
527 4029 946 4099 ἀμαθεστάτους,
975 4033 1200 4102 καθὰ-δὴ
1226 4035 1317 4086 καὶ
1341 4035 1445 4088 τῶν
1470 4039 1719 4108 γραμμά-

175 4131 289 4165 των
333 4116 383 4166 οἱ
426 4116 655 4187 ἀνόητοι,
699 4119 874 4183 λίθους
908 4123 1006 4190 μὲν
1035 4123 1198 4191 ὁρῶσι.
1223 4123 1321 4186 τὰς
1354 4125 1569 4190 στήλας,
1601 4128 1730 4192 ξύλα

176 4206 237 4257 δὲ
288 4207 386 4269 τὰς
439 4209 668 4274 δέλτους,
719 4211 1087 4283 ὲξυφασμένην
1134 4213 1189 4265 δὲ
1234 4215 1477 4286 πάπυρον
1511 4218 1605 4280 τὰς
1651 4220 1728 4286 βέ-

112 4292 115 4294 ’
177 4296 360 4358 ὅλους.
400 4296 594 4352 Mirum
636 4303 797 4355 videri
840 4321 940 4356 non
969 4303 1135 4368 debet,
1162 4305 1209 4358 si
1249 4304 1411 4374 ligna,
1444 4307 1490 4359 si
1526 4307 1723 4373 lapides

175 4387 469 4447 simulacra
512 4391 725 4442 deorum
755 4409 864 4446 esse
898 4394 1126 4445 homines
1153 4395 1532 4460 imperitissimi
1579 4398 1721 4448 arbi-

177 4486 405 4536 trentur,
441 4480 650 4543 perinde
677 4498 802 4535 sane
837 4494 892 4536 ut
935 4485 992 4545 ii,
1029 4486 1115 4546 qui
1149 4485 1297 4537 rudes
1329 4487 1597 4554 ignarique
1631 4486 1721 4537 lit-

1840 3314 1896 3364 δὲ
1941 3313 2187 3380 αἴσθησιν
2234 3314 2440 3381 ἔχοντες
2476 3307 3096 3388 προπηλακισθήσονται,
3127 3323 3233 3374 οὐδ’
3259 3322 3389 3392 cipi-

1837 3402 2015 3452 νονταί
2062 3417 2179 3453 τινα
2222 3404 2399 3472 νεκροὶ
2438 3404 2534 3473 τὴν
2568 3407 2726 3476 φύσιν
2774 3408 2922 3472 ὄντες
2971 3411 3063 3462 καὶ
3103 3412 3191 3464 τὸν
3235 3412 3388 3478 λόγον

1836 3493 2095 3562 ἀκίνητοι.
2147 3492 2315 3568 Moses
2364 3496 2536 3564 itaque
2574 3498 2673 3548 diis
2710 3514 2859 3550 sensu
2901 3501 3192 3552 carentibus
3233 3508 3386 3555 mule-

1834 3583 1939 3634 dici
1981 3599 2126 3649 posse
2162 3601 2262 3635 non
2298 3597 2488 3639 censet.
2521 3587 2660 3640 Nam
2699 3589 2835 3656 quod
2878 3605 3027 3641 sensu
3066 3601 3223 3656 caret,
3253 3610 3385 3661 quo—

1835 3674 1985 3725 modo
2010 3675 2082 3740 id,
2115 3677 2160 3727 si
2181 3678 2297 3745 quis
2322 3681 2370 3730 ei
2394 3680 2690 3742 maledicat,
2720 3667 2942 3749 unquam
2972 3683 3257 3736 doliturum
3277 3687 3382 3739 est?

1834 3765 1962 3828 Quis
1992 3782 2106 3818 vero
2140 3769 2267 3820 adeo
2296 3770 2555 3836 stupidus,
2583 3770 2760 3836 fatuus
2789 3789 2850 3824 ac
2877 3773 3088 3840 stultus,
3126 3785 3183 3827 ut
3225 3779 3385 3830 male-

1831 3843 1971 3908 dicat
1997 3854 2078 3908 illi
2106 3858 2179 3910 rei
2203 3874 2342 3925 qum,
2370 3859 2494 3924 quia
2538 3861 2755 3912 materia
2782 3874 2984 3918 constat
3007 3876 3232 3931 mortua,
3265 3886 3385 3921 con-
3449 3925 3456 3933 _

1832 3946 2098 4000 tumeliam
2151 3947 2414 3999 maledicti
2447 3948 2735 4018 intelligere
2759 3969 2860 4005 non
2887 3959 3092 4022 potest?
3116 3956 3395 4022 Quamob-P

1830 4053 1938 4090 rem
1981 4029 2071 4090 nec
2117 4038 2194 4089 dii
2237 4052 2387 4090 sensu
2430 4051 2661 4094 carentes
2710 4048 3046 4100 contumelias
3090 4035 3386 4117 patientur,

1827 4141 1917 4178 nec
1960 4137 2263 4194 quemquam
2294 4127 2630 4196 ulciscentur,
2669 4144 2858 4186 natura
2901 4153 2998 4189 sua
3041 4142 3235 4191 mortui
3256 4156 3374 4193 cum

1825 4218 1926 4268 sint
1948 4226 1995 4268 et
2022 4217 2323 4273 immobiles.
2359 4219 2604 4276 Julianus
2636 4226 2909 4292 Apostata,
2941 4243 3097 4294 quem
3131 4228 3378 4301 Porphy-

1824 4307 1890 4357 rii
1932 4307 2149 4375 vestigia
2200 4307 2508 4377 lrequenter
2546 4312 2740 4381 legisse
2770 4316 2992 4384 ejusque
3036 4320 3245 4386 placitis
3277 4322 3370 4371 lir-

1823 4395 1977 4448 mitcr
2002 4395 2279 4450 inluesisse
2310 4409 2544 4464 consmt,
2593 4405 2770 4458 verbis
2817 4406 3082 4475 Mosaicis,
3120 4412 3234 4466 Diis
3266 4430 3369 4469 non

1822 4485 2113 4548 maledices,
2133 4490 2377 4542 eumdem
2412 4492 2568 4559 plane
2597 4494 2856 4550 absonum
2889 4489 3105 4555 sensum
3134 4507 3370 4560 atliuxis-

174 4577 432 4633 terarum,
460 4571 632 4636 cippos
660 4574 863 4638 quidem
893 4591 993 4626 non
1031 4575 1185 4627 aliter
1226 4592 1285 4627 ac
1320 4576 1537 4644 lapides,
1571 4577 1721 4627 tubu-
1749 4573 1794 4631 Ι)
1822 4590 1880 4628 se
1922 4576 2153 4641 videtur,
2205 4595 2324 4633 cum
2378 4583 2714 4642 Christianos
2766 4601 2994 4647 mentem
3046 4594 3367 4664 legislatoris

170 4657 258 4710 las
285 4673 400 4710 vero
431 4673 532 4709 non
574 4675 715 4710 secus
754 4668 907 4728 atque
939 4663 1101 4731 ligna,
1134 4663 1292 4716 libros
1327 4666 1541 4738 denique
1567 4667 1718 4733 quasi

171 4757 470 4800 contextam
496 4763 748 4815 papyrum
774 4753 1056 4807 intuentur.

322 4861 348 4930 ᾗ
377 4859 465 4912 XI.
512 4859 1043 4933 Magnetisresponsio
1070 4867 1137 4917 ad
1162 4866 1493 4933 objectionem
1515 4879 1578 4920 ea:

594 4930 761 4980 Exod.
791 4946 925 5000 χχιι,
950 4934 1036 4993 28,
1062 4930 1298 5000 petitam.

211 5016 452 5079 ,Novum
479 5020 938 5085 ergo'przcsidiutn
968 5021 1182 5076 insulsa:
1210 5026 1478 5091 opinionis
1507 5026 1570 5078 de
1600 5026 1712 5079 cul-

171 5117 230 5160 tu
265 5108 672 5161 simulacrorum
723 5124 842 5161 cum
895 5109 948 5160 in
998 5112 1166 5164 sacris
1209 5114 1397 5166 litteris
1450 5125 1710 5182 quaereret

211 5262 322 5380 7(8)
369 5263 601 5332 Prtepar.
633 5281 808 5334 evang.
856 5265 946 5320 lib.
983 5279 1060 5328 nl,
1113 5279 1230 5332 cap.
1269 5266 1298 5317 7
1327 5282 1501 5338 seqq.,
1545 5271 1596 5337 p.
1632 5285 1704 5322 nt.

274 5347 421 5380 Sﬂﬂl‘l.

170 5331 242 5382 97
274 5347 421 5386 sequ.

446 5400 651 5468 Eclogis
670 5403 892 5469 physicis
920 5416 946 5454 a
974 5400 1233 5453 Gulielmo
1264 5396 1495 5456 Cantero
1525 5405 1702 5466 editis,

166 5465 267 5540 lib.
311 5482 348 5529 ι,
376 5485 425 5521 c.
446 5470 504 5540 _l,
533 5465 818 5540 113910st
842 5472 930 5523 καὶ
955 5471 1108 5522 Os.in
1126 5511 1139 5534 ,
1174 5471 1261 5540 ubi
1295 5473 1498 5539 primus
1526 5474 1702 5524 statim

168 5533 343 5596 locus,
367 5537 459 5601 qui
486 5540 536 5590 in
564 5533 878 5593 Canteriana
901 5533 1430 5601 ριιίιίοιιεάδέστξοτος
1461 5541 1702 5600 habetur,

164 5617 230 5686 es
259 5601 534 5686 Porphyrii
566 5609 700 5686 libro
727 5611 858 5686 [legi
894 5609 1237 5686 ᾀγαλμάτων
1266 5609 1578 5686 desumptus
1601 5620 1700 5686 est.

167 5679 243 5720 uti
294 5685 361 5722 ex
398 5682 536 5725 insto
587 5677 776 5730 διοὺωὶ
813 5676 1062 5731 Vaticano
1111 5686 1259 5730 notat
1304 5676 1614 5730 Holstenius
1650 5683 1700 5730 in

177 5736 296 5790 Vita
322 5739 618 5811 liorphyiji,
648 5760 763 5811 cap.
801 5745 882 5797 10.
909 5747 982 5798 Ita
1013 5763 1138 5800 vero
1159 5762 1275 5801 sese
1308 5747 1464 5799 habet
1495 5747 1594 5800 iste
1626 5747 1703 5799 lo—

90 5817 95 5822 '
159 5821 262 5862 cus
294 5824 306 5860 :
343 5809 473 5870 Ζεὺς
502 5806 613 5861 ίοῦν
641 5806 806 5876 size;
845 5816 1062 5883 κόσμος,
1112 5816 1245 5878 ζῶον
1291 5818 1354 5867 ὲκ
1403 5813 1573 5880 ζώων,
1608 5818 1700 5869 καὶ

473 5903 738 5966 ΡΑτιιοι..
773 5906 887 5966 Gn.

1817 4669 2164 4735 pervertisse,
2201 4679 2254 4724 et
2309 4671 2621 4727 detestanda
2671 4676 2873 4731 scelere
2919 4691 3083 4749 atque
3141 4687 3366 4742 audacia

1814 4771 2026 4810 omnem
2096 4759 2406 4827 religionem
2449 4764 2784 4818 multitudini
2829 4768 3080 4824 adimere
3127 4776 3366 4833 voluisse

1813 4846 2145 4910 criminatur,
2172 4849 2297 4902 dum
2351 4866 2413 4904 ex
2464 4867 2549 4917 eo,
2577 4855 2718 4923 quod
2751 4871 2851 4909 non
2885 4859 2954 4911 sit
2981 4859 3084 4914 diis
3123 4865 3359 4922 servien-

1811 4934 1961 4999 dum,
1994 4927 2328 5004 Consequens
2354 4953 2474 4993 esse
2503 4951 2799 5008 statuerint,
2834 4948 2977 5014 quod
3008 4950 3113 5004 diis
3144 4953 3214 5006 sit
3238 4969 3357 5008 ma-

1811 5025 2142 5078 lcdicendum
2177 5026 2308 5095 (10).
2345 5026 2540 5085 Verum
2587 5045 2935 5104 praeterquam
2981 5041 3125 5106 quod
3173 5043 3354 5097 divino

1811 5114 2100 5184 legislatori
2134 5120 2470 5184 apertissime
2501 5139 2677 5179 sermo
2725 5126 2795 5179 sit
2838 5125 2903 5180 de
2951 5132 3352 5200 magistratibus

1808 5266 1925 5329 θεὸς
1949 5270 2012 5356 ξκ
2039 5268 2195 5354 θεῶν⁸
2235 5272 2367 5356 Zeis;
2405 5276 2458 5328 δὲ
2497 5280 2586 5356 κμὶ
2612 5279 2740 5356 stabo
2768 5280 2904 5356 νοῦς,
2936 5284 3028 5351 ἀφ’
3060 5280 3117 5337 οὗ
3148 5289 3349 5356 προφέ-

1808 5353 1890 5418 pst
1916 5338 2108 5418 πάνῖσ,
2134 5341 2214 5392 ὅτι
2236 5342 2545 5418 δημιουργξῖ
2568 5351 2674 5418 τοῖς
2698 5338 3056 5418 νοήμασιν,’κ.
3081 5371 3129 5406 τ.
3167 5338 3213 5406 λδ.
3253 5338 3349 5409 In}-

1804 5405 1938 5480 piter
1965 5408 2167 5472 quidem
2194 5405 2330 5464 totus
2356 5405 2573 5466 mundus
2598 5405 2810 5480 dicitur;
2843 5405 3040 5472 animal
3059 5405 3345 5479 exanima-

1803 5473 1959 5552 libus,
1991 5485 2038 5525 et
2069 5493 2254 5531 numen
2303 5497 2366 5533 ex
2413 5485 2705 5560 numinibus
2745 5473 3106 5560 compositum;
3138 5473 3345 5560 Jupiter

1803 5543 1960 5630 etiam
2003 5559 2241 5625 suprema
2281 5567 2438 5610 mens,
2477 5554 2649 5630 omnia
2680 5543 2983 5630 producens,
3013 5543 3341 5630 quando'qui-

1803 5610 1916 5694 dem
1968 5614 2142 5690 omnia
2187 5623 2530 5694 suntﬂmentis
2576 5610 2749 5694 opera,
2782 5638 2882 5678 etc.
2933 5610 3077 5688 Quas

1803 5680 1958 5765 verlba
2019 5682 2238 5765 ipsemet
2297 5685 2565 5765 Eusebius-
2600 5680 2833 5758 l’razpar.
2891 5680 3068 5763 evang.

1801 5762 1848 5799 c.
1878 5749 2130 5824 ii,__p.__i_n_.
2169 5755 2288 5816 101,
2317 5755 2604 5824 Porphyt'io
2632 5749 2833 5814 auctori
2870 5749 3127 5819 attribuit.

1872 5815 1976 5886 (10)
2017 5816 2307 5875 Videantur
2387 5815 2540 5877 verba
2611 5826 2806 5885 Juliani
2874 5815 3340 5906 apudFC-yriilum

2853 5925 2990 6010 at
