4094 6350
699 359 834 414 I387

1950 347 2299 404 MACARIUS
2337 348 2636 410 MAGNES.

3646 355 3649 357 ’
3744 358 3864 411 1538

693 485 745 529 tt
778 444 1103 543 principibus
1137 471 1564 552 populi,_rquibus
1594 479 1844 538 tanquam
1875 470 1976 523 diis
2003 470 2054 522 in
2090 478 2230 523 terra
2263 474 2300 528 Α
2334 469 2445 537 Ipsi
2468 470 2652 537 quippe
2680 484 2731 520 se
2760 469 2896 536 ipsos
2929 471 3060 522 satis
3091 469 3353 533 lnrserunt,
3377 487 3494 522 cum
3522 471 3746 537 primum
3775 480 3865 525 im-

694 562 1256 620 malediccndumesse
1283 570 1443 622 vetat,
1475 559 1618 614 conf.
1643 561 1760 614 Act.
1797 575 1949 622 unt,
1974 561 2039 625 5;
2067 560 2233 628 aptis-

693 654 831 708 sime
861 653 1077 708 omnino
1104 667 1170 705 ex
1199 661 1375 706 meme
1405 649 1701 720 gentilium,
1722 651 1814 720 qui
1842 651 1954 705 haec
1977 651 2042 704 ad
2069 650 2234 704 simu-

692 744 839 797 lacra
872 730 1086 797 deorum
1128 741 1426 804 trahebant,
1458 739 1668 794 Juliano
1695 739 1980 808 respondet
2000 737 2232 809 Cyrillus

689 830 1081 890 Alexandrinus
1112 833 1282 903 (ωτι
1301 832 1563 888 Caeterum
1594 832 1728 885 sciat
1756 818 1944 901 legem,
1977 830 2086 884 imo
2107 843 2234 885 vero

691 927 824 996 legis
852 924 1157 986 Dominum,
1183 921 1437 979 lsraelitis
1455 923 1642 992 jubere
1664 929 1724 975 ut
1746 935 1868 974 aras
1894 927 2152 981 evertant.
2179 927 2234 973 et

689 1029 798 1069 una
830 1030 953 1074 cum
985 1013 1195 1081 templis
1220 1012 1503 1066 simulacra
1537 1011 1876 1086 comburunt,
1903 1008 2062 1062 sicuti
2087 1007 2232 1068 seri-

688 1114 837 1175 plum
875 1103 931 1160 in
958 1103 1377 1158 Deuteronomio
1400 1119 1545 1174 icap.
1564 1117 1663 1164 xu,
1695 1101 1746 1164 l,
1775 1101 1833 1163 2,
1866 1099 1917 1152 5.
1946 1095 2080 1150 Hinc
2111 1111 2230 1165 per-

687 1195 764 1265 git
798 1195 887 1247 :'O
919 1175 1117 1264 βωμοῖς
1157 1193 1249 1244 καὶ
1291 1189 1564 1260 τεμένεσιν
1587 1189 1866 1258 ὲπιθήγων
1886 1187 1977 1240 τὸν
2016 1185 2228 1255 Ἰσραὴλ

685 1270 880 1354 χρῆναί
922 1301 981 1336 τε
1024 1284 1196 1351 λέγων
1246 1285 1370 1347 τοὺς
1417 1287 1472 1337 ὲν
1517 1284 1696 1346 αὐτοῖς
1745 1279 2225 1351 καταπιμπρᾶσθαι

685 1371 858 1434 θεοὺς,
873 1371 973 1442 ἔφη
989 1370 1072 1434 ἂν,
1091 1371 1209 1424 εἰπέ
1229 1389 1336 1442 μοι,
1353 1373 1476 1442 περὶ
1489 1372 1682 1434 αὐτῶν,
1699 1371 1877 1436 Θεοὺς
1891 1373 1959 1423 οὐ
1980 1374 2223 1424 κακολο-

682 1456 910 1524 τήσεις,
952 1475 1004 1509 κ.
1039 1475 1088 1516 τ.
1122 1457 1169 1510 λ.
1199 1459 1299 1522 Qui
1346 1461 1398 1512 in
1445 1476 1566 1511 aras
1609 1469 1656 1512 et
1687 1459 1899 1511 delubra
1949 1457 2221 1511 Israelitas

682 1549 846 1614 acuit,
893 1540 1140 1616 deosque,
1167 1549 1256 1617 qui
1297 1549 1539 1600 coluntur
1566 1549 1622 1600 in
1645 1549 1794 1616 ipsis,
1825 1547 2220 1601 concremaudos

681 1637 778 1699 ait,
812 1637 1015 1690 dixitne
1029 1637 1205 1701 etiam,
1239 1637 1468 1700 obsecro,
1499 1638 1562 1690 de
1594 1637 1699 1691 illis
1725 1653 1743 1691 :
1778 1656 1796 1687 ι
1828 1637 1942 1690 Diis
1975 1653 2073 1690 non
2105 1654 2215 1690 ma-

683 1724 912 1776 lodices?
939 1743 958 1773 ι
1309 1755 1311 1759 -
1354 1755 1356 1757 »
1764 1708 1766 1710 ν

748 1833 776 1902 ε
807 1833 917 1888 XII.
958 1834 1033 1888 De
1055 1837 1212 1902 rariis
1242 1837 1534 1889 nominibus
1560 1846 1606 1890 et
1644 1835 1909 1906 generibus
1935 1837 2147 1889 deorum

1293 1906 1594 1973 fgentilium.

1293 1945 1594 1973 _,e............

749 1945 1173 2064 Haudquaquam
1200 1996 1274 2050 rei
1304 2012 1369 2050 ex
1400 1996 1637 2056 nomine,
1666 1994 1757 2048 sed
1798 1992 2033 2046 nominis
2063 2007 2127 2045 es
2161 2007 2220 2046 re

678 2089 956 2141 veritatem
1002 2073 1252 2155 pendere,
1288 2086 1342 2138 in
1377 2082 1742 2152 superioribus
1794 2083 2217 2142 demonstratum

679 2178 825 2232 dedit
869 2176 1132 2230 Macarius
1175 2174 1409 2243 Magnes.
1444 2173 1520 2224 Ex
1570 2173 1672 2225 isto
1730 2182 1905 2224 autem
1958 2171 2219 2239 principio

677 2283 824 2328 nunc
867 2267 1028 2321 etiam
1062 2265 1208 2319 varia
1255 2266 1476 2319 deorum
1517 2263 1790 2331 gentilium
1833 2263 2071 2322 nomina,
2101 2277 2219 2330 quae

677 2371 801 2411 cum
825 2356 938 2425 ipsa
971 2354 1265 2408 divinitatis
1293 2351 1588 2408 substantia
1625 2368 1729 2404 non
1760 2351 2103 2412 conveniunt,
2135 2351 2218 2403 di-

672 2446 960 2516 iudicanda
1007 2443 1273 2513 proponit.
1307 2441 1513 2495 Etenim
1552 2441 1693 2509 quod
1743 2440 2006 2509 ejusmodi
2057 2440 2216 2492 rebus

676 2536 1006 2597 iuanimatis,
1037 2550 1155 2602 qua:
1197 2549 1294 2588 nec
1334 2531 1552 2585 lmuoris
1590 2545 1688 2583 nec
1730 2530 2065 2582 contumeliae
2094 2543 2218 2582 sen-

674 2642 798 2682 sum
853 2625 1020 2678 ullum
1076 2623 1318 2689 accipere
1360 2627 1605 2688 possunt,
1636 2618 1805 2670 nihilo
1832 2625 2008 2669 tamen
2039 2615 2217 2668 minus

613 2703 616 2706 ’
673 2718 897 2784 deorum
950 2715 1166 2769 nomina
1221 2709 1572 2779 impoSnerint
1622 2707 1842 2777 gentiles
1875 2747 1890 2770 ,
1943 2706 2044 2758 hoc
2101 2706 2218 2773 ipso

676 2824 892 2867 summo
924 2805 1143 2859 Numini
1178 2804 1310 2856 nihil
1341 2802 1632 2869 quidquam
1663 2813 1761 2853 suo
1786 2798 1914 2851 vitio
1939 2798 2215 2860 decedere,

675 2899 770 2954 sed
804 2912 1067 2952 summam
1107 2904 1284 2948 tamen
1334 2892 1639 2945 mortalium
1687 2888 2216 2958 insipientiameos-

675 2991 810 3062 dem_
829 2989 930 3040 hac
966 2987 1171 3039 ratione
1204 2984 1425 3052 prodere
1453 2982 1522 3034 ita
1551 2988 1793 3033 antumat
1823 2977 2088 3032 Macarius
2120 2993 2217 3030 no-

672 3088 782 3133 ster
817 3096 829 3130 :
860 3078 921 3128 Ei
950 3076 1006 3128 δὲ
1033 3075 1267 3143 ὀνόματα
1303 3069 1434 3124 θεῶν
1470 3071 1649 3140 ἔχουσι
1687 3068 1781 3121 καὶ
1824 3068 2125 3138 ἐπίκλησιν,
2153 3067 2213 3119 οὐ
2241 3099 2284 3160 C

669 3169 1014 3239 λυμαίνονται
1055 3164 1115 3216 τὸ
1149 3164 1316 3225 Θεῖον,
1343 3163 1415 3224 ὡς
1441 3161 1558 3213 οὐδὲ
1588 3160 1743 3221 κύνες
1774 3157 2068 3229 ἀνθρώπων
2098 3156 2213 3208 ὀνό-

673 3265 805 3330 μασι
851 3257 1162 3327 τιμώμενοι.
1195 3251 1378 3304 Πολλοὶ
1423 3248 1548 3316 γοῦν
1594 3248 1650 3314 ἐξ
1691 3248 1965 3318 εὐχερείας
2005 3245 2071 3299 τὰ
2099 3244 2215 3297 θεῖα

668 3351 780 3411 τοῖς
824 3346 1064 3416 βεϐήλοις
1098 3341 1366 3411 ἐπέθηκαν
1398 3336 1652 3406 ὀνόματα,
1688 3336 1834 3388 οὐδὲν
1863 3338 1920 3387 ὲν
1947 3335 2116 3403 τούτῳ
2147 3334 2214 3385 τὰ

671 3440 788 3491 θεῖα
819 3438 1172 3507 λυπήσαντες,
1195 3432 1290 3500 τὴν
1315 3430 1368 3482 δὲ
1395 3427 1542 3495 σφῶν
1570 3424 1871 3496 ἀφροσύνην
1906 3425 2062 3493 μόνον
2082 3425 2214 3492 ὲφα-

669 3532 927 3600 νέρωσαν.
966 3530 1025 3580 Et
1051 3525 1156 3595 γάρ
1189 3540 1271 3585 τις
1303 3521 1419 3582 Θεὸς
1447 3519 1542 3588 μὲν
1574 3516 1806 3583 λέγεται,
1839 3515 1932 3567 καὶ
1961 3514 2098 3567 θεῖον
2128 3515 2216 3568 οὐ·

670 3621 758 3672 ὁὲν
792 3620 921 3688 ἔχει,
949 3616 1155 3687 ὐϋρίζει
1196 3614 1293 3681 τὴν
1326 3611 1513 3679 κλῆσιν
1545 3605 1637 3660 καὶ
1667 3605 1934 3658 διαϐάλλει
1963 3603 2212 3673 τοῦνομα,

671 3706 1036 3773 ἀπαραίτητον
1083 3699 1333 3768 ἔγκλημα
1373 3697 1548 3766 φέρων
1592 3692 1682 3746 καὶ
1733 3691 2070 3762 ἀδιόρθωτον·
2123 3694 2213 3762 Μὴ

669 3790 765 3848 οὖν
790 3792 1010 3863 νομίσῃς
1042 3790 1098 3841 ὲν
1135 3788 1304 3855 τούτῳ
1349 3786 1436 3836 τὸν
1482 3785 1886 3854 παντοκράτορα
1910 3781 2045 3834 Θεὸν
2067 3782 2216 3834 ἀνιᾶ-

673 3887 797 3940 σθαι
837 3882 929 3935 καὶ
963 3879 1258 3948 δυσφορεῖν,
1283 3874 1384 3927 κᾶν
1430 3873 1614 3942 μέχρις
1657 3871 1897 3941 ἑρπετῶν
1939 3870 2081 3931 τινὲς
2107 3867 2215 3922 τῶν

669 3976 915 4047 ἀφρόνων
941 3971 999 4023 τὸ
1026 3969 1162 4022 θεῖον
1187 3965 1486 4034 κατέσυραν
1539 3962 1705 4031 ὄνομα
1725 3977 1739 3991 ·
1770 3962 1921 4025 αὐτοὶ
1950 3962 2067 4031 γὰρ
2086 3963 2212 4013 ἑαυ-

669 4067 792 4127 τοὺς
836 4062 1030 4123 ἱκανῶς
1062 4057 1386 4128 ἐζημίωσαν,
1420 4053 1468 4104 oi
1498 4051 1592 4121 τὴν
1623 4049 1840 4120 πρώτην
1883 4050 1974 4123 καὶ
2017 4051 2212 4102 ἀνώλε-

671 4154 798 4224 θρον
843 4152 1026 4203 οὐσίαν
1074 4149 1166 4200 καὶ
1202 4147 1470 4214 ἀκήρατον
1511 4139 1655 4202 ὕλαις
1682 4140 1890 4207 ἀτίμοις
1920 4139 2215 4208 ἐπάραντες

670 4244 856 4309 ὄνομα.
886 4238 1034 4302 Quod
1072 4238 1117 4290 si
1157 4236 1370 4288 deorum
1397 4232 1605 4285 nomina
1631 4230 1819 4283 habent
1842 4237 1891 4282 et
1918 4243 2214 4297 cognomen-

672 4345 802 4393 tum,
831 4345 930 4381 non
959 4326 1154 4396 idcich
1190 4324 1442 4390 injuriam
1465 4321 1684 4374 Numini
1714 4320 1935 4387 faciunt,
1964 4318 2214 4387 quemad~
2264 4328 2270 4355 ί

673 4421 882 4473 modum
907 4432 997 4470 nec
1030 4429 1177 4467 canes
1198 4398 1463 4464 hominum
1491 4410 1780 4463 nominibus
1806 4411 1998 4463 ornati.
2025 4407 2210 4476 Itaque
2243 4404 2284 4457 D

675 4510 827 4564 multi
868 4507 1106 4562 licentius
1149 4505 1324 4556 divina
1357 4501 1568 4553 nomina
1591 4500 1831 4566 profanis
1863 4499 2012 4551 rebus
2041 4501 2208 4566 impo-

673 4607 906 4662 suerunt,
934 4611 1089 4664 neque
1115 4596 1169 4647 in
1199 4609 1258 4647 eo
1286 4590 1492 4644 Numen
1521 4590 1915 4651 contristarunt,
1938 4589 2026 4641 sed
2056 4604 2204 4640 suam

673 4691 930 4759 duntaxat
993 4686 1343 4754 insipientiam
1392 4680 1748 4752 prodiderunt.
1814 4675 1951 4729 Nam
1999 4680 2045 4728 si
2073 4679 2205 4744 quis

674 4777 814 4829 Deus
852 4777 1063 4838 dicitur,
1095 4792 1155 4828 ac
1178 4775 1405 4827 divinum
1435 4771 1564 4824 nihil
1610 4767 1783 4826 habet,
1815 4767 2206 4833 appellationem

673 4864 876 4932 quidem
909 4862 1101 4929 injuria
1130 4863 1304 4929 afﬁcit,
1335 4876 1396 4912 ac
1441 4873 1620 4912 nomen
1651 4853 2022 4915 calumniatur,
2063 4854 2208 4904 inex-

655 4949 955 5020 ‘cusabilent
1003 4957 1050 5000 et
1102 4946 1487 5016 irreparabilem
1541 4945 1746 5011 culpam
1810 4942 2098 5001 sustinens;
2157 4949 2208 4991 at

671 5029 842 5106 ipsum
864 5036 1260 5101 omnipotentem
1297 5032 1547 5084 Deum-ea
1572 5049 1626 5084 re
1649 5029 1973 5091 contristari,
2007 5043 2068 5079 ac
2103 5042 2209 5078 mo-
2255 5049 2257 5051 ί

670 5127 797 5180 leste
816 5127 875 5178 id
904 5125 1037 5192 ferre
1067 5137 1184 5174 cave
1204 5122 1503 5182 existimes;
1529 5123 1624 5174 etsi
1657 5121 1723 5172 ad
1748 5107 1861 5187 ipsa
1885 5117 2092 5184 reptilia
2115 5116 2206 5166 de-

671 5231 901 5284 pressum
930 5205 1172 5266 divinum
1203 5225 1382 5286 nomen
1427 5210 1656 5261 vecordes
1690 5209 1901 5277 quidam
1930 5205 2202 5258 traxerint.

674 5359 1083 5442 Alexandrinum
1127 5388 1218 5442 lib.
1253 5401 1324 5438 vn
1352 5395 1532 5437 contra
1554 5378 1846 5442 Iulianum,
1882 5395 1935 5449 p.
1971 5395 2044 5434 m.
2080 5379 2202 5446 253.

745 5458 854 5525 (li)
894 5457 1012 5512 Loc.
1047 5458 1165 5519 cit.,
1193 5471 1246 5525 p.
1278 5467 1349 5508 m.
1380 5454 1484 5525 ξω
1508 5454 1635 5506 edit.
1671 5449 2028 5525 Spanheinii,

888 5525 1040 5581 Coni.
1076 5515 1356 5618 Eusebius.
1390 5523 1622 5590 Prwpar.
1643 5515 1821 5588 evang.
1849 5519 1944 5590 lib.
1977 5519 2028 5585 ν,
2069 5515 2203 5580 αὖ,

2334 560 2699 628 mortalemque
2725 569 2773 612 et
2793 561 3144 628 incorruptam
3172 562 3519 615 substantiam
3556 563 3744 617 vilibus
3766 580 3865 616 mn-

2334 650 2474 704 teriis
2499 665 2677 702 nomen
2701 650 3080 717 imposuerunt.
3104 650 3238 703 Cum
3267 665 3394 720 ergo
3417 650 3689 707 daemones
3714 656 3867 708 modo

2331 742 2596 796 bonorum
2651 741 2926 810 geniorum
2977 756 3258 810 personam
3311 743 3601 811 vultusque
3652 745 3864 798 simula-

2330 844 2469 899 rent,
2494 832 2651 887 modo
2677 831 2975 900 ccclestium
3008 833 3168 888 etiam
3209 833 3457 898 deorum,
3498 843 3594 887 aut
3648 835 3861 889 heroum

2330 922 2561 989 speciem
2608 935 2672 976 ac
2700 921 2934 975 l'ormanr
2960 929 3233 976 sumerent
3260 922 3402 990 (l2);
3430 922 3623 991 ecquid
3651 923 3862 986 mirum,

2329 1012 2372 1065 si
2399 1025 2583 1065 eorum
2616 1025 2831 1083 quoque
2860 1007 3075 1067 nomina
3105 1013 3450 1081 sumpserint,
3487 1013 3774 1082 ﬁctamque
3800 1014 3861 1067 il-
3929 1015 3932 1018 ”

2326 1099 2432 1152 lam
2463 1101 2742 1155 numinum
2777 1102 3116 1154 molitionem"
3146 1102 3200 1155 in
3232 1102 3412 1170 plures
3443 1102 3644 1156 classes
3674 1103 3862 1158 divise-

2324 1189 2469 1241 rint?
2496 1187 2625 1254 Quae
2654 1199 2829 1242 tamen
2860 1204 3067 1254 omnes,
3096 1205 3218 1243 cum
3248 1189 3380 1241 nihil
3418 1189 3719 1257 quidquam
3749 1205 3863 1258 pro-

2324 1279 2605 1347 prietatum
2655 1281 2957 1336 divinarum
3001 1280 3500 1349 complecterentur,
3545 1282 3862 1350 augustissi-

2323 1383 2465 1420 mam
2499 1367 2588 1422 Dei
2611 1369 3019 1438 appellationem
3056 1367 3268 1436 injuriis
3301 1367 3699 1436 calumniisque
3727 1386 3864 1422 mor-

2324 1458 2504 1510 talium
2553 1459 2912 1526 subjecerunt.
2942 1459 3045 1524 Qui
3089 1458 3240 1522 solis,
3279 1458 3437 1518 lunae,
3484 1458 3645 1527 ignis,
3694 1470 3863 1526 terrm,

2320 1549 2591 1618 marisque
2619 1550 2814 1618 ﬁguras
2843 1550 3077 1602 humana
3105 1551 3280 1618 specie
3303 1548 3569 1602 exhibitas
3596 1537 3862 1611 colebant,

2319 1639 2518 1707 quique
2567 1640 2948 1693 elementorum
2999 1639 3304 1693 simulacris
3342 1639 3598 1706 imposito
3645 1637 3859 1704 Vestae,

2319 1725 2549 1791 Cereris,
2573 1727 2823 1797 Neptuni,
2855 1737 2945 1782 aut
2975 1729 3079 1784 alio
3115 1730 3348 1792 nomine,
3378 1729 3466 1783 illa
3497 1738 3756 1797 tanquam
3784 1729 3861 1782 vi-

2251 1799 2292 1852 Β
2323 1819 2559 1872 ventium
2587 1819 2807 1872 deorum
2835 1818 3032 1888 elligies
3059 1818 3424 1886 honorabant;
3459 1833 3642 1874 nonne
3668 1835 3699 1873 a
3739 1835 3858 1873 vera

2320 1906 2574 1977 religione
2621 1908 2908 1962 abhorrere
2947 1909 3195 1964 censendi
3229 1917 3374 1973 sunt,
3412 1923 3540 1977 quae
3561 1917 3670 1963 tota
3703 1910 3859 1964 rebus

2320 1985 2490 2058 veris,
2523 1997 2676 2051 seriis
2714 2007 2768 2051 et
2807 1998 3115 2053 coelestibus
3140 2007 3369 2060 constat,
3404 1999 3860 2069 divinisquepero

2319 2086 2639 2141 factionibus
2689 2085 2883 2140 summi
2935 2085 3178 2141 Numinis
3219 2088 3709 2156 respondet?Bene
3749 2091 3855 2158 jam

2320 2187 2428 2230 tum
2460 2171 2725 2230 Macarius
2757 2176 2808 2230 in
2854 2176 3150 2246 fragmento
3189 2176 3230 2228 ll
3271 2178 3678 2245 Ἀποκριτικῶν
3709 2181 3858 2234 dixe-

2315 2276 2400 2320 rat
2441 2266 2774 2320 ;,Καλεῖσοαι
2828 2267 2883 2318 δὲ
2936 2266 3157 2329 πολλοὺς
3198 2267 3350 2331 θεοὺς
3396 2269 3486 2321 καὶ
3533 2272 3776 2339 κυρίους.
3804 2273 3858 2323 οὐ

2316 2355 2497 2421 φθονεῖ
2524 2355 2671 2419 Θεὸς,
2699 2355 2852 2424 μόνον
2875 2358 2920 2406 εἰ
2946 2354 3324 2424 πλησιάζοντες
3346 2357 3490 2426 αὑτῷ
3515 2360 3609 2410 καὶ
3632 2361 3859 2426 γειτνιά-

2316 2442 2497 2505 ζοντες
2522 2443 2597 2511 τῷ
2623 2445 2718 2511 τῆς
2755 2444 3000 2512 Θερτητος
3026 2444 3164 2513 λόγῳ
3197 2431 3686 2514 συγχρωτί-ζωνταί.
3721 2448 3860 2501 Μηί-

2318 2542 2394 2584 tos
2420 2541 2590 2583 autem
2613 2533 2784 2584 vocari
2813 2542 2860 2586 et
2888 2535 3006 2585 deos
3029 2544 3077 2585 et
3107 2534 3362 2595 dominos,
3391 2551 3498 2588 non
3521 2537 3734 2589 moleste
3761 2539 3859 2603 fert

2317 2620 2477 2681 Deus,
2507 2623 2552 2674 si
2596 2623 2746 2673 modo
2775 2623 2809 2674 ii
2850 2624 3315 2691 appropinquantes
3358 2625 3756 2694 accedentesque
3793 2627 3859 2680 ad

2314 2726 2429 2762 eum
2470 2727 2587 2764 cum
2637 2721 2824 2762 natura
2875 2713 3163 2764 divinitatis
3211 2713 3525 2768 coalescunt.
3581 2714 3649 2768 Ει
3699 2717 3860 2783 paulo

2310 2810 2436 2868 post
2465 2821 2476 2854 :
2507 2801 2636 2863 Θεὸς
2689 2802 2956 2871 μονάρχης
2992 2801 3066 2854 ὢν
3107 2802 3199 2853 καὶ
3241 2802 3337 2870 τὴν
3386 2801 3546 2868 φύσιν
3581 2804 3770 2866 suam,
3800 2806 3858 2855 σὺ

2315 2893 2507 2946 κωλύει
2540 2890 2691 2954 Θεοὺς
2720 2877 2995 2968 καλεῖσθαι
3020 2892 3143 2954 τοὺς
3171 2891 3449 2958 ἀγγέλους,
3487 2891 3748 2945 οεοωιῶν
3769 2897 3860 2946 αὑ-

2313 2984 2436 3044 τοὺς
2465 2985 2529 3052 τῇ
2563 2983 2705 3034 οέσει
2730 2969 2819 3033 τοῦ
2854 2976 3194 3050 πράγματος,
3219 2981 3279 3032 οὐ
3309 2981 3404 3050 τὴν
3435 2982 3640 3034 οἰκείαν
3663 2985 3742 3045 εἰς
3768 2986 3858 3037 αὐ-

2314 3072 2437 3134 τοὺς
2467 3072 2781 3139 ἀποτέμνων
2807 3070 3008 3131 οὐσίαν,
3045 3069 3187 3123 οὐδὲ’
3209 3071 3368 3140 μέρος
3393 3059 3572 3135 αὐτοῖς
3601 3073 3699 3142 τῆς
3726 3074 3860 3144 ἰδέας

2313 3161 2644 3232 δωρούμενος
2683 3160 2912 3228 φύσεως.
2953 3160 3112 3223 Dens,
3143 3177 3256 3213 cum
3287 3162 3355 3214 sit
3383 3165 3665 3216 monarcha
3696 3175 3744 3217 et
3772 3182 3862 3217 na-

2317 3262 2436 3307 tura
2463 3268 2557 3306 sua
2585 3261 2828 3316 arternlus,
2863 3267 2962 3303 non
2993 3251 3206 3318 impedit
3239 3252 3362 3319 quin
3389 3254 3562 3321 angeli
3587 3255 3666 3306 dii
3691 3259 3861 3308 uomi-

2315 3352 2520 3410 nentur,
2546 3344 2794 3412 deiﬁcans
2844 3343 3038 3397 scilicet
3088 3359 3194 3407 eos,
3237 3344 3509 3398 divinitate
3559 3347 3625 3400 iis
3675 3349 3859 3400 addita

2315 3433 2444 3502 (non
2477 3433 2676 3503 innata)
2699 3451 2714 3504 ;
2739 3449 2839 3486 non
2865 3443 3034 3488 autem
3061 3433 3228 3488 divisa
3259 3450 3373 3486 cum
3396 3436 3460 3487 iis
3487 3452 3586 3486 sua
3611 3437 3859 3490 substan-

2316 3522 2411 3581 tia.
2445 3536 2532 3573 nec
2555 3530 2758 3576 natu-rte
2783 3536 2892 3573 sua:
2919 3521 3150 3588 portione
3177 3523 3359 3577 iisdem
3381 3515 3643 3576 concessa.

2383 3611 2518 3667 llinc
2562 3612 2724 3667 simul
2768 3613 3000 3665 colicidit
3043 3602 3207 3680 impia
3251 3612 3528 3682 Porphyrii
3560 3615 3854 3677 sententia,

2313 3703 2404 3774 qui
2432 3703 2625 3757 summi
2659 3699 2905 3754 Numinis
2934 3701 3286 3776 substantiam
3318 3710 3370 3753 et
3398 3701 3635 3756 inﬁnitas
3660 3716 3854 3770 opera-

2313 3796 2485 3850 tiones
2517 3795 2617 3848 sub
2647 3793 2813 3848 variis
2842 3791 3148 3847 nominibus
3189 3790 3407 3852 deorum
3451 3791 3732 3858 gentilium
3763 3809 3858 3847 es—

2313 3886 2495 3955 primi,
2547 3886 2639 3939 sed
2691 3883 2908 3937 nonnisi
2963 3881 3203 3934 eamdem
3249 3880 3580 3934 divinitatem
3628 3881 3854 3952 intelligi

2312 3979 2564 4031 audacter
2595 3990 2836 4029 asserere
2868 3972 3008 4026 haud
3045 3981 3128 4025 est
3156 3971 3358 4024 veritus
3387 3987 3401 4022 :
3433 3970 3697 4040 siquidem
3727 3988 3852 4027 cum
3935 4008 3938 4011 -

2311 4067 2530 4120 Platone
2556 4080 2661 4119 suo
2684 4078 2872 4117 omnes
2893 4064 3020 4116 deos
3047 4060 3205 4128 primi
3242 4058 3564 4128 secundique
3602 4062 3853 4132 principii

2311 4155 2674 4208 emanationes
2695 4151 2955 4220 quasdam
2986 4164 3048 4202 ac
3076 4148 3554 4216 proseminationes
3581 4164 3701 4205 esse
3733 4152 3874 4215 vin—-

2311 4246 2455 4299 dicat
2487 4244 2618 4312 (l5).
2667 4239 2921 4294 Eamdetn
2966 4238 3164 4306 pariter
3209 4246 3436 4290 mentem
3481 4238 3649 4293 fuisse
3677 4239 3850 4293 Graeci

2312 4329 2615 4402 philosophi
2644 4346 2766 4385 cum
2795 4330 3034 4397 Magnete
3066 4336 3248 4383 nostro
3280 4326 3625 4395 disputantis,
3657 4330 3853 4382 exinde

2313 4425 2598 4493 colligitur,
2626 4422 2769 4493 quod
2817 4422 2918 4475 diis
2955 4419 3069 4472 suis
3099 4431 3203 4470 non
3238 4418 3468 4471 nominis
3498 4428 3855 4478 tantum,'ve-

2315 4531 2432 4569 rum
2465 4516 2631 4582 ipsius
2655 4516 2815 4568 etiam
2844 4503 3133 4563 divinitatis
3161 4521 3282 4560 cum
3313 4522 3438 4560 vero
3466 4506 3575 4560 Deo
3605 4522 3854 4560 commu-

2313 4609 2524 4658 nionem
2548 4603 2754 4664 tribuit,
2779 4597 3102 4663 eosdemque
3127 4603 3474 4665 augustorum
3507 4594 3723 4655 illorum
3755 4607 3854 4645 no-

2311 4694 2537 4753 minum,
2570 4686 3110 4755 incorruptibilitatis,
3135 4671 3549 4751 immoI-talitatis
3571 4692 3625 4735 et
3646 4683 3853 4752 impas-

2313 4779 2582 4833 sibilitatis
2604 4779 2861 4830 honorem
2896 4774 3232 4841 participare,
3257 4782 3416 4840 atque
3447 4771 3689 4838 ejusdem
3723 4785 3873 4825 cum-

2313 4870 2420 4924 Deo
2459 4879 2661 4922 naturae
2689 4875 2964 4918 consortes
3000 4880 3117 4918 esse
3144 4866 3398 4933 opinatur
3421 4861 3551 4929 (li).

2315 4980 2341 5049 ς
2372 4977 2505 5032 ΧΙΙΙ.
2541 4957 2793 5049 Magnetis
2826 4973 3062 5049 doctrina
3091 4974 3154 5026 de
3178 4972 3384 5049 _Christo
3425 4967 3563 5048 ilio
3717 4971 3842 5022 uni—

2481 5037 2670 5114 genito,
2697 5043 2904 5111 ejusque
2933 5043 3282 5096 incarnatione
3301 5048 3349 5091 et
3379 5037 3670 5090 miraculis.

2381 5135 2606 5188 lnlinitis
2646 5120 3111 5186 divinzeessentiae
3137 5128 3552 5205 perfectionibus
3595 5144 3852 5198 supremo

2284 5269 2285 5272 η
2311 5225 2546 5277 omnium
2570 5236 2744 5274 rerum
2773 5220 3012 5274 Creatori
3042 5220 3248 5285 solique
3278 5218 3579 5272 monarcha:
3603 5220 3854 5289 ἀγενήτῳ

2331 5415 2334 5417 ,
2384 5373 2491 5457 (1:5)
2530 5369 3015 5457 Conl'.N§usebius,
3070 5366 3306 5438 Prwpar.
3357 5383 3541 5438 evang.
3568 5331 3675 5424 lib.
3727 5386 3854 5430 xm.

2311 5456 2358 5494 c.
2387 5437 2481 5503 i5,
2508 5458 2556 5507 ιι.
2584 5456 2655 5493 In.
2690 5440 2811 5496 694.
3244 5437 3252 5438 ί
3281 5470 3286 5510 ί
3494 5437 3500 5438 ⁷

2379 5513 2487 5579 tit)
2531 5509 2660 5562 Vide
2704 5508 3055 5576 fragmentum
3088 5503 3108 5556 ῐ
3135 5520 3200 5579 e_x_
3223 5505 3532 5579 Apocriticis
3565 5507 3853 5577 Magnetis.

2311 5594 2362 5647 p.
2389 5573 2534 5636 "tiret
2567 5580 2653 5644 22,
2682 5589 2733 5631 ct
2761 5573 3109 5646 trag—mentum
3141 5573 3224 5639 ΙΙΙ,
3256 5591 3308 5643 p.
3334 5577 3434 5629 40.-
