4094 6350
707 480 832 536 1391

1939 477 2283 532 MACARIUS
2324 475 2614 532 MACNES.

3747 471 3875 525 l392

705 592 1001 662 fragmento
1050 593 1281 660 quodam
1308 608 1373 667 εξ
1413 593 1553 646 libro
1598 607 1656 645 ιιι
1703 593 2119 659 Ἀποκριτικῶν
2155 594 2316 660 de-_A
2345 590 2640 657 fragmento
2687 589 2749 650 Χ,
2796 591 2938 658 quod
2970 603 3034 640 cx
3081 587 3252 656 primo
3283 587 3421 639 libro
3468 586 3874 652 Apocriticorum

704 693 940 753 sumpto,
991 684 1134 753 quod
1176 694 1364 753 praeter
1408 683 1731 738 Turrianum
1781 685 1966 738 citavit
2009 684 2243 737 Thomas

701 775 902 830 Bozius
936 774 1266 844 Eugubinus,
1302 774 1735 844 congregationis
1766 773 1998 827 Oratorii
2023 774 2244 841 presby-

704 875 804 928 ter,
830 865 964 919 libro
989 881 1077 918 XIV
1107 864 1180 918 De
1205 866 1365 934 signis
1403 864 1648 917 Ecclesite
1681 864 1790 928 Dei,
1824 878 1941 933 pag.
1977 863 2036 914 ’71
2069 861 2242 915 :Audi

703 971 840 1007 nunc
879 964 1091 1028 attente,
1135 955 1344 1023 inquit:
1390 954 1657 1022 Principio
1698 954 1890 1006 creavit
1937 951 2109 1004 Filius
2148 951 2243 1003 Dei

703 1055 930 1108 terreni;
959 1063 1022 1099 σιτ
1050 1058 1189 1099 terra
1218 1046 1471 1098 hominem
1504 1045 1765 1113 formavit,
1801 1059 1864 1096 ea:
1897 1043 2100 1094 homine
2127 1057 2245 1093 car-

703 1150 817 1186 nem
847 1136 1065 1201 sumpsit
1105 1136 1211 1200 ipse
1253 1133 1386 1202 (2i).
1413 1131 1871 1208 Quemadmodum
1903 1145 2032 1184 vero
2069 1130 2243 1202 incar-

705 1223 970 1276 nationem
997 1224 1194 1276 Christi
1239 1239 1300 1275 ex
1343 1223 1571 1274 humana
1603 1229 1790 1274 natura
1826 1219 2045 1283 factam,
2083 1228 2243 1286 atque

701 1329 730 1365 a
761 1313 936 1365 divina
987 1311 1106 1364 Filii
1137 1312 1228 1365 Dei
1281 1320 1470 1364 natura
1511 1320 1861 1379 assumptam,
1898 1310 2061 1364 simul
2092 1325 2242 1364 com-

701 1409 962 1452 memorat
996 1401 1078 1453 his
1103 1400 1303 1452 ultimis
1330 1399 1537 1464 verbis;
1566 1401 1635 1452 ita
1659 1410 1712 1453 et
1731 1399 2068 1452 Divinitatem
2095 1397 2241 1451 carni

702 1491 906 1541 nnitam
935 1489 1174 1557 adeoque
1205 1490 1455 1542 unionem
1479 1489 1809 1557 personalem
1842 1488 2033 1541 divinae
2062 1498 2113 1541 et
2143 1489 2240 1541 hu-

703 1593 876 1630 manae
909 1587 1111 1629 natura:
1141 1578 1193 1629 in
1227 1576 1439 1631 Christo
1465 1578 1695 1631 dilucide
1725 1577 1856 1630 satis
1895 1578 2238 1644 conspicuam

699 1665 951 1730 declarat,
986 1682 1107 1719 cum
1144 1667 1195 1718 in
1220 1666 1664 1735 subsequentibus
1688 1667 1924 1733 ejusdem
1958 1666 2239 1734 fragmcnti

699 1757 876 1809 verbis
923 1755 1114 1809 Filium
1167 1741 1258 1809 Dei
1307 1758 1376 1809 ita
1422 1758 1725 1826 loquentem
1778 1758 2107 1812 introducit:
2159 1759 2240 1811 Ex

700 1846 887 1898 unione
913 1846 1096 1914 igitur,
1125 1863 1225 1913 qua
1268 1848 1441 1898 unitas
1470 1863 1583 1898 sum
1621 1858 1830 1900 sanctus
1868 1865 1983 1900 cum
2015 1857 2236 1914 terreno,

697 1935 763 1986 do
799 1951 981 2001 panem
1006 1944 1053 1986 et
1081 1937 1271 1998 vinum,
1287 1937 1472 2003 jubens
1503 1952 1612 1989 esse
1638 1954 1820 2004 corpus
1847 1954 2012 1990 meum
2039 1948 2086 1991 et
2116 1954 2240 1991 san-

696 2025 903 2092 guinem
1067 2025 1330 2095 Siquidem
1356 2027 1490 2095 quod
1514 2045 1611 2080 non
1637 2029 1785 2082 habet
1829 2028 2042 2082 Verbum
2071 2031 2238 2082 vivens

697 2127 902 2168 tantum
936 2132 1052 2168 cum
1090 2133 1318 2184 corpore,
1360 2119 1495 2186 quod
1540 2120 1640 2187 fuit
1675 2130 1952 2183 terrenum,
1983 2121 2050 2171 ad
2089 2130 2240 2172 teter.

699 2220 818 2256 nam
854 2207 1009 2257 vitam
1035 2207 1236 2258 edentes
1268 2223 1367 2259 non
1395 2208 1692 2260 adduceret.
1723 2207 1786 2258 Et
1819 2208 2006 2259 iterum
2035 2225 2048 2259 :
2078 2206 2238 2259 Panis

697 2308 814 2346 vero
841 2295 892 2346 in
923 2295 1069 2347 beata
1112 2293 1304 2348 Christi
1335 2307 1472 2349 terra
1511 2299 1698 2350 virtute
1741 2297 2045 2350 Dirinitatis
2082 2300 2242 2358 unius

697 2385 998 2450 confectus,
1047 2385 1156 2437 solo
1195 2396 1349 2453 gustu
1399 2386 1846 2440 immortalitatem
1909 2388 2104 2439 homini
2157 2394 2238 2454 af-

699 2473 821 2541 fert.
893 2533 899 2540 ,
1418 2468 1424 2478 ”

765 2561 843 2614 Ex
872 2563 1142 2618 miraculis
1169 2564 1417 2633 denique,
1460 2579 1579 2633 quze
1622 2580 1671 2618 a'
1696 2565 1911 2619 Christo
1955 2565 2269 2622 Servatore.

696 2651 835 2707 facta
861 2663 1006 2718 sunt,
1038 2657 1368 2709 divinitatem
1399 2657 1515 2710 Filii
1558 2656 1650 2711 Pei
1686 2660 1910 2712 subinde
1939 2663 2238 2723 conlirmat,

699 2759 821 2796 cum
848 2745 1077 2813 exempli
1108 2762 1268 2800 causa
1302 2747 1585 2802 occasione
1612 2747 1766 2802 istius
1798 2749 2043 2802 miraculi
2073 2752 2122 2802 in
2142 2732 2242 2804 Vsa-

697 2831 912 2884 natioue
959 2834 1218 2897 mulieris,
1268 2848 1386 2902 quae
1441 2835 1637 2888 .iiutina
1680 2836 1912 2890 lluxione
1966 2840 2241 2904 sanguinis

698 2919 1048 2986 laboraverat,
1084 2924 1301 2991 prmstiti
1336 2924 1498 2977 Stare.
1528 2940 1580 2985 v,
1609 2924 1695 2988 50,
1720 2923 1912 2979 divinae
1947 2927 2114 2994 ipsius
2139 2930 2242 2978 vir-

699 3011 828 3065 tutis
855 3011 1212 3068 characterem
1245 3014 1296 3067 in
1327 3012 1622 3082 fragmento
1652 3014 1690 3067 ll
1733 3017 2136 3083 Ἀποκριτικών
2160 3018 2244 3069 his

697 3102 876 3154 verbis
911 3105 1188 3171 agnoscit:
1221 3104 1375 3156 Οὕτω
1415 3107 1563 3174 παρὰ
1607 3105 1697 3156 τοῦ
1743 3106 1976 3174 Χριστοῦ
2022 3107 2241 3176 δύναμις

2343 691 2715 735 conservatum
2739 692 2819 733 est
2854 683 2927 749 (in
2960 681 3113 748 cujus
3145 679 3317 746 capite
3344 688 3493 730 sexto
3524 677 3646 730 eum
3678 678 3876 744 specia-

2343 769 2437 823 tim
2464 770 2529 824 de
2568 770 2861 834 miraculis,
2897 785 3014 838 quae
3042 789 3070 823 a
3105 770 3318 837 Christo
3350 767 3488 820 facta
3529 778 3671 832 sunt,
3706 767 3874 819 disse-

2343 859 2516 912 ruisse
2552 858 2712 912 refert
2746 857 3074 926 Niccpborus
3098 855 3202 909 ΟΡ.
3238 858 3290 908 in
3319 855 3565 909 examine
3597 858 3874 907 verborum

2343 947 2558 1001 Macarii
2582 948 2893 1018 Magnetis);
2925 947 3159 1014 factique
3180 947 3332 998 istius
3357 944 3719 998 memorabilis
3751 945 3878 995 ima-

2345 1043 2517 1108 ginem
2557 1056 2660 1093 anc
2703 1053 3006 1107 expressam
3043 1039 3094 1090 in
3141 1036 3520 1104 Mesopotamia
3565 1035 3742 1088 adhuc
3786 1049 3877 1085 sua

2342 1139 2493 1182 anate
2525 1139 2890 1183 conservatam
2913 1129 3086 1182 luisse
3128 1127 3378 1180 tradidit:
3416 1141 3522 1193 qua
3563 1126 3628 1177 de
3672 1139 3730 1177 re
3769 1125 3873 1189 jam

2343 1229 2453 1271 tum
2496 1221 2547 1271 in
2579 1219 2839 1289 superiori
2880 1219 3282 1282 Dissertatione,
3318 1216 3345 1286 §
3377 1216 3458 1283 10,
3493 1225 3670 1269 actum
3719 1214 3882 1268 fuisse

2342 1310 2578 1362 memini.

2345 1421 2534 1492 μιν.
2582 1421 2837 1490 Magnetis
2881 1419 3116 1472 doctrina
3150 1420 3226 1492 Ade
3272 1419 3546 1492 creatione,
3592 1426 3642 1470 et
3683 1419 3882 1486 [rustra

2721 1492 2942 1557 conﬁcta
2981 1490 3265 1542 wternitate
3301 1490 3499 1540 mundi.

2410 1580 2463 1633 ln
2490 1583 2713 1634 articulo
2745 1583 2808 1633 de
2840 1580 3110 1634 creatione
3133 1595 3204 1631 ex
3225 1579 3470 1646 superius
3500 1577 3746 1630 adductis
3772 1578 3879 1640 jam

2340 1681 2451 1724 tum
2504 1680 2714 1725 constat
2765 1670 2972 1739 egregia
3019 1668 3235 1722 Macarii
3279 1668 3538 1736 Magnetis
3593 1667 3882 1728 confessio,

2341 1760 2480 1828 quod
2519 1759 2657 1812 Deus
2687 1759 2835 1812 solus
2863 1759 3144 1827 imperium
3179 1773 3243 1811 ac
3274 1756 3644 1810 mouarchiam
3682 1756 3882 1816 habens

2345 1851 2429 1913 iis,
2458 1850 2550 1918 qui
2584 1850 2746 1918 geniti
2775 1858 2920 1913 sunt,
2952 1849 3220 1917 ingenitus
3259 1848 3459 1916 praesit,
3491 1854 3771 1903 creaturas
3801 1846 3885 1897 in-

2342 1952 2552 1995 creatus
2577 1951 2622 1994 et
2659 1940 2918 2007 principio
2960 1955 3149 1994 carens
3186 1940 3238 1992 in
3259 1947 3533 2006 potestate
3577 1937 3790 1998 habeat,
3826 1952 3886 1989 ac

2342 2046 2449 2083 non
2507 2030 2732 2091 similes,
2783 2028 2875 2081 sed
2925 2029 3213 2083 dissimiles
3253 2029 3507 2097 providus
3563 2037 3715 2094 regat
3753 2026 3882 2092 (ει).

2341 2117 2687 2172 Luculentius
2716 2126 2890 2168 tamen
2929 2123 2982 2167 et
3018 2130 3179 2183 scopo
3211 2130 3308 2169 suo
3339 2113 3746 2178 convenientius
3787 2111 3885 2162 hoc

2341 2214 2714 2274 argumentum
2758 2213 3055 2273 pertractat
3092 2205 3143 2257 in
3189 2204 3576 2258 commentario
3626 2203 3755 2271 περὶ.
3792 2202 3885 2267 τῆς

2339 2299 2431 2350 τοῦ
2479 2297 2646 2366 Ἀδὰμ
2693 2296 3062 2365 δημιουργίας,
3104 2293 3175 2364 ad,
3221 2309 3337 2362 cap.
3388 2310 3402 2346 ι
3451 2292 3885 2355 Genescos,’ubi

2341 2398 2616 2440 creaturas
2650 2401 2836 2438 omnes
2864 2388 2976 2438 solo
2999 2387 3158 2438 verbo
3181 2384 3270 2436 Dei
3307 2383 3590 2452 productas
3617 2397 3735 2434 esse
3761 2396 3886 2433 con-

2344 2479 2546 2530 tendit;
2593 2477 2700 2528 Καὶ
2745 2476 2812 2528 τὰ
2853 2477 2946 2544 μὲν
2990 2475 3123 2527 ἄλλα
3168 2474 3436 2541 κτίσματα
3486 2474 3688 2542 ῥήματι
3747 2472 3888 2538 μόνῳ

2343 2569 2634 2637 παρῆκται.
2674 2566 2724 2618 Id
2764 2576 2884 2624 est:
2923 2569 2995 2618 Ac
3023 2579 3217 2619 creterra
3247 2565 3450 2634 quidem
3490 2551 3748 2615 creatura:
3780 2563 3887 2614 solo

2343 2658 2487 2709 verbo
2515 2658 2942 2723 productmsunt.
2981 2656 3281 2720 Quinetiam
3317 2656 3368 2706 in
3397 2654 3747 2721 sequentibus
3780 2663 3887 2704 tum

2343 2747 2577 2798 materia:
2611 2746 2932 2813 principium
2973 2745 3268 2806 constituit,
3306 2753 3416 2796 tum
3457 2744 3686 2795 formam
3742 2758 3888 2794 crea-

2343 2837 2502 2887 tionis
2532 2836 2904 2902 actionemque
2948 2833 3039 2886 Dci
3085 2835 3316 2885 ercantis
3353 2834 3404 2884 in
3448 2849 3511 2885 eo
3543 2834 3710 2899 ponit,
3746 2831 3886 2897 quod

2344 2925 2483 2977 Deus
2516 2925 2695 2978 omnia
2728 2940 2792 2976 ex
2834 2923 3105 2977 liberrima
3151 2923 3439 2986 voluntate,
3471 2931 3523 2974 et
3565 2922 3782 2988 quidem
3826 2936 3887 2971 ex

2344 3013 2534 3076 nihilo,
2588 3024 2679 3079 per
2727 3007 3232 3078 solum'imperium
3280 3010 3609 3076 produxerit,
3654 3024 3762 3077 quo
3813 3009 3884 3070 id,

2344 3101 2485 3169 quod
2512 3118 2614 3155 non
2641 3111 2776 3164 erat,
2806 3098 3016 3154 vocavit
3044 3107 3103 3151 ut
3125 3111 3265 3151 esset
3283 3101 3449 3167 Apoc.
3483 3113 3555 3162 .w,
3591 3101 3648 3150 lt
3676 3117 3690 3163 ;
3731 3098 3882 3150 Rom.

700 3189 972 3260 ἐξήρχετο,
1019 3193 1109 3243 καὶ
1136 3193 1241 3244 τῶν
1275 3195 1582 3263 καμνόντων
1614 3195 1806 3263 ἤλαυνε
1838 3195 1906 3247 τὰ
1947 3199 2241 3266 νοσήματα,

2348 3209 2418 3256 Iv,
2456 3192 2536 3244 l7.
2580 3192 2694 3244 Huc
2726 3192 2949 3244 redeunt
2982 3191 3072 3243 illa
3103 3194 3261 3243 verba
3293 3191 3550 3258 Magnetis
3584 3192 3752 3242 nostri
3783 3191 3883 3241 loc.

697 3281 789 3332 καὶ
823 3281 896 3350 τῷ
919 3281 1133 3351 Χριστῷ
1159 3283 1388 3350 μένουσα
1417 3283 1548 3346 ὅλως
1576 3286 1672 3337 οὐκ
1702 3286 2006 3356 ἐχωρίζετο.
2044 3288 2097 3339 Id
2125 3295 2236 3339 est:

700 3369 798 3436 Sic.
826 3373 984 3422 etiam
1017 3389 1048 3423 a
1080 3371 1284 3424 Christo
1316 3373 1477 3422 virtus
1525 3374 1715 3438 exibat,
1754 3392 1869 3444 qum
1910 3386 1958 3428 et
1991 3387 2242 3445 a'grotart—

702 3462 832 3512 tium
887 3462 1088 3514 morbos
1133 3461 1375 3530 pellebat,
1424 3471 1472 3513 et
1521 3479 1669 3529 penes
1723 3466 1986 3519 Christum
2030 3486 2239 3524 manens

699 3568 909 3604 vrorsus
941 3553 1002 3604 ab
1029 3569 1090 3606 co
1111 3569 1210 3605 non
1237 3553 1517 3606 recedebat.
1556 3554 1707 3607 Nulla
1744 3557 1828 3610 hic
1855 3573 1952 3611 nos
1984 3571 2132 3628 urget
2157 3577 2242 3613 ra-

702 3647 795 3708 tio,
831 3661 927 3698 cur
972 3661 1063 3714 per
1105 3646 1327 3716 δύναμιν
1370 3647 1682 3712 ἐξελθοῦσαν
1731 3648 2021 3717 intelligere
2052 3653 2242 3704 debea-

703 3751 822 3789 mus
867 3735 1112 3788 virtutem
1144 3737 1428 3804 quamdam
1473 3737 1826 3804 corporalem,
1865 3752 1957 3790 seu
1995 3739 2243 3806 pharma-

703 3839 823 3878 cum
881 3826 1095 3891 aliquod
1151 3826 1383 3878 salutare
1422 3841 1493 3880 ex
1547 3842 1770 3895 corpore
1825 3824 2020 3879 Christi
2070 3828 2244 3895 profc-

705 3921 848 3965 ‹·ιιιιιι
897 3912 1027 3980 (22),
1073 3928 1194 3965 cum
1247 3913 1385 3966 inter
1424 3929 1608 3970 omnes
1660 3925 1884 3981 constet,
1932 3915 2154 3985 δύναμιν
2191 3921 2242 3971 in

705 4002 980 4070 Scriptura
1024 4000 1154 4054 Novi
1199 4001 1520 4056 Testamenti
1570 4008 1862 4072 sa‘pissime
1923 4009 2242 4061 miraculum

705 4096 976 4159 denotare,
1005 4092 1168 4149 Marc.
1202 4111 1276 4156 vi.
1304 4095 1336 4149 5
1362 4095 1475 4166 (2'5)
1503 4113 1516 4148 :
1547 4097 1785 4164 adeoque
1823 4115 1958 4166 opus
2004 4101 2242 4154 divinum

704 4183 788 4236 vel
817 4183 1131 4238 miraculum
1165 4199 1194 4237 a
1225 4183 1440 4237 Christo
1467 4193 1734 4253 patratum
1767 4185 1852 4238 hic
1893 4189 2072 4254 potius
2106 4189 2242 4240 imii-

707 4274 924 4342 gitatur,
952 4289 1014 4326 ex
1047 4273 1200 4341 cujus
1243 4275 1519 4342 stupendis
1548 4274 1826 4328 ell‘eetibus
1852 4285 1903 4328 et
1938 4275 2134 4330 virtute
2162 4278 2245 4328 in-

707 4362 944 4416 credibili
977 4362 1029 4415 in
1062 4362 1339 4418 Servatore
1372 4374 1554 4417 nostro
1607 4365 2020 4433 haudquaquam
2063 4367 2244 4419 inimi-

709 4460 834 4504 nuta
862 4453 1188 4517 divinitatem
1217 4455 1332 4521 ejus
1358 4456 1549 4509 merito
1580 4471 1870 4524 agnoscere
1896 4467 2058 4525 atque
2088 4474 2244 4510 vene-

711 4541 818 4592 rari
860 4540 1172 4594 tenebantur
1225 4557 1430 4595 omnes.
1487 4541 1605 4606 Quo
1659 4559 1818 4596 sensu
1879 4554 1932 4597 et
1981 4545 2243 4600 Macarius

712 4637 888 4681 noster
919 4629 1057 4683 hanc
1100 4631 1269 4699 ipsam
1309 4631 1585 4685 historiam
1632 4641 1827 4685 sancta:
1856 4634 2092 4686 mulieris
2136 4637 2241 4688 hae-

712 4721 1042 4774 morrhouste
1086 4721 1150 4774 ad
1197 4722 1457 4775 miracula
1488 4720 1686 4774 Christi
1729 4720 1907 4773 divina
1955 4724 2135 4775 retulit
2188 4725 2241 4775 in

786 4849 893 4915 (2i)
931 4848 1060 4915 Quae
1101 4852 1257 4903 verba
1302 4852 1482 4904 itidem
1522 4865 1552 4903 c
1596 4849 1779 4904 Graeco
1812 4859 1954 4901 textu
1985 4849 2242 4917 Magnetis

713 4932 768 4969 se
791 4920 1108 4972 converti~se
1127 4920 1403 4972 confirmat
1423 4919 1610 4972 Franc.
1632 4919 1925 4971 Turrianus
1950 4919 2000 4970 in
2017 4929 2243 4972 tractatu

718 4987 780 5036 de
814 4986 1140 5037 sanctissima
1185 4988 1518 5040 Eucharistia
1548 5000 1730 5042 contra
1772 4989 2038 5042 Andream
2083 4987 2242 5042 Vola-

711 5067 865 5124 ιιιιιιι,
899 5068 955 5124 ιι.Δ
978 5069 1048 5124 ιιι.
1078 5057 1142 5108 75
1167 5073 1313 5123 seqq.

782 5120 893 5192 tae;
932 5121 1080 5192 Absit
1107 5129 1215 5176 haec
1245 5120 1476 5191 profana
1510 5125 1790 5187 sententia,
1818 5126 1965 5192 quasi
1993 5124 2240 5180 Christus

715 5189 904 5240 ellluxu
932 5190 1160 5262 quodam
1186 5189 1425 5259 corporis
1448 5192 1551 5255 sui,
1578 5193 1656 5243 vel
1688 5209 1779 5260 per
1811 5189 2042 5262 magicas
2079 5207 2240 5261 artes,

711 5259 1527 5332 :egroruni‘niorboscuraverit,
1551 5275 1670 5332 cum
1689 5259 1769 5313 ide
1793 5259 1948 5316 sensu
1986 5259 2242 5332 corporeo

711 5325 1016 5391 suspicandi
1048 5327 1246 5393 aliquid
1278 5333 1418 5382 nulla
1452 5331 1536 5382 hic
1579 5330 1648 5380 sit
1675 5344 1855 5393 causa,
1886 5325 2092 5384 nulluni
2121 5333 2242 5386 lun—

711 5393 1036 5468 damentuni.
1070 5394 1355 5468 Gentilium
1394 5400 1503 5452 haec
1526 5406 1641 5450 erat
1666 5399 1952 5468 calumnia,
1975 5403 2085 5468 qui,
2113 5411 2243 5458 teste

709 5463 943 5538 Arimino
977 5465 1068 5517 lib.
1106 5481 1120 5515 ι
1147 5466 1398 5538 fadversus
1428 5478 1619 5534 gentes,
1648 5482 1698 5538 p.
1727 5482 1799 5520 ιιι.
1830 5467 1918 5530 25,
1939 5463 2242 5523 calumnio-

711 5529 786 5608 sis
814 5529 914 5608 illis
940 5543 991 5585 et
1015 5535 1308 5608 puerilibus
1341 5529 1811 5608 vocibus-objicere
1832 5529 2070 5608 solebant
2094 5540 2244 5591 Chri-

713 5603 924 5674 stiauis,
971 5604 1110 5674 quod
1156 5603 1397 5657 Christus
1443 5603 1850 5674 magus—fuerit,
1897 5606 2241 5661 clandestinis

712 5667 915 5744 artibus
962 5667 1136 5744 omnia
1171 5675 1421 5726 miracula
1464 5667 1716 5734 eﬂ‘ccerit,
1762 5672 2130 5741 Egyptiorum
2175 5694 2241 5729 ex

713 5733 883 5814 adytis
908 5741 1209 5814 angelorum
1239 5744 1528 5814 potentium
1558 5733 1796 5814 nomina,
1828 5733 1883 5814 6t
1901 5733 2134 5814 remotas
2158 5745 2240 5796 fu-

712 5810 862 5860 ratus
900 5807 969 5860 sit
999 5807 1336 5884 disciplinas._
1364 5809 1534 5878 Quam
1577 5812 2091 5883 impudentissimam
2133 5815 2238 5867 cri-

2340 3284 2467 3336 cil.:
2513 3282 2567 3332 '0
2598 3281 2702 3350 γὰρ
2730 3279 2976 3332 τοσοίτον
3018 3280 3242 3348 μέγεθος
3275 3280 3501 3349 οὐρανοῦ
3534 3281 3625 3331 καὶ
3665 3280 3766 3346 γῆς
3797 3282 3887 3330 xz't

2341 3372 2611 3441 θαλάσσης
2643 3371 2781 3440 λόγῳ
2803 3371 3258 3439 ὑποστησάμενος,
3285 3370 3456 3440 πολλῴ
3489 3370 3681 3439 μᾶλλον
3717 3373 3887 3437 παρὰ·

2338 3463 2506 3514 δεισον
2541 3461 2716 3523 ἱκανὸς
2749 3460 3142 3528 καταφυτεῦσαι
3171 3463 3393 3530 ῥήματι,
3429 3463 3522 3515 καὶ
3554 3461 3691 3528 λόγῳ
3725 3460 3880 3528 ῥιζῶο

2340 3573 2430 3607 σαι
2459 3545 2736 3606 πανόλϐιον
2764 3554 2987 3622 χωρίον’
3012 3553 3142 3616 ἀλλ’,
3165 3552 3238 3613 ὼς
3269 3554 3497 3621 εἴρηται,
3526 3552 3610 3603 διὰ
3631 3553 3726 3619 τὴν
3756 3552 3884 3618 πρὸς

2339 3642 2428 3697 τὸν
2462 3645 2738 3710 ἄνθρωπον
2772 3643 2930 3711 τιμὴν
2960 3645 3052 3695 καὶ
3090 3643 3379 3711 φυτουργὸς
3403 3643 3608 3708 γίνεται
3645 3641 3884 3710 μυστικῷ

2340 3747 2443 3781 τινι
2467 3731 2607 3798 λόγῳ
2625 3771 2638 3795 ,
2660 3719 2982 3797 ἁκαμᾶντως
3008 3731 3157 3781 τόνδε
3203 3731 3400 3797 κόσμον
3424 3732 3486 3780 ἐκ
3516 3730 3607 3780 τοῦ
3643 3732 3713 3798 μὴ
3739 3730 3883 3789 δντκ

2342 3822 2418 3881 εἰς
2445 3821 2500 3870 τὸ
2533 3816 2668 3870 εἶναι
2703 3820 2959 3886 παράγων
2992 3818 3221 3887 θελήσει.
3250 3818 3385 3869 Nam
3410 3821 3497 3885 qni
3524 3830 3722 3869 tantam
3750 3818 3882 3876 ca‘li,

2346 3920 2496 3962 terra:
2525 3927 2584 3960 ac
2613 3911 2773 3960 maris
2811 3912 2992 3959 molem
3024 3909 3171 3959 verbo
3205 3908 3494 3974 fundasset,
3533 3909 3689 3957 multo
3719 3908 3884 3972 magis

2344 4001 2550 4052 hortum
2592 4007 2792 4066 poterat
2822 3998 2959 4049 dicto
2995 3997 3253 4064 plantarc,
3297 4007 3344 4048 et
3385 3997 3734 4047 beatissimum
3766 3996 3880 4059 fun-

2342 4093 2464 4143 dum
2493 4096 2638 4141 verbo
2664 4103 2943 4139 conserere.
2973 4087 3072 4139 Sed
3099 4088 3532 4154 quemadmodum
3560 4087 3754 4137 dictmn
3783 4097 3882 4144 est,

2343 4190 2398 4232 ut
2430 4179 2684 4230 hominem
2717 4177 2903 4229 honore
2928 4178 3165 4245 afﬁceret,
3200 4177 3356 4228 etiam
3399 4174 3643 4227 arborum
3686 4191 3879 4225 arcana

2342 4273 2566 4338 quadam
2608 4269 2808 4321 ratione
2838 4269 3007 4334 factus
3040 4279 3112 4320 est
3159 4268 3350 4330 cultor,
3379 4267 3468 4334 qui
3505 4267 3614 4319 sine
3651 4267 3759 4318 ulla
3802 4270 3881 4318 la-

2345 4358 2460 4411 bore
2482 4359 2727 4410 mundum
2756 4358 2887 4409 hunc
2914 4373 2975 4409 ex
3001 4374 3100 4409 non
3125 4373 3230 4410 esse
3260 4358 3327 4409 ad
3355 4373 3460 4409 esse
3487 4356 3598 4408 sola
3621 4355 3884 4409 voluntate

2343 4451 2675 4516 perduxerat.

2273 4525 2318 4622 ξ)
2407 4539 2519 4591 XV.
2554 4539 2804 4616 Doctrina
2835 4538 3088 4606 Magnetis
3116 4504 3177 4587 de
3205 4538 3398 4605 angelis
3421 4548 3469 4589 et
3495 4540 3557 4591 de
3583 4539 3722 4588 cultu
3749 4538 3879 4588 ima-

3012 4644 3208 4694 gntum.

2386 4706 2696 4786 'Speciatim
2753 4719 2818 4771 de
2869 4718 3135 4770 creatione
3172 4718 3503 4786 angelorum,
3553 4732 3688 4785 quos
3743 4717 3877 4769 inter

2344 4850 2688 4903 minutionem
2719 4849 2987 4901 Arnobius
3023 4850 3234 4918 speciali
3273 4850 3675 4903 enumeratione
3717 4850 3878 4899 mira-

2343 4921 2584 4972 culorum
2619 4918 2812 4971 Christi
2840 4919 2948 4969 sola
2981 4919 3211 4970 nominis
3246 4920 3615 4985 sui'potcstate
3645 4928 3696 4968 et
3725 4919 3876 4968 inm-

2342 4989 2550 5040 catione
2596 4987 2710 5052 sine
2756 4987 2860 5037 ulla
2903 4987 2952 5038 vi
3000 4990 3318 5048 carminum,
3363 4997 3456 5038 aut
3499 4986 3782 5037 hcibarum
3825 4996 3878 5036 ct

2344 5056 2640 5123 graminum
2672 5055 2866 5116 succis,
2901 5057 3014 5107 sine
3048 5057 3168 5109 ullis
3202 5058 3356 5123 plane
3382 5056 3587 5108 artibus
3627 5055 3876 5123 immanis

2343 5121 2681 5191 peractorum
2731 5124 2936 5190 egregie
2980 5125 3160 5182 diluit.
3209 5121 3516 5191 veramque
3545 5121 3871 5172 divinitatem

2345 5190 2642 5245 Servatoris
2685 5193 2851 5243 nostri
2881 5192 3070 5244 exinde
3108 5193 3452 5259 comprobat:
3494 5190 3756 5249 Desistite,
3793 5195 3872 5241 in-

2341 5265 2476 5330 quit,
2515 5278 2541 5311 o
2567 5261 2744 5321 nescii,
2776 5262 2827 5311 in
2855 5261 3129 5312 maledicta
3155 5271 3442 5330 conuertere
3473 5275 3551 5310 res
3583 5267 3867 5312 tantas.....

2344 5328 2513 5390 Nihil,
2548 5345 2602 5379 ut
2646 5330 2846 5389 remini,
2877 5331 3154 5396 magicum,
3182 5329 3310 5379 nihil
3337 5328 3642 5389 humanum,
3670 5333 3866 5394 pra-sti-

2341 5403 2681 5469 giosum,_aut
2713 5400 3002 5469 subdolum,
3031 5399 3161 5469 nihil
3190 5397 3389 5469 fraudis
3415 5396 3624 5469 delituit
3650 5399 3701 5448 in
3728 5399 3877 5451 Chri-

2340 5465 2528 5522 sto...“
2557 5467 2691 5518 Deus
2716 5467 2801 5518 ille
2821 5468 3051 5518 sublimis
3078 5466 3198 5532 fuit,
3223 5465 3355 5516 Dens
3379 5465 3553 5515 radice
3575 5467 3637 5516 ab
3665 5469 3866 5526 iulium,

2347 5539 2476 5590 Deus
2524 5540 2585 5588 ab
2623 5538 2897 5604 incognitis
2942 5537 3131 5602 regnis,
3179 5542 3226 5584 et
3271 5536 3333 5584 ab
3369 5534 3598 5586 omnium
3640 5539 3872 5604 principe

2339 5607 2476 5660 Deus
2514 5606 2788 5673 sospitator
2811 5616 2885 5657 est
2913 5606 3118 5673 missus,
3148 5612 3249 5673 etc.

2410 5676 2519 5744 ('25)
2558 5669 2710 5727 Conl'.
2744 5672 3160 5744 GotterOIearii
3202 5669 3594 5727 Observationes
3622 5691 3786 5727 δοται·
3816 5691 3874 5724 in

2344 5742 2663 5804 Matt/uvam,
2697 5760 2746 5811 p.
2775 5760 2843 5794 ιιι.
2871 5742 2972 5811 9.75
2997 5756 3145 5807 seqq.

2413 5813 2520 5883 (26)
2544 5812 2667 5868 Vide
2688 5809 2873 5881 li'agm.
2899 5809 2939 5862 ll
2954 5824 3108 5877 stupra
3124 5809 3338 5863 allatum
3359 5809 3424 5880 (ε.
3446 5811 3598 5879 1580,
3621 5813 3718 5884 §v,
3735 5812 3876 5879 init.)
