4094 6350
272 437 411 491 1595

1385 448 1658 505 NOTITIA
1696 451 1783 505 ET
1823 453 2252 533 FRAGMENTA.

3313 468 3449 523 Ιῗῖη

268 559 742 626 ρι’ωειιιηιίεεῑπιοε
764 570 1038 615 creaturas
1068 563 1241 631 primo
1267 565 1383 619 loco
1410 568 1579 634 ponit,
1604 570 1674 621 ita
1705 570 1817 623 dis-
1846 578 1890 631 Α
1918 574 2071 627 asciti
2092 586 2253 639 sunt,
2300 577 2387 631 ubi
2424 577 2613 631 faciem
2655 578 2744 631 Dei
2773 577 2947 632 Patris
2974 580 3207 635 caelestis
3240 581 3292 634 in
3326 596 3445 651 per-

270 650 402 701 serit
430 649 690 704 Macarius
720 649 956 719 Magnes,
1001 662 1059 705 ut
1088 663 1329 707 naturam
1366 660 1603 725 ipSUrum
1654 661 1815 728 spiri-

268 738 494 801 tualem,
549 740 906 809 incorruptam
959 749 1011 794 et
1056 742 1409 797 immortalem
1464 750 1684 801 extollat
1735 751 1815 805 his

268 830 471 893 verbis,
502 846 618 896 quae
648 831 700 884 in
745 831 1041 901 fragmento
1076 834 1142 887 IV
1194 838 1599 906 Ἀποκριτικῶν
1628 843 1816 911 legun—

270 926 399 971 tur:
434 920 648 982 Λοιπὸν,
674 921 769 991 τὴν
801 926 925 994 περὶ
958 925 1064 977 τῶν
1098 927 1338 993 ἀγγέλων
1367 932 1578 1000 καὶτῆς
1607 934 1815 1004 ἀφθαρ-

271 1010 395 1071 σίας
434 1011 604 1063 αὑτῶν
644 1011 860 1082 λέξομεν
902 1016 998 1085 τὴν
1039 1017 1419 1070 ὑπόθεσιν......
1465 1022 1551 1073 ἵνα
1593 1024 1674 1083 τὶς
1712 1024 1819 1076 τῶν

270 1100 672 1168 εὖφρονούντων
706 1102 940 1166 ἀκούσας
972 1107 1028 1157 ὲν
1053 1107 1261 1176 οὐρανῷ
1292 1108 1507 1179 λογικὴν
1535 1112 1716 1165 οὐσίαν
1744 1114 1817 1183 τῷ

268 1190 371 1257 τῆς
399 1190 692 1255 ἀθανασίας
724 1193 863 1263 λόγῳ
910 1197 1393 1265 πανηγυρίζουσαν,
1434 1201 1676 1254 τουτέστι
1710 1204 1817 1256 τῶν

274 1280 559 1347 μακαρίων
591 1281 682 1333 καὶ
712 1283 1011 1351 ἀσωμάτων
1047 1284 1340 1353 δυνάμεων,
1374 1289 1446 1350 ὡς
1477 1289 1817 1343 δυνατὸνμτὸν

273 1366 409 1434 βίον*
433 1369 563 1438 πρὸς
605 1372 796 1433 αὐτοὺς
835 1373 1128 1442 ῥυθμίσειε,
1164 1378 1255 1428 καὶ
1294 1379 1387 1446 τὴν
1421 1379 1639 1431 ἐκείνων
1663 1382 1817 1445 ἀξίαν

270 1449 386 1521 τοῖς
417 1459 592 1527 ἔργοις
616 1460 920 1528 ζηλώσειεν,
951 1481 1003 1515 κ.
1033 1481 1082 1517 τ.
1120 1466 1168 1519 λ.
1199 1465 1445 1534 Deinceps
1486 1471 1817 1537 (luctationem

272 1550 341 1601 de
368 1550 562 1618 angelis
591 1561 639 1603 et
668 1567 846 1603 eorum
876 1554 1172 1623 incorrupta
1211 1566 1400 1609 natura
1428 1561 1705 1613 tractaturi
1730 1577 1818 1613 su-

270 1652 527 1690 mus......
560 1638 628 1689 At
655 1639 858 1705 sapiens
889 1641 1099 1709 quisque
1136 1659 1251 1694 cum
1299 1646 1546 1708 audierit,
1578 1648 1818 1700 substan-

272 1725 407 1776 tiam
459 1727 765 1779 rationalem
812 1728 867 1781 in
910 1730 1034 1781 calo
1071 1748 1200 1795 esse,
1246 1750 1359 1803 qua:
1405 1736 1816 1790 immortalitatis

244 1882 247 1885 Α
272 1831 486 1867 munere
522 1815 746 1884 gaudeat
776 1815 974 1885 (beatas
1002 1835 1179 1888 nempe
1221 1834 1268 1873 et
1297 1824 1625 1891 incorporeas
1652 1828 1817 1877 virtu-

271 1907 395 1972 tes),
428 1907 603 1969 vitam,
630 1884 880 1973 quantum
905 1908 1021 1974 ﬁeri
1048 1919 1228 1977 potest,
1262 1913 1330 1964 ad
1357 1930 1532 1965 eorum
1563 1916 1815 1968 imitatio—
1844 1884 1887 1938 Β

271 2010 391 2046 nem
445 2003 739 2062 componat,
792 2012 1065 2067 eorumque
1115 2001 1336 2068 gloriam
1396 2005 1631 2070 operibus
1686 2006 1818 2073 ασε-

266 2094 396 2147 ctet,
435 2094 536 2138 etc.
582 2084 732 2139 Patet
759 2087 969 2153 eximie,
1014 2092 1234 2158 angelos
1275 2092 1360 2146 hic
1387 2095 1612 2148 describi
1646 2094 1721 2163 1ο)
1759 2104 1818 2150 ιιι

270 2174 603 2229 substantias
619 2177 918 2244 spirituales
946 2191 994 2232 et
1023 2182 1370 2248 incorporeas,
1398 2184 1712 2253 ἀσωμάτους
1727 2186 1816 2237 δυ-

269 2264 479 2333 νάμεις,
514 2282 632 2333 qua:
664 2267 717 2320 in
742 2270 1071 2324 antecedenti
1106 2287 1353 2327 scnnone
1381 2274 1685 2330 hominibus
1719 2290 1816 2346 op-

267 2364 562 2422 ponuntur,
586 2357 679 2424 qui
711 2358 972 2425 originem
998 2376 1149 2414 suam
1174 2377 1202 2414 a
1228 2364 1426 2416 carnali
1453 2380 1814 2435 corporeaque

266 2446 611 2513 generatione
641 2448 857 2513 habent,
885 2451 976 2518 qui
1001 2452 1067 2505 ah
1088 2453 1363 2506 immunda
1387 2470 1670 2523 corporum
1695 2475 1813 2525 ger-

265 2535 564 2589 minatione
592 2538 949 2591 substantiam
982 2553 1260 2607 ceperunt,
1299 2553 1352 2596 et
1392 2546 1554 2613 geniti
1586 2547 1811 2615 gignen-

267 2630 457 2690 tesque
485 2624 653 2678 instar
683 2626 933 2679 foliorum
964 2629 1071 2681 cito
1099 2630 1366 2696 deﬂuunt;
1398 2649 1520 2685 cum
1567 2645 1811 2688 econtra-

266 2713 355 2767 rio
386 2714 557 2783 angeli
589 2716 697 2769 sint
724 2718 1043 2787 σωματικῶν
1078 2717 1260 2771 παθῶν
1288 2723 1379 2773 καὶ
1410 2721 1620 2791 δεσμῶν
1644 2724 1812 2775 ἀπαλ-

265 2801 541 2871 λαγέντες,
595 2808 867 2875 corporeis
926 2808 1203 2863 affectibus
1244 2820 1297 2864 et
1344 2812 1574 2867 vinculis
1623 2814 1806 2867 liberi:

266 2895 722 2961 quemadmodum
756 2898 810 2950 in
837 2897 1137 2968 fragmento
1162 2899 1226 2963 ll,
1262 2902 1503 2969 angelum
1532 2918 1627 2970 per
1666 2903 1810 2957 ἀσώ-

270 2979 439 3047 ματόν
466 2998 583 3033 τινα
620 2984 891 3053 τάγματος
933 2986 1260 3057 ἀνωφεροῦς,
1295 2988 1412 3040 θεὸν
1444 2989 1540 3059 τὴν
1578 2991 1724 3044 θέσιν
1748 2993 1808 3043 οὗ

265 3066 367 3134 τὴν
401 3066 557 3133 φύσιν
570 3068 919 3140 ὠπάρχοντα,
959 3074 1009 3126 id
1035 3083 1119 3127 est
1155 3077 1510 3143 incorporeum
1537 3080 1810 3146 quemdam

265 3159 553 3223 superioris
603 3162 823 3223 ordinis,
858 3166 947 3232 qui
985 3168 1282 3235 adoptione,
1322 3186 1421 3223 non
1476 3182 1685 3235 natura,
1738 3175 1807 3224 sit
1834 3191 1876 3246 ρ

263 3242 416 3307 deus,
437 3246 684 3313 explicat.
712 3247 864 3304 Unde
890 3260 943 3304 et
967 3256 1307 3321 postmodum
1334 3257 1387 3309 in
1421 3256 1720 3327 fragmento
1746 3259 1808 3313 Vl

267 3333 592 3387 invisibilem
652 3347 936 3402 naturam,
989 3343 1229 3413 adeoque
1264 3355 1319 3399 et
1368 3348 1806 3414 immaterialem,

265 3425 471 3491 angelis
500 3426 687 3480 tribuit
712 3427 995 3495 Macarius,
1022 3433 1240 3490 dicens:
1274 3438 1334 3489 El
1363 3439 1470 3509 γὰρ
1506 3441 1596 3493 καὶ
1615 3442 1683 3493 τὰ
1711 3444 1811 3512 μά-

263 3513 422 3567 λιστα
448 3517 505 3566 ὲν
536 3516 762 3587 ἀνδρείῳ
801 3521 1035 3588 σχήματι
1080 3525 1295 3592 ἄγγελοί
1340 3545 1468 3580 ποτε
1515 3530 1808 3600 ἐφάνησαν,

260 3604 382 3659 ἀλλ’
409 3606 470 3657 οὐ
498 3606 556 3657 τὸ
578 3608 738 3673 φανὲν
769 3604 926 3677 ἦσαν,
949 3611 1060 3663 ἀλλ’
1082 3614 1217 3683 ὅπερ
1243 3613 1398 3685 ἦσαν,
1422 3618 1646 3688 ἀόρατόν
1672 3624 1805 3674 ἐστι.

264 3694 327 3750 Id
355 3704 438 3750 est
464 3715 477 3751 :
514 3696 634 3750 Etsi
660 3700 797 3751 enim
824 3700 1056 3755 humana
1083 3714 1140 3755 ut
1168 3706 1453 3771 plurimum
1492 3712 1655 3777 specie
1685 3712 1809 3764 olim

266 3791 442 3859 angeli
465 3804 834 3859 apparuerunt,
856 3803 913 3846 at
940 3812 1039 3848 non
1069 3797 1123 3847 id
1152 3798 1319 3865 ipsum
1350 3812 1520 3864 erant,
1543 3803 1680 3871 quod
1714 3818 1809 3870 ap-

266 3881 512 3949 parebat;
540 3881 629 3935 sed
659 3884 795 3951 quod
820 3894 987 3947 erant,
1021 3886 1074 3937 id
1101 3887 1297 3940 risibile
1326 3905 1427 3941 non
1456 3900 1552 3943 est.

342 3972 423 4041 2⁸)
461 3973 849 4028 Describuntur
879 3978 1053 4045 angeli
1080 3985 1137 4028 ut
1175 3978 1486 4040 substantiae
1515 3981 1809 4051 intelligen-

268 4072 375 4129 tes,
416 4063 544 4116 dum
582 4062 851 4119 Macarius
893 4066 1137 4134 angelum
1170 4076 1337 4123 vocat
1373 4070 1587 4141 λογικὴν
1624 4072 1809 4126 οὐσίαν

267 4153 327 4203 ὲν
350 4152 577 4221 οὐρανῷ,
615 4155 965 4208 substantiam
1000 4157 1301 4211 rationalem
1338 4162 1394 4212 in
1424 4162 1579 4223 caelo;
1604 4172 1660 4215 ut
1686 4179 1804 4217 eam

267 4242 621 4308 distingueret
647 4252 759 4296 tum
788 4262 819 4297 a
851 4245 1162 4298 substantiis
1186 4248 1536 4303 rationalibus
1564 4248 1618 4302 in
1645 4260 1805 4314 terra,

269 4330 581 4383 hominibus
609 4331 789 4385 anima
821 4341 877 4387 et
910 4346 1132 4401 corpore
1161 4336 1433 4402 praeditis;
1471 4347 1582 4393 tum
1622 4356 1652 4393 a
1680 4343 1809 4395 sub-

268 4419 483 4472 stantiis
535 4435 668 4487 pure
714 4422 1075 4476 materialibus
1118 4423 1229 4477 sive
1272 4427 1566 4494 corporeis,
1611 4432 1807 4498 quibus

1916 662 2053 718 fecto
2082 666 2425 721 beatitudinis
2442 676 2577 721 statu
2608 668 2807 729 vident,
2838 668 3024 722 Matth.
3056 685 3211 731 xvm,
3247 671 3336 724 10.
3370 669 3446 726 Es

1915 753 2015 806 ista
2044 762 2221 807 autem
2255 756 2595 823 simplicitate
2628 758 2870 810 essentia:
2900 766 3058 825 atque
3085 755 3448 813 immateriali-

1914 850 2041 905 tate,
2086 859 2191 910 qua
2236 845 2467 912 gaudent
2510 846 2703 914 angeli,
2731 854 2917 913 sponte
2962 860 3058 898 sua
3104 848 3449 916 consequitur

1916 945 2150 997 ipsorum
2181 929 2449 1000 ἁφθαρσία
2472 944 2630 1001 atque
2663 933 3052 995 immortalitas,
3082 949 3243 1002 quam
3275 934 3448 990 Maca-

1915 1019 2028 1073 rius
2067 1020 2197 1088 ipsis
2224 1022 2452 1074 vindicat
2480 1022 2563 1077 his
2595 1023 2806 1077 verbis:
2841 1024 2955 1075 Ἵνα
2996 1026 3080 1086 τις
3110 1024 3215 1076 τῶν
3254 1027 3447 1096 εὐφρο-

1914 1109 2142 1161 νούντων
2173 1110 2401 1171 ἀκούσας
2441 1112 2498 1162 ὲν
2536 1110 2745 1181 οὐρανῷ
2784 1111 2998 1181 λογικὴν
3027 1113 3209 1166 οὐσίαν
3242 1114 3318 1182 τῷ
3353 1115 3449 1184 τῆς

1914 1197 2206 1262 ἀθανασίας
2230 1199 2367 1267 λόγῳ
2395 1199 2870 1269 πανηγυρίζουσαν.

1980 1287 2115 1341 Cum
2173 1302 2297 1342 vero
2349 1287 2541 1340 veteris
2593 1287 2842 1340 Ecclesia:
2894 1287 3139 1341 doctores
3202 1286 3447 1354 principii

1915 1379 2031 1433 loco
2052 1387 2329 1447 ponerent,
2363 1393 2423 1430 ea
2446 1392 2559 1443 qua:
2593 1377 2801 1429 initium
2829 1377 3136 1436 habuerunt,
3164 1380 3447 1432 necessario

1911 1470 2072 1531 ﬁnem
2110 1469 2351 1522 habitura
2378 1466 2845 1538 (quemadmodum
2889 1477 2942 1521 et
2983 1467 3243 1521 Macarius
3270 1477 3449 1523 noster

1917 1560 1972 1613 in
2005 1560 2403 1628 comparatione
2435 1559 2705 1612 beatorum
2736 1558 3011 1612 hominum
3058 1561 3468 1628 resurgentium

1916 1665 2036 1703 Cllm
2067 1651 2378 1719 angelorum
2420 1658 2558 1702 statu
2600 1648 2753 1702 beato
2792 1647 2921 1699 illud
2948 1649 3143 1716 pariter
3165 1648 3230 1702 de
3261 1649 3449 1703 iisdem

1916 1739 2188 1807 praedicat,
2228 1740 2322 1791 καὶ
2358 1738 2608 1807 τελευτὴν
2649 1736 2841 1807 μηκέτι
2888 1739 3020 1807 μηδὲ
3062 1738 3269 1805 γένεσιν
3305 1738 3451 1807 ἔχον-

1914 1844 2023 1889 τες,
2047 1828 2162 1894 jam
2195 1843 2286 1879 nec
2324 1836 2494 1879 ortum
2536 1826 2776 1879 habentes
2808 1841 2899 1877 nec
2943 1827 3257 1896 interitum),
3290 1838 3449 1895 atque

1914 1916 2105 1969 exinde
2138 1915 2466 1984 colligerent,
2497 1916 2713 1983 angelos
2753 1932 2857 1967 non
2903 1924 3112 1979 natura,
3152 1919 3242 1971 sed
3284 1916 3449 1985 gratia
3482 1923 3486 1926 “

1914 2002 2246 2056 immortales
2272 2017 2392 2055 csse
2417 2021 2429 2054 :
2470 2002 2519 2054 id
2550 2003 2752 2067 saltem
2770 2001 3003 2054 indicare
3028 2003 3333 2063 voluerunt,
3359 2016 3449 2053 so-

1913 2090 2021 2143 lum
2062 2090 2228 2143 Deum
2272 2076 2709 2157 independenter,‘
2743 2088 3002 2161 absolute,
3043 2098 3096 2141 et
3137 2105 3199 2141 ca
3244 2090 3451 2144 ratione

1912 2178 2266 2232 immortalem
2317 2192 2475 2239 esse,
2531 2184 2591 2229 ut
2639 2176 2786 2229 nullo
2836 2178 2995 2230 modo
3046 2176 3200 2231 linem
3258 2179 3461 2246 habere.

1913 2280 2092 2337 queat,
2130 2268 2151 2320 ι
2196 2267 2335 2319 Tim.
2378 2283 2451 2329 v1,
2498 2267 2563 2319 16
2588 2284 2602 2331 ;
2632 2266 2848 2335 angelos
2888 2276 3062 2319 autem
3097 2282 3191 2320 ccu
3232 2268 3449 2336 spiritus

1910 2369 2119 2413 creatos
2145 2358 2497 2427 dependenter
2522 2365 2575 2411 et
2599 2372 2665 2409 ex
2703 2356 2971 2410 voluntate
3000 2356 3090 2411 Dei
3124 2359 3450 2433 immortales

1910 2466 2048 2512 esse,
2078 2451 2149 2503 ita
2180 2449 2415 2517 quidem,
2448 2456 2507 2500 ut
2534 2448 2657 2501 licet
2679 2448 3114 2501 natura-illorum
3156 2450 3207 2501 in
3237 2466 3294 2503 se
3325 2465 3445 2519 spe-

1911 2550 2049 2594 ctata
2076 2539 2401 2606 corruptioni
2440 2536 2673 2591 obnoxia
2709 2551 2813 2589 non
2842 2537 2933 2601 sit,
2971 2537 3128 2590 finem
3164 2548 3362 2601 tamen,
3402 2540 3449 2594 si

1911 2632 2050 2683 Deus
2086 2631 2230 2695 velit,
2267 2630 2462 2681 habere
2498 2614 2724 2695 possint.
2761 2627 2936 2694 Atque
2973 2628 3025 2679 in
3054 2643 3119 2681 eo
3157 2636 3310 2701 χάρις
3340 2631 3450 2693 illa,

1909 2735 2013 2788 qua
2037 2718 2362 2771 immortales
2382 2716 2631 2770 dicuntur
2653 2728 2771 2769 esse
2798 2716 2993 2784 angeli,
3016 2717 3282 2780 consistit,
3306 2719 3448 2785 quod

1911 2828 1939 2861 a
1974 2808 2079 2862 Deo
2105 2817 2519 2870 conservantur;
2548 2822 2667 2859 cum
2703 2806 2900 2875 alioqui
2932 2807 2983 2859 in
3028 2804 3271 2869 nihilum,
3310 2808 3449 2861 unde

1909 2898 2012 2951 orti
2040 2908 2185 2959 sunt,
2207 2907 2387 2950 essent
2413 2896 2653 2950 redituri.
2685 2894 2819 2949 Hine
2844 2894 3041 2949 Aineas
3068 2894 3288 2949 Gazaaus
3316 2896 3447 2964 (25),

1910 2988 2110 3039 veritus
2160 3002 2228 3039 ne
2279 2986 2381 3038 hac
2426 2984 2667 3037 doctrina
2713 2982 3099 3035 immortalitati
3141 2984 3446 3038 animorum

1909 3076 2153 3131 nonnihil
2184 3075 2573 3133 detraheretur,
2608 3070 2927 3139 principium
2949 3070 3104 3138 illud,
3138 3089 3285 3125 omne
3313 3076 3447 3143 quod

1908 3173 2017 3217 esse
2068 3163 2278 3231 incepit,
2319 3159 2594 3213 obnoxium
2621 3158 3029 3241 interitui‘esse,
3058 3156 3122 3212 ad
3158 3158 3446 3225 planiorem

1908 3264 2123 3312 sensum
2173 3262 2407 3316 revocat,
2441 3254 2778 3324 ostenditque
2828 3246 3062 3309 animam
3112 3254 3448 3316 rationalem,

1908 3349 2105 3416 pariter
2127 3356 2285 3412 atque
2305 3343 2543 3410 angelos,
2576 3354 2763 3413 suapte
2790 3352 2977 3397 natura
2999 3342 3308 3395 morituram
3338 3357 3444 3394 non

1907 3452 2053 3489 esse:
2072 3433 2169 3486 Ille
2193 3435 2350 3496 enim,
2377 3434 2570 3501 inquit,
2593 3436 2681 3502 qui
2707 3442 2761 3486 ut
2789 3442 2953 3485 essent
2976 3431 3193 3498 largitus
3214 3440 3310 3492 est,
3336 3432 3445 3482 ani-

1909 3526 2004 3576 tuis
2029 3524 2215 3575 nostris
2242 3524 2487 3575 concessit
2525 3539 2742 3594 quoque,
2762 3530 2820 3573 ut
2844 3534 3037 3587 semper
3064 3527 3250 3581 essent,
3278 3518 3466 3570 illud-.

1904 3630 1999 3682 que
2041 3613 2235 3665 donum
2271 3614 2385 3681 ipsa
2400 3614 2521 3680 jam
2558 3622 2749 3664 natura
2780 3618 2877 3662 est.
2909 3606 3117 3662 Habent
3156 3608 3315 3676 igitur
3346 3622 3443 3660 an-

1905 3704 2006 3770 geli
2032 3702 2084 3755 in
2122 3718 2181 3757 se
2210 3703 2360 3772 ipsis,
2390 3711 2525 3756 utet
2549 3702 2726 3754 anima
2753 3697 3051 3762 rationalis,
3077 3714 3183 3766 quo
3219 3699 3437 3749 immor-

1906 3793 2037 3848 tales
2069 3795 2194 3858 sint,
2224 3795 2420 3866 quippe
2459 3807 2580 3848 cum
2622 3790 2886 3860 ejusmodi
2914 3799 3157 3845 naturam
3205 3806 3234 3842 a
3262 3805 3439 3845 rerum

1907 3895 2125 3938 auctore
2159 3885 2332 3938 sortiti
2360 3884 2465 3937 sint
2488 3882 2619 3955 (26).

1972 3976 2132 4029 Addit
2171 3973 2430 4028 Macarius
2456 3972 2507 4023 in
2540 3970 2724 4025 eodem
2761 3970 3096 4040 fragmento:
3129 3971 3203 4024 Οὐ
3237 3973 3340 4043 μὴν
3362 3974 3447 4024 εἰς

1906 4065 2066 4127 κόνας
2096 4064 2311 4115 ἐκείνων
2336 4060 2591 4124 τυπώσεις
2619 4061 2698 4131 τῷ
2728 4064 2981 4131 σχήματι,
3024 4078 3125 4114 non
3171 4072 3343 4115 autem
3372 4061 3441 4115 il-

1906 4157 2074 4210 lorum
2096 4154 2339 4222 imagines
2368 4153 2599 4220 eﬁingens
2622 4151 2753 4217 (27).
2781 4152 2907 4217 Quae
2932 4152 3091 4204 verba
3124 4144 3443 4220 philusopho

1907 4246 2111 4309 Graeco,
2141 4258 2404 4309 cumquo
2444 4242 2545 4295 sibi
2584 4257 2667 4294 res
2694 4249 2831 4303 erat,
2860 4240 3001 4293 haud
3042 4240 3241 4295 frustra
3268 4254 3438 4309 oppo-

1906 4337 2015 4390 suit
2050 4332 2333 4397 Macarius,
2389 4330 2516 4384 dum
2574 4330 2779 4397 angelis
2826 4341 3016 4387 natura
3072 4333 3275 4387 similes
3322 4344 3439 4385 esse

1906 4429 2034 4481 deos
2073 4438 2201 4478 suos
2225 4420 2671 4499 jactitaverattnt
2690 4420 2880 4475 exinde
2900 4422 3100 4476 cultum
3128 4419 3436 4477 earumdem

266 4509 353 4562 vis
386 4510 673 4579 cogitandi,
698 4513 1019 4584 intelligendi
1061 4522 1219 4582 atque
1255 4516 1607 4572 ratiocinandi
1650 4522 1804 4575 attri-
1840 4505 1882 4558 ο
1907 4517 2155 4569 ιΙῘνίιιιιῐη
2191 4512 2349 4565 veluti
2376 4512 2523 4580 justo
2564 4513 2793 4578 quodam
2840 4512 2992 4565 titulo
3024 4512 3242 4567 delinire
3279 4525 3437 4577 posse

269 4599 359 4654 hui
397 4601 599 4667 nequit.

346 4690 585 4759 Denique
620 4692 699 4753 3-)
736 4694 1112 4748 describuntur
1160 4694 1331 4765 angeli
1380 4705 1439 4749 ut
1492 4698 1811 4753 substantias

267 4778 436 4834 beata:
458 4792 619 4850 atque
660 4785 711 4836 in
740 4786 1001 4852 spirituali
1044 4799 1139 4836 sua
1173 4796 1359 4839 natura
1388 4798 1442 4841 et
1483 4790 1807 4857 perfectione

269 4870 475 4923 caelesti
513 4873 690 4926 liberae
734 4875 802 4928 ab
837 4876 982 4927 omni
1022 4874 1331 4940 mutatione,
1372 4880 1716 4947 corruptione
1748 4888 1805 4932 et

270 4961 616 5016 mortalitate.
648 4962 745 5017 Hic
782 4964 923 5017 enim
952 4972 1068 5015 erat
1097 4978 1291 5030 scopus
1317 4968 1666 5035 expositionis
1700 4966 1806 5019 Ma-

269 5049 518 5113 cariana:,
557 5051 700 5118 quod
737 5068 803 5105 ex
844 5053 1086 5119 exemplo
1129 5056 1459 5121 angelorum,
1488 5056 1593 5109 τῶν
1630 5073 1803 5125 μακα-

272 5137 402 5207 ρίων
433 5138 727 5207 δυνάμεων,
760 5143 993 5195 indicare
1030 5143 1258 5195 voluerit
1295 5145 1672 5200 beatitudinem
1714 5161 1804 5197 eo-

271 5243 390 5279 rum
442 5227 745 5294 hominum,
793 5235 988 5301 quibus
1038 5234 1270 5288 caelestis
1320 5238 1465 5304 regio
1516 5236 1803 5289 habitanda

269 5316 480 5387 obtigit,
532 5319 732 5388 quique
785 5323 841 5376 in
896 5324 1147 5394 angelicze
1191 5326 1317 5379 vita:
1372 5326 1801 5379 communionem

344 5467 455 5536 (25)
493 5466 551 5521 In
583 5468 797 5538 dialogo
819 5476 1025 5530 enidito
1059 5476 1132 5531 De
1162 5480 1452 5531 animorum
1490 5478 1802 5531 immortali-

271 5546 445 5613 tateAe‘t
479 5540 845 5613 resurrectione
867 5548 1118 5613 corporis.

341 5607 465 5681 (ἓξ)-
486 5606 646 5681 (ὶοιιῐῘ
677 5606 835 5681 Mich.
866 5606 1136 5681 [.cquicnii
1159 5624 1297 5670 noue
1322 5616 1385 5668 ad
1415 5614 1800 5669 Damascenum

270 5673 357 5762 9e
392 5673 493 5755 ﬁde
543 5676 847 5762 orthodofca,
880 5673 1065 5762 libgnu,
1103 5701 1221 5762 cap.
1254 5686 1307 5747 3,
1335 5701 1387 5762 p.
1412 5683 1536 5753 ¹156,
1568 5684 1803 5762 itemque

271 5744 538 5809 Petavius,
573 5745 670 5799 loc.
703 5746 815 5812 cit.,
852 5763 902 5815 p.
950 5744 1420 5817 l8,_'ubi'nomina
1469 5744 1802 5807 mortalis'et

1906 4606 2191 4659 videretur.
2232 4601 2401 4666 Quam
2453 4600 2838 4657 idololatricam
2887 4602 3189 4671 opinionem
3244 4598 3434 4653 merito

1904 4696 2123 4749 damnat
2154 4692 2437 4755 Macarius,
2465 4692 2684 4759 addens,
2712 4694 2783 4755 ὡς
2814 4690 3115 4762 φὴςηαυτός,
3141 4698 3197 4741 ut
3219 4697 3272 4740 tu
3296 4688 3437 4757 (phi-

1905 4784 2182 4855 losophus)
2211 4785 2316 4851 ipse
2351 4788 2451 4848 ais,
2474 4785 2565 4854 qui
2602 4785 2800 4839 scilicet
2833 4780 3117 4834 simulacra
3155 4789 3208 4834 et
3236 4787 3435 4834 statuas

1904 4885 1957 4929 et
1978 4875 2238 4943 imagines
2260 4872 2487 4926 deorum
2516 4874 2579 4926 ad
2609 4868 3019 4925 abominandum
3040 4868 3246 4922 cultum
3275 4880 3436 4933 espo-

1904 4966 2009 5019 nis.
2045 4964 2213 5029 Quam
2237 4963 2289 5016 in
2315 4980 2425 5018 rem
2449 4965 2515 5017 de
2542 4958 2960 5031 apparitionibus
2982 4961 3288 5030 angelorum
3318 4964 3433 5009 sta-

1904 5058 1997 5109 tim
2041 5057 2314 5123 sequentia
2360 5054 2669 5123 subjungit:
2712 5051 2774 5101 Et
2818 5051 2924 5121 γὰρ
2960 5053 3052 5104 καὶ
3091 5050 3159 5101 τὰ
3205 5045 3432 5116 μάλιστα

1904 5148 1959 5199 ὲν
1991 5147 2213 5217 ἀνδρείῳ
2248 5148 2478 5216 σχήματι
2510 5140 2722 5209 ἄγγελοί
2754 5157 2881 5191 ποτε
2912 5144 3199 5209 ἐφάνησαν,
3232 5135 3341 5187 ἀλλ’
3371 5136 3432 5187 οὗ

1901 5235 1962 5286 τὸ
1984 5236 2143 5302 φανὲν
2174 5231 2328 5304 ἦσαν,
2354 5233 2464 5286 ἀλλ’
2490 5232 2620 5297 ὅπερ
2640 5224 2794 5295 ἦσαν,
2829 5229 3049 5298 ἀόρατόν
3073 5229 3200 5277 ἐστι.
3232 5222 3285 5274 ld
3309 5233 3391 5276 est
3413 5239 3429 5275 :

1908 5326 2021 5379 Etsi
2043 5327 2180 5379 enim
2223 5325 2445 5377 humana
2492 5328 2545 5371 ut
2573 5318 2856 5387 plurimum
2894 5320 3055 5387 specie
3100 5313 3220 5367 olim
3261 5312 3433 5381 angeli

1903 5476 2215 5532 immortalis
2258 5472 2447 5542 triplici
2495 5486 2654 5526 sensu
2698 5489 2727 5526 a
2769 5471 3019 5525 Patrihus
3048 5465 3215 5534 accipi
3248 5474 3438 5522 osten-

1906 5550 2082 5682 'ml27)
2117 5611 2269 5677 Quod
2295 5610 2621 5684 Nicephorius
2652 5585 3084 5684 patriarcha-QP.
3118 5602 3181 5657 ad
3206 5604 3433 5661 uetitum

1905 5686 2163 5739 idolorum
2196 5682 2472 5751 gentilium
2502 5686 2702 5734 cultum
2731 5682 3016 5741 restringit.
