4094 6350
2199 350 2205 385 l

608 467 612 472 ’
712 498 850 555 4595

1952 468 2300 557 MACARJUS
2333 437 2626 577 titanas.
2726 532 2731 535 ι

3679 471 3683 473 “
3756 493 3888 547 1396

705 608 1079 679 apparuerunt,
1108 621 1162 664 at
1185 628 1284 666 non
1308 613 1363 665 id
1386 615 1555 675 ipsum
1576 624 1747 680 erant,
1776 617 1911 685 quod
1942 616 2250 683 apparebat;
2280 622 2325 676 Α
2355 613 3097 685 lumqueipsorum‘divinum
3124 652 3138 664 .
3166 652 3179 663 .
3206 652 3223 667 .
3244 652 3257 665 .
3289 610 3572 681 improbat,
3603 609 3658 664 in
3684 624 3753 665 eo
3778 628 3887 665 ver-

704 702 795 753 sed
814 701 952 769 quod
977 710 1146 765 erant,
1172 702 1227 755 id
1254 704 1454 758 uisibile
1480 719 1586 757 non
1608 714 1744 757 erat.

2352 712 2522 775 satur,
2557 704 2701 773 quod
2730 704 2798 759 ab
2824 704 3013 774 angelo
3042 701 3302 756 auxilium
3328 702 3767 772 exspectandum,
3800 718 3888 756 vc-

676 784 697 797 ”
773 791 917 858 Quin
939 803 990 848 et
1017 794 1202 862 paucis
1227 794 1520 864 interiectis
1546 796 1861 851 sententiam
1900 812 2075 862 suam,
2102 798 2245 867 quod
2348 809 2529 862 neque
2561 794 2775 848 virtutis
2816 793 3197 848 beatitudinum
3229 793 3507 870 petendam
3546 807 3671 847 esse
3698 803 3882 861 neget;

703 882 874 951 angeli
898 882 1100 938 sanctis
1120 882 1435 939 hominibus
1452 884 1758 954 neutiquam
1789 886 1853 939 ad
1872 886 2241 940 ‘adorationem
2342 884 2484 951 quod
2507 899 2572 937 ex
2598 898 2664 939 eo
2705 884 3036 939 demonstrat
3066 882 3352 950 Macarius,
3376 882 3519 952 quod
3544 897 3655 937 non
3686 882 3759 936 sit
3786 897 3885 935 na-

632 1012 635 1013 ν
697 971 958 1039 propositi
1008 973 1135 1037 sint,
1182 973 1410 1028 ulterius
1453 974 1732 1037 conﬁrmat
1784 976 2026 1043 exemplo
2068 975 2242 1029 Abra-

2342 982 2463 1029 tura
2487 971 2650 1039 Deus,
2670 973 2764 1027 sed
2791 981 2998 1027 tantum
3028 987 3095 1027 ex
3122 973 3292 1041 gratia
3312 980 3366 1026 et
3389 972 3676 1041 adoptione
3702 986 3885 1041 quam-

701 1061 866 1127 hami,
897 1064 990 1132 qui
1023 1063 1242 1131 angelos
1264 1064 1371 1131 ipsi
1393 1063 1537 1118 visos
1569 1064 1714 1120 nullo
1736 1063 2069 1118 idololatrico
2093 1064 2241 1125 cultu
2340 1063 2461 1115 dam
2490 1062 2685 1116 habeat
2707 1062 3005 1117 divinitatis
3020 1062 3444 1129 similitudinem,
3464 1078 3629 1133 quam
3654 1063 3883 1131 eleganti

695 1153 927 1223 excepit.
959 1150 1252 1221 Postquam
1278 1152 1422 1206 enim
1447 1153 1797 1221 quaestionem
1834 1152 1903 1207 de
1932 1153 2240 1207 Ahrahamo
2339 1152 2516 1221 aliqua
2543 1152 2946 1220 comparatione
2974 1152 3045 1206 ita
3076 1152 3306 1206 illustrat
3331 1152 3477 1221 (28):
3510 1153 3672 1205 Ὅθεν
3714 1155 3745 1204 ὁ
3785 1154 3882 1221 μὲν

695 1252 749 1297 et
779 1244 986 1314 angelis
1012 1244 1083 1297 ab
1120 1258 1187 1297 eo
1224 1244 1357 1298 visis
1392 1245 1703 1313 agitaverat,
1736 1244 1882 1299 hunc
1922 1244 1992 1298 in‘
2022 1245 2237 1299 modum

692 1331 1291 1405 orationemlconcludit
1308 1332 1571 1388 Macarius
1594 1335 1646 1386 in
1670 1334 1969 1406 fragmento
1982 1333 2104 1388 VII:
2129 1336 2237 1389 Καὶ

691 1422 895 1477 τούτων
907 1424 1207 1493 γενομένων
1219 1423 1400 1492 σαφῶς
1419 1425 1554 1478 κατὰ
1572 1425 1843 1496 ἀλήθειαν,
1856 1425 1962 1479 τῶν
1971 1425 2237 1494 ὀφθέντων

691 1516 723 1567 ὁ
764 1512 1014 1584 Ἀϐραὰμ
1051 1515 1110 1567 οὐ
1158 1517 1315 1567 τυποῖ
1353 1514 1450 1584 τὴν
1493 1515 1807 1585 ἐμφάνειαν,
1848 1515 1967 1568 οὐδὲ
2002 1516 2236 1586 ἐμφερὲς

692 1602 910 1672 ἄγαλμα
943 1601 1071 1667 etet,
1105 1604 1141 1673 ῆ
1173 1604 1369 1673 γράφει
1396 1604 1473 1674 τῷ
1499 1606 1683 1659 πίνακι
1711 1607 1767 1657 ὲν
1804 1606 1983 1667 αὐτοῖς
2023 1605 2235 1674 βλέπειν

644 1682 659 1697 ⁷
691 1693 816 1753 τοὺς
856 1690 1186 1756 ξενισθέντας
1219 1695 1478 1763 νομίζωνο
1518 1695 1578 1751 οὐ
1626 1695 1730 1765 γὰρ
1765 1690 1833 1765 ἦν
1875 1696 2037 1760 εἰκὸς,
2086 1696 2234 1766 φίλον

687 1777 816 1831 ὄντα
832 1778 926 1831 τοῦ
947 1778 1080 1833 Θεοῦ
1103 1780 1194 1832 τὸν
1212 1780 1549 1851 πατριάρχην
1566 1784 1630 1852 τῇ
1652 1782 1757 1835 τῶν
1775 1783 1892 1835 κατ’
1918 1784 2094 1835 ἐκεῖνο
2117 1800 2234 1835 και-

638 1850 658 1864 “
691 1867 791 1941 ροΰ
821 1850 1342 1940 δεισιδαιμονούντων
1708 1872 2007 1939 ὑπάγεσθαι
2036 1873 2229 1945 πλάνῃ,

2336 1242 2427 1295 τὸν
2472 1241 2627 1308 φύσει
2670 1241 2801 1295 Θεὸν
2846 1241 3182 1313 προσκυνῶν,
3226 1241 3609 1312 μακαρίζεται·
3653 1240 3767 1295 est
3794 1241 3883 1293 τὸν

2338 1332 2520 1394 θέσει,
2549 1331 2716 1386 πολλὰ
2764 1331 3161 1402 διασφάλλεται,
3194 1333 3249 1384 ὲν
3295 1330 3372 1401 τῷ
3419 1330 3593 1385 σέϐειν
3629 1330 3883 1383 άϐέόαιον

2336 1421 2706 1491 καρπούμενος
2727 1423 2931 1492 ὄφελος.
2966 1424 3051 1487 Ὠς
3066 1422 3172 1493 γὰρ
3196 1424 3225 1474 ὁ
3252 1421 3455 1491 θέρμης
3476 1421 3658 1475 ἕνεκεν
3685 1422 3747 1474 τὸ
3776 1421 3883 1488 πῦρ

2334 1512 2703 1581 ἀσπαζόμενος
2731 1514 2823 1565 καὶ
2872 1511 3218 1584 θερμαίνεται
3258 1512 3387 1582 παρ’
3431 1510 3594 1565 αὐτοῦ
3621 1550 3637 1575 ,
3683 1513 3779 1563 καὶ
3806 1513 3882 1580 τῷ

2334 1602 2521 1669 φέγγει
2540 1600 2924 1674 λαμπρύνεταιε
2951 1606 2981 1654 ὁ
3006 1601 3293 1672 δὲῦληνὲκ
3323 1600 3507 1672 πυρὸς,
3530 1602 3563 1671 ἦ
3592 1601 3817 1671 χαλκοῦ,
3843 1601 3879 1672 ἢ

2334 1691 2571 1762 σιδήρου,
2597 1693 2784 1762 ζητῶν·
2802 1695 2881 1757 εἰς
2906 1692 3231 1764 θερμότητα,
3257 1693 3606 1762 διαμαρτάνει
3632 1692 3725 1745 τοῦ
3760 1709 3881 1745 σκο-

2331 1780 2433 1833 ποῦ
2453 1798 2466 1810 ·
2491 1782 2626 1853 πρὸς
2649 1781 2827 1849 ὀλίγον
2858 1783 3019 1859 γὰρ-ὴ
3041 1782 3138 1853 ὕλη
3165 1781 3474 1852 ψευσαμένη
3504 1780 3599 1852 τὴν
3626 1781 3790 1849 φύσιν
3805 1784 3881 1844 εἰς

2329 1871 2425 1942 τὴν
2465 1872 2669 1926 οἰκείαν
2707 1873 2805 1943 τῆς
2849 1874 3032 1936 οὐσίας
3074 1872 3223 1945 λῆξιν
3268 1874 3554 1942 ὑποχωρεῖ,
3588 1871 3755 1941 μηδὲν
3787 1873 3880 1924 τὸν

642 1948 645 1951 ’
684 1958 811 2031 ἄρτι
844 1961 1025 2030 σχεδὸν
1052 1960 1463 2032 ἀνακυπτούσης
1482 1962 1577 2031 τῆς
1602 1961 1708 2015 τῶν
1736 1964 2058 2031 ἀγαλμάτων
2090 1963 2231 2033 ἱδρὺ-
2263 1948 2304 2001 Β
2330 1962 2517 2033 ἔχοντα
2550 1962 2749 2034 ταύτην
2787 1966 2843 2016 ὲν
2881 1964 3101 2035 θερμοῖς
3141 1963 3497 2034 ὠφελήσασα,
3547 1962 3681 2031 μηδὲ
3721 1960 3879 2023 σέλας

689 2066 843 2113 σεως.
871 2049 927 2105 ld
950 2060 1033 2106 est
1057 2070 1070 2109 :
1098 2050 1197 2107 His
1222 2052 1480 2113 evidenter
1498 2059 1547 2103 et
1575 2066 1745 2104 revera
1772 2052 2033 2121 perfectis,
2061 2051 2231 2106 Abra-

684 2126 873 2196 hamus
901 2158 1100 2208 eorum,
1130 2143 1220 2211 qui
1253 2144 1351 2194 visi
1377 2150 1546 2203 erant,
1577 2157 1669 2193 nec
1703 2142 1923 2209 speciem
1961 2142 2227 2208 exprimit,

686 2249 779 2285 nec
807 2233 1149 2287 simulacrum
1173 2232 1385 2300 sculpit,
1416 2247 1507 2285 nec
1530 2233 1804 2301 imaginem
1827 2232 1882 2285 in
1910 2232 2101 2285 tabella
2120 2234 2230 2300 pin-

683 2323 780 2395 git,
802 2331 991 2397 putans
1015 2336 1070 2373 se
1095 2321 1149 2374 in
1180 2320 1257 2373 his
1282 2336 1386 2382 eos,
1402 2336 1528 2390 quos
1551 2321 1772 2389 hospitio
1796 2322 2015 2390 excepit,
2039 2323 2229 2376 intueri

681 2420 992 2483 prmentes;
1020 2411 1206 2489 quippe
1232 2426 1323 2464 nec
1346 2409 1555 2465 decebat
1578 2411 1932 2480 patriarcham
1968 2412 2071 2466 Deo
2093 2414 2227 2466 ami-

680 2512 801 2555 cum
831 2501 1094 2555 hominum
1127 2500 1220 2554 illo
1247 2510 1473 2569 tempore
1504 2500 1909 2556 idololatrarum
1929 2504 2096 2556 errori
2127 2505 2224 2556 ad-

678 2592 879 2646 dictum
911 2607 1039 2659 esse,
1065 2592 1274 2645 ineunte
1302 2592 1408 2658 fere
1449 2592 1752 2646 idololatria
1780 2594 1885 2647 sive
1913 2593 2224 2646 simulacro-

681 2697 800 2735 rum
838 2682 1198 2753 erigendorum
1225 2683 1553 2751 fundatione.
1586 2681 1760 2752 Hujus
1797 2684 2013 2753 quidem
2057 2685 2225 2739 histo—

592 2764 595 2766 ’
680 2773 776 2827 riae
806 2771 1023 2829 Eusebii
1058 2772 1407 2828 Gatsariensis
1435 2783 1589 2828 atate
1622 2773 1835 2844 publica
1861 2775 2105 2843 quedam
2130 2791 2223 2831 ex-

679 2860 818 2913 stitit
857 2862 1054 2930 imago,
1081 2860 1171 2915 sed
1214 2874 1324 2914 non
1364 2861 1430 2914 ad
1480 2862 1681 2914 cultum
1726 2877 1790 2917 ac
1826 2865 2221 2919 venerationem

678 2948 1130 3019 expasita,.qnam
1163 2951 1238 3005 ita
1271 2959 1663 3005 commemorat
1691 2950 1803 3018 ipse
1835 2949 2099 3007 Eusebius
2123 2953 2222 3008 De-

524 3057 529 3061 '
638 3094 639 3097 η
680 3041 1069 3095 monstrationis
1092 3059 1272 3113 evang.
1304 3043 1400 3097 lib.
1426 3058 1479 3107 ν,
1520 3056 1639 3111 cap.
1664 3042 1719 3105 9,
1762 3051 1823 3095 ut
1858 3042 2053 3097 exinde
2095 3060 2221 3113 pro-

679 3128 787 3213 bet,
819 3126 1098 3183 Dominum
1125 3147 1188 3185 ac
1214 3132 1546 3188 Salvatorem
1576 3141 1819 3188 nostrum
1862 3131 2096 3186 medium
2139 3134 2221 3187 ln-

679 3228 760 3271 ter
782 3217 917 3273 istos
940 3226 1049 3272 tres
1077 3218 1312 3288 hospites
1339 3223 1627 3277 Abrahami
1658 3220 1845 3286 fuisse,
1880 3222 1970 3290 qui
1999 3236 2065 3276 eo
2087 3231 2219 3276 tem-

2326 2051 2473 2122 αὺτῷ
2536 2053 2781 2125 λαμπρὸν
2830 2054 3196 2131 ἐπαρκέσασα.
3258 2052 3442 2114 Οὕτως
3486 2053 3515 2105 ὁ
3563 2050 3879 2120 βουλόμενος

2325 2143 2559 2214 ἀκράτου
2603 2143 2801 2214 ἀρετῆς
2855 2142 3035 2197 λασεῖν
3084 2143 3474 2214 μακαριότητα,
3533 2141 3686 2211 παρά
3742 2138 3877 2192 Θεοῦ
3981 2168 3992 2180 -

2324 2233 2524 2301 ταύτην
2552 2230 2645 2283 τοῦ
2671 2230 2809 2284 κατά
2851 2231 3009 2300 φύσιν
3039 2231 3203 2284 αἰτῶν
3224 2270 3238 2294 ,
3267 2231 3327 2283 οὐ
3362 2229 3653 2293 σφάλλεται
3673 2246 3689 2260 ο
3728 2230 3878 2299 παρά

2324 2318 2381 2370 δὲ
2407 2303 2653 2386 ἀγγέλου,
2670 2320 2717 2389 -ἢ
2744 2318 2887 2382 τινὸς
2912 2318 3200 2388 ἀσωμάτου
3224 2317 3498 2387 τάγματος
3542 2317 3875 2386 ἀνωφεροῦς,

2325 2406 2448 2462 θεοῦ
2477 2408 2575 2479 τὴν
2604 2408 2751 2461 θέσιν
2774 2409 2837 2460 οὑ
2875 2406 2970 2477 τὴν
3011 2407 3172 2475 φύσιν
3200 2406 3550 2476 ὑπάρχοντος,
3585 2404 3876 2476 ζημιοῦται

2326 2497 2590 2567 μεγάλως,
2620 2498 2800 2552 λαϐεῖν
2829 2496 3014 2560 θέλων,
3042 2498 3175 2568 ὅπερ
3198 2497 3320 2561 δοὺς
3344 2497 3373 2549 ὁ
3405 2496 3749 2568 κτησάμενος
3776 2513 3876 2565 γυ-

2327 2589 2577 2659 μνητεύει
2616 2590 2714 2660 τῆς
2744 2589 2979 2659 χάριτος.
3014 2587 3069 2642 ld
3101 2598 3217 2643 est:
3246 2587 3430 2657 Itaque
3448 2588 3627 2641 beatus
3654 2587 3876 2641 habetur

2323 2680 2390 2742 is,
2424 2679 2515 2747 qui
2537 2678 2725 2732 adorat
2756 2678 2925 2743 illum,
2949 2680 3037 2747 qui
3070 2691 3259 2731 natura
3293 2677 3428 2731 Deus
3455 2688 3573 2739 est;
3603 2678 3651 2730 is
3675 2687 3847 2731 autent

2322 2770 2411 2838 qui
2442 2769 2743 2836 adoptivum
2783 2767 2928 2831 colit,
2953 2767 3172 2820 multum
3193 2766 3501 2840 fallitur,“
3530 2766 3769 2833 fructum
3808 2780 3861 2816 ea

2320 2876 2379 2913 eo
2416 2858 2564 2912 cultu
2617 2874 2721 2910 non
2768 2857 3077 2909 diuturnum
3121 2856 3359 2926 percipit.
3422 2851 3871 2918 Quemadmodum

2320 2952 2454 3004 enim
2477 2953 2544 3014 is,
2581 2948 2671 3018 qui
2696 2946 2888 2999 caloris
2931 2962 3093 2999 causa
3122 2947 3286 3014 ignem
3318 2945 3485 3008 ipsum
3512 2943 3865 3012 amplectitur,

2321 3035 2534 3087 calescit
2581 3037 2646 3086 ab
2698 3049 2757 3086 eo
2788 3032 2985 3096 simul,
3031 3040 3084 3084 et
3115 3032 3229 3100 ejus
3255 3030 3457 3098 fulgore
3500 3031 3865 3093 illuminotur;

2318 3124 2408 3193 qui
2430 3138 2545 3176 vero
2565 3122 2841 3175 materiam
2864 3121 2927 3174 ab
2951 3122 3068 3191 igne
3113 3120 3446 3191 calefactum,
3485 3122 3589 3176 sive
3621 3138 3693 3176 tes
3715 3162 3732 3187 ,
3762 3124 3867 3176 sise

2322 3214 2537 3279 ferrum,
2562 3213 2631 3265 ad
2659 3213 3016 3265 calescendum
3048 3214 3255 3283 quaerit,
3302 3215 3347 3267 is
3378 3230 3411 3266 a
3431 3231 3584 3283 scopo
3618 3216 3863 3278 aberrat;

677 3324 806 3380 pore
835 3309 1047 3379 pietatis
1072 3311 1275 3364 semina
1308 3313 1376 3364 ad
1407 3313 1649 3368 homines
1677 3315 1904 3383 jaciens,
1929 3315 2219 3368 humanam

2323 3304 2572 3372 siquidem
2593 3320 2653 3356 ea
2681 3305 2899 3355 materia
2928 3304 2995 3355 ad
3025 3303 3169 3357 breve
3210 3313 3405 3373 tempus
3448 3314 3695 3357 naturam
3727 3306 3862 3375 ignis

676 3400 905 3468 speciem
939 3415 1004 3454 ac
1037 3399 1261 3469 ﬁguram
1294 3400 1532 3464 indutus,
1559 3401 1651 3456 Dei
1675 3405 1849 3460 amico
1878 3414 2042 3477 atque
2083 3404 2220 3458 anti-
2252 3450 2255 3451 ν

676 3506 785 3560 quo
814 3492 952 3561 patri
983 3489 1213 3545 Abrahae
1240 3504 1299 3545 se
1331 3490 1528 3558 ipsum,
1559 3494 1804 3560 quisnam
1835 3506 1996 3561 esset,
2036 3504 2220 3549 osten-

674 3569 834 3643 derit,
858 3578 1139 3649 Patrisque
1165 3578 1251 3635 sui
1278 3577 1553 3632 tradiderit
1587 3582 1925 3637 sententiam.
1949 3582 2025 3637 Eo
2055 3583 2218 3654 igitur

676 3669 907 3724 consilio
960 3669 1221 3738 imagines
1271 3667 1582 3737 angelorum
1636 3667 2057 3737 haudquaquam
2109 3672 2213 3726 ulla

660 3756 858 3825 specie
888 3756 1212 3826 eﬂingendas
1233 3757 1401 3812 voluit
1426 3754 1695 3812 Macarius
1728 3769 1928 3823 noster,
1954 3776 2018 3813 ne
2043 3764 2211 3816 errori

678 3846 1009 3900 idololatrico
1040 3862 1171 3901 ansa
1202 3849 1421 3905 daretur
1452 3864 1547 3919 per
1581 3848 1783 3903 cultum
1829 3849 2140 3918 imaginum.

744 3934 886 3987 idem
946 3948 1120 3990 tamen
1158 3936 1422 3993 Macarius
1472 3938 1690 4009 Magnes
1737 3938 1789 3991 in
1844 3937 2211 4007 fragtncntox

678 4018 803 4074 libri
849 4022 1246 4090 Ἀποκριτικῶν
1272 4028 1554 4097 imaginem
1578 4028 1867 4099 quamdam
1908 4027 1961 4081 in
2010 4044 2214 4085 memo-

678 4108 814 4163 riam
840 4109 980 4165 illius
1011 4113 1257 4168 miraculi
1286 4116 1511 4171 eﬂlctam
1544 4120 1863 4183 celebravit,
1900 4120 2045 4187 quod
2088 4118 2213 4172 Ser-

677 4211 829 4254 vator
857 4209 1039 4254 noster
1060 4203 1111 4255 in
1132 4205 1351 4263 muliere
1380 4206 1785 4263 hacmorrbousa
1814 4209 1995 4261 divina
2016 4208 2212 4263 virtute

678 4294 1011 4355 patraverat;
1040 4303 1198 4365 quam
1232 4300 1482 4359 statuam,
1520 4294 1721 4349 Christi
1747 4297 2034 4366 imaginem
2060 4297 2210 4347 exhi-

2319 3396 2535 3448 rnentita
2566 3395 2633 3446 ad
2660 3396 2926 3463 propriam
2954 3394 3262 3481 substantia
3285 3407 3528 3450 naturam
3554 3398 3715 3464 redit,
3744 3413 3863 3451 eum

2317 3494 2510 3547 autem,
2544 3486 2633 3555 qui
2661 3480 2829 3551 ipsam
2853 3480 3025 3551 habet,
3049 3485 3220 3542 calore
3248 3504 3344 3540 suo
3380 3487 3513 3541 nihil
3547 3488 3721 3555 juvat,
3770 3503 3862 3540 uec

2316 3576 2569 3644 fulgorem
2590 3576 2637 3627 ei
2669 3574 2868 3626 clarum
2892 3575 3203 3640 suppeditat.
3246 3574 3334 3630 Ita
3359 3577 3448 3646 qui
3494 3592 3625 3631 uerte
3651 3579 3859 3631 virtutis

2279 3656 2282 3659 ’
2316 3666 2690 3720 beatitudinem
2734 3664 2962 3731 accipere
2990 3656 3119 3729 vult,
3167 3681 3281 3719 eam
3321 3666 3385 3718 ab
3412 3682 3499 3732 eo,
3529 3667 3619 3735 qui
3663 3678 3859 3720 natura

2311 3757 2451 3811 Deus
2477 3768 2574 3823 est,
2603 3757 2650 3811 si
2676 3764 2837 3824 petat,
2864 3767 2962 3806 non
2985 3753 3130 3807 lazdit
3158 3771 3212 3808 se
3234 3756 3443 3823 ipsum;
3467 3757 3533 3807 ab
3559 3756 3741 3824 angelo
3760 3773 3829 3808 au
3846 3790 3859 3798 -

2313 3860 2413 3903 tem
2434 3857 2629 3919 petens,
2658 3847 2734 3901 vel
2765 3846 2830 3900 ab
2858 3844 3033 3914 aliquo
3060 3846 3360 3913 incorporeo
3384 3846 3665 3913 superioris
3705 3848 3858 3899 ordi-.

2309 3941 2412 4004 nis,
2456 3941 2543 4013 qui
2588 3938 2894 4007 adoptione,
2944 3952 3044 3990 non
3079 3946 3292 4000 natura,
3327 3937 3395 3988 sit
3422 3934 3578 3997 deus,
3603 3937 3854 3988 damnum

2311 4046 2462 4098 grave
2490 4030 2714 4098 accipit,
2749 4031 2978 4097 accipere
3020 4028 3075 4080 id
3100 4026 3294 4091 volens,
3338 4026 3472 4094 quod
3502 4027 3549 4078 si
3577 4026 3777 4080 dederit
3807 4030 3852 4081 is

2309 4121 2395 4188 qui
2418 4122 2677 4189 possidet,
2709 4138 2763 4174 se
2792 4121 2962 4190 ipsum
2992 4120 3181 4173 virtute
3197 4117 3379 4187 spoliet
3419 4133 3620 4171 necesse
3647 4130 3743 4172 est.

2345 4232 2372 4303 ᾗ
2404 4232 2542 4288 XVI.
2577 4234 2831 4287 Doctrina
2863 4232 3115 4301 Magnetis
3152 4232 3214 4285 de
3246 4220 3501 4303 creatione
3534 4244 3582 4286 et
3608 4250 3815 4287 conser-

2651 4304 2851 4355 vatione
2880 4317 3153 4368 corporum
3200 4302 3498 4355 ett-testium.

672 4377 907 4438 bcntem,
952 4376 1130 4429 adhuc
1177 4394 1272 4431 sua
1299 4390 1457 4435 mtate
1487 4383 1539 4435 in
1587 4382 1969 4453 Mesopotamia
2005 4386 2205 4440 salvam
2377 4390 2610 4459 Corpora
2639 4394 2878 4447 ea‘lcstia
2909 4407 2937 4444 a
2964 4391 3075 4443 Deo
3094 4400 3270 4445 creata
3299 4391 3491 4446 exinde
3513 4392 3848 4449 demonstrat

673 4465 1102 4533 incolumemque
1122 4466 1395 4552 exstitisse
1418 4477 1639 4525 testatur
1671 4474 1755 4527 his
1785 4475 1999 4530 verbis:
2038 4474 2205 4526 Αὐτοῦ
2310 4477 2591 4543 Macarius,
2626 4481 2768 4551 quod
2815 4480 2953 4534 Deus
2997 4478 3180 4533 eadem
3222 4496 3253 4535 e
3301 4481 3436 4534 cmlo
3486 4485 3844 4552 suspenderit,

633 4604 637 4608 .
671 4555 778 4624 γὰρ
814 4552 906 4605 τοῦ
948 4550 1276 4646 πραχθέντος
1316 4555 1348 4622 ἠ
1391 4557 1523 4625 γυνὴ
1568 4560 1664 4629 τὴν
1710 4554 1945 4632 ἱστορίαν
1996 4564 2206 4632 σεμνῶς

2323 4582 2631 4637 mrsumque
2650 4550 2897 4639 ipsort‘tm
2926 4578 2979 4623 et
3003 4568 3325 4625 mutationes
3345 4586 3407 4624 ex
3432 4550 3645 4640 propria
3665 4573 3846 4627 volun-

670 4640 1121 4713 ἀποχαλκεύσασα
1152 4642 1227 4711 τῷ
1256 4642 1356 4713 βίῳ
1375 4646 1698 4713 παρέδωκεν,
1726 4651 1800 4714 ὡς
1831 4654 1953 4722 ἄρτι
1982 4651 2205 4723 τοῦργον

2323 4665 2417 4710 .ate
2445 4657 2692 4712 inﬂectat.
2723 4660 2840 4725 Quo
2858 4666 3099 4728 spectant
3128 4659 3240 4711 hate
3259 4661 3414 4711 verba
3432 4661 3716 4729 fragmenti
3741 4662 3844 4716 IX:

671 4735 973 4805 γενόμενον,
1006 4736 1066 4788 οὐ
1092 4733 1272 4787 πάλαι.
1299 4732 1351 4786 Id
1374 4745 1485 4787 est:
1511 4733 1681 4799 Ipsius
1710 4742 1895 4809 quippe
1921 4745 2052 4812 facti
2070 4746 2205 4796 ima-

2323 4746 2421 4797 Kav
2454 4745 2643 4798 θέωσιν
2669 4748 2891 4819 ἀστέρες
2927 4749 3018 4800 καὶ
3063 4746 3319 4815 τρέχωσιν
3360 4748 3587 4817 ἄπειρα,
3628 4748 3845 4813 τούτους

671 4827 839 4893 ginem
863 4827 1047 4877 mulier
1076 4824 1334 4877 memoria:
1358 4822 1571 4874 tradidit
1588 4842 1684 4879 tere
1702 4845 2016 4897 expressam,
2043 4844 2098 4885 ut
2124 4850 2204 4886 res

2323 4837 2380 4906 ιὴ
2423 4836 2736 4906 θειάζωμεν.
2797 4842 2881 4903 Ὡς
2933 4839 3040 4908 γὰρ
3084 4838 3366 4906 τρέχοντας
3423 4838 3620 4902 ἵππους
3670 4840 3842 4902 οὐδεὶς

671 4932 770 4966 non
794 4914 917 4966 olim
946 4914 1120 4980 facta,
1149 4915 1236 4968 sed
1265 4912 1415 4964 hodie
1435 4912 1554 4979 fieri
1571 4914 1817 4992 videatur.
1851 4920 1926 4973 Ex
1952 4924 2203 4977 omnibus

2323 4926 2686 4991 ιστεφάνωσεν,
2715 4928 2846 4980 ἀλλὰ
2874 4929 2963 4982 τὸν
2992 4928 3223 4998 ἐλατῆρα
3257 4926 3456 4979 τούτων
3481 4928 3573 4979 καὶ
3610 4930 3838 4999 ἡνίοχον,

671 5003 1007 5071 antiquitatis
1035 5004 1289 5071 exemplis
1333 5003 1798 5083 expressissimum
1846 5010 1975 5065 illud
2026 5024 2108 5067 est
2151 5024 2205 5069 ct

2323 5017 2470 5079 ιῢτως
2500 5016 2598 5067 οὐκ
2625 5016 2860 5088 ἀστροις,
2892 5020 3023 5072 ἀλλά
3055 5019 3189 5088 Θεῷ,
3216 5019 3274 5071 τὺ
3298 5019 3454 5080 σέϐας
3490 5022 3723 5089 γνησίως
3747 5038 3840 5090 τη.

673 5095 900 5146 maxime
932 5093 1136 5147 illustre
1159 5110 1431 5149 sacrarum
1457 5093 1745 5161 imaginum
1774 5113 2198 5168 monumentum,

2323 5110 2553 5179 >ήσωμεν
2591 5104 2666 5175 τῷ
2711 5108 2924 5173 τούτους
2953 5097 3220 5178 ἐξάψαντι.
3252 5111 3307 5161 Id
3356 5122 3468 5163 est:
3520 5110 3626 5163 Nec
3656 5113 3834 5165 stellas

670 5183 811 5247 quod
832 5182 1105 5236 Eusebius
1124 5183 1471 5238 Caesariensis
1495 5184 1949 5259 pariterpluribus
1970 5192 2201 5245 cireum-
2301 5203 2462 5268 ipsas,
2484 5196 2581 5249 etsi
2615 5195 2721 5250 illa:
2742 5209 2955 5251 currunt
2999 5210 3047 5253 et
3086 5211 3329 5253 wternnm
3368 5190 3657 5265 volvuntur,
3712 5214 3838 5255 tan-

670 5274 876 5327 stantiis
906 5284 1152 5327 ornatum
1192 5276 1403 5339 retulit,
1442 5282 1495 5328 et
1525 5274 1592 5326 ad
1634 5290 1727 5327 sua
1767 5276 1924 5329 etiam
1960 5288 2198 5347 tempora
2296 5304 2452 5354 quam
2491 5287 2610 5339 deos
2650 5304 2960 5343 veneremur,
3005 5289 3145 5343 Nam
3208 5292 3637 5357 quemadmodum
3676 5310 3830 5362 εςκοε

669 5365 1053 5427 permansisse,
1092 5373 1247 5431 atque
1285 5366 1453 5419 oculis
1497 5366 1609 5418 suis
1641 5378 1985 5433 conspectum
2035 5370 2198 5425 fuisse
2297 5393 2558 5433 cun-enm
2584 5394 2729 5429 nenia
2760 5394 2983 5446 unquam
3021 5382 3316 5455 coronavit,
3343 5381 3431 5434 sed
3454 5372 3831 5453 eorum'agg‘m-

671 5451 991 5543 Ira-ditlibro
1020 5472 1088 5507 vn
1129 5454 1375 5507 llistoria'
1414 5457 1794 5519 ecclesiastica',
1826 5472 1943 5525 cap.
1972 5459 2059 5511 18.
2298 5481 2459 5524 torem
2480 5479 2528 5523 et
2558 5470 2829 5537 aurigam:
2862 5472 2934 5521 ita
2972 5486 3062 5523 nos
3090 5451 3189 5523 non
3219 5475 3377 5525 astris
3399 5514 3414 5536 ,
3446 5476 3535 5528 sed
3737 5476 3828 5543 qui

696 5626 703 5632 _
740 5536 989 5638 Ultimum
1015 5546 1263 5613 denique,
1301 5547 1442 5614 quod
1469 5548 1611 5601 circa
1638 5547 1933 5600 doctrinam
1984 5546 2195 5617 Magne-
2294 5561 2388 5613 illa
2416 5578 2441 5614 ε
2471 5562 2597 5616 calo
2622 5536 2907 5628 suspendit,
2938 5577 3089 5615 suum
3123 5563 3319 5616 cultum
3365 5566 3620 5638 integrum

671 5635 737 5677 tis
766 5632 932 5682 nostri
962 5634 1026 5686 de
1056 5636 1255 5703 angelis
1274 5636 1447 5691 adhuc
1474 5637 1869 5691 observandum
1898 5638 2060 5704 venit,
2082 5640 2195 5693 cul-
2294 5666 2422 5707 νινε,

734 5802 841 5873 ('28)
876 5804 927 5860 lu
950 5805 1241 5880 fragmento
1272 5818 1315 5868 11
1340 5818 1514 5887 aperis
1542 5817 1844 5872 \lacariani.
