4094 6350
755 446 887 500 H07

1581 403 1585 407 ’
1616 438 1669 492 s.
1712 426 2653 492 Attcusmus.aeserunium
2692 420 3103 478 EPISCOPUS.‘

3806 417 3933 468 N03

760 570 961 612 tantum
1016 568 1113 620 est,
1178 560 1310 625 quod
1361 558 1643 618 studemus,
1697 567 1752 609 ut
1804 558 1876 608 rei
1929 565 2082 624 gesta:
2124 553 2297 621 cogni-
2325 554 2369 608 A
2397 545 2602 598 sa’cnlis
2632 542 2909 597 tradiderit
2930 541 3115 609 patris,
3147 546 3443 605 permanent
3478 536 3585 588 illa!
3613 535 3667 585 in
3698 533 3933 585 colnmm

760 653 831 703 tio
851 650 1139 702 studiosum
1162 665 1403 717 quemque
1420 664 1517 699 non
1538 648 1719 700 lateat.
1741 647 1802 700 Et
1822 648 2017 700 clarius
2039 644 2160 697 alibi
2182 646 2254 711 (a)
2280 661 2291 696 :

730 739 954 807 .Quibus
999 749 1174 805 postea
1214 740 1402 807 agnitis
1454 739 1757 802 Archelaus,
1812 738 1999 804 adjecit
2043 752 2104 788 ea
2133 735 2296 803 priori

756 817 1122 897 disputationi,
1167 840 1222 882 ut
1256 832 1492 882 omnibus
1533 830 1887 892 imtotescerct,
1922 830 2055 881 sicut
2085 844 2175 896 ego
2207 827 2295 895 qui

755 921 1018 988 inscripsi,
1051 922 1100 973 in
1136 921 1393 990 prioribus
1424 921 1654 985 exposui.
1690 919 1987 973 Verisimile
2016 918 2156 971 enim
2190 933 2293 969 non

758 1020 837 1064 est
866 1012 1182 1065 Archelaum
1215 1012 1286 1064 ita
1318 1011 1555 1063 locutum
1598 1008 1782 1073 fuisse,
1823 1011 1868 1063 si
1910 1010 2150 1076 ipsemet,
2179 1023 2297 1074 quae

754 1117 899 1156 nunc
948 1102 1225 1164 habemus,
1271 1100 1648 1169 disputationis
1698 1099 1859 1166 hujus
1902 1098 2031 1149 Acta
2082 1098 2295 1164 scriptis

756 1193 1093 1255 mandasset;
1134 1205 1199 1243 eo
1241 1190 1568 1257 praesertim,
1602 1190 1745 1257 quod
1780 1203 1873 1255 pro
1901 1189 2175 1253 inscripsi,
2225 1189 2297 1239 le-

754 1282 983 1351 gendum
1022 1281 1196 1349 pOtius
1241 1295 1359 1333 esse
1399 1280 1640 1333 videatur
1669 1279 1940 1346 exscripsi.
1985 1276 2088 1330 Sed
2130 1277 2296 1330 nihilo

754 1375 931 1427 secius
962 1390 1084 1428 cum
1121 1376 1174 1428 in
1226 1386 1495 1444 postremo
1524 1374 1831 1427 eorumdem
1877 1373 2132 1426 Actorum
2178 1372 2298 1426 loco

754 1466 917 1518 modo
943 1475 1238 1519 memorato
1265 1466 1461 1521 diserte
1493 1466 1722 1525 dicatur,
1750 1462 2072 1516 Archelaum
2119 1461 2294 1531 ipsum

756 1556 1013 1608 nonnulla
1044 1556 1208 1623 priori
1241 1554 1591 1625 disputationi
1621 1569 1733 1607 suae
1772 1552 2110 1620 postmodum
2143 1550 2295 1605 addi-

756 1644 918 1708 disse,
954 1644 1005 1697 in
1036 1660 1154 1700 eam
1188 1647 1507 1700 sententiam
1539 1646 1730 1698 lubens
1766 1644 1941 1705 venio,
1976 1652 2035 1697 ut
2067 1640 2299 1708 Epipha-

758 1734 903 1787 nium
927 1744 1086 1803 atque
1112 1735 1495 1806 Hieronymum
1524 1750 1646 1789 cum
1670 1733 1987 1787 Heracliano
2016 1730 2297 1785 conciliari

755 1837 913 1891 posse
941 1825 1172 1888 credam,
1201 1825 1247 1877 si
1283 1824 1551 1886 dicamus,
1584 1822 1903 1875 Archelaum
1942 1820 2161 1890 Syriaca
2188 1818 2296 1887 pri-

756 1924 903 1961 mum
948 1910 1127 1978 lingua
1172 1920 1383 1977 cuncta,
1412 1926 1532 1980 qua:
1560 1925 1740 1965 coram
1786 1910 2003 1963 delectis
2025 1909 2296 1977 iudicibus

755 1997 1013 2053 adversus
1062 1998 1323 2054 Manetem
1369 2001 1685 2068 protulerat,
1738 2000 2074 2067 divulgasse;
2127 1996 2299 2065 Hege-

755 2087 997 2141 moni‘um
1023 2104 1171 2155 vero,
1198 2106 1319 2158 quas
1357 2092 1425 2143 ab
1457 2090 1719 2143 Archelao
1747 2090 1858 2157 jam
1891 2090 2033 2142 edita
2065 2086 2295 2151 fuerant,

756 2177 966 2231 meliori
996 2193 1101 2231 non
1135 2180 1307 2233 solum
1336 2180 1521 2233 ordine
1558 2179 1869 2248 digessisse,
1905 2193 2091 2232 verum
2135 2178 2296 2230 etiam

757 2267 998 2334 exordio,
1026 2268 1257 2337 epilogo,
1286 2269 1513 2337 aliisque
1534 2269 1809 2322 nonnullis
1836 2268 2215 2336 locupletasse,
2243 2275 2301 2320 ut

757 2358 1009 2411 omnibus
1044 2359 1279 2411 numeris
1309 2359 1573 2423 absoluta,
1608 2359 1970 2414 celeberrimae
2001 2358 2142 2410 illius
2186 2356 2296 2411 dis-

755 2447 1049 2515 putationis
1073 2447 1203 2501 Acta
1237 2449 1300 2501 ad
1329 2459 1569 2515 posteros
1597 2450 2105 2503 transmitterentur.
2130 2445 2296 2499 Porro

759 2532 980 2608 Syriaca
1032 2540 1265 2607 primum
1310 2540 1486 2609 lingua
1538 2546 1736 2608 scripta
1778 2539 1943 2593 fuisse
1984 2543 2114 2591 Acta
2162 2538 2295 2600 ista,

756 2637 946 2697 praeter
997 2628 1376 2699 Hieronymum
1427 2630 1478 2683 id
1528 2631 1703 2700 ipsum
1756 2631 1875 2684 loco
1917 2645 2041 2683 mox
2082 2630 2297 2681 laudato

758 2720 900 2774 clare
933 2729 1213 2775 testantem
1235 2762 1249 2786 ,
1292 2722 1420 2774 illud
1460 2722 1620 2774 etiam
1672 2730 1990 2790 argumento
2018 2729 2122 2782 est,
2153 2721 2298 2788 quod

756 2810 1051 2865 Archelaus
1076 2811 1139 2864 de
1166 2811 1355 2864 solaris
1383 2824 1576 2863 cursus
1605 2810 1778 2876 spatio
1810 2824 1995 2877 agens,
2030 2808 2296 2875 sphteram

759 2897 890 2952 illud
914 2914 944 2952 a
973 2898 1168 2955 Graecis
1191 2900 1369 2955 vocari
1401 2901 1476 2953 ait
1508 2899 1604 2968 (b).
1634 2898 1861 2963 Quinam
1884 2913 1947 2950 ea
1976 2899 2029 2950 in
2055 2897 2298 2952 Graecum

762 3002 1059 3043 sermonem
1105 2982 1456 3057 transtulerit,
1492 3000 1637 3046 certo
1665 2990 1917 3043 allirmari
1955 3006 2056 3043 non
2090 2998 2298 3058 potest,

762 3078 1008 3145 quamvis
1030 3096 1216 3148 magna
1239 3081 1383 3150 apud
1412 3095 1496 3134 me
1525 3078 1762 3146 suspicio
1794 3079 1884 3141 sit,
1913 3075 2299 3146 llegemonium

763 3170 855 3235 qui
897 3170 1118 3223 alteram
1153 3171 1397 3226 Archelai
1431 3172 1811 3240 disputationis
1848 3170 2135 3224 editionem
2171 3184 2299 3221 con-

762 3259 1018 3322 cinnavit,
1043 3260 1216 3327 ipsum
1244 3276 1456 3329 quoque
1476 3264 1783 3317 earumdem
1817 3262 2117 3315 versionem
2148 3274 2178 3312 e
2203 3257 2301 3327 Sy-

764 3354 915 3408 riaco
948 3354 1000 3406 in
1028 3354 1273 3407 Graecum
1309 3337 1576 3421 eloquium
1609 3356 1973 3415 elucubrasse,
2012 3360 2071 3405 ut
2099 3350 2160 3403 in
2207 3365 2305 3402 no-

764 3446 955 3499 tiorem
990 3444 1224 3514 linguam
1254 3443 1545 3508 transfusa,
1576 3446 1753 3497 cuncti
1782 3461 1874 3512 per
1904 3445 2090 3498 orbem
2122 3442 2303 3496 ﬁdeles
2336 3450 2349 3456 ‘

764 3535 1130 3603 plenissimam
1178 3534 1487 3588 eorumdem
1535 3534 1777 3586 notitiam
1826 3536 2022 3588 habere
2063 3543 2304 3602 possent.

770 3610 987 3677 Factum
1017 3624 1068 3677 id
1099 3623 1493 3691 antiquissimis
1524 3622 1852 3689 temporibus
1882 3622 2067 3685 fuisse,
2095 3640 2157 3678 ex
2183 3623 2308 3692 Epi—

765 3715 966 3784 phanio
1008 3723 1239 3787 constat,
1288 3716 1379 3783 qui
1425 3714 1657 3784 insignia
1694 3713 2008 3767 eorumdem
2058 3724 2309 3783 excerpta

767 3806 953 3861 Graece
982 3805 1143 3860 refert
1165 3807 1217 3860 in
1246 3804 1663 3860 Manichaeorum
1692 3804 1884 3859 haeresi
1914 3823 1927 3856 :
1955 3819 2053 3858 nec
2070 3805 2175 3859 dici
2202 3819 2312 3874 pot-

767 3910 871 3958 est,
898 3914 962 3951 ex
990 3896 1208 3966 Syriaco
1228 3898 1519 3964 exemplari
1542 3896 1900 3967 Epiphanium
1930 3896 2103 3964 ipsum
2130 3898 2311 3950 Graeca

767 3983 983 4045 fecisse,
1014 3998 1137 4036 cum
1165 3984 1344 4066 omnia
1372 4000 1490 4053 qua:
1514 3986 1581 4039 ab
1606 3987 1793 4040 eodem
1821 4001 1886 4040 ex
1901 3985 2047 4038 Actis
2074 3984 2314 4049 disputa-

769 4074 935 4128 tionis
966 4073 1215 4126 Archelai
1259 4088 1383 4126 cum
1428 4073 1636 4129 Mauete
1666 4076 1987 4141 afferuntur,
2020 4076 2074 4128 in
2121 4074 2313 4129 Latina

770 4180 933 4234 quam
960 4164 1200 4226 edimus,
1230 4166 1476 4218 versione
1504 4167 1723 4220 totidem
1748 4158 1923 4222 verbis
1953 4167 2309 4237 reperiantur.

771 4258 850 4312 De
879 4256 1069 4310 Latino
1091 4256 1378 4323 interprete
1399 4255 1555 4308 nobis
1578 4259 1984 4326 tantumliquet,
2016 4258 2161 4310 illum
2190 4255 2313 4309 Hie-

771 4362 996 4417 ronymo
1041 4348 1393 4414 posteriorem
1443 4344 1629 4411 fuisse,
1670 4361 1827 4414 quem
1871 4350 1936 4401 de
1972 4348 2157 4401 Latina
2187 4364 2310 4402 ver-

772 4440 924 4493 sione
954 4437 1278 4489 mentionem
1311 4436 1501 4489 l'ecisse
1533 4452 1629 4503 par
1658 4447 1791 4500 erat,
1825 4438 1868 4489 si
1918 4441 2032 4492 suis
2059 4439 2313 4505 tempori-
2339 4442 2343 4445 ’

774 4531 878 4582 bus
903 4527 1197 4582 exstitisset
1225 4545 1238 4579 :
1269 4527 1464 4580 vixisse
1496 4535 1670 4581 tamen
1693 4536 1815 4580 ante
1842 4529 2125 4593 septimum
2152 4529 2309 4581 (31πὶ-
2341 4542 2386 4595 ι)

775 4619 964 4674 etiame
1008 4634 1126 4673 tera:
1162 4618 1411 4672 seculum
1455 4618 1537 4671 vel
1584 4618 1705 4672 inde
1734 4618 2021 4687 colligitur,
2073 4618 2211 4684 quod
2258 4618 2336 4670 in’

773 4712 1056 4767 laudandis
1074 4726 1239 4765 sacra:
1257 4709 1547 4777 Scriptum
1564 4710 1695 4763 locis
1716 4711 1981 4779 vulgatam
2004 4708 2311 4771 editionem,

773 4819 896 4873 quae
918 4819 982 4855 eo
1013 4806 1205 4857 szeculo
1230 4820 1321 4874 per
1345 4802 1685 4858 Occidentem
1717 4800 1917 4870 passim
1953 4808 2162 4867 recepta
2193 4796 2312 4861 fuit,

775 4906 883 4945 non
910 4902 1181 4959 sequatur.

848 5042 911 5103 ll.
942 5042 1112 5097 Porro
1136 5042 1369 5098 Graecam
1394 5046 1716 5110 versionem,
1750 5061 1855 5099 non
1881 5060 2007 5098 vero
2035 5042 2315 5112 Syriacum

778 5146 978 5192 textum
1002 5153 1109 5206 pra:
1132 5136 1378 5189 manibus
1402 5134 1648 5187 Latinum
1671 5137 2012 5207 interpretem
2041 5134 2315 5199 habuisse,

746 5243 885 5294 .non
921 5228 1081 5281 modo
1112 5242 1176 5280 ex
1205 5226 1451 5279 universa
1480 5224 1597 5291 ejus
1638 5225 1926 5289 locutione,
1956 5241 2074 5293 quae
2098 5225 2315 5285 Graeca},

785 5330 891 5368 non
972 5332 1100 5371 vero
1157 5314 1392 5385 Syriacze
1450 5312 1645 5382 lingua:
1700 5313 1931 5365 indolem
2000 5316 2319 5382 geniumque

786 5405 1023 5468 redolet,
1108 5406 1237 5459 satis
1307 5417 1575 5471 superque
1635 5402 2069 5467 demonstratur;
2132 5420 2317 5457 verum

785 5496 941 5548 etiam
990 5497 1231 5565 pluribus
1266 5495 1385 5548 aliis
1419 5492 1752 5563 argumentis
1786 5490 2077 5547 fortissime
2114 5496 2337 5548 evinci-~

788 5598 891 5639 tur.
918 5589 1121 5657 Quippe
1150 5590 1202 5642 in
1232 5589 1392 5657 huius
1420 5581 1801 5653 disputationis
1829 5598 1949 5650 cap.
1988 5582 2020 5635 8
2049 5582 2119 5635 ita
2148 5584 2323 5651 loqui-

777 5687 911 5759 .tur:
949 5678 1076 5729 Cum
1107 5682 1268 5746 igitur
1308 5680 1432 5730 luna
1469 5693 1598 5730 onus
1626 5675 1761 5745 quod
1793 5675 1946 5744 gerit,
1993 5675 2285 5726 animarum
2309 5715 2322 5739 ,

860 5788 1067 5854 (a)Act.
1098 5790 1232 5857 disp.
1252 5830 1263 5849 ,
1288 5807 1402 5859 cap.
1431 5790 1523 5843 ult.

2395 636 2594 703 glorias,
2625 636 2758 702 quod
2787 642 2998 685 vocatur
3018 632 3094 682 vir
3122 629 3397 696 perfectus.
3430 626 3530 680 llic
3559 634 3737 676 autem
3766 626 3841 674 vir
3864 634 3933 673 Gal

2338 748 2341 751 ·
2396 725 2635 777 columna
2679 724 2829 774 lucis.
2875 721 3004 785 Quae
3045 719 3204 771 verba
3242 718 3313 771 ita
3362 718 3612 786 leguntur
3659 716 3711 765 in
3761 713 3933 765 Graeca

2395 816 2534 882 apud
2580 813 2935 881 Epiphanium
2974 809 3220 863 versione
3252 826 3265 861 :
3314 808 3423 875 Τῆς
3452 805 3546 859 οὖν
3576 806 3805 873 σελήνης
3852 820 3936 870 με-

2393 903 2702 971 ταδιδούσης
2732 904 2821 954 τὸν
2841 902 3007 970 γόμον
3026 898 3132 951 τῶν
3162 896 3344 966 ψυχῶν
3390 899 3501 958 τοῖς
3529 897 3688 948 αἱῶσι
3720 894 3812 945 τοῦ
3838 910 3933 943 πα-

2392 994 2538 1063 τρὸς,
2558 993 2954 1063 παραμένουσιν
2972 994 3027 1044 ἐν
3042 989 3119 1058 τῷ
3136 988 3307 1056 στόλῳ
3320 988 3417 1055 τῆς
3438 988 3614 1057 δόξης,
3630 986 3686 1047 ὃς
3702 984 3935 1035 καλεῖται

2394 1083 2501 1157 ἀὴρ
2522 1086 2549 1134 ὁ
2569 1083 2767 1144 τέλειος
2785 1099 2796 1110 ·
2836 1083 2863 1133 ὁ
2889 1081 2943 1133 δὲ
2961 1080 3066 1149 ἀὴρ
3099 1072 3250 1140 οὗτος
3278 1078 3462 1140 στύλος
3489 1078 3605 1129 ἐστὶ
3636 1074 3831 1143 φωτός.
3864 1071 3934 1122 Et

2395 1176 2593 1242 quibus
2608 1181 2767 1241 patet,
2786 1166 3031 1227 Latinum
3052 1173 3390 1238 interpretem
3409 1169 3717 1221 Graecarum
3748 1178 3934 1215 vocum

2396 1264 2740 1318 similitudine
2762 1263 3065 1329 deceptum,
3082 1276 3177 1329 pro
3196 1261 3321 1330 ἀὴρ,
3342 1270 3397 1312 ut
3415 1257 3748 1326 Epiphanius
3761 1254 3936 1315 habet,
3962 1278 3965 1279 ν

2394 1352 2531 1422 ἀνὴρ
2560 1351 2784 1421 legisse;
2819 1362 3012 1403 etcum
3044 1358 3250 1403 vertere
3275 1347 3543 1401 debuisset
3572 1362 3584 1397 :
3626 1343 3935 1396 Pcrmaneut

2394 1442 2501 1496 illa:
2550 1443 2605 1493 in
2632 1441 2871 1493 columna
2896 1440 3071 1507 gloria:
3113 1454 3227 1507 qua:
3256 1450 3471 1492 vocatur
3510 1450 3602 1488 aer
3646 1432 3933 1499 perfectus;

2395 1546 2484 1587 aer
2511 1540 2680 1582 autem
2708 1530 2803 1581 iste
2824 1539 2899 1582 est
2928 1528 3167 1580 columna
3198 1526 3364 1588 lucis;
3390 1526 3564 1593 ipsum
3599 1522 3742 1577 male
3773 1521 3936 1573 inter-

2394 1630 2659 1689 pretatum
2708 1602 2873 1673 fuisse
2919 1637 2930 1671 :
2972 1618 3122 1681 Quod
3160 1628 3374 1671 vocatur
3417 1617 3493 1668 vir
3521 1614 3782 1680 perfectus
3816 1612 3936 1662 :hic

2395 1719 2566 1760 autem
2590 1710 2669 1759 vir
2695 1718 2768 1760 est
2796 1707 3035 1760 columna
3065 1706 3227 1765 lucis;
3255 1706 3308 1757 in
3340 1720 3497 1773 quem
3532 1718 3663 1756 sane
3698 1716 3936 1754 errorem

2397 1813 2500 1851 non
2530 1798 2835 1859 incidisset,
2864 1798 2907 1849 si
2940 1796 3003 1849 ad
3038 1796 3245 1865 Syriaci
3280 1803 3456 1847 textus
3489 1792 3679 1853 ﬁdem,
3733 1792 3788 1842 in
3837 1805 3946 1857 quo

2328 1883 2370 1937 B
2400 1903 2648 1956 magnum
2680 1887 2817 1943 inter
2851 1897 3134 1954 utramque
3155 1900 3340 1938 vocem
3360 1882 3654 1936 discrimen
3683 1888 3793 1942 est,
3826 1886 3940 1931 v‘er-

2398 1979 2601 2032 sionem
2631 1992 2783 2031 suam
2816 1976 3160 2028 elaborasset.
3195 1974 3331 2027 Sunt
3360 1980 3413 2026 et
3438 1973 3555 2025 alia:
3587 1971 3833 2037 ejusdem
3861 1970 3939 2020 in-

2399 2067 2643 2135 terpretis
2680 2065 3145 2125 halluciuationes,
3179 2079 3243 2116 ex
3274 2062 3469 2131 quibus
3522 2061 3571 2113 id
3609 2060 3789 2126 ipsum
3832 2057 3941 2109 evi-

2398 2156 2709 2209 dentissime
2742 2155 3026 2222 colligitur.
3065 2154 3339 2221 Siquidem
3370 2154 3540 2221 capite
3571 2150 3602 2201 7
3634 2152 3701 2203 de
3737 2150 3942 2202 vivente

2399 2247 2590 2314 spiritu
2615 2260 2644 2299 a
2682 2243 2891 2297 Manete
2924 2242 3149 2296 conficto
3183 2242 3426 2310 loquens,
3460 2242 3574 2294 ait:
3612 2239 3817 2292 Rursus
3845 2242 3943 2307 ipse

2398 2340 2565 2391 virens
2604 2338 2821 2406 spiritus
2855 2337 3045 2388 creavit
3079 2334 3384 2397 luminaria,
3412 2348 3526 2400 quia
3562 2343 3683 2384 sunt
3714 2333 3944 2399 reliquias

2399 2430 2609 2492 animm,
2643 2437 2690 2479 et
2725 2427 2840 2494 fecit
2866 2442 2924 2479 ea
2950 2426 3331 2487 ﬁrmamentum
3355 2423 3661 2483 circumire;
3681 2434 3731 2475 et
3758 2423 3945 2473 iterum

2398 2517 2586 2569 creavit
2616 2525 2829 2578 terram,
2866 2524 2913 2566 et
2937 2525 3057 2566 sunt
3076 2522 3208 2565 octo.
3235 2510 3369 2565 llinc
3395 2522 3571 2565 autem
3591 2520 3741 2580 patet
3773 2511 3940 2578 ipsum

2400 2606 2588 2660 Grai-co
2636 2604 2925 2673 exetttplari
2974 2618 3129 2656 usum
3187 2601 3372 2665 fuisse,
3429 2602 3481 2655 iu
3526 2616 3637 2669 quo
3684 2602 3941 2666 scriptum

2399 2696 2605 2759 fuerat,
2639 2697 2743 2748 εἰσὶ
2774 2695 2830 2747 δὲ
2861 2693 3030 2755 ὀκτώ,
3063 2694 3143 2745 vel
3173 2695 3275 2745 εἰσὶ
3301 2693 3364 2763 δὴ
3391 2692 3559 2750 ὀκτώ,
3595 2707 3718 2744 cum
3770 2700 3945 2741 tamen

2400 2790 2537 2855 apud
2557 2786 2911 2857 Epiphanium
2930 2786 3133 2853 legatur
3154 2785 3230 2847 εἰς
3256 2784 3367 2852 εἴδη
3392 2780 3552 2840 ὀκτώ,
3570 2780 3819 2846 octuplici
3840 2796 3942 2846 spe-

2399 2882 2510 2941 cie,-
2539 2894 2658 2946 quae
2688 2892 2816 2931 sane
2843 2876 3194 2943 aequivocatio
3239 2889 3344 2925 non
3376 2884 3439 2923 ex
3470 2869 3713 2939 Syriaca,
3748 2869 3841 2921 sed
3880 2885 3940 2920 ex

2401 2969 2582 3023 Grieca
2613 2978 2815 3021 tantum
2845 2966 3023 3031 lingua
3051 2966 3178 3016 oriri
3205 2970 3429 3030 poterat.
3467 2960 3560 3013 Sic
3594 2976 3716 3028 cap.
3764 2960 3798 3010 3
3826 2975 3937 3010 ver-

2404 3046 2739 3127 line/fundet
2770 3058 2980 3125 famem,
3018 3071 3138 3110 cum
3170 3063 3379 3107 vertere
3408 3053 3701 3113 debuisset,
3731 3062 3941 3119 pestem,

2405 3167 2434 3203 a
2465 3134 2772 3203 Graacarum
2795 3160 2985 3199 vocum
3024 3145 3197 3213 λιμός,
3228 3131 3414 3212 fames,
3447 3152 3503 3195 et
3531 3139 3735 3211 λοιμός,
3767 3142 3941 3206 pestis,

2405 3238 2756 3295 similitudine
2782 3240 3062 3307 deceptus,
3091 3245 3152 3288 ut
3195 3234 3249 3287 in
3284 3232 3483 3287 nostris
3511 3230 3577 3285 ad
3611 3247 3733 3283 eum
3770 3231 3941 3283 locum

2404 3330 2547 3385 notis
2583 3329 3007 3385 observavimus.
3039 3325 3128 3379 Sic
3159 3326 3331 3393 capite
3364 3324 3397 3378 9
3440 3338 3537 3392 pro
3576 3324 3793 3392 πήσσει,
3826 3337 3943 3371 con-

2405 3423 2564 3494 gelat,
2593 3421 2785 3491 frigore
2817 3421 3087 3487 astringit,
3113 3426 3171 3471 ut
3196 3426 3277 3471 est
3298 3416 3433 3484 apud
3462 3413 3844 3483 Epiphanium,
3872 3412 3943 3462 le-

2405 3512 2547 3580 gisse
2580 3501 2786 3565 videtur
2829 3509 3074 3578 πλήσσει,
3104 3506 3346 3574 percutit,
3388 3514 3445 3557 ut
3472 3503 3526 3555 in
3570 3501 3772 3554 eisdem
3808 3499 3944 3552 notis

2404 3602 2704 3655 docuimus.
2734 3598 2947 3652 Retinet
2969 3596 3128 3649 etiam
3161 3594 3444 3649 nonnullas
3467 3606 3628 3645 voces
3657 3588 3871 3643 Graecas
3892 3589 3945 3641 in

2405 3692 2651 3745 versione
2681 3705 2807 3753 sua;
2838 3695 2892 3741 et
2923 3685 3190 3739 interdum
3224 3682 3440 3752 quidem
3472 3680 3743 3741 absolute,
3780 3678 3944 3730 inter-

2407 3782 2534 3835 dum
2572 3795 2698 3833 vero
2721 3778 2902 3832 addita
2927 3772 3237 3829 earumdem
3265 3762 3651 3841 ex‘plicatione;
3675 3769 3819 3839 quod
3846 3771 3947 3821 uti-

2408 3890 2513 3942 que
2543 3887 2648 3925 non
2672 3870 2905 3933 fecisset,
2933 3867 3025 3935 qui
3050 3863 3270 3935 Syriace
3296 3863 3553 3930 scriptum
3581 3876 3720 3930 opus
3749 3859 3947 3913 Latini-

2410 3962 2503 4014 tati
2528 3961 2799 4015 donasset.
2826 3955 2962 4011 Hinc
2987 3968 3105 4021 cap.
3148 3952 3215 4003 53
3251 3949 3437 4003 talenti
3468 3962 3653 4001 vocem
3685 3964 3785 4016 pro
3818 3963 3945 4015 pou-

2410 4051 2535 4105 dere
2562 4056 2801 4117 usurpat,
2830 4060 2939 4115 quo
2970 4057 3131 4101 sensu
3154 4034 3291 4108 apud
3320 4038 3534 4093 Graecos
3561 4053 3663 4091 vox
3691 4038 3945 4091 τάλαντον

2410 4138 2676 4193 interdum
2706 4136 2984 4203 accipitur.
3021 4132 3111 4186 Sic
3142 4129 3302 4198 paulo
3336 4135 3478 4189 ante,
3511 4126 3650 4195 cybi,
3688 4127 3945 4180 vocabulo

2411 4229 2602 4290 utitur,
2637 4235 2688 4280 et
2737 4226 2917 4280 statim
2964 4222 3145 4278 subdit
3195 4234 3261 4272 ex
3309 4217 3687 4270 emendatione
3728 4217 3972 4276 nostra,

2408 4319 2545 4389 quod
2598 4334 2777 4372 nomen
2833 4325 2909 4368 est
2971 4313 3098 4375 tali;
3137 4310 3219 4363 vel
3262 4316 3321 4361 ut
3366 4307 3418 4359 in
3461 4308 3695 4375 quodam
3756 4306 3945 4375 Regio-

2409 4408 2769 4463 Alexandrino
2797 4405 2982 4460 codice
3020 4400 3239 4469 legitur,
3280 4397 3415 4465 quod
3444 4416 3630 4452 nomen
3659 4410 3738 4452 est
3783 4400 3941 4457 alae;

2413 4515 2444 4552 a
2470 4497 2631 4560 κύϐος
2661 4497 2885 4557 scilicet,
2918 4508 3039 4561 quae
3070 4503 3171 4543 vox
3198 4503 3350 4557 aeque
3379 4491 3544 4542 talum
3574 4498 3739 4559 atque
3783 4489 3942 4541 aleam

2414 4588 2699 4656 signiﬁcat,
2724 4595 2784 4639 ut
2812 4586 2866 4638 in
2906 4580 3107 4637 nostris
3136 4579 3201 4632 ad
3225 4594 3345 4631 eum
3389 4580 3568 4634 locum
3594 4582 3741 4635 notis
3768 4580 3943 4632 obser-

2412 4679 2677 4732 vavimus.
2717 4675 2806 4729 Sic
2833 4673 3063 4739 denique
3094 4685 3211 4739 cap.
3248 4670 3280 4723 8
3310 4671 3488 4723 lunam
3522 4670 3821 4738 apocrusin,
3860 4668 3942 4718 de-

2416 4770 2715 4821 trimentum
2736 4764 2869 4832 pati,
2892 4761 3032 4829 quod
3064 4770 3384 4829 postremam
3415 4774 3601 4814 vocem
3635 4758 3831 4827 prioris
3864 4756 3941 4808 iu-

2414 4855 2850 4923 terpretationem
2873 4865 2993 4904 esse
3025 4866 3180 4905 nemo
3208 4867 3313 4905 non
3342 4852 3503 4905 videt.

2484 4944 2573 4998 ιιι.
2612 4942 2793 4997 Refert
2838 4939 3167 5009 Epiphanius
3197 4958 3317 5011 cap.
3352 4942 3408 4994 Η
3446 4937 3792 4998 Archelaum,
3832 4945 3945 5003 post

2415 5035 2657 5105 fugatum
2689 5048 2720 5086 e
2743 5032 2927 5086 Carris
2953 5030 3233 5094 Manctem,
3264 5031 3329 5085 de
3357 5031 3472 5098 eius
3494 5028 3727 5081 adventu
3753 5027 3804 5078 in
3831 5024 3945 5078 Dio—

2416 5123 2657 5179 doridem
2684 5129 2941 5184 castrum,
2984 5135 3013 5174 a
3054 5114 3286 5173 Diodoro
3324 5117 3425 5169 loci
3470 5114 3616 5167 illius
3647 5112 3946 5182 presbytero

2418 5214 2697 5271 certiorem
2731 5209 2952 5274 factum,
2985 5210 3120 5263 duos
3153 5208 3219 5261 ad
3261 5203 3507 5259 eumdem
3540 5199 3832 5254 Diodorum
3871 5200 3946 5253 λό-

2416 5323 2567 5375 γους,
2599 5305 2698 5357 hoc
2725 5310 2808 5357 est
2833 5302 2997 5356 libros
3023 5300 3257 5360 misisse,
3289 5302 3349 5348 ut
3378 5306 3565 5347 eorum
3601 5291 3832 5347 lectione
3872 5294 3948 5345 io-

2418 5404 2655 5450 structus
2686 5392 2834 5461 impii
2877 5390 3111 5446 hieretici
3145 5394 3370 5442 conatus
3408 5391 3462 5435 et
3496 5381 3613 5449 ipse
3661 5380 3943 5452 infringere

2419 5482 2636 5542 valeret.
2689 5484 2791 5539 Sed
2833 5500 2897 5539 ea
2946 5486 2999 5538 iu
3043 5497 3102 5535 re
3134 5480 3342 5547 lapsum
3388 5473 3945 5544 fuisseEpiphaniun

2420 5581 2551 5633 scite
2582 5578 2808 5631 advertit
2851 5558 3147 5629 Gulielmus
3176 5570 3315 5624 Cave
3356 5566 3407 5619 in
3434 5562 3769 5635 Scriptorum
3799 5566 3946 5620 cccle-

2422 5673 2750 5727 siasticorum
2787 5666 3007 5718 historia
3038 5661 3321 5724 litterario,
3350 5669 3401 5715 et
3423 5673 3487 5714 ex
3513 5659 3667 5715 Actis
3697 5660 3826 5730 ipsis
3845 5658 3945 5713 dis-

2495 5780 2569 5848 (ὁ)
2600 5777 2883 5847 Ibid.,cap.
2903 5774 2989 5829 '52.
