4094 6350
201 397 342 455 ίωθ

1643 396 1938 454 NOTITIA.

3245 402 3382 463 ιιιο

199 517 496 586 putationis
523 513 767 570 Archelai
795 479 915 570 cum
948 515 1154 570 Manere
1181 517 1478 573 luculenter
1501 519 1732 572 ostendi-
1760 528 1804 582 Α
1832 519 1995 572 cratis
2024 519 2163 579 loca,
2198 517 2250 572 in
2277 518 2474 587 quibus
2501 485 2785 592 Κασχάρα,
2812 521 2891 574 vel
2927 521 3227 592 Κασχάρων
3255 539 3378 591 per-

198 619 286 663 tur
315 627 328 660 :
375 610 428 660 in
462 609 527 662 iis
555 609 695 661 enim
722 623 840 675 cap.
879 609 940 660 4t
976 610 1181 677 integra
1218 609 1447 662 refertur
1486 608 1734 662 Archelai

202 699 269 749 ad
305 697 599 750 Diodorqu
639 697 879 764 epistola,
925 697 975 748 in
1004 712 1108 765 qua
1149 713 1205 750 se
1237 699 1470 752 voluisse
1497 698 1733 766 quidem,

200 789 279 840 ait
311 789 624 850 Archelaus,
656 788 719 840 ad
755 786 1039 839 Diodorum
1071 788 1250 840 omnia
1283 788 1638 855 perscribere.
1673 793 1737 841 de

193 882 398 946 quibus
425 895 546 933 cum
577 878 780 931 Manete
806 893 985 932 coram
1012 881 1230 933 delectis
1258 880 1526 946 iudicibus
1553 879 1737 947 dispu-

190 980 438 1034 taverat;
483 971 572 1023 sed
602 960 875 1038 propterea
927 971 994 1022 iis
1025 971 1296 1024 mittendis
1328 971 1692 1038 supersedissc
1717 1011 1732 1034 ,

188 1062 339 1128 quod
375 1061 624 1128 deinceps
656 1077 750 1129 per
772 1062 938 1113 otium
969 1062 1032 1114 (le
1069 1069 1176 1114 tota
1203 1061 1561 1128 disputatione
1580 1076 1732 1113 cum-

184 1151 316 1204 dem
352 1152 630 1205 certiorem
658 1152 878 1205 reddere
902 1153 1187 1220 cogitabat.
1226 1153 1282 1206 ln
1314 1152 1416 1206 line
1447 1153 1607 1205 etiam
1630 1152 1736 1219 cpi-

188 1243 349 1295 stola:
378 1249 500 1309 post
544 1241 771 1295 breviter
801 1243 1111 1309 per-strictos
1154 1242 1376 1294 Manetis
1410 1256 1649 1303 errores,
1679 1256 1736 1294 se

187 1333 368 1384 multa
398 1333 608 1386 silentio
627 1332 952 1400 praeteriisse
985 1333 1193 1394 scribit,
1231 1332 1357 1385 dum
1385 1331 1605 1384 celerem
1635 1332 1734 1398 ipsi

184 1423 606 1489 responsionem
640 1423 860 1475 reddere
890 1419 1126 1487 festinat,
1175 1438 1242 1476 ne
1271 1423 1489 1475 minima
1516 1421 1731 1489 quidem

183 1513 462 1566 librorum
510 1514 577 1568 ad
620 1515 862 1568 eumdem
914 1516 1199 1568 missorum
1246 1513 1515 1567 mentione
1569 1509 1729 1563 facta.

183 1603 414 1658 Certum
438 1605 619 1673 itaque
641 1615 740 1670 cst,
768 1607 1106 1666 Archelaum,
1131 1619 1238 1672 quo
1263 1614 1497 1672 tempore
1518 1602 1582 1655 ad
1607 1600 1734 1652 Dio-

182 1695 384 1748 dorum
419 1696 784 1765 presbyterum
829 1697 1031 1750 litteras
1057 1693 1234 1757 dedit,
1272 1695 1448 1747 nullos
1476 1693 1732 1746 adversus

182 1784 422 1840 Manetis
457 1787 697 1842 haeresim
728 1787 891 1841 libros
919 1787 1263 1840 elucubrasse
1292 1800 1304 1836 :
1334 1784 1424 1838 sed
1453 1799 1552 1837 nec
1578 1797 1733 1836 secu-

183 1876 260 1929 tis
289 1876 540 1944 deinceps
571 1877 898 1944 temporibus
943 1876 1061 1928 lihri
1110 1875 1200 1927 ulli
1236 1874 1304 1926 ab
1337 1873 1598 1926 Archelao
1634 1872 1728 1924 ad-
1760 1852 1803 1906 Β

182 1977 381 2017 versus
415 1965 658 2017 eumdem
694 1964 875 2032 scripti
926 1963 1091 2016 fuisse
1130 1963 1404 2023 videntur;
1457 1961 1560 2014 nisi
1605 1960 1727 2027 quis

180 2054 481 2106 contendat
508 2054 792 2121 ipsummet
819 2054 945 2108 Acta
974 2054 1351 2122 disputationis
1379 2067 1488 2105 suae
1513 2051 1727 2118 scriptis

183 2142 500 2194 mandasse.
545 2139 676 2193 Nam
712 2141 1040 2212 Epiphanius
1077 2145 1188 2211 ipse
1230 2158 1292 2196 ex
1336 2142 1439 2195 alio
1474 2141 1725 2209 quopiam

183 2232 440 2284 Archelai
473 2232 607 2284 libro
635 2233 708 2284 nil
740 2234 947 2294 recitat,
985 2235 1226 2302 nihilque
1265 2233 1431 2286 ferme
1470 2233 1727 2285 adversus

180 2318 607 2372 Manichaeorum
637 2335 845 2374 errores
871 2321 1089 2388 profert,
1115 2323 1256 2390 quod
1279 2323 1330 2374 in
1354 2323 1726 2388 disputationis

183 2425 217 2462 a
251 2411 409 2462 nobis
435 2411 590 2464 edita:
621 2411 768 2464 Aetis
798 2426 904 2464 non
939 2415 1253 2480 reperiatur.
1293 2412 1487 2464 Eadem
1513 2427 1726 2479 quoque

183 2501 304 2553 sola
344 2501 493 2564 Acta,
529 2517 632 2552 non
660 2516 784 2553 vero
810 2503 941 2554 alios
971 2504 1250 2570 quospiam
1277 2503 1520 2556 Archelai
1559 2503 1724 2555 libros

175 2589 372 2642 laudat
403 2588 746 2642 llcraclianus
773 2591 1221 2644 Chalcedonensis
1257 2593 1559 2659 episcopus,
1597 2592 1723 2645 dum

179 2678 431 2731 omnium
463 2679 802 2746 antiquorum
830 2677 1045 2731 Patrum
1075 2680 1268 2746 scripta
1306 2690 1721 2747 commemorat,

177 2769 386 2835 quibus
425 2769 474 2819 in
505 2783 601 2820 suo
624 2769 881 2821 adversus
912 2768 1234 2823 Mauichaeos
1258 2786 1416 2838 opere
1443 2773 1588 2828 usus:
1611 2772 1724 2825 fue-

176 2870 287 2911 rat.
323 2860 679 2922 Quamobrem
731 2859 1011 2915 dicendum
1057 2871 1156 2924 est,
1204 2864 1304 2914 hac
1344 2862 1394 2914 in
1429 2877 1484 2915 re
1511 2878 1723 2931 quoque

175 2951 406 3000 humani
435 2951 559 3017 quid
586 2965 800 3017 passum
828 2949 990 3004 fuisse
1014 2951 1386 3019 Epiphanium,
1410 2961 1462 3004 et
1493 2952 1720 3005 duorum

173 3041 434 3093 Archelai
463 3041 722 3093 librorum
757 3042 873 3094 loco
904 3043 1154 3094 habuisse
1180 3042 1309 3095 Acta
1340 3043 1451 3110 ipsa
1482 3043 1723 3110 disputa-

174 3132 350 3183 tionis
373 3147 402 3182 a
430 3132 582 3184 nobis
605 3133 758 3184 editae
784 3149 796 3184 :
830 3148 948 3199 qua?
975 3147 1095 3185 cum
1131 3149 1216 3185 res
1256 3135 1481 3187 diversis
1514 3144 1720 3202 tempo-

173 3222 342 3274 ribus
387 3231 561 3288 gestas
597 3222 1037 3288 complcctantur,
1064 3224 1203 3274 haud
1241 3224 1384 3276 inani
1411 3226 1722 3292 conjectura

171 3311 360 3379 colligi
397 3322 588 3378 potest,
620 3313 672 3365 in
704 3316 837 3366 duas
868 3314 993 3366 olim
1038 3324 1215 3379 partes
1246 3315 1416 3367 divisa
1452 3314 1641 3377 fuisse,
1671 3317 1721 3368 in

173 3416 411 3468 quarum
438 3401 613 3468 priore
634 3403 922 3469 disputatio
945 3402 1188 3454 Archelai
1213 3418 1333 3466 cum
1358 3403 1563 3456 Manele
1585 3407 1722 3470 apud

172 3496 408 3553 tiarras;
439 3492 489 3543 in
523 3494 752 3545 secunda
785 3508 928 3555 vero,
954 3503 1141 3545 cuncta
1169 3508 1286 3560 quae
1319 3502 1422 3545 tam
1460 3494 1722 3549 Diodorus

175 3581 486 3649 presbyter,
515 3595 675 3647 quam
717 3582 854 3632 idem
896 3582 1189 3634 Archelaus
1219 3597 1248 3633 a
1297 3581 1526 3634 Diodoro
1554 3584 1722 3635 nioni—

173 3681 290 3735 tus,
323 3681 508 3723 contra
537 3669 795 3724 Manetem
828 3673 878 3724 in
907 3671 1209 3725 Diodoridis
1239 3682 1416 3726 castro
1440 3673 1566 3741 egit,
1595 3689 1721 3726 con-

173 3761 504 3812 tinerentur.

250 3847 343 3902 IV.
387 3848 504 3903 .lam
533 3864 659 3904 vero
699 3849 1017 3904 Archelaum
1063 3853 1385 3922 Κασχάρων,
1432 3853 1720 3906 ϐηεεΙιιινο-

176 3957 300 3992 rum
338 3941 645 4009 episcopum
690 3939 855 3994 fuisse
897 3942 1053 3994 tradit
1085 3942 1327 3998 Socrates
1360 3946 1455 4010 (α),
1489 3945 1718 4012 Epipha—

175 4032 332 4082 nium
364 4041 578 4083 secutus
613 4030 707 4098 (b).
736 4030 803 4082 At
845 4043 1031 4082 auCtor
1062 4031 1161 4081 iste
1194 4031 1291 4083 sibi
1329 4045 1434 4082 non
1470 4040 1678 4083 constat
1701 4071 1714 4093 ,

175 4127 364 4185 utpote
394 4118 484 4184 qui
518 4119 729 4179 urbem,
761 4117 914 4182 cujus
944 4117 1222 4183 episc0pus
1243 4126 1357 4168 erat
1390 4117 1678 4169 Archelaus
1700 4158 1713 4178 ,

176 4206 475 4277 Καρχὰρην
511 4208 634 4259 alibi
681 4209 919 4260 nominat
949 4208 1017 4274 (ί)
1054 4208 1102 4258 iu
1150 4206 1434 4259 Petaviaua
1461 4208 1713 4274 editione,

176 4299 310 4354 licet
344 4299 394 4350 in
431 4298 532 4349 alia
568 4295 856 4350 Basileensi
887 4299 1118 4349 editione
1143 4298 1442 4371 Καιλχάρων
1466 4309 1714 4365 corrupte

180 4391 458 4444 habeatur.
502 4388 830 4442 Postremam
875 4390 1010 4442 hanc
1057 4391 1336 4443 lectionem
1384 4392 1714 4458 expressisse

1834 625 2014 678 peram
2065 609 2276 678 legitur.
2329 607 2498 663 Porro
2549 612 2732 663 urbem
2784 611 3069 678 quamdam
3117 613 3380 666 Carcham

1836 700 2050 752 nmuine
2098 699 2150 750 in
2198 698 2390 750 Arabia
2435 697 2620 752 Felice
2653 701 2806 753 sitam
2843 699 3029 764 fuisse,
3081 717 3382 771 anonymus

1836 787 2116 841 Ravennas
2155 786 2490 856 Geographia:
2540 791 2766 857 scriptor
2813 791 2973 843 tradit
3015 791 3104 859 (ε).
3139 789 3384 847 Meminit

1836 889 1887 931 et
1913 873 2130 930 alterius
2159 877 2379 930 Carcha:
2410 877 2728 932 Ammianus
2767 879 3106 934 Marcellinus
3151 882 3240 948 (γ’).
3280 881 3379 934 Ve-

1836 983 1951 1018 rum
1976 976 2174 1019 neutra:
2202 969 2389 1020 harum
2416 969 2628 1020 urbium
2659 970 2949 1022 Archelaus
2973 971 3262 1038 episcopus
3289 987 3393 1024 cx-v

1836 1055 2003 1117 stitit;
2037 1070 2156 1106 nam
2190 1055 2306 1122 ejus
2347 1071 2467 1108 cum
2501 1055 2706 1109 Manete
2749 1058 3038 1126 disputatio
3073 1059 3251 1112 habita
3285 1061 3372 1114 est

1836 1143 1886 1194 in
1917 1143 2308 1210 Mesopotamize
2348 1147 2480 1197 urbe
2513 1147 2614 1199 sub
2646 1145 3006 1198 Romanorum
3038 1148 3239 1209 ditione
3278 1163 3376 1216 po-

1836 1233 1961 1294 sita,
1998 1233 2152 1300 cujus
2182 1233 2546 1301 episc0patum
2570 1235 2844 1288 obtinebat
2865 1237 3178 1299 Archelaus,
3209 1246 3267 1289 ut
3291 1239 3375 1290 di-

1833 1332 1971 1375 serte
2011 1325 2205 1376 dicitur
2246 1324 2383 1391 apud
2419 1323 2798 1392 Epiphanium,
2841 1335 2892 1378 et
2933 1327 2984 1378 in
3014 1326 3162 1380 Actis
3210 1329 3380 1394 ipsius

1832 1413 2249 1480 disputationis:
2296 1413 2500 1466 Carcha
2553 1429 2679 1467 vero
2734 1429 2762 1466 a
2810 1414 3129 1470 Marcellino
3177 1430 3382 1470 memo-

1833 1513 1968 1564 rata,
2004 1512 2150 1555 extra
2181 1502 2641 1571 Mesopotamiam,
2673 1511 2820 1558 trans
2853 1503 3076 1572 Tigrim,
3111 1504 3164 1557 in
3191 1505 3380 1560 Persa-

1831 1609 1952 1648 rum
1979 1595 2181 1662 ditione
2213 1596 2313 1648 sita
2347 1606 2480 1656 erat,
2513 1598 2701 1649 eodem
2732 1597 3016 1652 Ammiano
3060 1605 3196 1651 teste
3235 1599 3376 1653 locis

1831 1688 2083 1744 laudatis.
2113 1689 2337 1744 Carchze
2365 1705 2582 1760 quoque
2615 1691 2823 1744 Arabiae
2855 1691 3025 1755 urbis,
3051 1691 3206 1758 cujus
3228 1693 3370 1760 apud

1831 1795 2155 1850 anonymum
2186 1781 2546 1834 Ravennatem
2571 1781 2767 1835 mentio
2789 1789 2890 1843 est,
2912 1780 3205 1835 Archelaus
3227 1781 3376 1837 nullo

1831 1879 1988 1937 pacto
2018 1871 2302 1938 episcopus
2332 1885 2450 1924 esse
2493 1871 2702 1938 potuit;
2754 1886 2874 1924 cum
2926 1872 3134 1938 antiqui
3183 1887 3374 1927 omnes

1831 1961 2118 2028 scriptores
2143 1977 2264 2013 eum
2297 1977 2401 2014 non
2437 1962 2666 2025 Arahize,
2695 1963 2785 2016 sed
2828 1960 3225 2028 Mesopotamiae
3255 1965 3382 2031 epiJ

1831 2067 2053 2119 scopum
2098 2049 2264 2104 fuisse
2299 2052 2528 2104 tradant.
2559 2051 2915 2105 Posteriorem
2961 2053 3097 2119 apud
3131 2053 3365 2122 Epipha-
3396 2058 3397 2064 ‘

1830 2143 1978 2197 nium
2003 2143 2305 2203 lectionem,
2324 2151 2514 2209 praeter
2540 2140 2754 2194 Petrum
2778 2141 3016 2197 Siculum
3047 2151 3206 2210 atque
3230 2143 3388 2197 Pho;

1831 2234 1982 2294 tium,
1998 2231 2223 2298 probare
2239 2231 2455 2297 insuper
2470 2230 2853 2283 videnturActa
2868 2230 2976 2298 ipsa
2993 2231 3373 2299 disputationis

1829 2320 2074 2373 Archelai
2116 2334 2236 2372 cum
2282 2318 2508 2380 Manete,
2559 2319 2615 2390 in
2666 2334 2896 2386 quorum
2945 2320 3096 2372 initio
3128 2320 3326 2373 dicitur

1834 2413 2123 2465 Tlresaurus
2159 2427 2328 2475 verus,
2369 2412 2474 2462 sive
2510 2410 2798 2477 disputatio
2828 2410 3006 2461 habita
3042 2410 3096 2462 in
3139 2409 3373 2476 Carchar

1828 2504 2032 2555 civitate
2053 2500 2456 2566 Mesopotamiae.
2485 2499 2680 2552 Verum
2714 2515 2833 2553 cum
2867 2498 3088 2551 inferius
3112 2501 3184 2567 (g)
3205 2501 3372 2554 Char-

1828 2608 1941 2645 ram
1975 2592 2224 2653 habeant,
2261 2605 2486 2658 eamque
2513 2588 2911 2657 Mesopotami:e
2943 2589 3127 2642 urbem
3154 2604 3272 2643 esse
3296 2591 3375 2644 ὁὶ-
3447 2661 3450 2664 ,

1827 2690 1977 2745 cant;
2026 2681 2148 2734 hinc
2178 2680 2353 2734 lucide
2380 2688 2609 2750 constat,
2654 2689 2761 2732 tam
2789 2680 2972 2733 eadem
3022 2681 3176 2744 Acta,
3211 2695 3370 2749 quam
3405 2709 3407 2716 η

1825 2770 2181 2839 Epiphanium
2213 2783 2266 2823 et
2300 2770 2454 2833 alios,
2499 2770 2868 2838 intelligendos
2903 2784 3020 2823 esse
3050 2770 3113 2823 de
3143 2769 3372 2824 Cbarris

1827 2862 2168 2915 celeberrima
2192 2861 2589 2930 Mesopotamiae
2616 2865 2774 2929 urbe;
2811 2865 2947 2917 unde
2973 2865 3083 2916 rias
3111 2864 3242 2918 duas
3272 2880 3360 2917 re-

1827 2950 1941 3018 gias
1972 2951 2027 3004 in
2063 2950 2334 3005 Persidem
2366 2953 2622 3006 ducentes
2651 2953 2906 3020 distingui
2941 2953 3101 3006 tradit
3132 2941 3363 3007 Marceld

1829 3043 1969 3098 linus
2034 3043 2107 3112 (It)
2151 3062 2163 3096 :
2195 3060 2314 3113 qua:
2359 3031 2489 3097 urbs
2519 3044 2720 3095 Charra
2749 3044 2907 3095 etiam
2946 3045 3198 3099 scribitur
3223 3046 3366 3114 apud

1829 3131 2051 3186 Paulum
2098 3133 2391 3186 Diaconum
2438 3132 2520 3200 (ἱ).
2568 3133 2800 3184 Carchar
2851 3143 3070 3197 autem,
3113 3136 3194 3188 vet
3239 3137 3374 3189 Car-

1825 3225 1985 3276 chara
2032 3225 2086 3276 in
2115 3225 2314 3275 eisdem
2361 3223 2530 3279 Actis.
2572 3231 2625 3275 et
2663 3223 2802 3289 apud
2836 3223 3189 3291 Epiphanium
3235 3213 3370 3280 scri-
3417 3257 3423 3261 -

1825 3321 1973 3379 ptum
2015 3312 2178 3364 fuisse
2209 3311 2437 3373 videtur,
2475 3311 2816 3363 librariorum
2870 3311 3097 3366 forsitan
3143 3327 3322 3366 errore
3347 3353 3365 3379 ,

1822 3403 1904 3454 vel
1937 3403 2076 3469 quod
2107 3401 2311 3470 vulgari
2356 3402 2728 3472 indigenarum
2760 3403 2938 3471 lingua
2969 3404 3040 3455 ita
3081 3417 3361 3471 nuncupas

1825 3500 1994 3543 retur.

1895 3579 1954 3631 ν.
1993 3580 2065 3633 De
2096 3588 2332 3650 tempore
2360 3583 2521 3636 etiam
2559 3583 2752 3636 habitae
2784 3582 2850 3633 ab
2885 3580 3145 3633 Archelao
3175 3580 3362 3648 dispu-

1821 3670 2045 3723 tationis
2075 3681 2438 3724 consentanea
2467 3673 2565 3725 sibi
2589 3685 2922 3738 nequaquam
2951 3671 3107 3722 tradit
3133 3669 3364 3738 Epipha-

1821 3759 1978 3825 nius;
2033 3775 2153 3812 nam
2208 3763 2259 3813 in
2301 3763 2436 3819 libro
2491 3761 2564 3810 De
2608 3762 2858 3811 mensuris
2899 3770 2946 3811 et
2997 3760 3304 3826 ponderibus
3333 3798 3350 3822 ,

1820 3866 1968 3901 num.
2001 3851 2092 3909 920,
2126 3850 2386 3902 Mauetem
2417 3851 2484 3900 ob
2512 3858 2863 3915 perpetratam
2896 3848 3351 3921 regis_Pcrsarum

1819 3938 1909 3989 filii
1943 3947 2039 3989 ‘ner
2063 3954 2125 3987 ’νη
2153 3953 2216 3989 ex
2248 3937 2462 3989 Perside
2493 3936 2796 4005 profugum,
2834 3938 2883 3988 in
2914 3937 3352 4006 Mesopotamiam

1818 4041 1959 4078 nono
1980 4027 2154 4080 Nam
2203 4026 2252 4076 ui
2283 4034 2336 4077 et
2361 4025 2586 4079 Gallieni
2614 4027 2778 4094 impp.
2818 4043 2957 4079 anno
2990 4028 3217 4088 venisse,
3249 4029 3348 4095 qui

1814 4126 1895 4166 est
1923 4114 2240 4168 Christianae
2267 4130 2385 4168 terte
2424 4132 2596 4169 annus
2625 4116 2746 4176 262.
2782 4116 3074 4181 eodemque
3115 4126 3354 4184 tempore

1814 4221 1934 4258 cum
1965 4206 2226 4258 Archelao
2255 4204 2490 4272 ejusdem
2521 4206 2752 4275 regionis
2778 4205 3030 4271 episcopo
3054 4205 3361 4277 disputasse.

1815 4292 1991 4345 refert.
2027 4295 2088 4346 At
2121 4293 2172 4344 in
2208 4294 2395 4347 liceresi
2427 4294 2848 4347 Manichzeorum
2880 4293 2979 4344 sub
3014 4294 3187 4359 ipsum
3231 4309 3357 4361 ope-

1815 4383 1888 4433 ris
1907 4382 2135 4447 iuitium,
2158 4392 2211 4436 et
2232 4399 2378 4435 num.
2412 4384 2502 4442 20,
2529 4382 2757 4448 primum
2781 4379 2996 4446 quidem
3022 4392 3166 4433 ortos
3191 4381 3356 4435 fuisse

179 4481 396 4533 videtur
430 4479 758 4548 Epiphanius
783 4493 848 4530 ex
877 4479 1021 4532 Actis
1050 4481 1177 4548 ipsis
1207 4481 1585 4548 disputationis
1610 4482 1713 4533 Ar-
1749 4503 1788 4556 υ
1818 4470 2158 4537 Μίιιιῖοιιίνοεο
2204 4488 2294 4525 SC"
2326 4475 2499 4537 POliUS
2537 4470 2812 4535 ιιηιίψιειιη
2851 4470 2916 4521 de
2947 4471 3087 4522 bOHO
3120 4487 3182 4525 ac
3213 4473 3355 4525 111³10

181 4573 614 4640 ςιιειθὶνθρίδουρί
646 4587 765 4624 cum
797 4570 1020 4632 Manete,
1057 4573 1108 4623 in
1139 4588 1364 4640 quorum
1399 4572 1550 4625 initio
1578 4572 1713 4624 dici—

181 4674 271 4718 tur
298 4683 310 4718 :
347 4663 636 4717 Thesaurus
662 4679 827 4723 verus,
856 4664 957 4714 sire
985 4663 1267 4729 disputatio
1289 4663 1469 4714 habita
1500 4664 1553 4714 in
1580 4662 1712 4716 Car-

181 4755 310 4806 char
341 4754 548 4806 civitate
589 4752 1010 4820 Mesopotamia};
1050 4768 1276 4819 eamque
1322 4753 1602 4806 lectionem
1638 4769 1715 4806 se-

181 4850 422 4908 quuntur
447 4841 637 4895 Petrus
660 4840 872 4895 Siculus
899 4839 972 4904 (d)
997 4848 1047 4892 et
1064 4839 1281 4896 Photius
1297 4840 1352 4893 P.
1368 4840 1467 4894 Cl’.
1484 4840 1535 4890 in
1556 4854 1714 4906 opere

183 4933 360 4985 adhuc
402 4933 600 4985 inedito
629 4933 884 4984 adversus
924 4929 1244 4982 Manichmos
1276 4945 1373 4982 suo
1403 4945 1513 4981 aevo
1543 4929 1714 4996 repul-

182 5023 430 5084 lulanles,
464 5022 554 5074 lib.
595 5037 633 5084 ι,
669 5021 760 5088 qui
789 5022 911 5072 dmn
959 5017 1238 5084 Epiphanii
1287 5018 1620 5070 narrationes
1657 5018 1706 5067 in

181 5114 446 5178 epitomen
490 5111 753 5179 redigunt,
783 5110 1100 5161 Archelaum
1131 5123 1233 5157 non
1274 5108 1593 5174 Καςχάρων,
1629 5105 1708 5156 vel

181 5201 500 5270 Καλχάρων,
529 5203 619 5254 sed
649 5201 947 5269 Καρχάρων
971 5199 1271 5264 episeopum
1306 5207 1534 5248 vocant:
1569 5196 1706 5246 unde

181 5294 340 5346 etiam
369 5299 531 5358 patet,
570 5291 900 5344 emendanda
927 5304 1044 5341 esse
1071 5287 1171 5338 alia
1201 5285 1479 5353 Epiphanii
1521 5295 1573 5339 et
1607 5283 1707 5337 So-

251 5466 327 5535 (a)
361 5460 640 5535 l_l_ist.eccl.
663 5460 752 5511 lih.
785 5476 821 5521 ι,
853 5461 1087 5535 cap-2:2.

250 5526 326 5603 (ὁ)
378 5532 516 5584 lber.
555 5545 714 5603 rm.
771 5526 1002 5597 εθιψίνῦ
1053 5538 1104 5584 et
1133 5530 1182 5594 7,
1235 5536 1285 5582 ct
1328 5526 1397 5580 Dc
1448 5544 1606 5581 mens.
1657 5536 1701 5578 et

181 5600 370 5678 ροήάἸ
391 5616 512 5678 _cap_.
545 5600 632 5651 9.0.
976 5667 987 5678 _
1008 5667 1021 5678 _
1077 5604 1079 5606 ’

252 5677 319 5740 (ο)
351 5667 615 5740 ῐι1.,“1ι;ςξς.
649 5682 790 5740 Lavi,
823 5681 936 5732 cap.

193 5764 198 5768 ·
255 5735 328 5808 ἀεί)
365 5740 504 5794 "ist.
536 5735 784 5796 Minue/tl,
816 5751 930 5804 pag.
962 5736 1045 5788 57.

1820 4561 1926 4614 Deo
1961 4562 2202 4614 haeresim
2250 4578 2279 4613 a
2308 4561 2510 4612 Manete
2552 4572 2646 4624 per
2677 4559 2854 4611 varias
2897 4561 3042 4612 orbis
3089 4570 3355 4615 terrarum

1814 4662 1991 4722 partes
2023 4655 2164 4706 circa
2190 4665 2385 4704 annum
2422 4663 2471 4699 ιν
2502 4648 2774 4700 Aureliani
2807 4650 2933 4716 imp.
2965 4665 3153 4704 rursus
3177 4651 3353 4704 divul-

1815 4756 1988 4813 gatam
2017 4744 2181 4796 fuisse
2205 4740 2418 4802 scribit;
2453 4726 2642 4792 deinde
2671 4754 2797 4791 vero
2838 4741 2938 4792 sub
2970 4741 3256 4793 Aureliano
3298 4750 3352 4796 et

1811 4833 1983 4886 Probo
2010 4833 2058 4883 id
2089 4847 2116 4882 a
2151 4830 2353 4881 Manete
2387 4828 2582 4881 factum
2631 4827 2799 4880 fuisse
2834 4829 3034 4890 innuit,
3079 4843 3136 4882 ut
3172 4831 3351 4884 ridere

1811 4930 1888 4974 est
1919 4920 2065 4971 nu'm.
2100 4918 2183 4977 19,
2220 4918 2308 4978 20,
2351 4918 2414 4969 59
2465 4928 2518 4969 et.
2551 4918 2614 4968 77
2642 4917 2878 4985 ejusdem
2911 4919 3190 4972 haereseos.
3226 4918 3342 4970 Non

1809 5009 1981 5073 potuit
2003 5014 2177 5056 autem
2204 5004 2497 5059 Archelaus
2522 5006 2784 5060 Valeriani
2811 5018 2860 5058 et
2879 5007 3096 5059 Gallieni
3125 5021 3261 5056 anno
3286 5020 3338 5057 ix

1767 5119 1773 5125 -
1809 5095 2067 5146 Manetem
2113 5096 2231 5146 viva
2265 5111 2394 5148 voce
2425 5097 2721 5160 confutare,
2759 5106 2813 5148 ut
2854 5099 2904 5148 in
2942 5097 3075 5146 libro
3106 5094 3174 5143 De
3201 5109 3339 5144 men-

1807 5185 1941 5236 suris
1969 5193 2016 5234 et
2046 5184 2356 5249 ponderibus
2385 5186 2456 5236 ait
2486 5185 2834 5252 Epiphanius,
2872 5185 2914 5235 si
2944 5191 3062 5249 post
3086 5196 3187 5232 non
3215 5196 3344 5248 pau-

1807 5289 1899 5327 cos
1932 5288 2123 5336 annos,
2155 5275 2235 5327 vel
2265 5289 2405 5327 anno
2453 5291 2501 5326 IV
2542 5272 2833 5337 Aureliani,
2883 5272 2963 5321 rel
3007 5270 3146 5323 circa
3177 5270 3338 5322 linem

1875 5454 1942 5519 (ε)
1987 5452 2168 5522 Geogr.
2200 5453 2290 5505 lib.
2330 5466 2391 5512 It,
2423 5465 2538 5522 cap.
2578 5449 2626 5498 7.

1873 5515 1938 5589 (fi
1973 5515 2270 5583 Libﬁtvm,
2302 5536 2417 5587 cap.
2453 5520 2540 5576 ‘25,
2576 5529 2627 5569 et
2657 5516 2745 5566 lib.
2787 5532 2910 5580 xxv,
2947 5533 3062 5585 cap.
3097 5515 3185 5582 20,
3213 5517 3304 5571 21.

1876 5593 1947 5658 (g)
1974 5593 2100 5644 Acta
2127 5593 2350 5657 disput.,
2381 5603 2505 5658 cap._
2529 5589 2579 5637 5.

1877 5655 1949 5722 (ἦ)
1982 5660 2094 5712 Lib.
2139 5655 2291 5717 xxiii,
2331 5672 2445 5722 cap.
2482 5655 2534 5706 4.

1853 5720 1935 5798 -(i‘)
1961 5729 2103 5782 'Hist.
2134 5731 2299 5792 misc.,
2330 5720 2418 5778 lib.
2455 5740 2582 5788 xx”,
2617 5736 2729 5789 cap.
2763 5720 2851 5773 20.
