4094 6350
746 378 873 433 Hii

1606 360 1661 435 's.
1704 380 2116 437 monemus
2145 380 2653 440 assummum:
2692 377 3100 443 EPISCOPUS."

3784 388 3917 441 “l2

744 490 983 558 ejusdem
1015 490 1243 559 imperii,
1270 502 1323 547 et
1350 489 1562 567 initium
1587 492 1771 563 Probi,
1801 495 1982 551 Manes
2015 496 2285 564 antiquio-
2309 501 2356 557 Α
2384 498 2542 563 nerit,
2572 478 2726 553 uteo
2773 508 3012 570 tempore
3057 499 3325 568 incepisse
3371 497 3775 568 quodammodo
3818 498 3916 551 dici

744 581 822 633 ris
850 580 1040 634 nefarii
1068 583 1330 661 dogmatis
1359 584 1710 639 incrementa
1758 586 2086 655 procuravit.
2125 584 2282 640 Prio-

745 685 857 724 rem
906 669 1187 740 Epiphauii
1222 673 1487 727 calculum
1537 674 1591 727 in
1633 674 1892 729 libro‘De
1934 678 2188 730 mensuris
2235 685 2284 730 et

741 761 1048 830 ponderibus
1076 764 1318 833 sequitur
1351 762 1543 817 Petrus
1573 761 1792 818 Siculus
1819 765 1857 817 ι.
1887 780 1938 818 c.
1971 773 2026 819 et
2061 765 2286 822 Photius

742 851 797 905 in
824 851 1036 906 laudato
1063 852 1154 905 lib.
1185 867 1199 905 l
1233 853 1492 906 adversus
1518 850 1844 907 Manichacus
1876 855 2283 922 repullulantes,

741 938 865 994 licet
890 938 1205 994 Valerianus
1239 940 1380 1010 Aug.
1410 940 1519 1007 jam
1543 941 1609 994 ab
1638 956 1782 995 anno
1821 958 1897 996 vn
1928 928 2046 1008 ejus
2074 943 2283 1010 imperii

741 1045 770 1083 a
812 1027 1015 1098 Sapore
1047 1042 1169 1098 rege
1192 1028 1479 1083 Persarum
1504 1039 1690 1098 captus
1716 1029 1895 1083 fuerit.
1922 1028 2282 1083 Posteriorem

740 1133 867 1172 vero
894 1118 1119 1188 probant
1151 1118 1281 1170 Acta
1315 1117 1427 1185 ipsa
1461 1116 1839 1185 disputationis
1874 1116 2119 1173 Archelai
2160 1134 2282 1173 cum

740 1206 969 1270 Maneto,
999 1221 1064 1259 ex
1093 1221 1324 1275 quorum
1353 1218 1471 1274 cap.
1505 1206 1574 1261 37
1602 1207 1777 1260 lucide
1802 1209 2053 1274 apparet,
2085 1208 2307 1265 Arche-7

740 1295 886 1349 laum
921 1294 1021 1346 sub
1050 1293 1275 1361 imperio
1303 1291 1485 1357 Probi,
1522 1308 1630 1347 non
1661 1303 1841 1348 autem
1871 1294 2131 1359 Gallieni,
2159 1310 2281 1349 cum

741 1383 949 1438 Manete
981 1385 1046 1437 de
1074 1384 1229 1451 cujus
1257 1382 1448 1436 haeresi
1492 1383 1569 1436 nil
1597 1384 1777 1452 adhuc
1813 1384 1914 1439 sibi
1949 1397 2281 1455 compertum

740 1486 878 1541 erat,
902 1478 1223 1546 disputasse.
1253 1475 1486 1546 Cyrillus
1513 1491 1730 1545 quoque
1750 1475 2281 1546 Hierosolymitanus,

738 1567 830 1635 qui
856 1566 1185 1636 septuaginta
1216 1575 1422 1621 tantum
1444 1567 1631 1620 annis.
1663 1549 2073 1634 post-detectam
2102 1564 2283 1617 Mane-

676 1706 677 1709 η
737 1659 807 1711 tis
829 1658 1072 1711 lieresim
1099 1672 1155 1711 se
1183 1656 1416 1710 scribere
1438 1664 1666 1710 testatur
1697 1655 1794 1724 (α),
1820 1654 2080 1709 Mauetem
2102 1654 2282 1709 Probe

739 1748 1037 1817 imperante
1064 1748 1309 1803 haeresim
1345 1746 1621 1815 divulgare
1652 1747 1899 1815 ccepisse,
1929 1746 2128 1799 diserte
2150 1746 2285 1799 scri-

2387 588 2641 655 potuerit.
2684 587 2906 643 Videtur
2935 591 3077 644 enim
3108 577 3411 643 Archelaus
3435 600 3556 657 post
3585 582 3917 643 confutatum

2387 670 2566 731 coram
2594 678 2866 745 judicibus
2898 680 3182 742 Manetem,
3222 695 3333 733 rem
3374 689 3540 732 totam
3588 677 3800 732 cunctis
3832 690 3920 744 per

2386 767 2569 821 orbem
2584 769 2857 837 episcopis
2884 780 3066 823 notam
3091 756 3304 831 fecisse,
3332 778 3390 822 ut
3414 769 3618 823 labanti
3649 767 3921 821 catholica:

2385 856 2526 921 fidei,
2556 867 2752 925 quanta
2793 868 3011 924 possent
3058 850 3340 913 sedulitate
3380 864 3801 913 succurrerent:
3836 871 3922 909 eo-

2384 961 2487 1013 que
2518 956 2674 1014 pacto
2721 946 2919 1002 factum
2955 947 3119 1002 fuisse
3149 964 3246 1017 par
3266 956 3389 1012 “est,
3438 954 3497 1000 ut
3539 947 3634 1015 qui
3667 945 3921 1000 subdolos

2383 1037 2796 1093 Manicha-orum
2827 1026 3144 1109 progressus
3177 1038 3510 1107 ignorabant,
3544 1046 3675 1091 tune
3712 1028 3921 1089 illorum

2383 1131 2626 1184 hzeresim
2674 1139 2851 1184 ortam
2900 1129 3066 1184 fuisse
3116 1127 3459 1187 crediderint.
3515 1140 3639 1181 cum
3690 1125 3921 1194 primum

2382 1221 2622 1289 ejusdem
2652 1220 2895 1274 notitiam
2933 1236 2998 1275 ex
3028 1220 3273 1273 Archelai
3303 1219 3493 1273 litteris
3523 1219 3853 1272 habuerunt.

2454 1307 2562 1362 VII.
2604 1308 2707 1363 Sed
2761 1320 2815 1363 et
2876 1310 3069 1364 habitae
3113 1312 3178 1363 ab
3229 1302 3487 1363 Archelao
3538 1305 3921 1376 disputationis

2383 1386 2593 1465 tempus
2641 1412 2707 1451 ex
2756 1397 2816 1451 Ι).
2863 1398 3040 1451 Leone
3088 1396 3278 1467 Magno
3329 1395 3603 1463 przecisius
3653 1392 3921 1462 designari

2383 1494 2576 1553 potest,
2604 1487 2694 1554 qui
2720 1488 2770 1538 in
2800 1500 3049 1540 sermone
3072 1502 3107 1538 ιι
3137 1486 3201 1539 de
3221 1484 3551 1545 Pentecoste,
3571 1482 3923 1536 Manicheum

2385 1574 2704 1636 imtotuisse,
2736 1574 2831 1638 ait,
2864 1573 3037 1627 Probo
3081 1560 3209 1642 imp.
3254 1585 3306 1625 et
3346 1571 3572 1625 Paulino
3598 1585 3767 1636 coss.,
3788 1584 3924 1622 anno

2341 1707 2345 1710 λ
2384 1672 2503 1733 post
2528 1663 2729 1717 Christi
2761 1664 3208 1718 resurrectionem
3236 1660 3361 1726 250,
3384 1670 3442 1721 ut
3468 1661 3925 1727 accommodatius

2384 1753 2450 1805 ad
2494 1753 2930 1821 chronologicam
2982 1753 3258 1806 veritatem
3307 1750 3360 1803 in
3408 1751 3591 1804 codice
3633 1748 3922 1805 Oxo‘niensi

738 1837 835 1889 bit.
867 1836 1158 1890 Dicendum
1188 1838 1367 1905 itaque
1400 1845 1501 1900 est,
1542 1835 1897 1907 Epiphaniam
1926 1838 1981 1890 in
2024 1836 2279 1890 libro‘Dc
2313 1827 2355 1881 Β
2385 1842 2484 1911 legi
2537 1842 2859 1907 Quesnellus
2903 1850 3145 1897 testatur.
3193 1843 3262 1894 At
3299 1842 3387 1895 hic
3432 1839 3589 1895 Probi
3632 1849 3685 1893 et
3718 1840 3923 1892 Paulini

739 1926 992 1978 mensuris
1018 1936 1071 1977 et
1121 1924 1431 1998 ponderibus
1476 1940 1710 1989 errasse,
1755 1934 1809 1978 et
1850 1926 2021 1978 multo
2056 1926 2315 1979 certiora

737 2015 804 2069 de
834 2014 1247 2069 Ianichteorum
1279 2016 1502 2070 haeresis
1523 2027 1709 2070 exortu
1750 2017 1803 2075 in
1834 2008 1984 2069 libris
2025 2016 2284 2068 Adversus

736 2106 951 2160 hereses
991 2106 1146 2159 nobis
1196 2106 1509 2169 tradidisse,
1556 2104 1678 2160 licet
1720 2106 1775 2158 in
1832 2105 2033 2158 eisdem
2072 2118 2287 2172 quoque

736 2181 905 2250 libris\
944 2195 1138 2250 iterum
1197 2195 1300 2248 sibi
1353 2210 1460 2249 non
1518 2204 1764 2249 constare
1812 2194 2280 2263 deprehendatur:

737 2301 861 2339 nam
900 2285 1302 2339 rcum’dixisset
1335 2298 1478 2338 anno
1524 2300 1578 2338 ιν
1621 2284 1913 2345 Aureliani,
1936 2285 2029 2353 qui
2076 2293 2278 2352 partem

728 2377 864 2429 anni
903 2372 1007 2429 273
1035 2384 1088 2429 et
1109 2361 1212 2428 274
1244 2375 1633 2444 complectitur,
1683 2374 1967 2427 emersisse
1997 2372 2279 2434 Manetcm,

737 2479 800 2518 ac
841 2472 1100 2534 praeterea
1136 2461 1478 2529 afﬁrmasset,
1525 2464 1578 2516 id
1624 2462 1883 2517 accidisse
1920 2461 2195 2514 Aureliani
2228 2470 2283 2515 et

734 2553 896 2609 Probi
940 2550 1297 2623 temporibus,
1338 2553 1442 2607 hoc
1488 2560 1569 2606 est
1617 2566 1757 2604 anno
1795 2551 1994 2605 Christi
2049 2550 2153 2603 276
2195 2564 2305 2604 ser

735 2646 969 2701 eundum
1008 2645 1290 2715 quosdam,
1321 2644 1414 2713 qui
1447 2642 1557 2711 jam
1592 2651 1705 2695 tum
1746 2646 1812 2695 ab
1845 2642 1973 2717 ejus
1999 2641 2281 2696 nativitate

736 2750 907 2790 annos
954 2748 1240 2789 numerare
1272 2740 1577 2794 sueverant,
1618 2732 1740 2785 licet
1774 2745 1869 2785 eos
1901 2748 1929 2786 a
1977 2730 2174 2785 Christi
2224 2732 2277 2784 in

736 2826 902 2880 caelos
933 2824 1299 2894 assumptione
1326 2836 1495 2875 annos
1517 2831 1808 2889 supputare
1838 2820 2167 2890 Epiphanius
2190 2837 2280 2875 as-

738 2925 916 2977 serat;
949 2910 1038 2966 vel
1062 2927 1206 2965 anno
1232 2910 1340 2963 246
1372 2910 1667 2964 secundum
1698 2910 1857 2973 alios,
1885 2911 1976 2978 qui
2019 2925 2049 2964 a
2076 2909 2279 2966 Christi

738 3011 911 3057 morte
940 3017 1109 3056 annos
1143 3002 1540 3070 supputabant;
1577 2998 1760 3069 postea
1807 3001 2010 3063 subdit,
2036 3015 2067 3054 a
2100 3001 2281 3056 Mane-

2387 1933 2703 1985 consulatus
2746 1940 2953 2000 partem
3006 1932 3132 1985 anni
3180 1931 3337 1999 primi
3378 1920 3433 1984 et
3469 1930 3689 1984 secundi
3721 1930 3923 1997 imperii

2383 2019 2544 2073 Probi
2580 2021 2837 2082 continet,
2856 2034 3013 2088 quem
3042 2020 3272 2072 obeuute
3299 2017 3485 2071 Tacito
3502 2018 3587 2070 die
3612 2018 3679 2070 15
3708 2018 3923 2084 Aprilis,

2382 2110 2607 2177 ejusque
2634 2109 2799 2163 fratre
2839 2108 3088 2161 Floriano
3131 2117 3253 2176 post
3298 2108 3437 2162 duos
3478 2097 3693 2162 menses
3725 2110 3921 2168 Occiso,

2382 2198 2683 2254 Romanum
2721 2196 3004 2269 imperium
3053 2200 3352 2254 obtinuisse
3396 2209 3626 2254 constat.
3659 2198 3840 2263 Quare
3882 2200 3923 2251 si

2376 2291 2527 2360 juxta
2560 2291 2850 2345 Eusebium
2880 2306 3021 2345 anno
3044 2290 3201 2343 Probi
3234 2306 3272 2343 ιι
3292 2299 3347 2345 et
3368 2291 3521 2359 juxta
3549 2290 3788 2345 Leonem
3821 2289 3924 2343 hla-

2379 2397 2542 2449 gnum
2576 2382 2677 2434 sub
2718 2382 2999 2436 consulatu
3043 2379 3203 2435 Probi
3239 2389 3291 2434 et
3320 2379 3528 2433 Paulini
3557 2380 3824 2445 patefacta
3847 2388 3923 2431 est

2382 2462 2798 2526 Manichaeorum
2846 2472 3087 2537 haeresis,
3140 2471 3441 2525 necessario
3477 2471 3579 2525 dici
3615 2471 3797 2534 debet,
3833 2471 3923 2522 Ar—

2376 2561 2550 2615 chelai
2566 2574 2692 2615 cum
2709 2560 2913 2614 Manete
2930 2560 3467 2629 disputationem,per
3480 2576 3643 2629 quam
3662 2562 3925 2613 universae

2372 2652 2628 2719 Ecclesiae
2676 2646 2902 2705 Manetis
2958 2667 3107 2707 error
3161 2652 3431 2715 innotuit,
3479 2651 3743 2705 accidisse
3790 2652 3921 2704 intra

2374 2740 2573 2796 Iulium
2608 2751 2768 2810 atque
2800 2742 3144 2796 Decembrem
3175 2742 3303 2794 anni
3334 2741 3458 2794 ΞΠ.
3504 2739 3695 2793 Verum
3730 2741 3925 2794 Arche-

2376 2833 2447 2886 lai
2479 2834 2647 2887 nostri
2672 2834 2830 2886 verba
2857 2833 3084 2900 benigne
3114 2841 3239 2885 sunt
3270 2829 3693 2898 interpretanda,
3745 2830 3839 2897 qui
3876 2832 3923 2882 in

2376 2935 2497 2988 cap.
2527 2919 3002 2987 27.disputationis
3034 2933 3144 2972 suae
3171 2924 3293 2984 post
3320 2926 3584 2969 trecentos
3619 2912 3732 2967 fere
3760 2929 3925 2967 annos

2378 3024 2410 3062 a
2433 3008 2636 3063 Christi
2682 3013 2893 3071 morte,
2920 3008 3035 3059 imo
3059 3015 3179 3074 post
3207 3013 3488 3067 trecentos,
3527 3013 3579 3057 et
3606 3018 3674 3057 eo
3697 3006 3925 3073 amplius

737 3094 809 3144 tis
840 3092 1169 3159 temporibus
1194 3106 1365 3159 usque
1400 3092 1465 3145 ad
1500 3106 1700 3144 annum
1730 3101 1833 3143 xm
1857 3090 1983 3158 imp.
2020 3089 2277 3154 Valentis,
2305 3131 2347 3191 C
2380 3112 2551 3151 annos
2572 3098 2639 3151 ab
2665 3098 2847 3151 eadem
2880 3093 3077 3149 Christi
3120 3104 3290 3147 morte
3332 3092 3612 3149 advenisse
3661 3090 3921 3147 Manetem

737 3192 790 3235 et
822 3197 871 3235 ix
902 3181 1141 3234 Gratiani
1164 3196 1226 3235 ac
1255 3183 1484 3250 primum
1509 3180 1866 3235 Valentiniani
1898 3179 2137 3235 Junioris
2169 3197 2276 3250 quo

738 3273 853 3351 ipse
885 3272 1177 3335 scribebat,
1210 3272 1311 3323 hoc
1338 3280 1420 3325 est
1451 3287 1620 3340 usque
1650 3272 1716 3324 ad
1744 3287 1882 3339 ,εει-ω
1905 3271 2144 3340 vulgaris
2175 3287 2296 3325 ειη-ι

738 3376 865 3414 ιιιιιιι
908 3360 1023 3419 576,
1040 3361 1402 3413 intercessisse
1426 3374 1596 3413 annos
1620 3361 1737 3423 107,
1760 3359 1903 3429 quod
1933 3376 2062 3415 sane
2090 3376 2275 3415 verum

735 3466 855 3503 esse
880 3464 985 3503 non
1019 3458 1225 3517 potest;
1258 3464 1379 3501 nam
1411 3449 1478 3502 ab
1508 3463 1650 3503 anno
1676 3452 1780 3503 276
1810 3453 1892 3506 vel
1922 3452 2028 3504 275
2054 3461 2150 3506 aut
2171 3451 2277 3505 ΞΗ

735 3539 803 3592 ad
846 3554 1043 3591 annum
1084 3539 1207 3601 376,
1241 3554 1348 3593 non
1383 3551 1600 3593 centum
1647 3551 1697 3593 et
1739 3552 1940 3609 septem
1986 3544 2135 3607 anni,
2182 3544 2275 3597 sed

735 3636 949 3681 centum
976 3630 1365 3693 tantummodo,
1394 3629 1477 3682 vel
1512 3628 1613 3680 103
1642 3638 1735 3680 aut
1765 3626 1867 3682 104
1898 3631 2046 3696 anni,
2080 3646 2275 3685 secun-

736 3719 864 3772 dum
892 3720 1071 3775 varias
1097 3721 1502 3789 supputationes
1530 3719 1689 3774 modo
1713 3728 2058 3784 memoratas,
2085 3735 2275 3774 nume-

739 3818 944 3861 I'ZIDIUl'.
1445 3824 1450 3829 ’

806 3896 892 3949 Vl.
912 3896 1078 3949 Porro
1095 3911 1326 3965 quonam
1344 3896 1501 3951 Probi
1518 3913 1657 3954 anno
1674 3901 1724 3954 id
1740 3900 2092 3964 acciderit,ex
2111 3900 2276 3965 Et'e-

736 3988 823 4041 bio
838 3988 1011 4056 colligi
1030 3989 1325 4056 potest,_qui
1339 3987 1391 4041 in
1404 3987 1654 4043 Chronico
1670 3991 1746 4045 sic
1761 3992 1826 4046 de
1859 3990 2273 4062 Manichaeorum

736 4077 903 4130 initiis
926 4076 1106 4129 scribit
1120 4076 1192 4143 (b)
1210 4095 1221 4126 :
1241 4074 1475 4128 Secundo
1492 4092 1625 4129 anno
1644 4078 1819 4143 Probi,
1829 4082 2277 4150 juxtal'zintioche-

734 4182 826 4219 nos
838 4160 1106 4219 CCCXXV
1120 4180 1279 4218 annua
1301 4166 1421 4231 fuit,
1432 4163 1589 4232 juxta
1606 4166 1786 4234 Tyrios
1799 4170 1928 4224 CDll
1942 4171 2019 4224 uel
2032 4170 2183 4225 CDlll
2195 4188 2276 4223 ae-

734 4256 959 4308 cundum
974 4256 1245 4317 quosdam;
1268 4255 1423 4321 juxta
1449 4253 1764 4309 Laodiceam
1780 4258 2098 4321 CCCXXIV,
2115 4261 2274 4327 juxta

738 4345 1026 4397 Edessenos
1053 4344 1574 4414 (c)CCCLXXXVlll
1594 4346 1689 4412 (ita
1719 4349 1859 4399 enim
1891 4350 2085 4417 corrigi
2120 4351 2297 4402 debet.

2382 3188 2593 3242 asserit.
2622 3188 2939 3241 Archelaum
2970 3186 3114 3239 enim
3148 3185 3211 3237 ad
3241 3183 3667 3251 exaggerandam
3699 3183 3925 3236 Manetis

2382 3278 2745 3342 stoliditatem,
2794 3277 2885 3345 qui
2938 3276 3272 3330 Paracletum
3325 3272 3582 3343 Spiritum
3633 3292 3663 3330 a
3711 3276 3924 3330 Christo

2381 3370 2728 3437 promissum,
2781 3378 2978 3421 temere
3033 3378 3089 3421 se
3132 3380 3250 3419 esse
3292 3364 3611 3429 allirmabat,
3659 3382 3922 3420 annorum

2380 3475 2665 3515 numerum
2695 3461 2747 3512 in
2781 3457 3158 3527 disputationis
3202 3466 3332 3510 aestu
3375 3457 3590 3509 auxisse
3638 3456 3920 3509 dicendum

2380 3561 2481 3616 est,
2508 3561 2567 3604 ut
2598 3550 2796 3603 clarius
2828 3547 3151 3612 ostenderet,
3204 3542 3377 3612 ipsum
3406 3545 3581 3614 longe
3626 3546 3763 3599 adeo
3807 3556 3925 3614 post

2379 3639 2582 3694 Christi
2622 3645 2845 3699 mortem
2892 3643 3558 3701 tempore‘emergentem,
3588 3631 3922 3687 Paracletntn

2380 3744 2500 3784 esse
2530 3742 2635 3782 non
2674 3741 2854 3796 posse,
2900 3738 3057 3792 quem
3090 3721 3249 3777 Jesus
3300 3729 3420 3791 post
3468 3738 3633 3775 suum
3674 3724 3727 3775 in
3759 3725 3921 3777 caelos

2382 3833 2685 3879 ascensum,
2711 3816 2853 3869 illico
2874 3830 2930 3868 se
2950 3813 3210 3881 apostolis
3232 3812 3522 3864 missurum
3545 3812 3918 3878 aﬂirmaverat;

2380 3916 2434 3961 et
2472 3920 2657 3960 revera
2702 3914 2822 3973 post.
2867 3901 3251 3971 Quinquaginta
3289 3900 3356 3954 ab
3385 3901 3501 3968 ejus
3530 3904 3920 3958 resurrectione

2379 3998 2495 4051 dies
2534 3997 2602 4049 ab
2630 3997 2746 4063 ipso
2774 3994 2997 4047 missum
3036 3991 3234 4053 fuisse,
3274 3991 3639 4058 apostolorum
3668 3992 3804 4046 Acta
3834 3992 3918 4046 di-

2380 4098 2522 4143 serte
2550 4095 2831 4141 testantur.

2450 4168 2583 4229 Vlll.
2626 4174 2722 4229 His
2776 4175 2842 4227 de
2878 4171 3127 4227 Archelai
3155 4184 3277 4224 cum
3306 4167 3513 4223 Manete
3544 4170 3916 4239 disputationis

2379 4277 2615 4335 tempore
2647 4281 2711 4319 ac
2749 4262 3110 4325 versionibus,
3162 4260 3335 4325 deque
3379 4260 3621 4327 ejusdem
3669 4248 3911 4315 Archelai

2341 4353 2666 4426 episcopali
2710 4352 2835 4406 sede
2882 4348 3189 4418 praelibatis,
3227 4348 3486 4416 agendum
3535 4348 3692 4402 nobis
3734 4357 3815 4401 est
3853 4350 3913 4400 de

736 4432 1148 4494 PontaCieditiO.
1164 4436 1330 4503 inqua
1344 4452 1616 4506 perperam
1635 4436 2271 4506 legiturCCCLXXXIX);
2311 4471 2350 4522 ι)
2380 4443 2685 4497 sinceritate
2708 4452 2869 4509 atque
2892 4439 3201 4508 praestantia
3221 4439 3455 4506 ejusdem
3480 4440 3689 4506 operis;
3708 4452 3912 4504 acpre—

730 4523 1226 4590 juxtaAscalouitas
1260 4525 1601 4591 CCCLXXX,
1638 4528 1825 4578 insana
1868 4525 2273 4578 Mauiclueorum

736 4613 945 4666 heresis
959 4614 1011 4663 in
1027 4629 1289 4668 commune
1300 4618 1511 4669 humani
1524 4619 1717 4685 generis
1732 4618 1923 4670 malum
1935 4628 2135 4670 exorta.
2155 4615 2275 4669 ιιωο

743 4711 918 4758 autem
936 4700 1146 4754 Eusebii
1163 4702 1322 4755 verba
1336 4701 1405 4755 ita
1420 4701 1758 4773 intelligenda
1780 4711 1924 4764 sunt,
1939 4712 1997 4758 ut
2020 4718 2125 4756 non
2150 4714 2274 4756 tunc

735 4795 969 4862 primum
1024 4790 1437 4845 Manichaeorum
1490 4794 1708 4847 haeresis
1756 4798 1875 4849 ‘orta
1928 4793 2117 4859 fuerit;
2160 4794 2272 4862 jam

738 4882 879 4936 enim
907 4883 972 4935 ab
994 4880 1354 4949 apostolorum
1379 4881 1542 4935 ferme
1565 4885 1895 4951 temporibus
1917 4885 2272 4952 quorumdam

738 4982 944 5026 tuentes
971 4974 1057 5023 ille
1087 4970 1319 5023 nefarius
1344 4984 1493 5021 error
1524 4972 1811 5037 invaserat,
1837 4982 1895 5026 nt
1918 4989 1982 5027 ex
2009 4974 2274 5029 Archelao

740 5072 925 5116 nostro
952 5074 1001 5116 et
1029 5062 1324 5132 Epiphanio
1350 5062 1546 5131 liquet;
1581 5065 1673 5117 sed
1700 5067 1841 5131 quod
1880 5076 2005 5121 tunc
2037 5070 2267 5137 primum

739 5154 945 5205 Manete
981 5153 1220 5206 haeresim
1247 5164 1478 5207 veterem
1513 5168 1608 5220 per
1635 5156 2068 5233 variasQrientis
2098 5162 2271 5229 regio-

740 5261 836 5321 nes
860 5245 1261 5310 disseminante,
1294 5258 1346 5301 et
1384 5248 1436 5299 in
1470 5247 1791 5301 Archelaum
1819 5238 1953 5305 forte
1982 5252 2267 5316 incidente,

737 5334 829 5402 qui
853 5346 1039 5385 omnes
1065 5333 1181 5399 ejus
1215 5344 1354 5388 artes
1378 5350 1440 5388 ac
1462 5350 1675 5389 errores
1703 5334 2026 5404 disputando
2046 5340 2267 5401 detexit,

737 5419 813 5478 ita
846 5421 898 5474 in
930 5430 1244 5474 cunctorum
1270 5437 1361 5489 per
1394 5426 1578 5479 orbem
1621 5425 1855 5480 lidelium
1890 5436 1983 5479 not
2007 5428 2133 5481 tiam
2176 5441 2266 5481 re-

740 5603 743 5606 ’
810 5620 885 5691 (a)
914 5620 1128 5691 Catcch.
1161 5636 1231 5685 vt,
1267 5638 1384 5691 pag.
1422 5627 1537 5680 HO.

808 5689 886 5757 (to)
909 5690 1095 5745 Chron.
1131 5694 1219 5747 lib.
1252 5689 1411 5761 post”
1435 5711 1553 5769 pag.
1585 5699 1699 5755 l’77.

2378 4542 2521 4587 terea
2547 4532 2853 4593 videndum,
2882 4546 2947 4581 an
2983 4529 3158 4596 aliqua
3195 4528 3277 4582 sui
3312 4538 3459 4601 parte
3482 4527 3788 4582 mutilatum
3812 4530 3908 4591 sit;

2376 4632 2645 4691 postremo
2688 4620 3051 4684 indicandum,
3103 4637 3347 4688 qumnam
3399 4620 3655 4674 Actorum
3685 4635 3805 4687 quae
3833 4621 3911 4672 in-

2377 4722 2520 4781 tegra
2550 4726 2692 4763 nunc
2716 4711 2876 4779 primi
2904 4711 3133 4776 edimus,
3166 4710 3462 4779 fragmenta
3499 4710 3627 4763 olim
3659 4709 3712 4761 in
3746 4708 3909 4763 lucem

2374 4797 2687 4869 prodierint,
2740 4809 2790 4853 et
2840 4815 2904 4852 ex
2956 4802 3111 4868 cujus
3162 4800 3497 4854 bibliothecae
3539 4798 3725 4852 codice
3755 4800 3910 4852 editio

2374 4898 2555 4949 nostra
2590 4890 2916 4957 proﬂuxerit.
2954 4890 3015 4943 Et
3065 4894 3237 4959 primo
3286 4891 3500 4957 quidem
3554 4886 3621 4940 de
3657 4887 3908 4943 Actorum

2374 4981 2597 5035 istorum
2633 4980 2934 5035 sinceritate
2960 4981 3195 5049 suspicio
3223 4981 3364 5032 nulla
3390 4977 3519 5029 oriri
3549 4988 3726 5047 potest
3753 4997 3765 5030 :
3791 4994 3907 5033 nam

2373 5069 2704 5139 Epiphanius
2731 5085 2869 5122 anno
2891 5070 3090 5123 Christi
3113 5069 3214 5121 576
3238 5069 3497 5121 adversus
3520 5067 3753 5121 luereses
3782 5070 3908 5121 seri-

2372 5161 2526 5223 bens,
2557 5158 2763 5225 insigne
2791 5174 2855 5211 ex
2886 5159 3246 5226 disputatione
3274 5155 3519 5211 Archelai
3557 5155 3905 5225 fragmentum

2372 5250 2596 5319 protulit
2644 5249 2694 5301 iu
2742 5249 2928 5313 hanesi
2965 5247 3401 5309 Manichteorum,
3436 5261 3572 5313 cap.
3628 5246 3720 5308 25,
3770 5247 3904 5316 quod

2369 5342 2608 5411 ejusdem
2642 5341 2785 5396 Actis
2812 5356 2874 5393 ex
2906 5339 3091 5392 Latina
3127 5335 3372 5388 versione
3402 5350 3432 5388 a
3466 5336 3622 5390 nobis
3654 5338 3706 5389 in
3738 5338 3903 5389 lucem

2368 5435 2527 5517 editis
2565 5446 2782 5500 prorsus
2831 5430 3149 5499 reSpondct;
3201 5442 3264 5480 ac
3308 5434 3563 5494 praeterea
3593 5428 3640 5483 si
3670 5428 3904 5484 Archelai

2441 5631 2511 5696 (ε)
2568 5628 2706 5681 Edit.
2758 5629 2791 5680 2
2839 5624 3091 5694 Scaligeri
3146 5624 3353 5679 habet:
3399 5626 3560 5695 juxta
3627 5627 3903 5682 Edessam:

2370 5713 2664 5753 DLXXXVHL
