4094 6350
175 361 309 461 tit-5
1421 370 1424 373 ’
1557 353 1893 456 ’Νοτιτιιμ
1972 446 1973 449 γ
2439 424 2442 426 ~
2666 389 2670 392 “
2755 451 2812 479 .,
2935 368 2942 476 ί
3233 408 3368 470 im

175 529 426 580 rationes
451 516 616 595 atque
645 494 958 594 argumenta
997 539 1119 578 eum
1149 522 1431 594 Epiphanii
1474 521 1722 577 confuta-
1755 528 1799 581 A
1829 494 2049 602 insuper
2079 517 2374 572 Archelaus
2404 533 2531 587 cap.
2559 494 2626 574 5i!
2655 494 2928 580 Manctem.
2951 524 3005 580 in
3031 535 3245 581 carcere
3272 542 3404 596 po"
3446 527 3451 532 ‘

171 615 413 670 tionibus
460 615 728 680 conferas,
775 616 1180 676 evidentissime
1212 614 1510 683 apparebit,
1545 613 1747 682 ipsum'
1828 610 2013 674 situm,
2053 609 2348 677 discipulos
2393 626 2523 664 suos
2574 613 2795 691 misisse
2820 612 2890 665 ad
2937 615 3073 680 loca,
3114 617 3166 670 in
3190 617 3378 687 quibus
3412 669 3432 692 τη

171 705 248 760 ita
279 707 334 760 in
360 695 612 760 omnibus
635 715 878 762 secutum
905 704 1072 759 fuisse
1089 701 1436 771 Archelaum,
1463 712 1520 760 ut
1548 718 1722 773 pauca
1827 699 2242 753 Christianorum
2284 698 2407 752 libri
2457 702 2930 776 raitxcribebantur,
2986 693 3173 775 eisque
3221 708 3386 782 Chri-

172 794 241 848 de
269 810 371 850 suo
395 796 653 850 adversus
681 794 906 871 manetis
932 809 1147 848 errores
1183 794 1441 848 attulerit.
1481 792 1706 849 Memini

1827 788 2125 854 stianorum
2169 802 2228 841 se
2270 785 3058 849 nuntiosesée'Simulantibus
3091 797 3376 860 sacrarum
3421 787 3426 792 ’

160 885 332 955 etiam
353 885 607 940 Actorum
637 884 798 952 hujus
828 885 1212 953 disputationis
1243 883 1631 954 Socrates,qui
1665 884 1720 952 in

170 972 459 1028 consulatu
509 987 597 1026 xvi
667 971 1266 1044 ThcodosiiJunioris,
1310 974 1413 1027 hoc
1440 981 1524 1027 est
1577 985 1724 1026 anno

167 1076 293 1138 acra:
321 1061 640 1117 Christiana
665 1060 1226 1130 459,Ecclesjiasticam
1247 1063 1523 1128 historiam
1542 1061 1720 1128 absol-

166 1154 284 1218 vit;
315 1160 370 1207 et
397 1167 461 1206 ea
492 1151 673 1207 omnia
697 1167 817 1220 quae
849 1152 915 1207 de
939 1151 1356 1210 Manichaeorum
1380 1153 1572 1228 itazresi
1595 1169 1734 1206 nar-~

165 1243 333 1304 tavit,
380 1259 438 1298 se
471 1257 538 1296 ex
577 1244 779 1311 eisdem
828 1243 977 1298 Actis
1025 1245 1280 1298 hausisse
1308 1245 1536 1313 ingenue
1584 1243 1720 1297 fate-

162 1343 256 1389 tur
281 1322 382 1404 (a).
426 1331 642 1388 Eorum.
675 1334 914 1403 insuper,
961 1344 1216 1402 tanquam
1267 1333 1336 1386 ab
1387 1332 1717 1403 Hegemonio

165 1423 409 1490 quodam
460 1423 805 1495 scriptorum,
855 1425 1179 1477 mentionem
1215 1423 1341 1488 facit
1370 1423 1717 1481 iieraclianus

156 1512 621 1568 Chalcedonensis
642 1513 944 1583 episcopus,
964 1522 1023 1583 ut
1055 1527 1218 1581 supra
1247 1513 1448 1568 dictum
1477 1523 1577 1569 est.
1611 1515 1715 1570 De-

159 1604 332 1672 nique
355 1604 605 1658 Archelai
627 1604 796 1658 nostri
817 1593 1037 1673 operum
1068 1603 1422 1672 fragmentum
1445 1606 1713 1660 contineri

160 1693 220 1746 in
255 1693 422 1748 veteri
437 1692 641 1748 Catena
668 1693 977 1748 Graecorum
1013 1692 1237 1746 Patrum
1277 1694 1330 1747 in
1360 1693 1712 1764 Evangelium

157 1781 410 1849 Joannis,
425 1800 542 1853 quae
561 1784 786 1850 habetur
805 1783 859 1836 in
885 1783 1084 1851 scripto
1109 1784 1364 1838 Cmsarea:
1379 1785 1714 1840 bibliothecae

164 1873 377 1938 codice,
403 1873 554 1927 testis
575 1883 659 1926 est
683 1871 999 1927 Lambecius
1024 1873 1096 1940 (b)
1117 1891 1130 1924 :
1151 1874 1292 1940 quod
1318 1875 1577 1942 utiqneer
1611 1876 1713 1927 bu-

153 1961 652 2033 jusdisputationis
666 1961 813 2016 Actis
829 1962 1170 2029 desumptum
1191 1962 1356 2016 fuisse
1373 1978 1478 2016 non
1502 1964 1709 2017 dubito.

233 2050 326 2104 ιχ.
368 2051 630 2106 Praeterea
661 2065 727 2104 ex
755 2052 1062 2104 eorumdem
1089 2052 1345 2105 Actorum
1385 2061 1532 2106 textu
1568 2055 1711 2108 varia

161 2150 485 2208 argumenta
526 2138 661 2191 erui.
685 2146 931 2206 possunt,
972 2138 1169 2206 quibus
1200 2152 1386 2191 eorum
1419 2139 1711 2207 antiquitas

158 2237 327 2298 atque
392 2226 676 2284 sinceritas
741 2229 1158 2300 demonstratur.
1213 2228 1506 2282 Archelaus
1567 2231 1745 2286 enim.»-

160 2335 286 2388 cap.
314 2318 380 2370 27
417 2326 470 2371 et
514 2317 581 2372 58
627 2318 808 2372 varios
854 2319 1135 2372 iizereticos
1169 2332 1510 2390 enumerans,
1541 2319 1709 2372 nemi-

157 2423 284 2462 nem
321 2407 554 2462 Sabeiiio
593 2408 946 2462 recentiorem
992 2407 1240 2474 appellat,
1285 2423 1442 2473 quem
1489 2406 1622 2460 Sixti
1665 2407 1708 2458 ll

157 2494 640 2571 temporibus,qui
668 2485 810 2548 anno
837 2495 1033 2548 Christi
1060 2494 1165 2546 257
1196 2503 1246 2547 et
1273 2495 1376 2547 258
1410 2494 1704 2548 Romanam
1739 2529 1742 2532 ~

157 2585 459 2639 Ecclesium
504 2586 663 2649 rexit,
693 2600 724 2638 a
756 2583 1010 2654 Dionysio
1037 2577 1396 2639 Alexandrino
1418 2587 1706 2660 haereseos

156 2683 475 2730 accusatum
521 2673 691 2728 fuisse
731 2683 1034 2732 constatex
1085 2675 1316 2730 Eusebio
1337 2675 1426 2744 (ε).
1468 2675 1707 2730 Meminit

152 2780 380 2842 quoque
427 2764 723 2820 obsidionis
770 2764 1079 2832 Carrarum,
1134 2767 1221 2820 cui
1279 2775 1592 2834 praesentem
1649 2785 1708 2824 se

154 2844 333 2912 fuisse
361 2865 586 2911 testatur
612 2872 730 2925 cap.
762 2853 852 2920 24,
886 2866 1016 2924 qua:
1044 2857 1187 2911 nulla
1217 2858 1318 2912 alia
1346 2859 1556 2913 videtur
1587 2875 1707 2915 esse

154 2963 342 3017 posse,
369 2963 529 3016 quam
565 2948 653 3000 illa
680 2936 808 3016 quae
828 2948 928 3023 sub
957 2947 1238 3002 Valeriano
1266 2949 1506 3019 Augusto
1536 2952 1705 3009 conti-

155 3040 256 3108 git,
297 3054 419 3093 cum
452 3038 657 3094 scilicet
683 3053 715 3091 a
742 3038 922 3094 Persis
957 3049 1256 3108 expugnata
1309 3040 1440 3108 fuit;
1484 3043 1705 3097 veivalia

1826 879 2072 932 codicum
2117 879 2323 960 copiam
2368 877 2565 949 [actam
2608 879 2794 937 fuisse.
2835 883 2901 937 At
2929 885 2978 938 id
3006 886 3109 940 sub
3138 887 3398 953 ethnicis

1823 975 2036 1020 tantum
2089 967 2508 1037 imperatoribus
2557 968 2735 1026 facere
2791 966 3092 1044 oportebat,
3145 963 3439 1047 quorum}

1823 1057 2154 1127 temporibus
2198 1056 2400 1112 Christi
2445 1058 2630 1115 tideies
2661 1075 2873 1117 summa
2904 1064 3190 1133 “religione
3220 1082 3397 1135 cura-

1821 1146 1970 1210 bant,
1995 1162 2061 1200 ne
2094 1157 2455 1226 sacrosancta:
2479 1148 2613 1219 legis
2645 1149 2767 1204 libri
2799 1151 2868 1206 ad
2890 1153 3226 1209 ethnicorum
3259 1171 3380 1224 ma-

1819 1250 1924 1290 nus
1975 1237 2348 1304 pervenirent;
2405 1249 2468 1292 ac
2519 1248 2799 1308 propterea
2853 1257 2958 1304 non
3013 1234 3232 1313 ubique,
3282 1246 3378 1309 sed

1819 1324 1981 1378 certis
2014 1319 2338 1396 quibusdam
2366 1327 2422 1380 in
2453 1327 2609 1391 io’cis,
2645 1330 2800 1382 sacri.
2820 1333 3033 1387 codices
3062 1336 3216 1396 vendi
3248 1315 3378 1392 con-

1818 1420 2122 1468 sueverant’.
2171 1410 2534 1486 Corrigendus
2567 1427 2744 1472 autem
2780 1419 3131 1490 Epiphanius,
3179 1427 3275 1494 qui
3319 1428 3372 1482 in

1815 1505 2232 1560 Manichaeorum
2263 1507 2474 1574 haeresi,
2501 1523 2620 1576 cap.
2649 1509 2703 1570 5,
2741 1510 2814 1563 ait
2847 1509 3109 1566 Manetem
3135 1516 3372 1585 discipu—

1810 1597 1894 1652 los
1926 1610 2053 1652 suos
2090 1598 2157 1650 ad
2195 1594 2548 1666 inquirendos
2578 1597 2761 1652 sacros
2793 1586 2960 1655 libros
2992 1603 3224 1669 misisse,
3271 1622 3368 1659 an-

1812 1695 2027 1757 tequam
2061 1687 2115 1740 in
2147 1680 2419 1742 carcerem
2445 1688 2776 1754 truderetur;
2805 1705 2928 1743 nam
2956 1691 3015 1746 ‘in
3047 1693 3206 1748 modo
3240 1695 3362 1748 lau-

1813 1778 1939 1830 dato
1975 1777 2224 1832 Archelai
2255 1777 2635 1845 disputationis
2665 1777 2784 1833 loco
2805 1780 3002 1838 diserte
3031 1782 3227 1836 dicitur
3252 1785 3305 1838 id
3331 1801 3363 1839 a

1745 1841 1788 1901 Β
1812 1867 2018 1934 Manete
2047 1867 2246 1923 factum
2274 1841 2461 1934 fuisse,
2489 1882 2597 1937 quo
2628 1877 2867 1938 tempore
2901 1871 2954 1924 iu
2985 1887 3202 1928 carcere
3226 1873 3364 1936 deti.
3386 1878 3390 1906 ί

1813 1959 2064 2021 nebatur.
2290 2026 2296 2031 .

1879 2045 1947 2100 Χ.
1988 2046 2192 2103 Necex
2227 2049 2396 2104 sacris
2439 2050 2832 2118 tantummodo,
2873 2066 3059 2106 verum
3098 2036 3258 2108 etiam
3291 2068 3361 2112 ex
3428 2070 3435 2079 '

1784 2139 2050 2212 profanis
2083 2139 2404 2208 quibusdam
2460 2140 2620 2194 rebus
2662 2157 2890 2210 quarum
2939 2143 2993 2197 in
3034 2145 3182 2210 hisce
3207 2148 3365 2202 Actis

1809 2229 2011 2282 mentio
2048 2228 2123 2293 lit,
2151 2232 2458 2282 corumdem
2492 2229 2623 2285 ﬁdes
2659 2234 2941 2293 astruitur.
2973 2235 3034 2288 In
3061 2236 3128 2288 iis
3159 2236 3357 2307 quippe

1808 2318 2033 2385 legimus
2079 2319 2362 2381 Manetem.
2416 2336 2538 2374 cum
2579 2337 2610 2375 a
2647 2321 2898 2378 Marcello
2937 2326 3129 2380 litteris
3152 2329 3356 2382 accitus
3388 2358 3390 2360 τ

1807 2407 2000 2461 Carras
2056 2409 2217 2474 venit,
2272 2409 2520 2461 baculum
2568 2395 2848 2466 ex‘Iencno
2898 2414 2950 2467 in
2985 2415 3231 2471 manibus
3264 2406 3354 2486 ge;

1807 2504 2012 2558 stasse;
2064 2497 2205 2564 quod
2253 2497 2320 2550 ab
2349 2499 2650 2568 Alytarehis
2686 2499 2986 2557 factitatum
3014 2495 3155 2558 'oiim
3186 2505 3352 2573 fuisse

1805 2591 2031 2637 testatur
2053 2584 2100 2637 .l.
2128 2584 2346 2639 Malalas
2381 2589 2471 2656 (ε).
2509 2587 2862 2645 Callisthenes
2893 2607 3105 2660 quoq-ue
3133 2596 3351 2664 spurius
3410 2624 3416 2630 -

1806 2675 2036 2738 scriptor
2066 2692 2094 2729 a
2125 2678 2438 2732 doctissimo
2482 2677 2756 2749 Ducangio
2789 2681 2845 2736 in
2875 2682 3140 2738 Glossario
3168 2688 3368 2741 medice
3394 2752 3396 2754 ν
3438 2716 3445 2726 -

1804 2775 1851 2815 et
1887 2765 2081 2831 infimae
2117 2766 2412 2820 ercitatis
2439 2755 2705 2833 laudatus,
2747 2773 2908 2825 verbo
2947 2772 3258 2843 Ἐὃελλῖνος,
3282 2773 3351 2832 de
3411 2823 3414 2827 .
3456 2761 3458 2763 i

1802 2853 2197 2909 Psammcticbo
2239 2858 2308 2910 ita
2351 2858 2536 2912 scribit
2568 2878 2582 2913 ι
2615 2861 2719 2911 Καὶ
2749 2862 2977 2914 ἐστολέει
3009 2864 3198 2916 ἑαυτὸν
3228 2881 3347 2916 στο-

1803 2943 1900 3015 λὴν
1944 2950 2254 3018 προφήτου,
2312 2949 2550 3020 κατέχων
2597 2952 2652 3001 ὲν
2685 2952 2748 3020 τῇ
2784 2951 2922 3020 χειρὶ
2958 2952 3119 3004 αὑτοῦ
3154 2947 3368 3024 ῥάϐδον.

1806 3035 2100 3106 ὲϐελλίνην,
2142 3038 2231 3090 ubi
2265 3035 2512 3106 AisOpus'
2535 3036 2768 3104 ejusdem
2803 3037 3146 3097 Callisthenis
3180 3042 3344 3097 inter—
3389 3114 3392 3118 Ι

153 3130 262 3182 sub
283 3114 553 3210 Callia-no,
579 3143 702 3183 cum
723 3129 791 3182 ab
817 3127 1094 3183 Odenatho
1124 3129 1354 3185 Orientis
1384 3132 1706 3202 regePersEs
1732 3156 1773 3212 ο
1805 3142 1946 3194 pres,
1989 3128 2080 3195 qui
2122 3127 2421 3180 versionem
2454 3140 2609 3178 suam
2642 3125 2980 3209 Constantia.
3005 3125 3366 3210 Constantini

150 3232 342 3291 erepta
373 3220 426 3272 in
457 3221 687 3274 Romani
721 3221 931 3290 imperii
961 3221 1215 3276 ditionem
1261 3223 1451 3276 iterum
1491 3226 1704 3281 redacta

151 3305 280 3375 fuit,
317 3309 586 3380 Trebellio.
607 3310 845 3365 Pollione
880 3318 1014 3364 teste
1048 3312 1100 3362 in
1133 3309 1386 3377 Gallieno,
1413 3329 1532 3382 cap.
1566 3314 1629 3367 10
1649 3324 1704 3367 et

153 3400 243 3461 12,
273 3398 470 3454 Eorum
495 3402 716 3468 insuper
737 3401 1061 3453 mentionem
1082 3399 1354 3468 facitcap.
1379 3401 1466 3465 52,
1492 3405 1582 3471 qui
1607 3419 1704 3471 per

151 3497 444 3555 parentum
476 3487 818 3541 traditionem
852 3486 1126 3556 Scythiani
1172 3486 1403 3541 hzcretiei
1433 3491 1702 3556 apostolo-

150 3593 278 3631 rum
307 3577 638 3646 temporibus
681 3561 908 3631 viventis
950 3577 1190 3641 notitiam
1220 3572 1537 3640 habuerant,
1564 3579 1703 3651 sibi;

151 3681 258 3737 que
290 3667 557 3738 nonnulla
586 3665 652 3720 de
681 3667 800 3735 ejus
841 3667 1029 3720 lia-resi
1076 3676 1440 3722 narraverant.
1479 3666 1617 3732 Quin
1648 3678 1701 3722 et

148 3758 295 3812 varii
340 3756 547 3825 antiqui
587 3755 855 3817 morcsin
905 3757 1050 3810 hisce
1092 3757 1240 3810 Actis
1286 3757 1586 3824 memorati,
1635 3758 1700 3811 de

149 3847 467 3902 earumdem
493 3841 804 3901 sinceritate
825 3861 924 3899 nos
943 3846 1186 3899 dubitare
1210 3860 1312 3898 non
1340 3846 1539 3899 sinunt.
1565 3845 1696 3899 Nam

149 3940 207 3994 in
237 3940 359 4008 ipso
388 3925 650 3993 Actorum
685 3938 908 3992 exordio
937 3937 1133 3991 dicitur
1170 3936 1458 3996 nonnullos
1492 3951 1557 3990 ex
1589 3937 1697 3990 Ro-

149 4045 442 4086 manarum
462 4030 734 4096 legionum
763 4027 1045 4093 militibus,
1069 4025 1297 4079 Marcelli
1321 4025 1699 4080 misericordia:

149 4121 402 4177 exemplo
434 4108 1023 4186 commotos,d'eposito
1055 4115 1255 4168 militiae
1282 4116 1517 4182 cingulo,
1543 4116 1698 4169 Chri-

149 4209 346 4264 stiane
369 4204 488 4262 lidei
501 4191 694 4258 nomen
718 4207 929 4260 dedisse
958 4224 971 4260 :
1003 4205 1143 4274 quod
1174 4204 1562 4272 antiquissimis
1595 4207 1695 4258 Ec-

149 4300 349 4356 clesiat.
370 4297 702 4370 temporibus
731 4310 762 4349 a
791 4295 1112 4370 Christianis
1133 4295 1413 4359 militibus,
1447 4310 1512 4346 ne
1537 4310 1695 4363 paga-

149 4403 354 4453 norum
393 4367 718 4442 eommercio
759 4393 812 4439 et
861 4365 1327 4454 superstitionibus
1362 4385 1695 4438 macularen-

1805 3214 1980 3284 Magni
2023 3216 2149 3280 tilio,
2194 3216 2410 3276 dicavit,
2441 3215 2579 3269 male
2618 3218 2889 3270 tamdrisci
2927 3221 3123 3289 virgam
3150 3223 3372 3289 vertit;-
3432 3255 3436 3260 -

1804 3307 1944 3360 unde
1984 3319 2128 3373 patet
2161 3305 2466 3373 hujusmodi
2502 3296 2695 3361 baculo
2723 3323 2818 3362 eos
2853 3312 2928 3364 uti
2973 3316 3340 3377 consuevisse,
3385 3339 3388 3343 ·

1802 3395 1896 3462 qui
1931 3394 2144 3464 publica
2169 3385 2369 3464 .aliqua
2410 3395 2665 3465 dignitate
2704 3399 3112 3467 decorabantur,
3143 3394 3344 3474 quique

1801 3483 2059 3536 doctrinae
2082 3483 2294 3536 laudem
2322 3482 2657 3538 aii‘ectabant.
2695 3484 2965 3541 Incessum
2998 3494 3344 3558 quoqueim-

1803 3585 2128 3638 peratorum,
2160 3573 2287 3625 dum
2323 3574 2532 3641 publice
2557 3589 2678 3631 cum
2705 3577 3117 3642 protectoribus,
3150 3581 3339 3649 signis,

1800 3663 2147 3729 draconibus,
2190 3663 2409 3725 labaris,
2457 3663 2708 3726 ducibus,
2761 3666 3094 3745 principibus
3122 3678 3176 3721 et
3202 3685 3342 3737 prae-

1798 3753 1953 3826 lectis
1982 3754 2168 3806 urbem
2195 3753 2429 3820 aliquam
2462 3753 2884 3819 ingrederentur,
2918 3765 3102 3810 exacte
3132 3759 3338 3813 deseri-

1801 3843 1880 3896 bit
1909 3858 2026 3911 cap.
2064 3843 2152 3895 57.
2185 3840 2420 3908 Denique
2445 3841 2510 3893 de
2531 3841 2811 3910 multiplici
2834 3844 3127 3912 sigillorum
3158 3857 3210 3902 et
3230 3829 3376 3903 cia."

1798 3937 1942 3987 vium
1992 3949 2091 3985 usu
2125 3932 2264 3999 apud
2294 3939 2496 3983 veteres
2529 3947 2638 3983 non
2671 3947 2840 3999 pauca
2871 3935 3029 3988 tradit
3053 3913 3169 4005 cap.
3198 3939 3263 3991 M
3287 3949 3342 3994 et

1796 4022 1864 4089 26
1886 4022 2080 4089 quibus
2103 4020 2296 4072 similia
2322 4033 2544 4086 prorsus
2571 4019 2984 4077 in‘ethnicorum
3015 4026 3336 4094 scriptorum

1797 4111 2160 4163 monumentis
2211 4117 2522 4170 occurrunt,
2565 4119 2624 4163 ut
2661 4111 2715 4162 in
2750 4113 2950 4165 nostris
2987 4114 3054 4165 ad
3095 4130 3156 4166 ea
3191 4120 3336 4171 notis
3419 4167 3424 4170 .

1797 4199 2150 4253 ostendimus.
2177 4196 2254 4248 Ex
2282 4197 2480 4265 quibus
2510 4190 2759 4250 omnibus
2791 4198 2919 4250 satis
2949 4212 3216 4266 superque
3242 4202 3335 4254 de—

1795 4289 2148 4353 monstratur,
2181 4290 2312 4345 Acta
2335 4289 2686 4358 ista‘genuina
2715 4295 2766 4339 et
2795 4287 3168 4353 antiquissima
3191 4304 3331 4353 esse,

1796 4393 1898 4432 nec
1928 4393 2115 4432 eorum
2148 4380 2304 4433 Iidem
2334 4379 2439 4431 ulla
2465 4393 2525 4430 ex
2558 4385 2705 4444 parte
2738 4383 2946 4427 nutare.

149 4491 267 4544 tur,
300 4468 499 4535 factum
523 4474 709 4538 fuisse,
740 4475 890 4528 testis
916 4483 998 4546 est
1021 4473 1378 4527 Tertullianus
1398 4473 1472 4541 (d)
1500 4473 1704 4541 aliique
1729 4487 1771 4540 υ
1869 4465 1957 4520 XI.
2003 4468 2136 4521 illud
2183 4478 2357 4521 tamen
2404 4464 2742 4519 dissimulare
2787 4479 2893 4516 non
2932 4480 3173 4535 possum,
3204 4467 3343 4522 Acta

149 4571 210 4626 in
240 4567 462 4624 nostris.
493 4565 558 4618 ad
604 4558 724 4616 eum
752 4561 930 4616 locum
964 4563 1103 4619 notis
1131 4561 1348 4614 laudati.
1385 4560 1690 4614 Marcellum

151 4671 373 4728 quoque
407 4655 501 4719 ait,
534 4651 765 4720 hospitia
799 4649 852 4702 in
887 4649 1317 4715 Christianorum
1354 4652 1696 4720 peregrinan-

153 4750 294 4803 tium
324 4761 480 4800 usum
509 4757 602 4813 per
626 4740 947 4808 vias'regias
972 4743 1357 4805 construxissc,
1382 4757 1500 4809 qua.-
1520 4757 1547 4793 ιι
1572 4742 1696 4816 Car-

152 4842 234 4895 ris
253 4840 312 4892 in
340 4835 616 4892 Persidem
649 4830 915 4886 ducebant
941 4845 953 4881 :
985 4831 1127 4903 quod
1160 4830 1338 4884 itidem
1368 4830 1434 4883 ab
1461 4829 1694 4896 antiquis

151 4927 479 4984 Christianis
495 4926 586 4994 qui
608 4921 844 4980 sedulam
868 4921 1212 4987 hospitalitati
1235 4935 1449 4987 operam
1475 4920 1691 4978 dabant,

152 5016 655 5075 tier‘iconsuevisse
699 5018 877 5079 aperte
921 5009 1186 5076 colligitur
1224 5025 1288 5062 ex
1319 5009 1560 5079 Gregorii
1591 5008 1697 5061 Na-

156 5101 402 5171 zianzeni
439 5106 698 5159 invectiva
736 5104 762 5158 1
799 5100 856 5152 in
901 5097 1173 5153 Iulianum
1222 5099 1566 5166 Apostatam;
1602 5100 1692 5154 ubi

155 5192 536 5270 imperatorem
566 5197 706 5250 hunc
733 5192 1022 5247 diversoria
1053 5198 1105 5242 et
1134 5188 1360 5255 hospitia
1381 5205 1474 5257 per
1507 5189 1690 5242 orbem

156 5291 482 5350 Romanum,
526 5284 950 5338 Christianorum
990 5278 1234 5343 exemplo
1262 5277 1508 5332 aediﬁcari
1544 5293 1694 5330 man-

154 5385 319 5436 dasse
347 5384 594 5438 testatur,
625 5383 682 5426 ut
715 5384 1042 5441 paganorum
1078 5366 1548 5448 superstitionibus
1582 5380 1693 5417 ma-

153 5475 330 5543 jorem
360 5463 571 5543 laudem
601 5461 1097 5536 venerationemque
1129 5455 1454 5508 conciliaret.
1503 5454 1693 5506 Narrat

233 5603 308 5671 (a)
332 5590 492 5671 ῌὶει.
525 5593 772 5671 θεειειιψῖ
805 5607 854 5671 I_.'
866 5590 1116 5671 capio.

231 5655 305 5740 ib),
343 5668 625 5740 Comment:
817 5655 966 5710 Vind.
1001 5660 1092 5740 lib:
1127 5674 1204 5725 lll,
1234 5657 1348 5714 cod.
1384 5655 1468 5710 40.

125 5716 128 5719 ’
343 5716 480 5789 iiist.
510 5731 632 5807 ecrl.
669 5730 880 5794 libum,
914 5743 1030 5796 cap.
1056 5730 1108 5809 6.

1797 4559 1898 4612 ista
1952 4560 2332 4628 disputationis
2381 4555 2628 4609 Archelai
2668 4568 2791 4606 cum
2831 4553 3060 4621 Manete,
3105 4572 3225 4626 quae
3267 4575 3330 4612 ex

1796 4646 2053 4702 Vaticano
2098 4647 2406 4703 Casincnsis
2449 4644 2647 4699 codicis
2685 4645 2992 4713 apograplio
3029 4646 3188 4715 primi
3220 4633 3334 4701 edi-

1794 4755 1935 4803 mus,
1967 4734 2171 4806 integ'ra
2219 4749 2554 4802 nequaquam
2599 4734 2790 4798 videri,
2847 4733 2942 4788 sed
2990 4736 3232 4804 pluribus
3272 4739 3327 4790 in

1793 4830 1925 4882 locis
1963 4845 1991 4880 a
2038 4835 2207 4903 vetere
2241 4825 2456 4877 librario
2485 4825 2747 4891 mutilata.
2784 4819 3054 4894 Siqttidem
3093 4809 3330 4894 Cyrilius

1794 4916 2304 4985 iiierosolymitanus
2332 4915 2406 4982 (Ι)
2437 4915 2681 4983 quaedam
2736 4915 2980 4970 Manetis-
3017 4923 3329 4982 argumenta

1792 5023 1913 5060 cum
1964 5004 2210 5072 Archelai
2253 4987 2708 5070 reSponsionibus
2736 5005 2940 5065 recitat,
2976 5016 3095 5069 quae
3131 5001 3181 5053 in
3231 5018 3328 5054 no-

1795 5105 1904 5148 stra
1937 5092 2173 5144 editione
2205 5105 2308 5144 non
2341 5093 2710 5163 reperiuntur;
2738 5106 2834 5145 nec
2867 5085 3153 5158 diciposse
3179 5091 3326 5143 vide-
3407 5101 3411 5106 ‘

1796 5192 1900 5242 tur,
1933 5179 2460 5255 Cyrillum'Arcbeiai
2494 5183 2758 5235 dictorum
2786 5192 3024 5240 sensum,
3057 5193 3162 5232 non
3201 5193 3326 5231 vero
3377 5211 3380 5226 .

1792 5260 2017 5341 ipsamet
2048 5270 2293 5323 Archelai
2319 5273 2480 5331 verba
2520 5273 2788 5332 laudasse,
2819 5284 2938 5323 cum
2966 5269 3140 5322 simile
3165 5269 3324 5346 quid‘-_

1791 5362 1933 5427 piam
1967 5360 2019 5411 in
2049 5360 2196 5412 nui-io
2219 5369 2416 5414 nostrae
2434 5360 2680 5414 editionis
2703 5360 2820 5412 loco
2842 5359 3079 5427 legatur;
3103 5373 3166 5412 ac
3190 5371 3348 5425 pm»

1794 5458 1935 5501 terea
1972 5450 2130 5501 verba
2180 5449 2269 5502 illa
2315 5465 2433 5518 qua:
2479 5449 2707 5519 Cyrillus
2749 5447 2927 5511 refert,
2958 5450 3037 5503 ita
3067 5459 3324 5516 concepta

1806 5639 1810 5643 ,
1862 5583 1934 5651 (ά)
1976 5551 2045 5634 De
2069 5599 2176 5637 cor.
2213 5585 2346 5649 mil.,
2374 5598 2489 5649 cap.
2517 5583 2598 5633 il.

1863 5658 1930 5714 (ei
1963 5651 2179 5718 Chrom,
2207 5670 2327 5722 pag.
2357 5651 2474 5702 567.

1864 5722 1927 5790 (ί)
1964 5717 2179 5776 Calecit.
2208 5717 2365 5790 vi,"p.
2402 5736 2470 5772 m.
2508 5717 2624 5772 H7.
