4094 6350
737 439 878 496 "l5

1592 438 1648 494 S.
1690 432 2099 496 AR’CIIELAUS
2138 439 2649 494 MES‘OPOTAMM‘I
2687 440 3084 498 EPISCOPUS.

3781 438 3930 494 1418

737 559 867 623 sint,
900 566 958 610 nt
985 556 1051 610 ab
1081 557 1308 624 ipsemet
1335 554 1594 608 Archelao
1623 555 1830 623 prolata
1864 554 2027 608 fuisse
2059 555 2274 608 videan-
2301 568 2349 619 Α
2379 563 2579 624 posset,
2624 554 2810 622 quanti
2858 551 3112 606 facienda:
3158 552 3262 605 sint
3290 552 3524 620 antiqua
3555 549 3763 602 Latina:
3799 566 3927 602 ver-

738 657 844 700 tur.
878 646 979 698 Sed
1016 655 1068 698 et
1103 646 1420 712 conjectura:
1446 645 1715 698 nonnulla:
1751 659 1815 698 ex
1848 653 2026 698 nostra
2059 660 2274 698 eorum-

735 735 858 790 dem
887 736 1136 787 Actorum
1162 734 1394 786 editione
1416 734 1522 801 peti
1541 742 1785 800 possunt,
1807 734 2002 802 quibus
2029 734 2077 786 id
2102 734 2277 801 ipsum

737 823 963 877 ulterius
1013 823 1384 876 conlirmatur.
1429 822 1562 873 Nam
1604 821 1656 874 in
1705 822 2013 875 eorumdem
2050 837 2166 889 cap.
2212 821 2279 873 l2

739 913 854 967 haec
882 912 1141 964 habentur
1171 929 1182 962 :
1215 911 1465 963 Archelao
1507 919 1678 962 autem
1725 920 1838 962 erat
1882 927 2009 962 cura
2049 927 2140 978 pro
2183 926 2277 978 po-

739 1004 883 1072 pulo,
915 1012 1160 1070 tanquam
1187 1002 1386 1069 pastori
1414 1016 1507 1067 pro
1536 1001 1731 1063 ovibus,
1761 1017 1878 1052 cum
1918 1001 2159 1068 luporum
2186 1017 2281 1068 pa-

739 1100 926 1143 rantur
959 1091 1183 1142 insidite.
1214 1091 1386 1156 Igitur
1416 1087 1690 1143 Marcellus
1725 1087 2011 1140 Turbonem
2055 1089 2280 1139 muneri-

742 1187 832 1235 bus
860 1183 1101 1250 plurimis
1126 1181 1372 1247 implevit,
1401 1191 1449 1232 et
1473 1183 1527 1231 in
1561 1180 1803 1232 Archelai
1825 1180 2034 1230 domum
2063 1179 2281 1231 residere

738 1274 1000 1341 pracepit.
1045 1271 1237 1322 Eadem
1286 1281 1454 1324 autem
1497 1272 1610 1338 ipsa
1638 1271 1720 1322 die
1751 1270 2040 1323 adventavit
2076 1268 2277 1332 Manes,

743 1371 796 1413 et
839 1376 956 1428 quae
1003 1370 1320 1426 sequuntur.
1354 1359 1420 1410 At
1452 1374 1578 1411 vero
1632 1359 1705 1410 nil
1750 1359 1799 1410 in
1848 1359 2280 1412 antecedentibus

745 1460 1013 1514 narratur,
1055 1450 1196 1517 quod
1238 1464 1299 1501 ea
1327 1464 1430 1516 qua
1470 1448 1651 1501 Manes
1700 1449 1910 1501 advenit
1947 1449 2032 1501 die
2079 1447 2278 1502 factum

745 1541 924 1596 fuerit.
956 1541 1296 1595 Praeterea-in
1330 1556 1445 1608 cap.
1469 1539 1537 1593 25
1579 1532 2141 1607 hujnsdisputationis
2177 1540 2278 1590 Ar-

745 1633 962 1685 chelaus
985 1632 1088 1684 ait:
1117 1631 1300 1683 Nonne
1322 1631 1491 1684 David
1513 1647 1575 1683 ea:
1595 1646 1681 1682 ore
1703 1630 1864 1682 leonis
1900 1629 1976 1681 vel
2014 1632 2122 1680 ursi
2147 1633 2278 1680 eruit

743 1720 920 1772 ouem?
960 1719 1070 1770 Hoc
1101 1720 1317 1770 dicimus
1353 1728 1558 1786 propter
1593 1732 1686 1770 ore
1718 1716 1909 1775 leonis,
1938 1715 2069 1781 quod
2097 1716 2192 1777 ait,
2220 1714 2282 1766 de

743 1827 829 1863 ore
868 1809 1050 1872 leonis,
1096 1817 1184 1859 aut
1223 1809 1285 1860 de
1327 1817 1497 1859 ventre
1540 1805 1650 1873 ejus
1689 1815 1853 1873 potest
1881 1805 2114 1866 educere,
2143 1804 2278 1872 quod

2377 645 2575 706 siones,
2619 653 2672 695 ct
2713 652 2972 711 quantum
3023 641 3269 694 utilitatis
3309 656 3371 692 ex
3405 640 3510 692 illis
3540 639 3836 699 redundet,
3873 649 3928 690 ut

2377 735 2627 786 idemmet
2666 734 2740 786 ait
2792 734 2842 785 in
2884 732 3192 800 prmfatione
3243 732 3308 784 ad
3365 730 3588 782 Palladii
3643 730 3924 796 dialogum

2376 825 2440 876 de
2481 826 2586 876 vita
2624 823 2680 877 S.
2715 822 2937 875 Joannis
2987 821 3336 888 Clirysostomi
3371 834 3532 887 prope
3579 819 3742 870 linem
3779 835 3795 868 :
3833 816 3925 869 sed

2377 924 2562 982 postea
2594 914 2730 966 hanc
2761 929 2944 965 curam
2991 913 3057 965 iis
3088 912 3388 974 relinquere
3416 911 3587 963 satius
3620 907 3798 969 duxit,
3835 907 3924 972 qui

2378 1020 2571 1057 novam
2611 1004 2894 1056 editionem
2929 1016 3147 1070 Operum
3196 1000 3250 1052 S.
3287 999 3567 1067 Epiphanii
3609 996 3924 1065 aggressuri

2377 1103 2576 1156 essent,
2607 1105 2696 1146 aut
2727 1093 2818 1161 qui
2853 1092 3090 1145 Socratis
3121 1090 3367 1142 Historia:
3395 1105 3514 1142 cum
3545 1089 3691 1140 nonis
3722 1086 3924 1139 doctis-

2378 1183 2500 1236 simi
2535 1180 2733 1235 Valesii
2767 1197 2957 1236 rursus
2987 1181 3202 1235 edenda:
3231 1195 3443 1248 operam
3469 1179 3832 1245 susciperent.
3862 1175 3924 1227 Et

2378 1274 2637 1326 hactenus
2666 1272 2880 1340 quidem
2911 1271 2982 1323 nil
3017 1270 3158 1322 aliud
3190 1285 3251 1322 ex
3287 1269 3528 1321 Archelai
3554 1265 3922 1334 disputatione

2379 1363 2644 1430 publicam
2677 1363 2844 1413 lucem
2877 1361 3100 1427 aspexit.
3145 1360 3276 1411 Cum
3312 1368 3484 1411 autem
3521 1361 3658 1410 sacri
3699 1359 3804 1410 loci
3841 1372 3924 1408 re-

2378 1455 2611 1506 verentia
2641 1454 2852 1517 ductus,
2880 1441 3136 1506 Casinum
3169 1452 3454 1512 venissem,
3486 1461 3539 1503 et
3565 1451 3632 1502 ab
3660 1448 3924 1516 antiquis-

2379 1546 2530 1599 simis
2584 1546 2912 1612 temporibus
2945 1545 3209 1597 conditam
3249 1543 3318 1595 ibi
3352 1559 3379 1595 a
3410 1542 3738 1595 doctissimis
3767 1555 3922 1607 aeque

2379 1651 2442 1688 ac
2472 1636 2824 1689 sanctissimis
2870 1634 3261 1688 coanobiarchis
3307 1633 3680 1686 bibliothecam
3735 1633 3920 1699 perlu-

2380 1735 2657 1789 strassem,
2686 1725 2823 1778 inter
2847 1725 2949 1776 alia
2979 1740 3086 1776 non
3119 1737 3288 1791 pauca
3316 1723 3512 1775 inedita
3539 1722 3716 1774 adhuc
3741 1731 3919 1772 vetera

2381 1823 2747 1878 monumenta,
2773 1812 3018 1865 Archelai
3046 1813 3305 1880 integram
3335 1825 3458 1863 cum
3492 1809 3703 1862 Manete
3732 1809 3921 1876 dispu-

738 1899 848 1967 iam
886 1898 973 1950 ille
1014 1898 1294 1948 devoravit.
1338 1897 1406 1949 Αι
1440 1911 1566 1949 vero
1610 1895 1663 1948 ἱη
1701 1893 2134 1947 antecedentibus
2176 1905 2280 1944 llOll
2312 1889 2353 1943 Β
2382 1905 2632 1957 unionem
2662 1903 2714 1954 in
2745 1911 3121 1955 sexceulorum
3165 1907 3219 1953 et
3260 1898 3489 1966 amplius
3532 1911 3799 1948 annorum
3830 1911 3921 1948 eo.

741 1988 969 2056 legimus
1001 1987 1114 2040 haec
1142 2001 1376 2054 unquam
1413 2001 1442 2037 a
1476 1984 1681 2038 Maneto
1724 1984 1866 2037 dicta
1913 1983 2097 2037 fuisse.
2138 1983 2277 2048 Quin

741 2088 795 2132 et
825 2081 878 2130 in
921 2093 1038 2146 cap.
1070 2077 1136 2129 58
1180 2076 1341 2129 verba
1382 2075 1508 2128 illa:
1544 2074 1672 2138 Quae
1700 2075 1904 2142 quidem
1941 2090 2031 2142 ego
2075 2091 2174 2126 non
2216 2091 2279 2126 ea:

742 2169 866 2220 meis
910 2167 1072 2220 verbis
1114 2167 1347 2230 adstruo,
1399 2174 1453 2218 et
1509 2180 1628 2234 qua:
1678 2175 1977 2232 sequuntur
2015 2179 2181 2230 usque
2213 2163 2277 2215 ad

742 2260 900 2312 linem
921 2257 1131 2324 capitis,
1164 2256 1363 2308 nullam
1391 2269 1512 2308 cum
1540 2254 1960 2321 praecedentibus
1989 2253 2280 2305 connexio-

744 2361 867 2400 nem
904 2347 1100 2398 habere
1135 2346 1399 2414 videntur.
1445 2344 1683 2411 Denique
1716 2344 1767 2395 in
1805 2345 1992 2394 horum
2023 2341 2278 2395 Actorum

742 2438 918 2506 capite
956 2437 1167 2499 ultimo,
1208 2445 1330 2504 post
1367 2444 1634 2488 narratam
1668 2434 1890 2487 Mam-tis
1924 2447 2127 2495 necem,
2168 2433 2280 2486 haec

741 2527 966 2595 legimus
1002 2545 1014 2580 ε
1049 2527 1245 2590 Quibus
1275 2537 1450 2595 postea
1478 2523 1666 2596 agnitis
1695 2525 1978 2577 Archelaus
2002 2523 2190 2590 adjecit
2219 2539 2280 2575 ea

740 2619 905 2686 priori
935 2618 1295 2684 disputationi,
1324 2627 1378 2668 ut
1403 2617 1634 2669 omnibus
1657 2618 2012 2677 innotesceret,
2036 2616 2168 2666 sicut
2188 2630 2279 2683 ego

741 2709 828 2776 qui
857 2708 1117 2773 inscripsi,
1153 2708 1206 2758 in
1237 2706 1495 2770 prioribus
1547 2707 1777 2770 exposui.
1822 2702 2075 2755 Videntur
2101 2710 2278 2755 autem

743 2796 856 2848 hinc
890 2795 1050 2847 verba
1081 2809 1198 2847 esse
1231 2792 1538 2860 llegemonii
1570 2794 1731 2854 illius,
1772 2793 1886 2860 qui,
1932 2800 1991 2843 ut
2034 2793 2278 2858 superius

741 2885 996 2947 diximus,
1048 2891 1234 2937 eadem
1286 2885 1414 2936 Acta
1459 2885 1784 2951 compilavit,
1831 2893 1884 2936 et
1932 2884 1984 2936 in
2033 2882 2276 2936 Grzecum

744 2989 1042 3027 sermonem
1093 2974 1382 3027 transtulit.
1437 2971 1623 3048 Sed‘in
1655 2984 1834 3026 nostra
1883 2975 2131 3038 editione,
2170 2989 2278 3041 quo

745 3064 865 3116 loco
905 3079 967 3116 ea
1007 3065 1072 3116 de
1104 3079 1161 3116 re
1196 3079 1373 3118 sermo
1404 3063 1682 3124 habeatur,
1726 3078 1832 3115 non
1872 3062 2118 3125 invenio;
2152 3063 2276 3130 quia

744 3146 972 3205 fortasse
1001 3153 1053 3204 in
1081 3150 1565 3208 Casinensi'codice
1598 3152 1840 3222 praefatio
1865 3152 2059 3214 delicit,
2090 3153 2142 3205 in
2172 3167 2276 3220 qua

744 3242 1101 3312 llegenlonius
1134 3245 1523 3311 compilationis
1559 3261 1667 3298 suae
1702 3245 1960 3297 rationem
1990 3243 2275 3296 reddebat:

698 3325 709 3336 ’
745 3338 848 3389 nisi
895 3337 1014 3404 quis
1055 3337 1209 3388 verba
1245 3336 1330 3386 illa
1369 3353 1381 3387 :
1417 3335 1482 3385 In
1528 3337 1783 3402 prioribus
1835 3335 2065 3401 exposui,
2101 3333 2166 3386 de
2196 3333 2278 3386 bis

744 3426 1050 3493 accipienda
1100 3439 1220 3477 esse
1271 3433 1502 3486 censeat,
1545 3441 1663 3491 qua:
1696 3427 1940 3494 proxime
1968 3427 2031 3478 de
2056 3424 2279 3478 Manetis

743 3525 915 3568 morte
948 3515 1199 3566 narravit.
1230 3511 1356 3566 Jurc
1379 3514 1552 3580 itaque
1577 3516 1766 3568 merito
1795 3517 2051 3584 suspicari
2084 3525 2276 3585 potest,

741 3618 866 3657 eum
895 3605 982 3670 qui
1025 3602 1372 3656 Casinensem
1417 3604 1654 3657 codiCem
1705 3614 1827 3658 ante
1872 3607 2190 3680 quingentos
2225 3617 2278 3659 et

743 3696 972 3761 amplius
1006 3709 1173 3748 annos
1213 3695 1474 3758 exaravit,
1522 3710 1726 3761 magna:
1757 3694 2010 3747 Actorum
2039 3698 2277 3764 disputa-

745 3786 910 3837 tionis
945 3785 1106 3853 hujus
1140 3787 1442 3853 prolixitate
1479 3794 1782 3854 pertaesum,
1813 3787 1980 3836 multa
2008 3787 2274 3846 omisisse,

747 3876 1019 3942 multaque
1049 3876 1337 3938 breviasse,
1371 3891 1599 3942 quorum
1629 3885 1803 3928 tamen
1837 3875 2103 3944 epitomen
2138 3876 2277 3942 apud

749 3961 1102 4028 Epiphaniam
1139 3962 1324 4014 haberi
1356 3963 1604 4026 arbitror,
1636 3979 1796 4031 quem
1826 3979 1889 4016 ex
1923 3965 2140 4030 integris
2175 3963 2277 4016 Ar-

747 4049 916 4112 chelai
950 4049 1326 4116 disputationis
1356 4049 1502 4102 Actis
1532 4066 1682 4103 suam
1719 4051 2130 4104 Manichaeorum
2167 4051 2274 4102 lue-

746 4156 924 4194 reseos
961 4140 1380 4195 confutationem
1416 4143 1751 4208 potissimum
1782 4145 2048 4206 hausisse,
2083 4145 2275 4198 editio-

744 4248 863 4284 nem
912 4241 1149 4286 nostram
1199 4248 1320 4286 cum
1371 4231 1488 4300 ejus
1529 4232 1740 4299 scriptis
1791 4234 2084 4288 conferenti
2131 4235 2276 4288 clare

745 4321 963 4388 patebit.

814 4409 928 4459 XII.
969 4408 1120 4471 Quod
1165 4410 1229 4462 ad
1277 4425 1458 4463 eorum
1498 4410 1785 4464 editionem
1831 4411 2040 4474 attinet,
2079 4411 2273 4466 vetusti

2379 1995 2497 2048 dice
2520 1993 2714 2062 reperi,
2767 2007 2928 2060 quam
2973 1991 3116 2044 bona
3165 1988 3598 2043 reverendissimi
3644 1989 3916 2055 quondam

2378 2085 2605 2145 abbatis,
2652 2098 2794 2135 nunc
2834 2095 2961 2134 vero
3004 2078 3386 2146 archiepisc0pi
3427 2077 3786 2131 Rossanensis
3813 2080 3916 2129 An-

2378 2173 2516 2224 (ΙΙ-επ
2559 2168 2922 2222 Deodati'viri
2967 2168 3336 2221 humanissimi
3388 2176 3548 2232 atque
3601 2168 3915 2221 amicissimi

2378 2260 2554 2323 venia,
2585 2275 2704 2311 cum
2740 2259 3010 2313 nonnullis
3036 2260 3153 2312 aliis
3185 2269 3420 2312 veterum
3443 2260 3659 2328 ‘scriptis
3685 2260 3738 2312 in
3767 2257 3914 2311 Vati-

2380 2363 2525 2401 cana:
2570 2347 2904 2400 bibliothecae
2955 2356 3327 2401 ornamentum
3380 2349 3665 2401 transcribi
3713 2349 3915 2410 curavi,

2380 2453 2596 2507 operam
2641 2437 2985 2507 favoremque
3023 2453 3180 2492 suum
3219 2439 3607 2493 humanissime
3635 2447 3917 2508 prastante

2378 2530 2574 2584 domno
2603 2529 2902 2599 Augustino
2927 2529 3195 2584 Collicello
3223 2545 3253 2583 a
3279 2527 3520 2597 Neapoli,
3552 2539 3681 2582 tunc
3716 2539 3918 2596 tempo-

2379 2621 2454 2673 ris
2488 2620 2820 2674 bibliotbecae
2861 2620 3003 2673 illius
3031 2618 3299 2688 praefecto.
3336 2617 3450 2672 Non
3481 2634 3707 2686 possum
3740 2628 3914 2671 tamen

2380 2709 2468 2762 hic
2506 2709 2719 2762 silentio
2752 2708 3021 2776 prmterire
3062 2716 3316 2776 quantum
3363 2706 3762 2775 diligentissimi
3791 2707 3917 2759 alte-

2380 2801 2492 2853 rius
2517 2799 2908 2852 bibliotbecarii
2944 2799 3150 2853 Erasmi
3178 2797 3402 2851 Gattolze
3429 2815 3457 2849 a
3488 2797 3675 2863 Cajeta
3726 2797 3916 2849 huma-

2377 2891 2529 2944 nitati
2555 2891 2795 2951 debeam,
2821 2891 2912 2957 qui
2933 2903 3206 2956 nunquam
3239 2888 3373 2941 meis
3403 2889 3543 2941 votis
3575 2887 3768 2950 deluit,
3800 2888 3915 2955 plu-

2377 2981 2653 3048 rimosque
2684 2980 2736 3031 in
2767 2991 3007 3031 meorum
3047 2977 3344 3029 studiorum
3379 2973 3674 3042 profectum
3709 2975 3915 3030 labores

2377 3071 2519 3123 ultro
2556 3066 3103 3134 subivit.'praesertim
3138 3064 3190 3117 in
3232 3065 3575 3118 cmaculanda
3602 3064 3704 3119 hac
3730 3066 3916 3134 dispu-

2380 3160 2578 3212 tatione
2629 3155 2917 3218 Archelai,
2971 3154 3124 3222 cujus
3170 3155 3461 3223 apographi
3517 3155 3752 3223 plurima
3803 3157 3915 3210 loca

2380 3250 2588 3303 mendis
2635 3245 2959 3306 incubantia,
2994 3260 3116 3298 cum
3143 3245 3433 3314 archetypo
3457 3246 3642 3300 codice
3667 3249 3913 3301 contulit.

2381 3339 2482 3392 Sed
2513 3347 2571 3392 ut
2601 3337 2666 3390 ad
2690 3337 3008 3390 Archelaum
3041 3337 3272 3400 redeam,
3307 3347 3517 3404 reperto
3547 3338 3646 3390 hoc
3673 3339 3899 3392 vetustis

2378 3428 2792 3482 simo~advcrsus
2819 3426 3138 3480 Manichaeos
3162 3440 3341 3494 opere,
3374 3426 3439 3478 ad
3466 3425 3682 3480 nefaria
3710 3442 3918 3481 eorum-

2376 3522 2494 3574 dem
2539 3520 2800 3574 haereseos
2853 3518 3129 3571 historiam
3179 3518 3622 3571 conscribendam
3674 3520 3913 3571 animum

2379 3609 2612 3671 admovi,
2646 3608 2799 3675 eique
2830 3622 2936 3659 non
2967 3606 3126 3660 modo
3155 3608 3417 3676 integram
3453 3608 3699 3662 Archelai
3731 3609 3918 3678 dispu-

2375 3698 2654 3760 tationem,
2685 3697 2774 3749 sed
2800 3703 2851 3748 et
2875 3694 3044 3748 Photii
3074 3681 3385 3764 patriarcha:
3414 3694 3520 3750 (ΣΡ.
3548 3697 3718 3750 libros
3749 3713 3798 3749 tv
3822 3700 3918 3750 ad-

2375 3802 2562 3840 versus
2611 3785 2926 3838 Manicharos
2972 3798 3072 3837 suo
3127 3793 3366 3852 tempore
3419 3785 3612 3838 iterum
3669 3797 3914 3852 exortes,

2376 3877 2587 3943 aliaque
2607 3875 2770 3926 multa
2799 3875 2973 3928 adhuc
3003 3874 3201 3928 inedita
3231 3877 3515 3943 magnique
3543 3876 3790 3929 facienda
3820 3893 3913 3931 ve-

2376 3977 2548 4020 terum
2581 3975 2857 4018 auctorum
2887 3964 3082 4032 scripta
3111 3964 3419 4032 appendicis
3442 3965 3560 4017 loco
3589 3966 3914 4036 subjungere

2375 4059 2713 4112 decreveram
2760 4073 2773 4109 :
2820 4055 2912 4110 sed
2945 4057 3376 4110 doctissimorum
3412 4056 3654 4108 virorum
3689 4058 3914 4112 consilio

2374 4148 2572 4201 factum
2614 4157 2717 4210 est,
2758 4155 2817 4200 ut
2860 4147 2911 4199 in
2961 4155 3296 4200 antecessum
3329 4145 3459 4199 Acta
3503 4145 3603 4196 ista
3647 4144 3700 4196 in
3741 4149 3913 4212 primo

2374 4239 2704 4294 collectionis
2755 4247 2950 4291 nostra:
2995 4247 3140 4291 torno
3165 4239 3468 4291 ederentur.
3503 4237 3679 4293 Habes
3709 4240 3908 4309 itaque,

2372 4329 2579 4382 erudite
2613 4330 2802 4391 lector,
2841 4330 3096 4397 integram
3136 4327 3380 4395 Aschelai
3419 4344 3540 4382 cum
3572 4327 3783 4383 Manete
3804 4332 3912 4384 dis-

2373 4421 2696 4486 putationem
2744 4421 2880 4472 bona
2928 4421 3028 4474 Iide
3059 4434 3124 4474 ex
3150 4422 3455 4488 apographo
3484 4418 3800 4475 Casinensis
3820 4437 3910 4476 co-

743 4499 879 4551 adeo
915 4500 1244 4552 monumenti
1283 4513 1483 4566 partem
1521 4507 1716 4571 reperit
1751 4501 1802 4553 in
1835 4503 2148 4569 perantiquo
2177 4520 2269 4555 co-
2302 4521 2344 4573 ι)
2371 4506 2506 4562 dicis
2528 4511 2669 4576 quod
2695 4509 2746 4561 in
2775 4508 3027 4564 Vaticana
3049 4509 3367 4562 bibliotheca
3393 4517 3657 4572 servatur,
3686 4511 3906 4574 editam,

743 4588 861 4640 dice
889 4586 1155 4650 Bobiensi,
1199 4590 1288 4656 qui
1321 4605 1460 4640 nunc
1489 4591 1539 4640 in
1574 4590 1927 4642 Ambrosiam!
1953 4590 2272 4643 bibliotheca

743 4687 1005 4740 servatur,
1038 4675 1310 4730 Emericus
1341 4678 1577 4746 Bigotius
1602 4680 2039 4747 diligentissimus
2070 4677 2274 4731 Italica-

742 4783 861 4820 rum
895 4768 1333 4821 bibliothecarum
1370 4779 1753 4835 perscrutator,
1784 4785 2009 4838 eamque
2037 4771 2276 4823 clariSsi-

725 4871 832 4911 'nto
881 4855 1090 4908 Valesio
1132 4859 1567 4922 communicavit,
1623 4859 1715 4927 qui
1759 4861 1812 4912 in
1861 4861 2006 4915 calce
2053 4876 2272 4914 suarum

738 4956 988 5001 notarum
1020 4944 1084 4996 ad
1109 4943 1377 4997 Socratem
1400 4958 1451 4998 et
1479 4946 1835 5002 Sozomenum
1865 4950 2158 5018 fragmenta
2185 4950 2269 5000 illa

736 5038 921 5090 edidit.
963 5035 1252 5086 Contincnt
1299 5045 1472 5088 autem
1528 5049 1637 5090 tuin
1687 5049 1875 5092 cuncta
1912 5041 1999 5092 illa
2049 5056 2166 5107 qua:
2208 5056 2272 5093 ex

738 5127 922 5177 eadem
971 5123 1327 5192 disputatione
1376 5126 1488 5178 suis
1533 5131 1759 5181 inseruit
1793 5131 2008 5198 scriptis
2040 5130 2271 5198 Epipha-

741 5213 882 5275 nius,
937 5222 1047 5265 tum
1101 5213 1202 5266 alia
1254 5215 1502 5266 nonnulla
1559 5215 1624 5266 ab
1669 5219 1852 5269 eodem
1899 5218 2119 5283 omissa,
2155 5237 2272 5286 qua:

743 5311 916 5354 tamen
968 5318 1034 5356 ne
1085 5303 1344 5357 decimam
1397 5305 1611 5372 quidem
1660 5307 1820 5357 totius
1853 5309 2032 5374 operis
2067 5319 2270 5376 partem

740 5393 1024 5460 complent.
1057 5393 1122 5445 Et
1144 5396 1275 5447 tanti
1305 5395 1515 5462 quidem
1549 5397 1687 5462 apud
1721 5395 1982 5462 Bigotium
2014 5397 2114 5450 fuit
2150 5414 2270 5464 pars

741 5478 826 5531 illa
852 5482 1228 5548 disputationis
1257 5485 1522 5550 Archelai,
1556 5497 1612 5538 ut
1635 5499 1751 5537 eam
1785 5501 1904 5537 cum
1940 5487 2170 5538 Palladio
2197 5504 2272 5540 rc-

738 5569 927 5623 cudere
952 5575 1278 5640 cogitaverit,
1315 5577 1554 5641 apposito
1586 5575 1770 5628 Graeco
1798 5573 2078 5641 Epipballii
2103 5566 2264 5638 ῑὺλιιιν

738 5673 796 5711 ut
845 5677 903 5711 ex
958 5666 1230 5732 utriusque
1278 5668 1711 5732 comparatione,
1770 5667 1995 5733 genuina
2049 5666 2262 5718 illorum

740 5745 1153 5814 imgincnlorum
1205 5755 1425 5808 lectione
1481 5756 1743 5821 restituta,
1800 5757 1975 5822 quivis
2021 5758 2265 5824 colligere

2375 4598 2728 4666 brevibusque
2752 4601 2894 4653 notis
2918 4600 3118 4653 criticis
3145 4600 3484 4661 illustratum,
3514 4607 3672 4666 atque
3697 4603 3788 4652 ubi
3817 4617 3910 4667 per

2374 4687 2644 4755 ingenium
2676 4699 2789 4742 tuto
2818 4691 2992 4753 licuit,
3025 4691 3392 4751 emendatam;
3429 4698 3556 4742 sunt
3582 4691 3728 4742 enim
3764 4693 3814 4744 in
3844 4711 3906 4745 eo

2373 4777 2554 4829 codice
2581 4777 2783 4831 librarii
2805 4781 3099 4847 sphalmata
3125 4781 3371 4848 plurima,
3402 4793 3520 4846 quae
3545 4779 3662 4833 sine
3685 4781 3907 4835 alterius

2374 4865 2573 4918 codicis
2607 4881 2705 4933 0pc
2743 4871 3026 4923 emendare
3065 4870 3425 4938 periculosum
3467 4879 3719 4926 conatum
3765 4890 3903 4936 esse,

2373 4956 2536 5023 probe
2569 4957 2744 5009 sciunt
2773 4961 2864 5025 qui
2897 4962 2948 5013 in
2990 4961 3212 5014 vetustis
3245 4960 3458 5026 scriptis
3494 4962 3717 5022 edendis
3747 4979 3904 5018 occu-

2371 5056 2583 5113 pantur.
2621 5045 2722 5098 Sed
2768 5047 2994 5103 fortasse
3037 5051 3140 5103 hoc
3171 5065 3326 5116 opus,
3371 5048 3478 5102 Deo
3511 5051 3692 5116 dante,
3724 5069 3906 5106 corre-

2370 5138 2506 5188 ctius
2541 5137 2793 5189 reducere
2827 5140 2906 5194 fas
2948 5141 3049 5194 erit
3088 5155 3208 5194 cum
3246 5141 3366 5192 aliis
3399 5153 3633 5196 veterum
3677 5146 3902 5212 scripto-

2369 5241 2486 5277 rum
2510 5226 2763 5279 adversus
2789 5227 3102 5283 Manichaaos
3131 5229 3586 5285 lucubrationibus
3613 5234 3677 5286 ad
3700 5237 3898 5287 calcem

2371 5326 2565 5369 nostra:
2615 5315 3015 5371 Manichaeorum
3067 5319 3324 5382 historice,
3382 5322 3427 5374 si
3481 5323 3694 5392 aliquod
3759 5325 3897 5376 aliud

2368 5405 2637 5472 exemplar
2677 5407 2811 5458 inter
2843 5408 3176 5461 lustrandum
3212 5409 3652 5465 bibliothecarum
3683 5424 3893 5466 nostra-

2362 5494 2484 5544 'rnm
2517 5495 2717 5547 loculos
2741 5508 3004 5558 occurrat,
3029 5506 3121 5549 aut
3144 5498 3194 5549 in
3227 5499 3346 5553 aliis
3377 5499 3599 5570 Europa:
3624 5503 3897 5555 bibliothe-

2368 5584 2443 5635 cis
2477 5595 2740 5651 repertum
2772 5589 2898 5639 mihi
2927 5589 3340 5649 communicare.
3366 5593 3603 5646 eruditos
3629 5595 3694 5645 vii
3709 5609 3768 5646 os
3790 5607 3892 5644 non

2365 5674 2558 5740 pigeat.

2433 5761 2564 5814 XIII.
2608 5764 2865 5821 Caeterum
2912 5782 3162 5854 magnum
3206 5784 3267 5826 ex
3309 5771 3554 5825 Archelai
3580 5771 3745 5826 nostri
3778 5784 3889 5821 ver-
