4094 6350
704 418 843 478 Mt?

1534 415 1594 471 S.
1629 411 2035 468 ARCHELAUS
2073 406 2598 465 MESOPOTAMIAE
2633 408 3023 467 EPISCOPUS.
3090 422 3093 423 '

3757 405 3899 457 ΝΞΟ

703 550 812 602 quo
849 530 1024 600 prodit
1047 529 1383 598 Alphabetum
1418 525 1742 588 Tibctanum,
1788 527 1867 577 vir
1901 526 2033 577 alter
2068 523 2244 575 erudi—
2274 526 2315 578 Α
2349 536 2486 573 mus.
2521 518 2625 573 Nec
2657 522 2849 573 morari
2884 536 2981 574 nos
3017 520 3168 573 debet
3208 517 3542 602 parenthesis
3565 517 3850 585 longitudo
3887 536 3904 570 :

704 624 948 677 tissimus
995 619 1299 671 eorumdem
1354 615 1608 678 Actorum
1659 614 2013 682 integritatem
2060 622 2243 671 contra

704 710 980 781 prtel'atum
1025 706 1404 761 Beausob:ium
1453 714 1669 757 strenue
1704 718 2069 771 propugnasse
2100 718 2245 755 com-

706 798 908 867 peritur
931 798 1027 861 (α).
1078 854 1081 856 ἓ

774 885 900 949 XV.
930 885 1059 937 Illud
1107 893 1360 952 praeterea
1403 897 1522 933 eum
1564 880 1679 933 viro
1715 880 1874 932 docto
1906 880 2245 931 animadver-

709 987 821 1031 tere
854 978 1092 1036 interest,
1127 973 1153 1043 §
1183 975 1214 1025 3
1249 974 1391 1025 illius
1437 970 1714 1037 fragmenti
1758 970 2009 1021 Actorum
2065 969 2249 1035 dispu-

712 1068 929 1121 talionis
967 1064 1230 1120 Archelai.
1278 1062 1511 1129 quodex
1556 1059 1737 1128 Cyrilli
1781 1056 2248 1127 llierosolyrnitani

708 1154 971 1207 catecliesi
1017 1169 1068 1204 vi
1119 1152 1456 1217 desuinptnm
1514 1148 1700 1200 iisdem
1756 1147 1897 1200 Actis
1946 1147 2248 1211 suLjicitur,

710 1242 1190 1311 liierosolyinitano
1220 1242 1397 1307 potius
1431 1239 1679 1306 episeopo
1709 1252 1869 1304 quam
1895 1235 2249 1289 Caseharensi

708 1350 826 1395 esse
860 1334 1084 1386 fortasse
1119 1332 1476 1403 tribuendum.
1506 1330 1594 1381 Sic
1619 1329 1760 1381 enim
1788 1330 1872 1380 ille
1899 1327 1967 1393 ib)
2001 1346 2013 1380 :
2046 1346 2062 1375 ι
2101 1325 2253 1378 Tam-

626 1474 627 1477 η
710 1425 809 1476 etsi
857 1425 989 1486 haec,
1034 1423 1224 1490 inquit,
1268 1424 1335 1476 ab
1368 1422 1534 1485 initio
1578 1418 1891 1488 paragraphi
1927 1418 1958 1469 5
1986 1432 2153 1484 usque
2187 1418 2251 1469 ad

712 1515 890 1575 linem,
917 1513 1157 1565 Archelai
1184 1513 1358 1565 verbis
1383 1511 1611 1579 Cyrillus
1633 1509 1808 1560 dicere
1831 1508 2101 1570 videatur;
2129 1522 2251 1558 cum

712 1605 781 1655 ibi
836 1603 1083 1669 subjiciat
1126 1620 1137 1647 :
1185 1601 1497 1667 llujusmodi
1544 1599 1761 1666 aliisque
1812 1585 2045 1663 pluribus
2097 1598 2252 1649 dictis

710 1694 1029 1747 (vertebatur
1060 1692 1255 1742 draco:
1291 1690 1481 1743 talibus
1526 1689 1805 1743 Archelaus
1840 1688 2043 1741 Manent
2074 1688 2254 1753 con/li-

710 1763 1023 1834 ctatiombus
1062 1779 1448 1846 prostat-nebat;
1489 1779 1627 1831 umle
1666 1777 1962 1844 Zacaguius
2001 1776 2112 1829 hare
2139 1791 2255 1829 om-

710 1873 800 1926 nia
830 1872 896 1925 ad
931 1872 1129 1942 calcem
1159 1870 1537 1938 disputationis
1568 1869 1810 1922 Archelai
1850 1879 2102 1937 tanquam
2132 1874 2254 1937 par-
2288 1837 2328 1895 Β

692 1969 819 2015 tem
847 1962 964 2033 ejus
988 1976 1165 2013 veram
1195 1961 1436 2027 appinxit
1469 1977 1480 2011 :
1517 1959 1866 2012 nihilominus
1906 1960 1960 2011 in
2006 1959 2105 2010 hoc
2140 1958 2256 2010 loco

712 2052 954 2105 Archelai
987 2033 1145 2104 verba
1178 2050 1446 2112 desinere,
1480 2056 1528 2101 et
1561 2057 1770 2107 cratera,
1824 2048 1889 2099 ab
1922 2047 2004 2099 his
2037 2046 2212 2099 verbis
2240 2064 2252 2097 :

714 2140 773 2204 Si
801 2153 995 2204 autem,
1019 2150 1145 2202 etc.,
1175 2154 1341 2207 usque
1375 2139 1440 2191 ad
1474 2139 1653 2199 tinem,
1689 2153 1717 2189 a
1748 2136 1946 2203 Cyrillo
1974 2142 2257 2203 parenthe-

714 2234 789 2289 sis
836 2233 974 2291 vice,
1030 2231 1275 2283 Archelai
1333 2229 1632 2281 rationibus
1687 2228 1893 2295 adjecta
1952 2240 2254 2279 censemus.

716 2322 916 2377 Saltem
958 2322 1189 2374 dubitari
1232 2335 1335 2373 non
1380 2326 1555 2387 potest
1603 2319 1730 2385 quin
1790 2318 1946 2370 verba
1986 2317 2154 2369 ταῦτα
2196 2316 2260 2369 τὰ

712 2413 983 2495 μυστήρια
1014 2411 1238 2463 inferius
1268 2409 1656 2478 pos-ita,,Cyrilli
1690 2408 1818 2471 sint,
1856 2423 1959 2460 non
1990 2407 2256 2471 Archelai,

714 2500 1273 2555 dnabusrationibus
1321 2517 1438 2567 qua:
1488 2515 1645 2552 onme
1694 2507 1952 2567 punctum
2008 2497 2255 2550 aﬂ‘eruut.

718 2593 777 2645 1ο
811 2591 951 2645 enim
985 2592 1079 2652 ait,
1110 2592 1363 2660 mysteria
1392 2606 1510 2659 qua:
1538 2605 1680 2643 nunc
1702 2588 1941 2642 audienti
1965 2603 1993 2640 a
2016 2590 2262 2643 catechu-

714 2696 996 2735 menornm
1037 2691 1181 2733 sorte
1225 2696 1441 2748 egresso
1490 2680 1723 2749 exponit,
1755 2680 1957 2732 licitum
1993 2693 2097 2731 non
2144 2692 2261 2731 esse

701 2770 1007 2840 gentilibus
1042 2769 1283 2837 aperire;
1318 2778 1478 2837 atque
1512 2771 1567 2822 in
1604 2770 1687 2822 his
1720 2768 1991 2838 mysteriis
2020 2767 2263 2820 nominat

717 2860 1067 2915 sanctissima:
1097 2858 1374 2912 Trinitatis
1401 2860 1721 2913 doctrinam.
1755 2859 1913 2927 Atqui
1946 2867 2003 2911 ut
2034 2860 2145 2913 lucc
2170 2873 2264 2925 ap-

720 2950 891 3018 prime
916 2950 1243 3005 conveniunt
1269 2950 1453 3018 Cyl-illi
1481 2948 1835 3012 auditoribus,
1866 2963 1895 3001 e
1924 2948 2263 3002 catechume-

720 3056 909 3093 norum
938 3050 1077 3093 statu
1109 3041 1159 3092 in
1190 3040 1422 3093 ﬁdelium
1464 3054 1655 3093 nomen
1673 3055 1748 3107 ac
1775 3040 1997 3108 gradum
2029 3038 2261 3092 transla-

721 3130 819 3194 tis,
855 3131 1060 3182 ratech.
1105 3145 1157 3190 v,
1208 3128 1319 3199 §l,
1369 3130 1565 3198 quibus
1617 3130 1926 3199 mysterium
1983 3128 2262 3184 Trinitatis

722 3221 930 3273 eatech.
981 3234 1031 3271 iv
1077 3220 1385 3287 planissime
1437 3234 1753 3291 aperuerat;
1806 3224 1877 3275 ita
1919 3238 2023 3275 non
2066 3236 2263 3276 eome-

724 3312 878 3361 ninnt
910 3308 1124 3371 Maneti,
1160 3310 1479 3378 qui,t;yiillo
1518 3321 1649 3369 teste
1679 3314 1880 3366 catech.
1911 3328 1983 3373 vi,
2019 3311 2045 3381 §
2080 3310 2264 3373 21,ηο-

722 3388 826 3467 que
847 3398 1185 3452 Christianus
1209 3413 1466 3464 unquam,
1490 3416 1660 3468 neque
1681 3404 1749 3456 ab
1774 3403 2003 3456 Ecclesia
2034 3402 2265 3469 rejectus

726 3491 915 3552 luerat,
953 3490 1149 3542 nedum
1184 3491 1602 3543 catechumenos
1633 3500 1723 3543 aut
1751 3494 2263 3545 catechumenorum

725 3578 946 3643 gradum
998 3593 1395 3645 supergressus,
1447 3588 1609 3646 atque
1638 3579 1708 3631 ita
1737 3578 1984 3634 Ecclesia:
2013 3583 2154 3635 lilius
2190 3580 2267 3632 fa-

725 3678 846 3721 ctus
874 3676 1034 3731 esset,
1066 3667 1403 3732 Procatech.,
1439 3668 1466 3738 §
1503 3669 1581 3721 l3.
1613 3666 1743 3721 Nam
1773 3651 2186 3725 catechumenos
2211 3686 2268 3723 re

729 3774 852 3811 vera
879 3760 946 3811 ab
971 3758 1206 3813 Ecclesia
1238 3760 1384 3826 rejici
1406 3761 1609 3833 probat
1638 3759 1874 3823 Lucifer,
1906 3763 1996 3831 qui
2042 3764 2093 3815 in
2132 3764 2268 3815 libro

732 3850 806 3902 De
838 3866 937 3901 nou
959 3850 1321 3911 convenientia,
1348 3861 1472 3915 etc.,
1491 3852 1868 3906 Constantium
1896 3853 2267 3920 imperatorem

731 3950 885 3995 vocat
925 3943 1178 3993 Immineat
1209 3944 1439 3995 excisum
1472 3962 1499 3997 ε
1536 3962 1745 4014 corpore
1772 3959 1966 4001 sanrtw
2004 3949 2267 4004 Ecclesiae.

808 4049 825 4082 ι
852 4031 939 4084 Ait
963 4030 1038 4090 2°.
1068 4046 1188 4099 quae
1206 4047 1349 4086 nunc
1378 4020 1627 4102 mysteria
1657 4039 1772 4090 sine
1798 4038 2089 4093 involucris
2116 4056 2272 4109 expo-

729 4121 827 4185 nit,
860 4120 1008 4175 nel'as
1036 4135 1156 4174 esse
1182 4135 1364 4175 coram
1406 4124 1695 4187 gentilibns‘
1734 4129 1999 4197 proloqui.
2029 4130 2187 4198 Atqui
2218 4132 2271 4184 in

731 4210 1005 4278 gentilium
1060 4209 1328 4262 auditorio
1382 4209 1696 4277 loquebatur
1750 4214 2272 4277 Archelaus,iutex

732 4300 805 4368 §l
844 4300 1123 4369 tragmenti
1170 4299 1445 4368 Cyrilliani
1491 4300 1777 4368 colligitur.
1821 4304 1896 4356 Illi
1931 4306 2091 4373 igitur
2125 4307 2274 4359 allio-

731 4398 886 4455 ge'.ur
908 4390 1279 4442 eontradieens
1301 4391 1491 4450 oratio,
1517 4405 1621 4458 qua
1650 4402 1799 4459 neget
1828 4408 1884 4445 se
1905 4410 2084 4448 coram
2108 4397 2277 4448 ethni-

2347 624 2467 659 nam
2518 610 2878 677 digressiones
2916 620 2968 663 et
3015 611 3369 677 parentheses
3400 599 3672 676 longiores
3702 606 3907 675 Cyrillo

2350 714 2453 749 non
2484 700 2772 751 inusitatie.
2805 699 2922 751 Vid.
2953 701 3155 754 catech.
3192 716 3301 758 xvr,
3349 699 3374 767 §
3416 699 3497 759 14,
3534 700 3680 750 hom.
3717 699 3767 749 in
3794 697 3903 751 Pa-

2350 790 2470 852 ral.,
2505 787 2530 856 §
2557 788 2588 839 8
2612 805 2779 856 usque
2808 790 2870 841 ad
2905 790 2989 841 11.
3015 789 3113 841 Ρι·;ι
3134 799 3274 842 terra
3304 792 3383 841 lue
3416 789 3575 840 unius
3611 786 3906 855 Scriptura:

2350 878 2453 930 l:.ci
2505 882 2798 932 secundum
2842 882 3082 933 diversas
3128 882 3431 933 sententias
3487 878 3901 947 explicationes,

2349 970 2465 1036 ejus
2493 980 2617 1023 sunt
2643 971 2863 1038 ingenii,
2902 982 2957 1025 ut
2990 973 3168 1024 videre
3196 982 3277 1024 est
3303 971 3503 1023 eateeh.
3539 984 3665 1031 xvii,
3696 968 3755 1037 ἐξ
3788 968 3824 1021 9
3851 979 3906 1020 et

2353 1060 2436 1122 id,
2468 1062 2670 1113 catech.
2699 1077 2814 1123 xm,
2851 1061 2876 1131 §
2906 1058 2993 1124 9.1,
3042 1072 3143 1113 etc.
3184 1060 3403 1112 Demnm
3442 1075 3603 1127 quam
3632 1050 3905 1127 postremo

2350 1152 2467 1202 loco
2505 1153 2665 1203 tradit
2697 1152 2856 1219 hujus
2902 1150 3002 1202 lori
3034 1149 3549 1216 interpretationem,
3582 1165 3774 1215 nempe
3822 1152 3905 1200 in-

2353 1243 2533 1292 lirmos
2563 1241 2752 1294 oculos
2801 1242 3085 1293 veritatum
3133 1255 3268 1306 quas
3299 1254 3487 1306 capezc
3520 1254 3621 1291 non
3653 1250 3904 1305 possunt.

2354 1330 2559 1397 fulgore
2589 1330 2833 1395 obtundi,
2861 1330 3168 1383 Continelur
3200 1329 3250 1380 in
3281 1343 3341 1381 ea
3371 1328 3575 1380 ratione
3606 1344 3766 1396 quam
3790 1334 3912 1380 re;-

2350 1422 2484 1473 didit
2513 1420 2824 1475 Proeatech.
2863 1419 3006 1489 §12,
3053 1435 3150 1472 cur
3197 1419 3594 1493 c‘atecburnenis
3652 1412 3907 1488 mysteria

2352 1512 2626 1575 celentur;
2678 1511 2804 1578 quia
2849 1510 3096 1563 videlicet
3130 1520 3345 1583 noceret
3386 1508 3517 1575 ipsis
3562 1523 3739 1559 rerum
3769 1524 3910 1577 quas

2354 1601 2589 1653 nondum
2620 1616 2810 1667 eripere
2844 1610 3089 1668 possunt,
3147 1586 3400 1667 cognitio.
3438 1615 3456 1648 ι
3511 1595 3781 1652 Hactenus
3829 1598 3910 1651 vir

2356 1692 2441 1743 ille
2474 1692 2688 1745 doctus.

2428 1781 2675 1835 Nostram
2727 1797 2887 1850 porro
2924 1781 3188 1849 ejusmodi
3223 1780 3476 1834 Actorum
3515 1779 3803 1832 editionem
3841 1781 3907 1833 ad

2359 1872 2503 1924 illam
2539 1872 2834 1939 exegimus,
2872 1887 3033 1939 quam
3081 1862 3264 1924 Retine
3304 1870 3549 1938 vulgavit
3593 1884 3737 1921 anno
3772 1871 3907 1923 1693

2358 1975 2410 2011 v.
2441 1961 2505 2013 cl.
2548 1960 2871 2015 Laurentius
2903 1961 3201 2014 Alexander
3228 1946 3525 2028 Zacagnius
3563 1957 3615 2008 in
3646 1956 3910 2010 Collecta-

2358 2054 2465 2107 neis
2495 2060 2941 2104 monumentorum
2973 2061 3194 2103 celarunt
3227 2050 3474 2104 Ecclesia:
3496 2051 3695 2105 (ἐΐσκω
3722 2066 3782 2102 ac
3804 2048 3911 2102 La-

2359 2144 2499 2194 time.
2533 2141 2656 2194 Suis
2692 2141 2825 2195 locis
2868 2142 3202 2195 restituimus
3230 2157 3351 2195 eum
3389 2144 3633 2196 addenda
3666 2142 3913 2211 prolego-

2358 2234 2550 2293 mcnis,
2582 2238 2692 2285 tum
2726 2227 2995 2283 varias'in
3026 2232 3217 2299 primis
3243 2233 3519 2295 lectiones,
3553 2249 3692 2302 quas
3726 2233 3790 2284 ad
3826 2248 3914 2285 ca-

2359 2323 2466 2389 pita
2502 2321 2672 2375 51-55
2704 2320 3091 2389 Disputationis
3125 2322 3373 2374 Archelai
3416 2336 3540 2375 eum
3590 2323 3824 2385 Hanc-te,
3850 2336 3911 2374 ex

2359 2413 2912 2481 Regio-Alexandrino
2936 2413 3121 2465 codice
3152 2412 3447 2478 descriptas
3476 2414 3541 2465 ad
3584 2428 3699 2466 suae
3728 2413 3917 2465 editio-

2359 2506 2443 2557 nis
2475 2505 2676 2557 calcem
2705 2502 2889 2571 rejecit
2914 2503 3050 2573 idem
3078 2503 3157 2577 vir
3184 2503 3450 2565 eruditus,
3478 2503 3577 2555 hac
3600 2502 3914 2571 praefation-

2358 2595 2476 2648 cnla
2510 2608 2640 2646 usus
2671 2591 2739 2661 (ε)
2778 2608 2789 2643 ;
2837 2591 2966 2645 Cum
3010 2602 3125 2658 post
3173 2593 3385 2655 editam,
3433 2594 3630 2660 inquit,
3676 2594 3913 2646 Archelai

2359 2682 2765 2749 disputationem
2815 2682 2947 2731 inter
3006 2679 3577 2748 Regio-Alexandrinos
3645 2677 3915 2731 Vaticana:

2360 2772 2676 2823 bibliotheca:
2698 2771 2894 2822 codices
2925 2771 3225 2836 reperissent
3251 2770 3603 2837 apographum
3634 2769 3909 2834 cujusdam

2360 2863 2544 2914 vetusti
2571 2862 2785 2923 codicis,
2824 2862 2911 2928 qui
2942 2859 3067 2911 olim
3098 2859 3165 2910 ad
3191 2860 3559 2910 monasterium
3582 2858 3756 2909 sancti
3788 2857 3907 2912 Sal-

2360 2954 2449 3016 rii,
2470 2950 2831 3007 Ambiuuensis
2864 2950 3083 3017 fortasse
3108 2946 3339 3016 episc0pi
3364 2958 3411 2998 et
3442 2949 3710 3015 martyris,
3742 2952 3905 3016 perti-

2361 3036 2503 3102 nuit;
2541 3051 2587 3093 et
2611 3042 2663 3093 in
2689 3056 2747 3092 co
2772 3040 2945 3094 codice
2968 3044 3217 3089 unacum
3254 3038 3423 3090 sancti
3448 3038 3730 3105 Augustini
3753 3040 3911 3093 Coma

2288 3170 2330 3227 Ο
2364 3134 2637 3185 monitorio
2655 3132 2899 3183 adversus
2922 3129 2969 3181 ill
2978 3124 3255 3193 anichwos,
3273 3132 3409 3182 inter
3420 3130 3649 3198 ejusdem
3665 3132 3915 3199 epistolas

2362 3222 2524 3282 edito,
2569 3220 2880 3271 haberentur
2908 3228 3119 3285 cxcr‘pta
3148 3220 3387 3286 quadam
3411 3234 3475 3270 ea:
3505 3220 3652 3271 Actis
3675 3222 3918 3287 disputa-

2366 3311 2518 3364 tionis
2569 3310 2812 3362 Archelai
2857 3326 2889 3361 a
2933 3325 3047 3377 cap.
3075 3309 3137 3361 51
3178 3324 3337 3377 usque
3374 3309 3441 3361 ad
3477 3326 3590 3377 cap.
3621 3310 3711 3375 55,
3748 3324 3918 3378 opere

2364 3404 2584 3469 pretium
2617 3401 2791 3454 censui
2818 3402 2991 3454 varias
3024 3400 3296 3453 ez'eodem
3339 3402 3632 3468 apographo
3673 3402 3917 3454 lectiones

2365 3493 2531 3549 edere.
2566 3509 2681 3545 cum
2708 3493 2936 3559 ipsorum
2971 3508 3062 3560 ope
3089 3491 3329 3559 quadam
3355 3490 3597 3543 Archelai
3626 3491 3745 3543 loca
3771 3493 3915 3544 resti-

2368 3592 2599 3635 tuantur.
2633 3580 2757 3636 llzee
2778 3582 2885 3634 ille.
2914 3580 3188 3650 Ejusmodi
3216 3590 3393 3633 autem
3428 3582 3605 3634 varias
3629 3582 3908 3646 lectiones,

2369 3675 2510 3728 haud
2543 3690 2670 3727 sane
2701 3674 3143 3736 contemnendas,
3168 3673 3310 3725 aliud
3340 3686 3503 3741 agens
3535 3674 3790 3738 prmteriit
3812 3672 3915 3728 Fa-

2369 3767 2593 3825 bricius,
2626 3765 2708 3817 vir
2736 3774 2927 3819 caetera
2955 3763 3204 3831 diligens,
3248 3763 3301 3814 in
3339 3777 3438 3816 suo
3478 3760 3759 3831 Spicilcgio
3801 3780 3922 3815 sau-

2370 3868 2569 3909 ctorum
2606 3854 2826 3907 Patrum
2869 3850 3047 3907 swculi
3088 3867 3167 3915 nl,
3208 3851 3439 3919 Operam
3477 3850 3916 3920 llippolyteorum

2372 3948 2576 3999 adnexo
2611 3964 2623 3998 :
2652 3954 2706 3997 at
2732 3946 2848 3997 illas
2870 3947 3001 3998 scite
3024 3943 3252 3996 intexuit
3281 3942 3501 4010 reliquis
3525 3942 3747 3995 editoris
3780 3942 3919 3996 notis

2372 4036 2715 4097 doctissimus
2752 4031 3325 4099 anctorSupplemcnti
3353 4030 3421 4081 ad
3447 4030 3667 4082 concilia
3714 4028 3923 4085 Veneto-

2374 4124 2651 4177 Labbeana
2680 4122 2776 4189 (d).
2814 4117 3075 4181 Praaterea
3126 4120 3481 4189 fragmentum
3531 4119 3919 4187 Disputationis

2374 4216 2618 4269 Archelai
2648 4228 2712 4267 ex
2743 4194 2923 4281 Cyr-illi
2948 4211 3417 4282 ﬂierosolymitani
3451 4213 3720 4265 eatccbesi
3748 4226 3800 4265 vr
3831 4212 3919 4264 de-
3947 4275 3951 4278 .

2376 4315 2648 4372 sumptum
2692 4310 2850 4369 atque
2881 4303 3064 4355 iisdem
3104 4302 3252 4356 Actis
3294 4303 3397 4357 sub
3430 4288 3587 4355 linem
3629 4302 3917 4371 adjectum,

2350 4395 2703 4465 contulimus
2734 4409 2855 4447 cum
2904 4394 3195 4447 novissima
3222 4394 3454 4447 editione
3484 4392 3779 4447 Parisiensi
3816 4390 3914 4444 BB.

727 4478 814 4531 eis
838 4478 1001 4545 loqui,
1026 4494 1161 4543 quos
1194 4489 1369 4533 tamen
1397 4481 2024 4549 diseeptationisjudices
2051 4485 2272 4547 habeat;
2306 4477 2351 4532 Ι)
2378 4483 2689 4551 Cyrilliana,
2719 4484 3129 4552 versionemque
3158 4478 3549 4548 recensuimus,
3580 4492 3633 4537 et
3662 4484 3735 4537 cl.
3764 4484 3920 4537 edito-

741 4566 1069 4634 aﬂirmetque
1119 4583 1171 4619 se
1214 4584 1274 4621 ea
1328 4571 1577 4638 mysteria
1630 4573 1916 4640 explicare,
1973 4573 2037 4624 de
2084 4573 2280 4639 quibus

737 4657 964 4723 quaestio
1005 4658 1148 4711 nulla
1194 4670 1325 4713 erat.
1359 4660 1489 4713 Cum
1540 4661 1719 4729 itaque
1757 4664 1938 4727 verba,
1991 4661 2161 4715 ταῦτα
2213 4663 2279 4713 τὰ

736 4750 1031 4817 μυστήρια,
1060 4748 1350 4803 certissime
1386 4755 1492 4803 sint
1526 4751 1727 4822 Cyrilli,
1763 4770 1931 4821 caque
1965 4770 2084 4806 cum
2118 4769 2276 4821 supc-

741 4838 975 4890 rioribus
1019 4840 1317 4892 necessaria
1367 4844 1699 4894 connexione
1740 4844 2143 4902 devineiantur;
2190 4860 2280 4896 nc-

741 4927 977 4979 cessario
1006 4928 1339 4995 parenthesis
1371 4930 1579 4983 initium
1616 4934 1665 4981 in
1704 4931 1804 4983 hoc
1839 4933 1956 4984 loco
1990 4934 2274 4986 collocavi-

816 5099 889 5167 (α)
906 5099 1176 5173 ΔΤςεινειςει,
1220 5102 1361 5156 Stor.
1384 5105 1503 5155 crit.
1530 5106 1658 5158 delle
1682 5108 1781 5158 vite
1811 5106 1946 5173 degli
1966 5123 2118 5171 eres.,
2146 5118 2181 5159 t.
2211 5107 2271 5167 V,

744 5183 862 5234 pag.
901 5168 1002 5238 ‘215
1034 5180 1085 5221 et
1120 5187 1267 5238 seqq.
1573 5176 1577 5181 ’

816 5238 890 5303 (b)
927 5235 1165 5303 Touttée,
1198 5235 1330 5307 Opp.
1378 5239 1434 5293 S.
1474 5240 1653 5309 Cyrilli
1697 5240 1927 5307 llieros‘.,
1979 5258 2101 5311 pag.
2156 5243 2273 5305 105,

748 5314 856 5361 not.
882 5311 980 5377 ιιι).

2382 4574 2456 4625 ris
2488 4586 2642 4626 notas
2670 4574 3018 4641 subjecimns.
3070 4574 3359 4629 Nonnullas
3409 4577 3643 4643 denique
3670 4575 3922 4627 observa-

2380 4664 2575 4725 tiones,
2602 4667 2665 4716 ad
2698 4664 2951 4717 Actorum
2976 4673 3175 4717 textum
3206 4666 3542 4732 potissimum
3572 4666 3917 4731 pertinentes.

2382 4762 2539 4819 prout
2571 4768 2627 4805 se
2672 4755 2791 4805 tulit
2834 4753 3067 4818 occasio,
3100 4754 3437 4815 addidimus;
3480 4768 3542 4806 ea
3586 4748 3804 4821 quidem
3837 4767 3919 4803 ra-

2383 4841 2526 4891 tione
2559 4855 2718 4906 quam
2765 4840 2817 4891 in
2850 4841 2969 4894 aliis
3013 4852 3249 4895 veterum
3300 4839 3518 4893 Patrum
3560 4838 3918 4891 monumentis

2384 4930 2641 4981 hactenus
2673 4928 2932 4997 evulgatis
2968 4931 3166 4998 passim
3197 4930 3451 4983 adbibere
3481 4929 3897 5001 consuevimus;

2451 5103 2520 5171 (τ)
2556 5099 2809 5171 Zaeagu.,
2834 5102 3047 5155 Collect.
3077 5108 3458 5171 monum._rct.,
3494 5107 3627 5171 tom.
3658 5096 3698 5161 1,
3724 5114 3772 5166 p.

2452 5167 2528 5242 (ά)
2561 5167 2749 5236 Mansi,
2776 5170 3036 5241 Supplem.
3075 5169 3142 5220 ad
3174 5167 3383 5229 caucil.,
3421 5178 3553 5223 tom.
3583 5169 3626 5233 l,
3646 5183 3794 5237 pagg.
3824 5170 3913 5221 “.3

2386 5258 2534 5311 seqq.
