4094 6350
193 529 328 583 Ιιίὅ

1352 520 1681 602 versutia
1705 521 2157 584 TESTIMONIA.

3244 517 3378 576 uas
3446 581 3452 586 ,

1531 640 1697 702 Idem,
1727 642 1879 706 ibid.,
1910 641 2044 706 §2L
2499 699 2506 705 ,
3110 694 3114 699 .

853 661 859 664 ⁴
1531 641 1697 702 Idem,
1727 642 1794 694 ibi

265 731 406 800 Ἴιδη
438 732 493 784 δὲ
527 731 748 803 ἀνδράσι
782 733 1034 802 μεγάλοις
1078 732 1400 802 θαυμαστῶς
1428 734 1544 786 κατ’
1579 734 1739 787 αὑτοῦ
1771 746 1794 798 Α

1850 682 1879 706 .,
1955 642 2044 695 2|.
2499 699 2506 705 _
3110 694 3114 699 .

1909 641 2026 789 iam
2055 751 2086 789 a
2109 734 2318 804 magnis
2348 736 2479 789 viris
2508 733 2848 789 admirabiles
2870 705 2942 788 add
2965 731 3107 787 illius
3139 729 3381 784 refutan-

190 822 538 892 ἀντιρῤ’ήσεις
562 821 654 875 τοῦ
692 821 908 891 ἐλέγχου
944 823 1260 894 πεποίηνται
1285 841 1297 854 ’
1339 824 1607 895 ’Λρχελὰω
1643 825 1738 893 μὲν

1850 824 1941 878 tios
1967 839 2178 880 errores
2210 825 2609 878 lucubrationes
2651 832 2776 878 sunt
2798 824 2951 878 edita:
2973 861 2988 886 ,
3014 823 3159 878 velut
3187 822 3254 875 ab
3281 820 3383 872 Ar-

186 911 266 980 τῷ
307 913 602 983 ὲπισκόπῳ,
632 912 705 976 ὡς
737 914 1068 986 προείρηται.
1107 970 1109 973 ,

1843 915 2031 969 chelao
2057 915 2330 983 episcopo,
2372 924 2429 967 ut
2459 924 2612 968 antea
2637 913 2836 969 dictum
2867 921 2967 967 est.

1646 1005 1713 1058 Et
1753 1005 1781 1076 δ
1822 1007 1910 1060 25.

262 1097 418 1148 Κατά
453 1096 593 1159 λέξιν
619 1098 674 1150 δὲ
701 1098 933 1166 καθεξῆς
984 1099 1233 1164 ὑποτάξω
1285 1099 1659 1170 ἀρματτόντως
1682 1097 1743 1149 τὺ

189 1182 356 1235 αὑτοῦ
379 1183 628 1251 φρόνημα
653 1185 758 1237 ἀπὸ
794 1185 1234 1256 Ἀρχελάουπρὸς
1253 1187 1409 1238 αὐτὸν
1428 1202 1744 1255 πεπραγμα-

188 1271 553 1340 τευμένωνὲν
609 1276 674 1343 τῇ
709 1275 843 1345 πρὸς
897 1275 1052 1326 αὑτὸν
1098 1276 1399 1346 ἀντιλογίᾳ,
1459 1276 1534 1338 ὡς
1579 1277 1741 1346 αὐτὸς

191 1361 510 1429 ἀπεκάλυψε
566 1362 809 1432 Τύρϐων,
845 1361 923 1426 εἷς
974 1363 1078 1416 τῶν
1120 1364 1282 1417 αὑτοῦ
1315 1364 1586 1436 μαθητῶν,
1616 1366 1741 1435 περὶ

191 1443 252 1502 οὗ
291 1452 400 1502 ἀνω
450 1452 812 1522 ἐπεμνήσθην.
889 1457 1374 1530 Ἐπερωτησάντων
1428 1455 1603 1508 τοίνυν
1635 1455 1742 1507 τῶν

192 1541 325 1611 περὶ
365 1542 645 1612 Ἀρχέλαον
691 1546 778 1596 τὸν
806 1545 1100 1597 ἐπίσκοπον
1126 1547 1217 1598 καὶ
1267 1538 1743 1616 Μάρκελλονίτύρ-

193 1630 342 1682 ϐωνα
374 1633 496 1703 περὶ
522 1634 618 1703 τῆς
643 1634 734 1686 τοῦ
759 1636 913 1704 Μάνη
941 1634 1297 1699 διδασκαλίας,
1319 1637 1348 1687 ὀ
1374 1636 1594 1707 Τύρϐων
1620 1638 1746 1689 ἀπε-

192 1720 418 1789 κρίνατο
446 1721 633 1801 λέγων,
667 1724 819 1776 ἅτινα
848 1726 912 1776 ὲκ
932 1723 1023 1776 τοῦ
1058 1723 1257 1793 βιϐλίου
1287 1725 1618 1796 παρεθέμην,
1654 1726 1747 1777 καὶ

193 1811 311 1862 ἔστι
343 1811 485 1864 τάδε.

1915 1096 2015 1151 Sed
2050 1113 2191 1150 nunc
2219 1096 2360 1152 illius
2385 1097 2577 1166 dogma
2614 1098 2678 1150 ad
2714 1095 2929 1150 verbum
2958 1137 2972 1161 ,
3002 1097 3078 1150 uti
3100 1105 3384 1150 consenta-
3432 1136 3435 1139 .

1847 1183 2006 1242 neum
2037 1195 2119 1240 est
2142 1227 2156 1248 ,
2183 1188 2446 1240 ascrii‘am
2476 1226 2488 1247 ,
2540 1203 2601 1239 ex
2628 1188 2872 1240 Archelai
2903 1201 3060 1254 opere
3083 1225 3096 1249 ,
3126 1187 3264 1253 quod
3292 1187 3386 1239 ad-
3449 1241 3452 1244 λ

1847 1292 2035 1329 versus
2079 1275 2324 1328 eumdem
2365 1275 2511 1328 illum
2537 1276 2722 1339 edidit,
2757 1291 2818 1328 ex
2853 1277 2919 1330 iis
2941 1291 3059 1343 qua:
3084 1290 3110 1327 a
3142 1274 3386 1345 Tyrimne
3487 1295 3497 1302 -

1848 1365 2115 1434 discipulo
2160 1365 2303 1419 illius
2331 1373 2637 1433 acceperat,
2666 1368 2734 1419 de
2760 1382 2867 1434 quo
2909 1366 3229 1419 mentionem
3267 1376 3388 1417 ante

1851 1454 2099 1507 fecimus.
2134 1453 2264 1508 Nam
2300 1471 2418 1508 eum
2451 1457 2744 1509 Archelaus
2773 1457 3074 1524 episcopus,
3095 1465 3146 1509 et
3171 1453 3389 1512 Marcel-

1813 1527 1815 1529 l
1851 1546 1934 1597 lus
1965 1545 2029 1598 de
2052 1543 2221 1598 Manis
2251 1545 2590 1614 dogmatibus
2622 1545 2916 1612 Tyrbonem
2953 1547 3409 1616 interrOgnssmtt,_

1850 1638 1962 1690 haec
2000 1637 2087 1690 ille
2113 1637 2228 1704 ipsa
2253 1633 2549 1702 respondit,
2581 1651 2701 1700 qua:
2727 1651 2824 1690 nos
2851 1652 2912 1688 ex
2941 1651 3005 1690 eo
3034 1636 3167 1688 libro
3193 1632 3391 1686 deseri-

1853 1726 2084 1795 psimus,
2118 1736 2350 1792 suntque
2372 1725 2656 1793 ejusmodi.
2779 1723 2791 1734 ’

185 1914 192 1926 ³
268 1902 579 1970 Sequuntur
599 1914 846 1973 excerpta
887 1921 950 1959 ex
982 1906 1128 1960 Ac'is
1173 1905 1558 1972 disputationis
1586 1898 1832 1959 Archelai
1861 1920 1982 1958 cum
2003 1903 2228 1965 Manete.
2256 1920 2372 1970 quae
2399 1902 2460 1955 G.
2496 1901 2555 1954 L.
2592 1902 2858 1956 habentur
2883 1903 2934 1954 in
2960 1902 3188 1954 editione
3211 1906 3419 1955 nostra.

193 2003 317 2057 cap.
345 1989 454 2043 VII.
483 2021 550 2030 —
576 1993 717 2045 Idem
749 1991 1079 2060 Epiphanius
1109 1993 1162 2046 in
1195 1991 1330 2045 libro
1363 1991 1437 2045 De
1469 1994 1726 2046 mensuris
1752 2001 1799 2046 et
1835 1993 2166 2060 ponderibus,
2200 1992 2226 2063 §
2253 1992 2342 2054 20,
2382 1992 2577 2046 iterum
2616 1990 2861 2053 meminit
2896 1987 3139 2044 Archelai
3171 1991 3391 2061 ejusqul

192 2081 576 2151 disputationis
601 2098 721 2135 cum
752 2082 977 2137 Manete.

1678 2152 1705 2167 "
1754 2175 1838 2252 nt.

1113 2269 1170 2324 S.
1211 2269 1576 2346 Hieronymus,
1614 2271 1702 2322 lib.
1738 2250 1800 2323 de
1835 2269 1943 2323 Vir.
1970 2269 2192 2332 illustr.,
2238 2244 2351 2338 cap.
2386 2269 2472 2322 72.
2511 2341 2526 2351 ί

265 2358 583 2412 ΔιιοιιειΑυς
615 2358 898 2426 episcopus
922 2358 1315 2429 Mesopotamiae
1344 2363 1535 2414 librum
1562 2363 1744 2429 diSptt-
1778 2375 1819 2428 Β
1847 2363 2140 2416 translatus
2192 2364 2244 2415 in
2293 2361 2535 2416 Graecum
2589 2360 2816 2413 habetur
2859 2376 2888 2412 a
2933 2360 3133 2413 multis.
3189 2358 3393 2431 Claruit

196 2447 422 2503 tatiouis
448 2463 558 2501 sua!
585 2464 745 2516 quam
790 2449 972 2503 habuit
1015 2453 1269 2504 adversus
1295 2452 1639 2503 Manielurum
1664 2466 1752 2503 ex-

193 2547 413 2592 euntem
445 2537 509 2590 de
535 2536 780 2599 Perside,
817 2537 952 2608 Syro
983 2554 1228 2593 sermone
1271 2539 1605 2608 composuit;
1657 2542 1749 2608 qui

1751 2653 1840 2709 ιν.

1856 2453 1956 2504 sub
1988 2453 2307 2519 imperatore
2340 2451 2536 2515 Probo,
2569 2450 2658 2519 qui
2685 2450 2971 2503 Aureliano
2995 2460 3048 2505 et
3074 2449 3258 2504 Tacito
3281 2464 3397 2506 suc-

1853 2552 2101 2596 cesserat.
3171 2559 3177 2561 “

288 2769 638 2822 Heraclianus
659 2748 1086 2823 Chalcedonensis
1115 2771 1399 2837 episcopus,
1425 2773 1476 2824 in
1509 2771 1655 2828 libris
1687 2774 1928 2828 adversus
1958 2774 2293 2827 Manichazos.
2322 2773 2472 2843 Apud
2507 2773 2746 2826 Photium
2777 2772 3023 2827 Biblioth.
3061 2772 3172 2823 cod.
3199 2785 3318 2825 xcv.

278 2887 592 2958 Ἀνατρέπει
644 2887 699 2940 δὲ
738 2888 797 2940 τδ
862 2889 1006 2957 παρὰ
1056 2888 1369 2956 Μανιχαίοις
1425 2889 1750 2958 καλούμενον

194 2979 549 3044 Εὑαγγέλιον,
579 2979 668 3030 καὶ
695 2978 790 3048 τὴν
821 2979 1124 3044 Γιγάντειον
1147 2978 1339 3046 βίϐλον,
1372 2980 1462 3030 καὶ
1492 2981 1613 3041 τοὺς
1644 2980 1751 3048 ,Θη-

197 3068 450 3137 σαυρούς.
477 3068 779 3134 ’Καταλέγει
803 3069 894 3121 καλ.
917 3069 1024 3120 ὅσοι
1053 3068 1154 3138 πρὸ
1175 3068 1334 3120 αὑτοῦ
1370 3069 1506 3120 κατὰ
1535 3069 1630 3137 τῆς
1656 3066 1748 3120 τοῦ

195 3158 498 3225 Μανιχαίου
556 3157 891 3227 συνέγραψαν
946 3158 1258 3226 ἀθεότητος,
1326 3158 1634 3227 Ἡγεμόνιόν
1691 3175 1749 3208 τε

197 3247 296 3298 τὸν
327 3247 425 3309 τὰς
470 3248 756 3316 Ἀρχελάου
798 3249 929 3317 πρὸς
957 3250 1112 3301 αὑτὸν
1159 3250 1460 3317 ἀντιλογίας
1518 3252 1751 3322 ἀναγρά-

193 3336 394 3405 ψαντα.

1924 2893 2120 2946 Evertit
2153 2908 2277 2949 vero
2307 2893 2357 2946 id
2384 2933 2400 2957 ,
2448 2893 2590 2960 quod
2622 2890 2897 2944 Manichzei
2931 2887 3197 2954 appellant
3222 2884 3398 2938 Evan-

1855 2984 2070 3052 gelinm,
2100 2992 2150 3036 et
2177 2981 2492 3050 Gigantr-um
2517 2982 2730 3038 librum.
2763 2987 2917 3044 atque
2949 2975 3398 3030 Thcsatll‘OS.Re-

1856 3080 2037 3124 censet
2085 3067 2325 3138 insuper”
2350 3086 2473 3129 eos,
2527 3067 2613 3134 qui
2665 3075 2785 3117 ante
2815 3080 2872 3117 se
2903 3065 2954 3116 in
2986 3063 3396 3117 Maniehmornm
3436 3071 3438 3073 ’

1858 3162 2182 3229 impietatem
2212 3163 2477 3213 calamum
2505 3159 2867 3217 strinxerunt,
2903 3154 3286 3224 llegemouium
3319 3155 3400 3206 ni-

1859 3252 2076 3315 mirum,
2106 3251 2195 3319 qui
2223 3247 2634 3316 disputationem
2658 3229 2906 3298 Archelai
2934 3246 3190 3297 adversus
3221 3245 3392 3311 ipsum

1857 3339 2118 3393 Manetem
2155 3336 2485 3407 perscripsit,
2519 3347 2621 3387 etc.
3330 3336 3332 3338 '

1256 3534 1519 3595 Socrates,
1558 3535 1698 3589 Hist.
1723 3538 1903 3591 eccles.
1961 3538 2031 3588 lib
2057 3553 2092 3600 ι,
2117 3552 2230 3603 cap.
2279 3535 2366 3588 Ἠ.

268 3620 452 3673 Ταῦτα
476 3621 531 3672 δὲ
554 3622 711 3688 ἡμεῖς
743 3620 802 3672 οὐ
860 3619 1157 3684 πλάσαντες
1209 3622 1456 3692 λέγομενο
1494 3619 1624 3675 ἀλλὰ
1657 3620 1744 3674 διά
1774 3631 1794 3684 (

1919 3622 2097 3689 Atque
2130 3626 2240 3675 Ita-c
2276 3640 2372 3677 nos
2405 3624 2815 3691 haudquaquam
2839 3617 3126 3671 commenti
3159 3631 3345 3672 sumus
3376 3635 3395 3688 ;

133 3777 144 3784 .
191 3713 359 3779 λόγου
419 3711 702 3780 Ἀρχελάου
749 3709 840 3761 τοῦ
897 3711 1191 3762 ἐπισκόπου
1245 3713 1564 3781 Κασχάρων,
1623 3713 1748 3779 μιᾶς

193 3802 309 3853 τῶν
342 3801 398 3851 ὲν
426 3798 813 3868 Μεσοποταμίᾳ
841 3798 1064 3861 πόλεων,
1109 3801 1413 3866 ἐντυχόντες
1447 3799 1745 3868 συνηγάγο-

1851 3713 1941 3764 sed
1971 3727 2034 3764 ex
2070 3712 2432 3779 disputatione
2460 3714 2687 3781 quadam
2729 3707 2970 3762 Archelai
3003 3707 3394 3762 Caseharorum

1854 3800 2005 3854 urbis
2035 3802 2086 3854 in
2121 3803 2503 3870 Mesopotamia
2553 3801 2821 3867 episcopi,
2852 3815 2878 3851 a
2916 3799 3069 3852 nobis
3099 3797 3232 3851 lecta
3252 3837 3266 3861 ,
3298 3815 3395 3852 cx—

197 3909 330 3961 μεν·
367 3891 521 3953 αὐτὸς
547 3890 652 3960 γὰρ
715 3889 994 3960 Ἀρχέλαος
1040 3890 1377 3960 διαλεχθῆναι
1421 3889 1564 3956 αὐτῷ
1618 3907 1746 3958 φησι

1850 3893 2167 3959 cerpsimus.
2188 3891 2283 3946 Hic
2309 3893 2447 3945 enim
2465 3890 2752 3942 Archelaus
2768 3890 2860 3951 ait,
2882 3904 2936 3942 se
2959 3903 3078 3942 eum
3105 3889 3397 3943 Maniebmo
3441 3935 3443 3938 ι

193 3985 296 4036 καὶ
324 3982 393 4035 τὰ
420 3981 880 4051 προγεγραμμένα
913 3983 990 4042 εἰς
1012 3981 1099 4032 τὸν
1134 3981 1244 4049 βίον
1272 3979 1555 4059 ἐκτίθεται.

1749 4185 1836 4239 Vl.

281 4271 493 4327 Penus
530 4272 755 4326 Stcuws
786 4273 838 4326 in
868 4274 1108 4326 Historia
1142 4271 1544 4325 Manichaeorum
1565 4313 1579 4336 ,
1632 4289 1754 4343 pag.

193 4363 294 4422 25.
322 4362 389 4414 55
411 4371 464 4414 et
485 4360 574 4422 5⁵1,
599 4376 659 4414 ea
683 4372 877 4416 cuncta
904 4363 968 4415 ad
997 4363 1216 4416 verbum
1242 4359 1422 4425 refert,
1455 4377 1573 4430 qua:
1596 4379 1758 4432 supra

193 4468 265 4507 ex
291 4450 492 4522 Cyrillo
520 4448 1000 4520 Hierosolymitano
1026 4494 1040 4516 ,
1091 4449 1146 4504 S.
1180 4450 1478 4519 Epiphanio
1516 4451 1591 4504 De
1613 4469 1753 4506 men-

1850 3983 1965 4049 ipso
1991 3984 2296 4050 disputasse
2323 4022 2336 4044 ,
2367 3990 2419 4032 et
2443 3995 2504 4032 ea
2529 3994 2649 4047 quae
2692 3982 2937 4046 superius
2987 3995 3017 4033 a
3053 3979 3206 4034 nobis
3231 3981 3397 4034 relata

1853 4080 2000 4136 sunt,
2034 4073 2099 4125 de
2129 4072 2274 4123 illius
2305 4070 2409 4121 vita
2441 4081 2844 4148 commemorat.

1863 4279 2000 4329 suris
2031 4286 2078 4329 et
2107 4274 2436 4343 ponderibus,
2470 4283 2521 4328 et
2550 4289 2611 4328 ex
2643 4273 2877 4327 Socratis
2905 4271 3142 4326 Historia
3162 4273 3398 4326 ecclesia-

1862 4368 2012 4428 stica,
2041 4366 2104 4417 de
2132 4363 2395 4414 Archelao
2416 4362 2640 4430 ejusque
2662 4376 2784 4415 cum
2807 4359 3012 4415 Maneto
3041 4363 3397 4431 disputatione

1863 4454 2021 4506 modo
2054 4451 2349 4504 retulimus.
3383 4450 3385 4452 '

1757 4545 1862 4599 VII.

347 4603 587 4702 Photius,
629 4637 719 4692 lib.
749 4654 787 4703 ι,
827 4638 1070 4692 adversus
1097 4639 1428 4692 Manichmos.
1466 4637 1654 4691 Exstat
1694 4640 1862 4694 editus
1899 4642 1952 4692 in
1990 4637 2234 4690 Biblioth.
2275 4633 2496 4689 Coislin.
2527 4652 2571 4687 υ.
2617 4634 2684 4686 cl.
2729 4634 3017 4703 Montfauc.
3050 4650 3101 4701 ρ.
3134 4630 3255 4684 356.

268 4724 454 4792 amat;
503 4725 550 4793 (ὁ
595 4723 804 4793 Μάνης)
852 4725 1248 4794 καταλαμϐάνει
1307 4725 1739 4795 Μεσοποταμίαν,

190 4814 297 4867 καὶ
323 4812 561 4882 σπείρειν
591 4811 748 4863 πάλιν
776 4811 1074 4879 ἀπάρχεται
1105 4813 1170 4863 τὰ
1193 4812 1289 4880 τῆς
1315 4812 1642 4874 ἀποστασίας
1667 4814 1761 4876 ζι-“

193 4905 380 4967 ζάνια.
429 4903 485 4954 Ὀ
529 4903 584 4954 δὲ
616 4901 719 4954 τῶν
772 4901 1073 4970 Καρχάρων
1115 4902 1421 4965 ἐπίσκοπος,
1465 4903 1745 4973 Ἀρχέλαος

192 4991 352 5059 αὑτῷ
403 4991 588 5059 ὄνομα,
623 4991 755 5061 ἀνὴρ
813 4991 972 5058 ἱερὸς,
1000 4991 1088 5042 καὶ
1139 4993 1264 5060 περὶ
1306 4993 1491 5060 λόγους
1543 4993 1664 5054 τούς
1687 5008 1743 5042 τε

194 5080 381 5141 θείους
415 5081 649 5143 καὶτοὺς
681 5080 1045 5152 ἀνθρωπίνους
1095 5083 1406 5151 περιδέξιος,
1450 5085 1752 5154 Ἑλληνικὸν

193 5170 591 5240 ἁθροισάμενος
624 5173 994 5244 ἀκροατήριον,
1027 5172 1108 5222 ἵνα
1140 5173 1211 5240 μὴ
1243 5173 1385 5243 δόξῃ,
1420 5173 1750 5245 Χριστιανῶν

194 5258 516 5325 κρινόντων,
549 5261 820 5331 φιλοτιμίᾳ
846 5261 1132 5331 λαμϐάνειν
1165 5262 1232 5313 τὰ
1254 5267 1536 5334 νικητήρια
1570 5265 1600 5332 ἡ
1626 5261 1751 5330 ἀλή-

194 5348 347 5407 Θεια,
376 5347 506 5415 πρὸς
529 5350 619 5399 τὸν
653 5352 748 5419 τῆς
786 5352 976 5421 μανίας
1029 5350 1327 5420 ἐπώνυμον,
1358 5355 1446 5406 τὸν
1472 5354 1566 5421 τῆς
1599 5352 1748 5403 εὐσε-

193 5437 360 5497 ϐείας
389 5437 716 5505 ἀνακινήσας
747 5440 919 5507 λόγον,
973 5442 1111 5493 οὕτω
1161 5443 1455 5512 κατῄσχυνε
1510 5442 1599 5493 καὶ
1644 5438 1748 5491 διέ-

191 5526 362 5595 λεγξε
393 5527 481 5577 τὸν
510 5528 925 5599 τρισαλιτήριον,
959 5534 1032 5594 ὼς
1068 5532 1260 5584 αὐτίκα
1290 5551 1348 5585 τε
1383 5535 1568 5599 φυγεῖν
1607 5533 1747 5581 ἐκεῖ-

196 5621 320 5680 θεν,
354 5618 447 5669 καὶ
477 5617 607 5686 μηδὲ
631 5619 765 5686 φυὴν
788 5621 965 5674 λαϐεῖν
998 5624 1062 5676 τὰ
1090 5625 1185 5693 τῆς
1227 5623 1555 5682 ἀποστασίας
1585 5619 1771 5694 αὑτοῦ.

194 5711 516 5779 σπέρματα.
587 5708 718 5760 Ἀλλ’
769 5712 969 5765 ἐκεῖθεν
1036 5716 1296 5783 ἀποδρὰς,
1353 5711 1747 5778 καταλαμϐάνει

195 5801 400 5873 κώμην
432 5797 548 5851 τινὰ
574 5796 674 5849 τῶν
703 5798 1112 5869 εὐτελεστάτων,
1142 5806 1298 5856 κάκεῖ
1325 5803 1480 5856 πάλιν
1517 5798 1746 5855 ὑποϐάλ-

1921 4726 1961 4778 E
1994 4739 2209 4778 carcere
2254 4720 2463 4790 fugiens
2497 4721 2718 4792 (Manes)
2761 4723 2812 4774 in
2841 4721 3274 4788 Mesopotamiam
3313 4734 3397 4772 ve-

1849 4815 1958 4879 nit,
2004 4814 2183 4882 ibique
2233 4813 2496 4867 haereseos
2546 4829 2656 4867 suae
2689 4813 2890 4865 zizania
2921 4812 3107 4866 iterum
3143 4825 3396 4878 spargere

1851 4904 2031 4972 empit.
2063 4904 2131 4955 At
2152 4904 2548 4957 Carcharorum
2575 4906 2856 4972 episcopus
2879 4902 2961 4955 cui
2988 4916 3179 4953 nomen
3203 4901 3396 4952 Arche-

1854 4996 1992 5059 laus,
2042 4995 2126 5046 rir
2152 5010 2323 5058 sacer,
2378 5007 2431 5050 et
2456 4996 2620 5048 multa
2654 4995 2704 5045 in
2738 4992 3076 5046 sermonibus
3106 4993 3170 5044 de
3199 4991 3394 5044 divinis

1856 5084 2212 5154 humanisque
2285 5087 2445 5139 rebus
2497 5085 2806 5138 dexteritate
2859 5083 3148 5146 praeditus,
3207 5090 3395 5133 coacto

1853 5174 2188 5228 ethnicorum
2221 5175 2489 5229 auditorio
2511 5214 2523 5235 ,
2560 5187 2623 5224 ne
2654 5172 2698 5224 si
2729 5172 3016 5224 Christiani
3042 5171 3390 5238 iudicassent,

1854 5266 2068 5320 veritati
2117 5267 2396 5320 victoriam
2435 5264 2674 5331 judicum
2717 5262 2893 5315 favore
2934 5264 3160 5315 cessisse
3184 5259 3398 5310 Vitisl‘e-

1854 5362 1960 5419 tur,
2013 5371 2183 5423 usque
2233 5355 2362 5406 adeo
2393 5352 2770 5418 impiissimum
2801 5353 2944 5403 illum
2982 5346 3246 5413 redarguit
3273 5354 3396 5398 tan-

1853 5459 2013 5512 toque
2044 5448 2244 5512 pudore
2272 5441 2508 5504 sntfudit,
2563 5451 2620 5493 ut
2667 5442 2841 5494 statim
2876 5441 3048 5506 fugam
3075 5436 3391 5502 arripuerit,

1853 5544 1904 5587 et
1937 5537 2052 5602 ejus
2080 5535 2342 5586 ltzereseos
2394 5532 2597 5584 semina
2623 5573 2642 5595 ,
2693 5541 2972 5595 antequam
3019 5531 3388 5585 nascerentur,

1855 5635 2109 5688 oppressa
2135 5619 2350 5671 fuerint.
2408 5617 2577 5670 Porro
2608 5618 2728 5670 inde
2759 5617 2961 5681 fugiens
2989 5610 3188 5671 Manes,
3218 5611 3282 5662 ad
3311 5612 3394 5661 vi-

1853 5712 2112 5764 lissimum
2141 5709 2405 5775 quoddam
2436 5709 2684 5778 Oppidum
2714 5705 2968 5772 pervenit,
3000 5704 3174 5768 ibique
3203 5716 3394 5753 rursus

1853 5799 2033 5854 fovere
2080 5806 2239 5866 atque
2289 5798 2536 5865 cvulgare
2574 5809 2723 5850 suam
2758 5792 3080 5860 impietatem
3111 5791 3388 5843 machina-
