4094 6350
691 540 825 594 “9.7
1530 530 1585 585 S.
1624 527 2027 588 ARCHELAUS
2070 507 2568 607 MESOPOTAMUE
2606 529 2982 603 EPISCOPUS.
3717 521 3865 576 MSS

688 629 876 696 batur;
911 629 1005 685 sed
1035 630 1322 685 acerrimus
1343 629 1551 698 pietatis
1577 638 1938 697 propugnator
1960 637 2012 682 et
2037 643 2094 683 re
2124 640 2218 681 re-

2327 621 2471 679 πεινχ
2490 628 2813 696 ἐμηχανᾶτο,
2842 629 2935 679 καὶ
2967 619 3368 692 παραδεικνύειν
3399 617 3459 671 τὸ
3484 617 3680 675 οἰκεῖον
3725 613 3863 664 δυσ·’

690 734 750 772 ra
777 728 960 786 pastor
1001 719 1293 774 Archelaus
1331 720 1422 788 qui
1451 718 1685 772 sedulam
1712 719 1888 770 ovium
1924 733 2104 771 curam
2133 732 2224 787 ge-

2327 720 2548 788 σὲὅημαο
2584 719 2695 771 ἄλλ’
2725 721 2753 770 ὁ
2777 707 2971 786 θερμὸς
2996 713 3091 783 τῆς
3126 710 3397 771 εὐσεϐείας
3426 707 3735 777 ὑπέρμαχος
3761 701 3862 753 καὶ

677 813 877 874 .rebat,
924 814 1173 878 eumdem
1203 813 1328 880 lupo
1361 812 1635 865 stet-iorem
1675 805 1727 862 in
1768 809 1964 863 Christi
1987 825 2218 878 gregem,

2327 808 2389 871 ὥς
2417 809 2624 876 ἀληθῶς
2678 806 2874 876 ποιμὴν
2915 805 3211 876 Ἀρχέλαος,
3240 802 3299 853 οὑ
3324 799 3419 868 τὴν
3454 795 3715 864 τυχοῦσαν
3747 790 3862 841 τῶν

689 910 750 955 ut
767 916 887 955 eum
922 901 1270 970 disperderet,
1291 901 1579 953 irruentem
1599 901 1851 970 persequi
1882 915 2218 968 nequaquam

2327 898 2596 968 προϐάτων
2654 897 2967 965 ποιούμενος
3016 894 3298 964 πρόνοιαν,
3349 890 3447 941 οὐκ
3495 880 3860 955 ὲνερῤᾳθύμει

688 988 936 1042 (ἰοεεθνίί-
1631 1035 1636 1038 .
2196 1049 2201 1055 ,
2312 988 2525 1042 διώκειν
2572 989 2658 1042 τὸν
2691 989 3003 1058 πικρότερον
3033 985 3193 1037 λύκου
3246 981 3307 1033 τὸ
3338 979 3582 1048 ποίμνιον
3624 975 3858 1025 5:137:1-

2313 1077 2526 1146 ράσσειν
2560 1078 2995 1144 ἐπανιστάμενον.

1952 1166 2018 1218 Et
2038 1168 2196 1235 infra,
2221 1185 2339 1237 pag.
2365 1170 2506 1224 558:

753 1247 860 1312 llic.
905 1259 1087 1325 itaque
1132 1256 1314 1312 Manes
1361 1268 1467 1328 tam
1505 1258 1680 1326 impia
1725 1258 1993 1328 haereseos
2037 1267 2222 1325 auctor

685 1363 830 1409 nono
856 1363 999 1401 anno
1028 1346 1295 1400 Valeriani
1326 1356 1380 1401 et
1404 1348 1648 1414 Gallieni,
1681 1349 1771 1416 qui
1802 1347 2098 1399 Romanum
2127 1347 2220 1399 ob-

682 1434 928 1486 tinebant
952 1433 1258 1500 imperium,
1291 1448 1353 1487 ex
1377 1433 1659 1488 Persarum
1685 1434 1989 1488 carceribus
2017 1432 2222 1502 fugiens

597 1579 599 1582 I
672 1521 782 1590 (nil
811 1522 953 1575 enim
983 1531 1162 1585 vetat,
1199 1518 1501 1590 quominus
1551 1539 1610 1578 ea
1639 1520 2064 1593 persequamur,
2103 1538 2222 1590 qua:

683 1626 848 1680 supra
879 1611 1121 1666 historia:
1148 1614 1403 1668 decursus
1432 1614 1787 1682 praetermisit)
1818 1629 1937 1667 cum
1972 1613 2024 1669 in
2053 1611 2226 1667 Meso-

649 1701 974 1772 {potamiam
1008 1702 1237 1757 venisset
1262 1701 1338 1765 {Et
1367 1703 1547 1773 divino
1576 1702 1837 1756 Archelao
1884 1702 2019 1771 (erat
2043 1711 2220 1754 autem

683 1805 837 1845 sacer
864 1791 963 1844 iste
998 1791 1077 1842 vir
1103 1791 1494 1845 Carcharorum
1541 1792 1778 1860 ejusdem
1813 1793 2043 1860 regionis
2074 1792 2221 1846 urbis

2403 1261 2459 1312 '0
2493 1260 2588 1329 μὲν
2615 1256 2706 1312 οὖν
2732 1243 2919 1327 Μάνης
2954 1252 3124 1319 οὗτος,
3171 1257 3198 1308 ὁ
3225 1255 3320 1324 τῆς
3373 1250 3697 1319 τηλικαύτης
3722 1247 3861 1298 drm-

2326 1349 2543 1410 στασίας
2570 1349 2808 1419 ἔξαρχος,
2871 1348 2977 1399 ἔτει
3004 1348 3099 1414 τῆς
3136 1342 3402 1412 βασιλείας
3441 1340 3638 1407 ἑννάτῳ
3659 1336 3864 1388 Οὐαλε-

2329 1437 2506 1505 ριανοῦ
2536 1439 2627 1489 καὶ
2656 1427 2964 1506 Γαλλιηνόῧ,
2990 1436 3039 1487 οἳ
3075 1434 3287 1501 Ῥώμης
3332 1423 3563 1500 εἴχοντο
3599 1426 3866 1496 facilem?

2326 1527 2541 1595 κράτος,
2573 1526 2669 1595 τὴν
2710 1529 2766 1577 ὲν
2821 1526 3052 1593 Πέρσαις
3100 1521 3337 1590 φυλακὴν
3369 1518 3641 1586 διαφυγὼν
3690 1515 3864 1582 (οὐδὲν

2324 1615 2431 1684 γὰρ
2459 1615 2651 1668 κωλύει
2680 1615 2902 1667 διελθεῖν
2925 1614 2960 1666 ἂ
2983 1614 3081 1680 τῆς
3113 1613 3345 1682 ἱστορίας
3370 1614 3397 1662 ὁ
3433 1605 3625 1677 δρόμος
3652 1604 3864 1670 πιρῆλ-

2326 1704 2415 1755 θεν
2439 1704 2680 1772 ἄνωθεν),
2714 1704 2803 1756 καὶ
2832 1705 2965 1772 μετὰ
3037 1699 3450 1769 Μεσοποταμίαν
3473 1695 3728 1765 γεγονὼς,
3763 1693 3867 1745 ὑπὸ

2324 1792 2378 1843 δὲ
2409 1792 2499 1844 τοῦ
2527 1793 2805 1845 Θεσπεσίου
2847 1793 3129 1864 ’Λρχελάου
3174 1790 3494 1860 (Καρχάρων
3540 1787 3594 1837 δὲ
3646 1786 3743 1850 τῆς
3769 1783 3866 1834 αὖ·

680 1878 1003 1951 cpiscopus)
1058 1879 1173 1947 eius
1229 1881 1474 1948 impietas
1530 1881 1738 1950 egregie
1787 1881 2223 1949 abundanterque

2327 1882 2422 1950 τῆς
2447 1881 2624 1952 χώρας
2654 1878 2801 1944 οὗτος
2823 1884 2850 1935 ὁ
2883 1884 3025 1953 ἱερὸς
3071 1883 3208 1952 ἀνὴρ
3243 1882 3426 1949 ἒψορος
3475 1873 3590 1946 ἦν),
3640 1875 3894 1935 πολλοὺς·

680 1968 955 2023 confutata
979 1979 1078 2024 est.
1113 1970 1283 2037 Atque
1311 1970 1452 2035 inde,
1489 1970 1759 2038 insperato
1786 1971 2022 2024 suffusus
2049 1971 2220 2038 pudo-

680 2074 760 2124 re,
796 2058 1022 2129 fugiens,
1053 2060 1118 2112 ad
1153 2060 1418 2113 Dioridem
1451 2059 1844 2112 Carcharorum
1876 2061 2109 2128 regionis
2134 2074 2222 2129 op-

682 2150 864 2217 pidum
890 2150 1026 2202 clam
1053 2151 1278 2201 accessit
1301 2189 1314 2211 ,
1370 2149 1460 2200 ubi
1487 2148 1538 2200 in
1566 2147 1906 2216 'l‘ryphonem
1936 2149 2218 2216 quemdam

680 2253 897 2291 sacrum
928 2239 1317 2306 probatumque
1344 2236 1515 2288 virum
1549 2227 1678 2288 etin
1717 2237 2024 2304 presbyterii
2057 2237 2222 2306 gradu

679 2327 918 2394 positum
955 2326 1215 2388 incidens,
1244 2340 1346 2376 non
1380 2326 1638 2378 minorem
1668 2326 2009 2391 ignominiam
2045 2336 2227 2394 pertu—

681 2418 754 2471 lit.
799 2417 938 2482 Quin
969 2426 1023 2470 et
1052 2418 1164 2484 ipse
1188 2417 1482 2471 Archelaus
1505 2417 1767 2470 .‘llanetem
1802 2419 1927 2472 illuc
1947 2420 2226 2472 advenisse

680 2521 1007 2576 cognoscens
1043 2505 1174 2574 (erat
1202 2507 1340 2559 enim
1378 2508 1460 2559 vir
1499 2522 1620 2560 acer
1645 2517 1697 2560 et
1727 2509 1936 2575 pictatis
1964 2509 2075 2561 zelo
2103 2525 2227 2562 suc-

679 2597 915 2663 census),
949 2596 1012 2649 ad
1045 2597 1183 2649 idem
1228 2597 1480 2666 oppidum
1513 2598 1773 2660 accessit;
1805 2607 1856 2650 et
1890 2599 2224 2666 deceptorem

681 2687 830 2739 illum
861 2687 926 2740 ad
957 2687 1166 2740 consilii
1199 2686 1430 2754 in0piam
1457 2687 1728 2740 redactum
1753 2725 1768 2749 .
1813 2696 1864 2741 et
1909 2688 2222 2743 confusione

680 2791 841 2844 quam
870 2776 1105 2830 maxime
1132 2777 1350 2841 vitabat,
1380 2768 1677 2844 perfusum,
1709 2779 1900 2831 iterum
1948 2779 2014 2832 iis
2054 2782 2221 2834 ratio~

678 2868 839 2921 nibus
870 2867 1067 2937 quibus
1093 2882 1253 2921 exosa
1291 2867 1407 2934 ejus
1436 2867 1684 2936 dogmata
1715 2867 1990 2932 subvertit,
2015 2879 2066 2922 et
2091 2885 2227 2921 cun-

681 2957 785 3008 ctis
825 2952 1115 3009 deridenda
1159 2963 1318 3022 atque
1345 2954 1654 3008 detestanda
1685 2955 1990 3022 pr0posuit,
2041 2957 2221 3024 fugam

680 3044 916 3112 arripere
939 3044 1129 3112 coegit.

2328 1974 2424 2041 μὲν
2449 1973 2538 2024 καὶ
2565 1972 2824 2041 μεγάλους
2861 1973 3108 2041 ἐλέγχους
3131 1972 3228 2041 τῆς
3252 1968 3559 2028 δυσσεϐείας
3588 1964 3864 2033 ἀπητήση.

2339 2062 2570 2113 Ἐκεῖθεν
2593 2062 2647 2112 δὲ
2668 2062 2752 2113 διὰ
2790 2061 2883 2130 τὴν
2912 2061 3170 2130 ἀδόκητον
3215 2059 3468 2129 αἰσχύνην
3502 2055 3760 2124 ἀποδράς,
3789 2056 3867 2115 εἰς

2326 2151 2552 2220 Διωρίδα
2596 2150 2898 2220 Καρχάρων
2946 2150 3157 2219 κώμην.
3184 2149 3529 2220 παραδύεται.
3584 2148 3671 2198 Ἐν
3701 2145 3867 2212 ταύτῃ

2324 2242 2378 2292 δὲ
2411 2240 2658 2310 Τρύφωνι
2690 2258 2793 2293 τινι
2822 2240 3106 2310 σπουδαίῳ,
3173 2241 3298 2308 ἱερῷ
3354 2241 3447 2310 μὲν
3474 2239 3644 2308 ἀνδρὶ,
3680 2236 3770 2287 τὸν
3813 2235 3868 2285 δὲ

2327 2331 2418 2383 τοῦ
2453 2330 2815 2400 πρεσϐυτέρου
2845 2330 3075 2383 διέποντι
3107 2331 3326 2400 βαθμὸν,
3370 2333 3623 2398 ἐντυχὼν,
3681 2327 3751 2378 τά
3783 2327 3869 2377 ἶσα

2327 2420 2550 2488 ὑπέστη.
2579 2418 2724 2490 Πλὴν
2751 2420 2884 2473 ἀλλὰ
2938 2421 3028 2472 καὶ
3084 2420 3242 2482 αὐτός
3274 2437 3332 2470 τε
3373 2422 3400 2471 ὁ
3454 2418 3740 2487 Ἀρχέλαος
3772 2417 3869 2483 τὴν

2324 2510 2499 2561 ἐκεῖσε
2526 2510 2867 2580 παρείσδυσιν
2895 2510 2985 2563 τοῦ
3010 2511 3212 2564 πλάνου
3261 2508 3443 2579 μαθὼν
3477 2509 3622 2575 (ὀξὺς
3669 2507 3776 2576 γὰρ
3803 2503 3869 2574 ἦν

2327 2602 2417 2652 καὶ
2446 2600 2642 2671 θερμὸς
2669 2602 2757 2653 τὸν
2794 2602 2987 2670 εύσεϐἧ
3020 2598 3219 2670 ζῆλον),
3251 2599 3649 2668 καταλαμϐάνει
3673 2596 3735 2648 τὸ
3768 2614 3867 2663 χω-

2328 2693 2458 2762 ρίον·
2495 2693 2586 2743 καὶ
2612 2691 2805 2762 πολλῆς
2857 2692 3136 2762 ἐμπλήσας
3181 2690 3269 2742 τὸν
3320 2689 3514 2742 πλάνον
3543 2693 3870 2757 ἀμηχανίας,

2327 2783 2417 2834 καὶ
2443 2782 2509 2851 ἣν
2537 2783 2757 2849 ἔφευγεν
2783 2783 3057 2853 αἰσχύνης,
3090 2777 3169 2836 οἷς
3190 2781 3350 2833 αὑτοῦ
3380 2779 3445 2831 τὰ
3498 2778 3712 2847 μυσαρὰ
3767 2774 3873 2826 τῶν

2323 2869 2604 2939 δογμάτων
2632 2873 2888 2942 ἁνέτρεπὲ
2916 2890 2998 2934 τε,
3034 2872 3125 2922 καὶ
3154 2868 3500 2929 ἀνεσκεύαζε,
3533 2869 3624 2917 καὶ
3650 2865 3870 2934 προύτί-

2327 2957 2408 3010 θει
2467 2963 2596 3012 πᾶσι
2629 2962 2837 3028 γέλωτά
2872 2979 2930 3012 τε
2979 2962 3073 3013 καὶ
3127 2959 3418 3026 βδέλυγμα,
3468 2951 3872 3024 παρασκευάζει

2328 3050 2486 3101 πάλιν
2516 3052 2725 3117 φυγάδα
2757 3051 3023 3118 γενέσθαι.

2203 3131 2328 3187 VIII.

1634 3225 1832 3276 Auctor
1869 3239 2156 3291 anonymus
2193 3224 2374 3278 Libelli
2404 3226 2670 3292 Synodici.
2699 3196 2938 3298 cap-27.

755 3309 1006 3382 Synodus
1038 3311 1216 3364 divina
1260 3321 1312 3365 et
1353 3327 1506 3366 sacra
1535 3311 1877 3380 particularis
1923 3312 2146 3365 collecta
2176 3313 2226 3363 in
2258 3319 2297 3372 C

682 3389 1066 3472 Mesopotamia
1098 3402 1164 3455 ab
1186 3401 1444 3456 Archelao
1474 3403 1865 3457 Carcharorum
1892 3403 2144 3470 episcopo
2173 3410 2228 3455 et

684 3493 917 3547 Diodoro
971 3491 1286 3554 sacerdote,
1331 3497 1519 3543 contra
1567 3490 1772 3544 Manem
1817 3491 2129 3544 infernalcm
2173 3499 2262 3545 et-

685 3584 1056 3652 Diodoriadem
1086 3582 1476 3651 presbyterum,
1504 3594 1622 3647 qua
1644 3581 1824 3635 multis
1847 3582 2020 3636 modis
2045 3580 2226 3636 confu-

685 3681 826 3726 tatos
852 3673 1014 3726 hosce
1039 3669 1326 3724 abdicavit.

2210 3763 2299 3819 IX.

2403 3313 2623 3376 Σύνοδος
2653 3317 2770 3368 θεία
2824 3319 2913 3370 καὶ
2954 3318 3071 3388 ἱερά
3119 3319 3314 3389 μερικὴ
3345 3316 3784 3387 συναθροισθεῖσα
3813 3317 3872 3366 ἑν

2329 3406 2390 3472 τῇ
2426 3404 2812 3477 Μεσοποταμίᾳ
2850 3410 2952 3460 ὑπὸ
2995 3409 3281 3478 Ἀρχελάου
3327 3407 3622 3460 ἐπισκόπου
3652 3404 3872 3474 Καρχά-

2330 3510 2436 3562 ρων
2462 3495 2552 3546 καὶ
2577 3498 2834 3568 Διοδώρου
2865 3501 3046 3570 ἱερέως
3081 3501 3216 3553 κατὰ
3244 3499 3513 3558 Μάνεντος
3541 3496 3633 3548 τοῦ
3671 3493 3870 3564 ἐρεϐώ-

2327 3585 2446 3647 δους
2476 3588 2566 3639 καὶ¹
2594 3590 2936 3660 Διοδωριάδου
2973 3592 3356 3662 πρεσϐυτέρου,
3381 3590 3500 3658 ἥτις
3528 3587 3870 3655 πολυτρόποις

2329 3676 2547 3741 τούτους
2579 3680 2839 3748 ἐλέγξασα
2863 3682 3185 3753 ἀπεκήρυξε.

947 3840 950 3842 ⁷
1029 3839 1224 3905 Auctor
1268 3866 1551 3921 anongmus
1601 3848 1850 3902 Historia:
1894 3851 2140 3906 horrescas
2178 3851 2602 3924 Munic/mrorum,
2634 3880 2660 3915 e
2684 3881 2780 3917 ms.
2812 3866 2983 3918 codice
3005 3867 3140 3931 regio
3166 3862 3520 3915 Taurinensi.,

759 3969 1068 4039 Scythianus
1098 3970 1172 4034 (4)
1213 3969 1430 4037 quidam
1473 3969 1574 4027 fuit
1607 3984 1674 4022 ex
1715 3984 1906 4039 genere
1938 3967 2230 4021 Saraceno-

690 4075 832 4120 rum,
858 4073 886 4110 a
912 4073 1018 4125 quo
1044 4058 1260 4112 haeresis
1284 4058 1694 4113 Manichaeorum
1743 4067 1859 4112 orta
1883 4069 1961 4112 est
1983 4077 1996 4123 ;
2021 4058 2111 4126 qui
2138 4060 2230 4111 ad-

695 4150 886 4200 ":ersus
914 4161 1090 4199 veram
1119 4155 1426 4215 rectamque
1460 4148 1614 4201 ﬁdem
1648 4156 1879 4216 quatuor
1908 4146 2072 4200 libros
2101 4161 2230 4198 con-

694 4235 929 4304 scripsit,
964 4251 1191 4302 quorum
1224 4251 1387 4290 unum
1423 4238 1630 4290 vocavit
1657 4237 1992 4306 Mysterium,
2041 4250 2230 4288 secun-

693 4328 818 4380 dum
870 4323 1264 4389 Capitulorum,
1313 4325 1524 4377 tertium
1559 4325 1936 4393 Evangelium,
1981 4334 2231 4392 quartum

690 4432 821 4468 vero
842 4413 1158 4466 Thesaurum
1183 4415 1494 4480 appellavit:
1515 4426 1566 4469 et
1588 4417 1773 4468 habuit
1797 4415 2115 4482 discipulum
2144 4429 2238 4465 n0-

694 4505 836 4558 mine
865 4498 1208 4560 Tereb‘intum,
1232 4499 1322 4565 qui
1347 4501 1656 4567 discipulus,
1687 4511 1897 4554 mortuo
1929 4498 2231 4567 Scythiano,

693 4609 912 4650 sumens
937 4593 1008 4661 (5)
1041 4600 1364 4644 memoratos
1413 4601 1641 4657 quatuor
1671 4593 1836 4646 libros
1861 4609 1893 4652 ,ι
1919 4607 2015 4644 nec
2041 4605 2145 4642 non
2181 4596 2234 4640 et

693 4686 976 4759 pecuniam
1007 4673 1112 4735 non
1143 4696 1382 4749 parvam,
1408 4682 1657 4746 quoniam
1690 4682 1788 4735 fuit
1819 4682 1892 4748 (6)
1918 4680 2231 4749 Scythianus

2333 3988 2544 4045 ceperat
2565 4019 2577 4042 ,
2606 3997 2700 4047 pro
2727 3992 2895 4036 morte
2922 3984 3038 4052 ejus
3081 3981 3319 4049 pecuniae
3362 3978 3652 4045 cupiditate
3689 3977 3869 4044 gavisa

2333 4087 2553 4138 puerum
2589 4075 2688 4126 sihi
2732 4091 2829 4142 pro
2856 4073 3144 4128 senectutis
3188 4069 3379 4122 solatio
3407 4067 3739 4135 comparavit
3773 4068 3868 4132 (ἲ),

2333 4162 2546 4214 nomine
2577 4161 2892 4223 Curbicium,
2915 4175 3070 4229 quem
3095 4169 3146 4212 et
3167 4158 3352 4210 litteris
3385 4171 3488 4209 non
3516 4155 3872 4212 mediocribus

2335 4253 2561 4304 erudivit
2591 4270 2604 4304 :
2641 4261 2761 4320 post
2786 4253 2938 4320 cujus
2961 4259 3183 4303 mortem
3208 4261 3314 4298 non
3339 4246 3512 4300 solum
3538 4246 3704 4297 libros
3735 4260 3869 4312 quos

2341 4338 2640 4395 Terebiutus
2675 4343 2984 4410 reliquerat,
3013 4339 3183 4410 sedset
3206 4337 3488 4404 pecuniam
3521 4336 3750 4388 Curbicii
3781 4349 3870 4386 su-

2338 4444 2486 4483 mens
2514 4475 2527 4493 ,
2576 4431 2788 4484 Trembi
2822 4433 2897 4500 (8)
2946 4428 3237 4495 discipulos
3287 4426 3612 4493 acquisivit,
3639 4437 3867 4492 quarum

2338 4534 2476 4572 unus
2514 4521 2754 4584 Thomas,
2788 4522 2925 4574 alius
2961 4516 3126 4578 Abda,
3156 4501 3342 4567 tertius
3373 4525 3455 4567 est
3487 4513 3730 4565 Hermas.
3763 4510 3871 4562 llos

2337 4610 2401 4661 ad
2435 4613 2822 4677 prxdicandum
2857 4613 3019 4664 libros
3040 4621 3174 4675 quos
3199 4603 3509 4673 Scythianus
3533 4603 3870 4670 conscripse-

2338 4709 2441 4761 I'al,
2469 4700 2731 4760 ιιιὶιιρὺιιι.
2763 4701 2960 4768 quibus
2991 4696 3064 4762 (9)
3097 4695 3337 4763 plurima:
3366 4694 3652 4762 provinciae
3691 4693 3743 4745 in
3773 4707 3873 4744 Inc-

690 4778 848 4830 valde
873 4774 1173 4828 ditissimus
1198 4779 1311 4823 erat
1335 4787 1348 4832 ;
1375 4784 1502 4833 ergo
1526 4809 1540 4832 ,
1570 4779 1628 4821 ut
1650 4772 2067 4824 memorabimus
2091 4811 2105 4834 ,
2141 4768 2229 4821 Te-

2338 4798 2539 4840 morata
2567 4801 2705 4842 secta
2732 4791 2947 4844 irretitze
2971 4795 3112 4841 sunt.
3149 4784 3347 4836 Tamen
3381 4795 3432 4838 et
3463 4786 3574 4854 ipse
3600 4784 3869 4837 (ἔω-ὀξεῖαι

693 4868 924 4919 rebinlus
953 4864 1162 4918 devenit
1206 4863 1256 4914 in
1284 4859 1521 4918 Persida,
1571 4868 1622 4910 et
1652 4876 1680 4912 a
1705 4863 1932 4928 quadam
1959 4862 2116 4913 vidua
2143 4875 2232 4913 so-

692 4960 867 5011 litaria
908 4966 1185 5022 susceptus
1229 4962 1339 5015 est,
1386 4965 1502 5019 qu.c
1541 4951 1651 5002 sola
1705 4963 1906 5006 secreta
1939 4954 2055 5020 ejus
2094 4953 2230 5006 scire

689 5049 882 5118 potuit.
944 5045 1039 5098 llic
1077 5045 1304 5096 elatione
1345 5040 1581 5095 tumidus
1616 5038 1830 5091 "dicebat
1859 5057 1913 5094 se
1934 5043 1996 5094 de
2025 5041 2230 5109 virgine

693 5147 875 5190 natum
900 5177 914 5200 ,
959 5143 1011 5187 et
1054 5134 1120 5185 ab
1164 5133 1350 5202 angelo
1381 5133 1430 5182 in
1465 5128 1737 5181 montibus
1779 5131 2100 5185 enutritum:
2137 5129 2228 5197 qui

694 5228 851 5291 etiam
876 5267 889 5288 ,
925 5231 1128 5276 mutato
1157 5223 1254 5275 sibi
1292 5220 1538 5279 nomine,
1593 5217 1831 5270 Buddam
1866 5233 1920 5269 se
1955 5235 2046 5282 pro
2081 5218 2229 5270 Tere-

694 5313 835 5366 binto
868 5312 1167 5381 appellavit.
1231 5311 1331 5364 Sed
1379 5327 1500 5363 cum
1550 5307 1778 5375 quadam
1825 5305 1909 5356 die
1953 5306 2002 5356 in
2036 5307 2229 5358 solario

693 5403 1044 5465 ascenderet,
1095 5403 1163 5455 ab
1206 5403 1481 5455 immundo
1538 5398 1724 5465 spiritu
1756 5395 1944 5448 exinde
1971 5396 2227 5462 dejectus,

692 5502 906 5558 repente
931 5494 1175 5562 spiritum
1203 5492 1596 5545 reddiditTum
1625 5489 1801 5552 vidua,
1821 5480 1939 5563 qum
1963 5501 2082 5539 eum
2111 5503 2231 5540 sus-

786 5623 838 5685 ὧ)
879 5623 976 5676 Ms.
1016 5644 1033 5675 ‹
1071 5625 1359 5679 Scitianus.
1392 5644 1410 5675 ι

764 5691 841 5754 t5)
886 5710 903 5739 ι
946 5694 1217 5747 Sumebat.
1257 5715 1272 5744 ι

766 5755 843 5822 (ϐ)
879 5757 990 5812 Hoc
1023 5781 1038 5810 ι
1080 5762 1178 5814 fuit
1214 5785 1231 5813 ι
1265 5764 1543 5816 delendum
1578 5775 1694 5816 esse
1724 5758 1973 5812 arbitror.

767 5826 842 5897 (ἶ)
881 5826 977 5879 Ms.
1017 5848 1033 5878 ι
1066 5833 1411 5897 comparabit.
1452 5851 1467 5880 ι

2335 4886 2453 4946 post
2495 4886 2716 4930 mortem
2749 4881 2939 4941 viduae,
2985 4879 3265 4929 immutate
3310 4875 3412 4927 sibi
3441 4876 3656 4928 nomine
3684 4874 3870 4926 Manen

2335 4983 2517 5037 sepro
2562 4967 2799 5022 Cui-bicio
2837 4970 2943 5038 (10)
2980 4966 3334 5032 nuncupavit,
3389 4967 3478 5032 qui
3525 4965 3812 5034 aliquando
3841 4977 3869 5013 a

2336 5073 2456 5126 rege
2481 5055 2763 5109 Persarum
2790 5057 3224 5126 comprehensus,
3248 5054 3336 5104 tali
3366 5057 3628 5107 sententia
3654 5056 3872 5106 damna-

2336 5159 2420 5199 tus
2453 5154 2552 5207 cst,
2591 5155 2645 5196 ut
2674 5147 2940 5198 hircorum
2973 5161 3120 5197 more
3151 5143 3490 5203 discorialus,
3522 5153 3642 5194 uter
3669 5144 3782 5209 ejus
3807 5139 3868 5191 ad

2336 5245 2541 5306 portam
2575 5236 2846 5302 penderet,
2898 5248 3087 5287 carnes
3119 5244 3244 5281 vero
3267 5231 3384 5297 ejus
3415 5232 3726 5283 volucribus
3754 5227 3866 5279 (σξη

2337 5330 2400 5380 ad
2445 5342 2621 5380 escam
2668 5328 2999 5392 proficerent.
3069 5321 3189 5373 llzcc
3223 5320 3291 5373 ita
3336 5336 3452 5375 esse
3485 5321 3679 5374 melius
3716 5330 3868 5372 nosse

2335 5418 2606 5485 cupientes
2642 5413 2954 5465 Archelaum
2990 5413 3178 5478 legant.
3661 5429 3664 5432 ~

2400 5619 2472 5674 (3)
2514 5615 2730 5668 Videtur
2753 5611 3030 5679 legendum
3067 5628 3084 5659 ι
3117 5619 3241 5665 tres.
3276 5630 3296 5663 ι

2400 5690 2473 5742 (Ω)
2516 5687 2608 5738 Ms.
2650 5703 2664 5733 ι
2702 5698 2790 5750 per
2819 5681 3034 5750 quibus.
3075 5698 3092 5729 ι

2401 5757 2508 5824 (10)
2548 5755 2643 5806 Ms.
2689 5749 2711 5802 ι
2738 5749 3067 5804 Curbicium.
3105 5769 3122 5800 ο
