4094 6350
205 591 350 646 1119

1063 568 1236 628 ΔΕΤΑ
1277 564 1442 622 DISP.
1482 564 1537 618 S.
1580 564 1864 620 ARCHEL.
1908 568 2046 624 CUM
2086 570 2359 627 ΜΔΝΕΤΕ
2398 575 2554 630 ΗΕΒ.

3261 583 3397 636 H30

199 784 3394 809 W

954 921 1366 1087 ACTA
1495 919 2687 1047 DISPUTATIONIS

1331 1173 1473 1285 s.
1572 1172 2269 1287 ARCHELAI

424 1356 1318 1508 ICASCHAROR’UM
1443 1413 1566 1500 lN
1633 1400 2506 1506 'MESOl’OTAMIA
2575 1413 3108 1506 EPISCOPI

1215 1600 1370 1662 CUM
1417 1599 1746 1659 MANETE
1797 1592 2400 1659 HJERESIARCHA.
2451 1583 2456 1590 '
2869 1680 2872 1687 λ
3180 1603 3186 1607 τ

1714 1707 1736 1735 Α

277 1911 322 1966 1.
361 1909 674 1967 Thesaurus
728 1923 888 1963 verus
912 1949 929 1974 ,
978 1909 1088 1961 sive
1135 1907 1425 1976 disputatio
1473 1907 1652 1962 habita
1707 1909 1759 1961 in
1791 1911 1832 1965 A
1863 1906 2031 1975 pretia
2061 1907 2343 1968 militibus,
2377 1923 2475 1961 nec
2503 1923 2727 1962 numero
2751 1910 2930 1977 aliquo
2964 1924 3059 1963 nec
3085 1906 3401 1963 discretione

202 2000 449 2060 Carchar
493 2002 604 2070 (ll)
650 2000 864 2056 civitate
933 1997 1351 2066 Mesopotamiae,
1391 1998 1760 2068 judicantibus

207 2090 465 2160 Manippo
500 2089 630 2159 (12).
660 2097 713 2142 et
742 2082 984 2156 Egialco
1008 2128 1022 2151 ,
1053 2098 1104 2141 et
1128 2088 1370 2159 Claudio,
1405 2097 1458 2141 et
1487 2087 1756 2142 Cleobolo.

205 2180 270 2235 In
303 2198 406 2248 qua
436 2181 566 2234 urbe
597 2179 989 2246 Mesopotamiae
1014 2187 1128 2232 erat
1152 2180 1366 2248 quidam
1403 2179 1503 2241 vir,
1537 2177 1781 2231 Marcelr

211 2268 303 2323 ius
329 2270 563 2326 nomine.
591 2269 681 2335 qui
712 2269 817 2319 vita
845 2276 898 2320 et
934 2268 1126 2321 studiis
1155 2278 1207 2321 et
1235 2282 1448 2336 genere,
1482 2267 1761 2335 prudentia

207 2371 427 2427 quoque
451 2365 504 2408 et
528 2356 807 2409 honestate
843 2357 996 2409 valde
1023 2357 1200 2409 clarus
1234 2356 1560 2420 habebatur;
1589 2354 1760 2408 facul-

209 2447 414 2503 tatibus
441 2447 601 2500 etiam
628 2448 900 2513 cepiosus,
935 2455 988 2499 et
1021 2448 1163 2515 quod
1190 2447 1431 2499 omnium
1466 2448 1760 2500 maximum

209 2547 332 2600 est,
384 2537 786 2606 religiosissime
835 2535 998 2590 Deum
1047 2537 1277 2600 timens,
1327 2546 1379 2590 et
1421 2537 1504 2591 his
1551 2553 1670 2607 quae
1697 2538 1763 2592 de

207 2627 428 2681 Christo
448 2627 785 2688 dicebantur,
806 2641 1016 2695 semper
1046 2642 1166 2680 cum
1195 2628 1387 2681 timore
1412 2629 1719 2684 auscultans
1745 2648 1758 2694 ;

207 2731 311 2772 nec
339 2716 633 2786 quidquam
662 2716 886 2768 omnino
911 2716 1036 2768 boni
1064 2727 1203 2780 erat,
1239 2719 1380 2786 quod
1417 2720 1489 2770 illi
1522 2719 1636 2771 viro
1664 2719 1758 2770 de-

203 2818 354 2863 esset
388 2825 400 2859 :
436 2806 578 2859 unde
601 2817 653 2859 et
677 2806 883 2859 henore
916 2807 1147 2873 plurimo
1173 2807 1240 2862 ab
1271 2809 1519 2862 universa
1545 2810 1762 2864 civitate

207 2898 526 2961 colebatur,
562 2897 915 2966 plurimisque
965 2898 1078 2964 ipse
1124 2898 1392 2951 civitatem
1449 2914 1600 2953 suam
1652 2899 1759 2953 fre-

205 2996 437 3056 quenter
487 2985 860 3050 largitionibus
907 2985 1380 3048 remunerabatur,
1436 2985 1760 3053 pauperibus

206 3077 450 3130 tribuens
474 3115 487 3138 ,
524 3077 747 3130 afllictos
775 3076 1015 3129 relevans
1040 3115 1054 3138 ,
1094 3077 1360 3129 tribulatis
1391 3078 1651 3129 auxilium
1685 3077 1760 3130 fe-

207 3178 358 3217 rens.
417 3163 519 3217 Sed
554 3179 618 3218 ne
645 3165 954 3227 infirmitate
995 3167 1279 3219 verborum
1328 3166 1614 3221 virtutibus
1658 3167 1755 3218 viri

205 3253 528 3321 derogemus
580 3255 760 3321 potius
815 3271 976 3322 quam
1022 3255 1182 3324 digna
1237 3243 1608 3325 proferamus,
1645 3257 1758 3311 haec

207 3342 412 3395 dixisse
440 3341 665 3395 sufliciat
696 3363 708 3399 :
739 3345 802 3396 ad
827 3360 969 3422 opus;
993 3348 1132 3414 quod
1165 3347 1500 3414 propositum
1532 3357 1632 3409 est,
1663 3363 1755 3400 vc-

207 3431 377 3483 niam.
434 3427 676 3493 Quodam
714 3433 765 3484 in
797 3423 1035 3502 tempore
1066 3451 1186 3487 eum
1224 3436 1483 3489 Archelao
1505 3439 1757 3505 cpisc0po

206 3520 544 3586 captivorum
577 3520 863 3574 multitudo
890 3521 1080 3576 fuisset
1118 3524 1294 3577 oblata
1330 3541 1357 3578 a
1384 3527 1642 3581 militibus
1666 3529 1757 3598 qui

207 3610 282 3663 ibi
311 3616 486 3663 castra
524 3611 848 3672 servabant,
901 3622 1101 3680 septem
1144 3616 1308 3669 millia
1340 3633 1563 3673 numero
1591 3629 1643 3673 et
1669 3635 1756 3674 sc-

207 3699 489 3768 ptingenti,
528 3714 634 3752 non
669 3702 957 3756 mediocris
999 3719 1122 3758 eum
1150 3707 1452 3762 sollicitudo
1486 3712 1755 3764 constrin-

110 3843 122 3852 ,
209 3797 382 3853 xerat,
414 3804 477 3843 eo
510 3792 650 3859 quod
687 3808 781 3860 pro
814 3794 984 3848 salute
1019 3796 1256 3864 ipsorum
1293 3815 1482 3852 aurum
1514 3815 1547 3854 a
1572 3800 1756 3852 militi-

210 3881 314 3933 bus
359 3893 704 3949 posceretur;
757 3885 846 3952 qui
878 3901 999 3939 cum
1031 3888 1373 3942 dissimulare
1401 3903 1506 3942 non
1552 3900 1753 3957 posset,

207 3984 308 4039 pro
351 3970 606 4040 religione
648 3983 700 4025 et
750 3975 940 4028 timore
973 3975 1065 4029 Dei
1097 3977 1439 4030 vehementer
1468 3979 1753 4042 aestuabat,

168 4130 174 4133 _
205 4067 262 4110 et
295 4059 510 4114 tandem
559 4061 623 4114 ad
659 4059 964 4116 Marcellum
1002 4079 1316 4134 properans,
1362 4063 1436 4117 rei
1469 4075 1631 4132 gestze
1663 4081 1757 4119 nc-

197 4140 415 4217 i'gotium
442 4153 684 4219 exponit.
738 4151 957 4218 Verum,
1007 4164 1065 4207 ut
1093 4156 1205 4208 haec
1237 4155 1440 4208 audivit
1466 4157 1545 4208 vir
1575 4157 1757 4224 piissi-
1802 4213 1806 4216 ,

182 4269 184 4271 ν
208 4254 333 4293 mus
360 4240 642 4296 Marcellus
663 4285 678 4310 ,
722 4246 852 4299 nihil
885 4248 1109 4300 omnino
1138 4256 1378 4299 moratus
1397 4288 1410 4310 ,
1464 4247 1758 4316 ingreditur

209 4329 454 4391 domum,
488 4345 799 4400 praeparans
830 4335 996 4402 pretia
1028 4334 1384 4401 captivorum,
1417 4346 1755 4403 quantacun-

174 4452 178 4456 η
207 4432 317 4487 que
346 4419 718 4485 poposcissent
747 4429 840 4490 qui
870 4423 1201 4478 deduxerant
1227 4425 1469 4489 vinctos;
1505 4437 1553 4479 et
1587 4429 1758 4480 conti-

209 4521 344 4574 nuo,
373 4508 626 4563 reseratis
655 4510 922 4567 honorum
958 4529 1178 4570 suorum
1211 4514 1477 4568 thesauris
1498 4558 1510 4580 ,
1543 4519 1754 4584 pietatis

279 4730 392 4799 (ll)
433 4728 557 4786 Hzec
575 4733 760 4804 eadem
789 4736 916 4790 urbs
943 4735 1082 4789 infra
1109 4751 1225 4804 cap.
1256 4736 1289 4789 '5
1325 4754 1342 4785 ι
1374 4735 1573 4794 Charra
1613 4760 1628 4790 ι
1662 4758 1756 4795 νος

206 4811 395 4878 catur,
427 4811 532 4878 non
556 4820 582 4878 _¢
617 4803 885 4878 Carcjrar,
925 4824 976 4878 ιυ
999 4814 1092 4859 aut
1124 4823 1141 4855 ι
1168 4805 1445 4878 _Cascha_r,
1488 4827 1503 4858 ι
1546 4821 1602 4862 ut
1630 4811 1758 4878 Epi-

210 4869 446 4941 phanius
481 4869 668 4941 habet.
726 4871 901 4937 Quare
927 4876 1216 4941 disputatio
1251 4874 1348 4926 ista
1383 4876 1558 4930 habita
1590 4869 1757 4934 fuisse

207 4938 422 5014 videtur
455 4940 594 5014 apud
635 4939 869 5014 Carrhas
911 4938 1308 5014 celeberrimam
1364 4943 1759 5014 Mesopotamiae

209 5006 423 5127 ulrbinn.
465 5006 596 5061 Vide
619 5009 772 5077 plura
808 5012 861 5064 in
891 5010 1201 5080 praefatione
1228 5021 1432 5078 nostra,
1456 5006 1544 5070 ubi
1567 5018 1632 5070 dc
1654 5017 1755 5069 Ar-

209 5092 240 5127 c
262 5090 310 5127 ie
335 5091 421 5127 ao.
555 5089 561 5094 ‘

208 5089 421 5129 (2116Ιὲ10.
555 5089 561 5094 ’

283 5143 394 5218 (Ιῂ
435 5143 716 5218 Μάρσιπος
750 5156 971 5201 vocatur
1003 5143 1528 5218 apudiEpiplianium
1557 5155 1608 5206 in
1635 5152 1755 5207 HIE-

208 5228 315 5269 resi
349 5212 760 5268 Manicbteorum
797 5232 938 5279 mm,
964 5212 1111 5269 nuin.
1145 5212 1228 5269 1οξ

284 5282 397 5347 (15)
439 5280 615 5344 Forte,
651 5301 668 5332 ε
706 5286 996 5338 distribuit.
1036 5305 1053 5335 ›

285 5350 398 5418 (14)
438 5348 616 5415 Forte,
653 5370 670 5401 ί
709 5364 1135 5407 commoventur.
1174 5373 1192 5404 ι

285 5420 796 5496 (l5)_Abhorruisse
828 5439 857 5476 a
893 5424 1076 5476 militia
1118 5422 1452 5496 Christianos
1478 5427 1755 5496 primitiva:

212 5489 485 5562 Ecclesiae,
517 5505 580 5543 ne
615 5505 942 5557 paganorum
969 5494 1290 5547 commercio
1314 5489 1758 5562 atque'supersti-

214 5560 454 5613 tionibus
503 5562 901 5615 macularentur
922 5604 935 5626 ,
993 5564 1171 5616 notius
1202 5575 1282 5615 est
1314 5560 1751 5626 cx‘Tertulliano,

212 5627 293 5683 De
322 5643 512 5701 corona
545 5628 802 5701 militis_._e.
844 5634 900 5684 Η
928 5674 941 5695 ,
988 5649 1147 5701 quam
1182 5643 1237 5685 ut
1267 5633 1508 5699 pluribus
1535 5635 1754 5685 deruun-

213 5699 376 5772 strari
401 5712 536 5772 opus
568 5699 656 5772 sit.
718 5698 818 5752 Sed
836 5702 909 5772 _a_d
942 5698 1486 5772 illustranduinhuuc
1511 5701 1754 5772 disputa:

215 5767 379 5837 tionis
402 5767 650 5837 Archelai
671 5781 792 5837 cum
833 5768 1035 5824 Manete
1058 5772 1254 5830 locum,
1288 5769 1573 5837 plurimum
1601 5767 1754 5833 facit,

213 5836 356 5904 quod
389 5835 580 5888 ibidem
605 5835 677 5905 ait
703 5835 1065 5905 Tertulliauus
1099 5860 1110 5894 :
1145 5858 1162 5889 ι
1189 5835 1353 5892 Plane
1378 5839 1421 5891 si
1449 5852 1585 5905 quos
1611 5841 1746 5891 mili-

216 5907 284 5957 tia
318 5914 615 5975 praeventus
647 5903 776 5958 tides
802 5911 1065 5974 posterior
1098 5909 1330 5973 invenit,
1383 5903 1487 5961 alia
1511 5908 1744 5962 conditio

1781 4568 1825 4624 C

1861 1995 1970 2049 ulla
2003 1994 2284 2064 distinguit
2317 1983 2450 2063 (l5),
2486 2006 2542 2047 ut
2569 1999 2740 2064 magis
2769 1997 2911 2049 dona
2939 1997 3293 2064 quampretia
3317 1996 3405 2048 via

1863 2085 2134 2137 dercntur.
2164 2087 2230 2137 At
2262 2085 2333 2136 illi
2360 2085 2606 2138 admirati
2630 2095 2682 2138 ct
2705 2087 2933 2151 amplexi
2959 2097 3063 2139 tam
3089 2087 3401 2152 immensam
3438 2108 3441 2112 '

1862 2175 1962 2228 viri
2007 2176 2257 2243 pietatem
2305 2175 2868 2244 munificentiamque,
2916 2185 2972 2229 et
3013 2175 3136 2228 facti
3188 2174 3436 2250 stuporo'

1863 2267 2089 2334 permoti
2113 2306 2127 2328 ,
2161 2267 2405 2334 exemplo
2434 2265 2812 2318 misericordia:
2839 2271 3243 2318 commonentur
3267 2266 3402 2338 (Η),

1863 2369 1918 2410 ut
1951 2355 2164 2424 plurimi
2191 2372 2254 2410 cx
2287 2359 2416 2424 ipsis
2439 2356 2759 2409 adderentur
2789 2356 2852 2408 ad
2884 2356 3036 2408 fidem
3066 2354 3277 2410 Domini
3305 2371 3404 2411 no-

1863 2449 1958 2500 stri
2001 2447 2126 2502 Jcsu
2173 2447 2404 2510 (Ihristi,
2454 2447 2710 2500 derelicto
2757 2446 2958 2499 militia:
2991 2445 3205 2516 cingulo
3247 2447 3401 2517 (15);

1865 2537 1954 2589 alii
1990 2552 2113 2590 vero
2134 2578 2146 2601 ,
2179 2537 2265 2589 vix
2310 2545 2500 2604 quarta
2532 2536 2824 2603 pretiorum
2871 2536 3110 2602 portione
3134 2545 3403 2604 suscepta,

1863 2627 1926 2677 ad
1956 2626 2170 2692 propria
2202 2634 2377 2678 castra
2404 2627 2770 2690 discederent;
2799 2627 2972 2678 caeteri
3007 2636 3182 2690 autem
3214 2641 3401 2694 parum

1862 2716 2085 2766 omnino
2126 2714 2360 2782 aliquid,
2407 2724 2665 2782 quantum
2709 2715 2902 2768 viatico
2936 2714 3230 2780 sufﬁceret,
3263 2716 3405 2770 acci-

1861 2805 2070 2874 pientes
2093 2804 2321 2857 abirent.
3135 2819 3138 2824 ·
3283 2816 3294 2825 ·

1931 2896 1996 2948 ll.
2042 2894 2135 2949 llis
2165 2895 2344 2963 itaque
2389 2894 2553 2963 gestis
2600 2895 2752 2948 hctus
2787 2892 3064 2947 Marcellus
3094 2905 3206 2947 erat
3232 2894 3399 2960 valde,

1859 2995 1910 3041 et
1940 2987 2112 3039 accito
2143 3001 2250 3038 uno
2278 3002 2338 3038 ex
2369 2986 2612 3053 captivis,
2645 2985 2902 3054 Cortynia
2929 2983 3162 3046 nomine,
3190 2985 3404 3053 perqui-

1864 3082 2014 3133 rebat
2047 3079 2114 3131 ab
2135 3094 2199 3132 eo
2232 3093 2448 3132 causam
2483 3079 2628 3138 belli.
2661 3079 2738 3129 vel
2767 3091 2872 3144 quo
2902 3090 3026 3128 casu
3060 3075 3157 3142 ipsi
3193 3074 3406 3128 inferio-

1861 3183 1946 3221 res
1975 3169 2279 3221 exstiterint
2299 3207 2312 3231 ,
2364 3182 2425 3219 ac
2454 3165 2681 3217 vinculis
2711 3163 3031 3230 captivitatis
3063 3163 3241 3240 innexi
3275 3163 3400 3216 sint.

1788 3236 1829 3289 Β
1863 3244 2061 3321 Atille,
2093 3258 2343 3326 loquendi
2385 3257 2483 3308 sibi
2524 3262 2780 3322 potestate
2806 3253 3087 3319 permissa,
3143 3236 3221 3306 ita.
3244 3268 3402 3306 exor-

1863 3365 1957 3403 sus
1989 3358 2088 3403 est.
2124 3346 2252 3412 Nos,
2287 3341 2513 3399 domine‘
2531 3344 2598 3396 mi
2627 3341 2892 3405 Marcelle,
2924 3344 3119 3395 viventi
3151 3342 3256 3397 Dco
3286 3359 3402 3397 cre-

1862 3439 2043 3492 dimus
2089 3438 2205 3490 soli.
2275 3433 2367 3486 Est
2396 3417 2571 3485 autem
2618 3433 2773 3485 nobis
2810 3448 2927 3485 mos
2959 3434 3262 3501 hujusmodi
3295 3432 3402 3486 fra-

1864 3542 2002 3584 trum
2038 3535 2344 3586 nostrorum
2382 3523 2432 3576 in
2458 3540 2557 3577 nos
2585 3523 3251 3586 traditionedescendens,
3288 3525 3404 3592 qui-

1863 3634 1972 3687 que-
2018 3634 2047 3671 a
2093 3616 2246 3669 nobis
2287 3616 2599 3668 observatos
2633 3623 2715 3668 est
2745 3629 2912 3680 usque
2945 3614 3009 3667 ad
3045 3614 3184 3666 hunc
3212 3615 3350 3666 diem
3382 3619 3414 3667 :'

1861 3723 1956 3776 per
1999 3721 2169 3759 annos
2215 3706 2457 3775 singulos
2498 3713 2644 3757 extra
2678 3703 2859 3756 urbem
2889 3702 3089 3770 egressi
3121 3716 3225 3753 una
3277 3716 3398 3755 cum

1862 3796 2182 3864 conjugibus
2216 3811 2280 3851 ac
2304 3795 2482 3848 liberis
2502 3834 2517 3858 ,
2557 3792 2916 3860 supplicamus
2945 3785 3040 3844 soli
3069 3799 3122 3842 et
3148 3779 3397 3844 invisibili

1863 3884 1970 3939 Deo
1989 3925 2004 3949 ,
2044 3887 2242 3940 imbres
2288 3887 2354 3938 ab
2384 3900 2448 3939 eo
2478 3883 2606 3937 satis
2635 3882 2834 3933 nostris
2869 3896 2930 3934 ac
2973 3880 3212 3948 frugibus
3241 3881 3397 3933 obse-

1862 3987 2077 4031 crantes
2112 3995 2123 4029 :
2153 3976 2296 4044 quod
2334 3989 2454 4028 cum
2505 3981 2742 4037 tempore
2795 3987 2857 4024 ac
2899 3985 3046 4023 more
3078 3971 3236 4024 solito
3263 3970 3400 4024 cele—
3485 4035 3490 4039 ε

1861 4068 2146 4121 braremus
2170 4105 2184 4129 ,
2234 4066 2577 4117 immorantes
2615 4062 2829 4129 jejunos
2859 4077 3042 4129 vesper
3069 4061 3302 4122 obtexit,
3346 4068 3400 4114 et

1864 4157 2160 4228 gravabant
2184 4167 2282 4209 nos
2315 4152 2423 4203 duo
2450 4151 2692 4202 omnium
2723 4151 3028 4204 dillicillima
3050 4190 3065 4212 ,
3110 4151 3396 4219 jejunium,

1862 4257 1917 4301 et
1942 4245 2153 4313 vigiliae.
2198 4241 2352 4294 Circa
2389 4238 2620 4291 medium
2650 4255 2776 4293 vero
2803 4241 3216 4293 noctis-invidus
3244 4240 3399 4294 nobis

1862 4348 1915 4396 et
1959 4339 2295 4406 importunus
2339 4346 2564 4385 somnus
2593 4332 2860 4399 obrepsit,
2908 4342 2959 4384 et
2982 4331 3397 4395 cervicibusde-

1864 4439 2095 4502 gravatis
2118 4423 2366 4492 aciaxis,
2389 4423 2635 4476 demerso
2663 4423 2772 4490 (l6)
2815 4423 3005 4490 capite,
3052 4422 3277 4475 frontem
3306 4434 3396 4490 ge.

1864 4522 2019 4575 nibus
2040 4516 2205 4571 elidit.
2239 4513 2349 4566 Hoc
2371 4521 2548 4566 autem
2576 4512 2771 4565 factum
2797 4521 2897 4577 est,
2915 4512 3164 4581 quoniam
3187 4523 3395 4579 tempus

1854 4749 1970 4803 est,
2011 4747 2068 4790 ut
2116 4737 2504 4804 illorum_quos
2531 4728 2771 4804 Joannes
2812 4730 3118 4782 admittebat
3157 4725 3391 4804 adleva-

1856 4795 2034 4869 cruin;
2071 4795 2521 4858 utcenturio’num
2557 4802 3007 4869 fidelissimorum,
3045 4810 3202 4869 quem
3230 4795 3388 4845 Chri-

1856 4887 1971 4930 stus
2001 4867 2210 4944 probat,
2238 4880 2289 4923 et
2311 4885 2469 4937 quem
2485 4870 2682 4944 _Petrus
2713 4867 3032 4944 catechizat;
3055 4867 3180 4944 dum
3212 4872 3386 4944 tamen

1853 4934 2102 5011 suscepta
2138 4943 2238 4994 fide
2262 4934 2422 5006 atque
2454 4940 2681 5008 signata,
2711 4934 3174 5011 autdeserendum
3204 4934 3385 5011 statim

1856 5018 1924 5066 sit
1950 5002 2060 5064 ut'a
2089 5011 2271 5063 multis
2299 5002 2479 5061 actum
2549 5019 2639 5060 aut
2661 5006 2906 5058 omnibus
2927 5002 3113 5073 pmodis
3133 5002 3387 5054 cavillan—

1853 5085 2000 5143 dum,
2036 5096 2101 5132 ne
2131 5079 2252 5148 quid
2279 5071 2534 5131 adversus
2559 5077 2721 5129 Deum
2747 5071 3128 5148 comi-uittatur,
3149 5085 3386 5148 quaeticc

1852 5167 1916 5202 ex
1955 5139 2582 5218 militia'permittuntur;
2635 5151 2745 5218 aut
2771 5142 3059 5194 novissime
3091 5139 3386 5218 perpetien-

1853 5220 1978 5272 dum
2010 5233 2105 5283 pro
2130 5211 2236 5269 Deo
2260 5258 2273 5280 ,
2308 5218 2448 5285 quod
2487 5228 2634 5282 teque
2680 5211 2808 5285 fides
2839 5226 3040 5285 pagana
3068 5211 3318 5262 c0ndivit.
3349 5223 3379 5285 ε

1855 5279 2150 5358 Concilium
2184 5279 2456 5358 Niczenum
2481 5325 2495 5347 ,
2527 5279 2644 5358 (an.
2680 5279 2742 5330 12
2770 5295 2789 5358 _:
2823 5295 2840 5328 ι
2875 5279 3185 5343 Quicunque
3214 5279 3381 5358 vocati

1855 5372 1947 5422 per
1977 5357 2224 5423 gratiam,
2259 5357 2488 5422 primum
2521 5350 2733 5423 quidem
2770 5350 3022 5423 impetum
3055 5355 3379 5423 monstrave-

1854 5417 2003 5487 runt:
2034 5417 2357 5491 deponctites
2383 5422 2581 5472 militiae
2610 5419 2904 5491 cingulum,
2941 5417 3275 5491 postmodum
3303 5426 3386 5486 ve-

1855 5508 1915 5546 ro
1953 5485 2018 5545 ad
2051 5485 2321 5560 proprium
2357 5491 2611 5560 vomitum
2647 5497 2770 5539 sunt
2799 5485 3148 5560 rclapsi;_.ita
3179 5485 3384 5560 qui-

1853 5564 1974 5615 dam
2024 5551 2075 5614 ei
2109 5551 2363 5628 pecunias
2391 5558 2714 5618 tribuerent,
2751 5566 2804 5607 et
2839 5551 3380 5628 beneficiis”militiam

1854 5620 2149 5696 repeterent
2178 5647 2190 5681 :
2223 5630 2271 5680 hi
2310 5629 2487 5678 decem
2539 5620 3127 5696 annospostdtrirnnii
3175 5629 3384 5684 tempus

1853 5691 1960 5768 quo
1995 5699 2435 5768 initer_audi_etites
2493 5703 2678 5768 erunt,
2730 5691 3120 5768 in_allli_ctioue
3162 5701 3380 5768 perma-

1854 5758 2030 5824 neant.
2059 5785 2075 5816 ι
2114 5764 2240 5819 Vide
2271 5765 2475 5830 Lupum
2497 5772 2549 5816 et
2572 5762 2910 5833 Beveregium
2939 5759 2991 5809 in
3017 5758 3261 5830 eumdem
3297 5772 3387 5807 ca-

1855 5855 1906 5890 Ιι(
1921 5851 2072 5888 ’Πεηὶέ

1923 5905 2031 5973 (16)
2069 5901 2244 5969 Forte,
2281 5920 2299 5952 ι
2333 5901 2627 5969 dimisso.)
