4118 6350
1735 510 1912 566 seu
1946 470 2462 592 DlSPUTATlONlS
2501 506 2577 562 s.
2600 505 2937 564 ARCllELAI'
3180 543 3182 545 ›
3539 495 3542 498 ‘
3805 505 3941 560 μεθ.

762 491 892 565 ttat

761 609 983 688 aderat,
1021 633 1078 679 ut
1119 623 1212 679 Del
1238 614 1453 693 [iudicio
1477 638 1664 694 pinnas
1687 639 1784 693 pro
1811 625 2016 679 meritis
2043 623 2294 693 pendere-
2319 624 2366 680 Α
2393 611 2634 690 praecipit
2697 637 2792 692 per
2833 622 3075 677 convivia
3131 622 3419 687 reclinari,
3482 620 3936 690 septingentisque

764 728 914 779 mus;
959 713 1178 769 forsitan
1225 719 1367 770 enim
1419 723 1725 786 peccantes.
1753 715 2174 784 ignorabamus,
2208 722 2301 766 aut

759 806 918 863 ctiam
951 820 1297 877 agnoscentes
1344 825 1451 864 non
1478 809 1876 863 desinebamus.
1931 807 1987 861 in
2012 807 2102 864 illa
2137 808 2300 876 igitur
2342 874 2345 875 ν

763 899 894 952 hora
922 899 1098 954 subito
1136 901 1361 954 militum
1409 913 1509 954 nos
1543 898 1826 952 multitudo
1856 897 2190 957 circumdat,
2238 904 2296 949 ut
2327 936 2330 938 -

757 987 962 1040 aestimo
983 1031 996 1052 ,
1027 997 1276 1059 putantes
1304 1004 1400 1042 nos
1430 984 1758 1055 pro‘insidiis
1803 987 2109 1042 consedisse
2133 1029 2148 1050 ,
2204 996 2296 1040 aut

697 1075 973 1135 jomnino'
1019 1093 1172 1130 usum
1220 1079 1300 1131 vel
1342 1076 1575 1130 studium
1621 1077 1818 1132 habere
1871 1078 2206 1146 preliorum;
2239 1085 2292 1128 et

756 1163 900 1216 nulla
957 1180 1254 1219 conventus
1300 1166 1468 1217 nostri
1518 1169 1680 1219 causa
1714 1151 1942 1238 penitus
1992 1168 2288 1233 explorata,

753 1251 948 1306 bellum
981 1255 1133 1308 nobis
1160 1255 1508 1322 denuntiant,
1531 1270 1633 1307 non
1661 1271 1927 1316 sermone,
1955 1255 2046 1308 sed
2072 1257 2246 1323 gladio
2272 1274 2286 1317 ;

750 1351 806 1395 et
833 1344 1075 1415 homines
1103 1344 1193 1411 qui
1220 1343 1464 1412 injuriam
1493 1335 1665 1397 facere
1694 1345 1943 1412 cuiquam
1975 1360 2080 1397 non
2107 1344 2290 1398 didici-

749 1444 894 1492 mus,
944 1431 1062 1501 sine
1095 1432 1198 1483 ulla
1229 1431 1591 1486 misericordia
1624 1433 1978 1487 missibilibus
2010 1434 2122 1501 (t7)
2169 1434 2280 1488 vul.

750 1528 964 1584 nerant,
995 1520 1164 1574 hastis
1185 1515 1517 1588 confodiunt,
1551 1524 1899 1578 mucronibus
1921 1523 2185 1593 jugulant.
2224 1525 2286 1578 Et

749 1609 1126 1666 interfecerunt
1169 1611 1382 1678 quidem
1430 1627 1491 1665 ex
1539 1611 1693 1666 nobis
1739 1613 1802 1665 ad
1834 1612 1976 1665 mille
2021 1624 2284 1668 trecentos

727 1701 913 1763 ,viros,
942 1700 1351 1766 vulneraverunt
1394 1710 1568 1754 autem
1600 1701 1936 1769 quingentos.
1993 1701 2126 1755 Cum
2154 1716 2280 1756 vero

663 1834 668 1836 _
703 1778 705 1780 ’
742 1785 858 1840 dies
889 1786 1154 1852 inclaruit,
1183 1789 1272 1855 qui
1304 1788 1675 1856 superfuerant
1703 1805 1764 1843 ex
1794 1791 1979 1851 nobis,
2016 1791 2121 1858 huc
2153 1807 2278 1859 per-

700 1911 704 1913 -
733 1875 1009 1940 duxerunt
1028 1879 1280 1946 captivos,
1309 1879 1405 1934 nec
1431 1881 1508 1934 sic
1534 1881 1748 1949 quidem
1775 1881 1975 1950 aliquid
2003 1884 2156 1936 nobis
2179 1883 2278 1934 mi-

737 1967 1049 2019 sericordiae
1097 1970 1502 2046 concedentes:
1545 1970 1770 2039 agebant
1816 1973 1973 2034 enim.
2011 1987 2108 2025 nos
2155 1982 2277 2023 ante
2308 1951 2349 2005 Β

735 2068 930 2126 eq'tms,
952 2060 1220 2114 bastilium
1249 2062 1558 2116 verberibus
1593 2063 1915 2123 stimulatos,
1943 2074 1994 2115 et
2013 2057 2273 2130 equorum

736 2133 1005 2201 frontibus
1043 2149 1320 2216 impulsos.
1379 2148 1443 2201 Et
1486 2149 1790 2216 perduravit
1819 2151 2067 2217 quidem,
2118 2151 2273 2204 sicui

737 2235 880 2288 vires
921 2235 1137 2290 fuerunt
1165 2238 1452 2301 tolerandi;
1509 2238 1723 2306 plurimi
1753 2255 1876 2292 vero
1902 2251 2022 2292 ante
2052 2256 2146 2292 ora
2173 2242 2270 2293 do-

737 2325 1004 2382 minorum
1020 2341 1066 2378 ei
1082 2328 1311 2380 utetiam
1328 2329 1682 2391 concidentes,
1698 2329 1903 2382 animas
1917 2329 2269 2394 exhalabant;

684 2407 688 2410 ’
735 2417 1028 2482 pendentes
1059 2416 1312 2472 uberibus
1337 2419 1586 2484 parvulos
1620 2432 1746 2472 suos
1776 2429 1989 2481 matres,
2017 2420 2272 2488 defatiga-

711 2504 806 2562 tis
832 2520 894 2558 ac
919 2506 1154 2561 dimissis
1187 2523 1347 2560 onere
1376 2509 1641 2570 brachiis,
1679 2510 1826 2563 humi
1859 2511 2102 2564 decidere
2128 2515 2270 2565 sine-

731 2593 880 2658 bant,
932 2597 1141 2664 agitatae
1188 2597 1580 2662 insequentium
1606 2600 1797 2663 minis;
1835 2601 2010 2653 omnis
2039 2617 2162 2654 vero
2185 2618 2267 2655 se-

693 2715 696 2719 -
730 2683 854 2738 nilis
885 2684 1180 2744 atlasvicta
1216 2686 1488 2740 laboribus
1517 2703 1578 2740 ae
1611 2691 1838 2742 resoluta
1881 2705 1973 2757 per
2010 2691 2264 2757 inediam,

678 2761 685 2764 '
726 2776 1012 2829 corruebat
1044 2777 1094 2828 in
1122 2785 1338 2830 terram.
1401 2776 1624 2844 Superbi
1653 2794 1778 2830 vero
1806 2780 1999 2832 milites
2035 2782 2134 2834 hoc
2159 2791 2262 2833 tam

729 2873 952 2918 cruento
977 2867 1354 2919 collabentium
1384 2867 1707 2934 spectaculo,
1738 2877 1991 2934 tanquam
2031 2870 2265 2938 volupta-

734 2964 786 3008 te
822 2955 996 3024 aliqua
1044 2957 1356 3012 fruebantur
1381 2999 1394 3022 ,
1428 2974 1548 3011 cum
1594 2960 1724 3010 alios
1763 2956 2071 3012 deﬁcientes
2098 2960 2262 3012 sterni

653 3101 656 3104 _
730 3041 1177 3109 solocernerenl;
1213 3047 1261 3097 in
1291 3047 1410 3098 aliis
1437 3047 1555 3100 sitis
1589 3047 1871 3100 ardoribus
1900 3045 2152 3114 fatigatis,
2182 3048 2263 3098 in-

729 3137 1005 3182 tuerentur
1045 3133 1200 3184 etiam
1250 3135 1394 3188 vocis
1438 3144 1666 3187 meatum
1693 3175 1706 3197 ,
1754 3146 2028 3189 arescente
2068 3137 2263 3205 lingua:

728 3220 933 3289 glutino
953 3258 969 3284 ,
1001 3224 1313 3287 prmpediri;
1346 3225 1480 3279 alios
1507 3242 1632 3279 vero
1664 3226 1934 3290 viderent,
1985 3228 2259 3280 conversis
2286 3260 2330 3321 C

723 3319 845 3376 post
874 3319 1016 3378 terga
1039 3311 1224 3373 oculis,
1267 3314 1648 3379 exspirantium
1673 3318 2011 3384 parvulorum
2036 3331 2255 3369 suorum

727 3399 1135 3469 ingemiscentes
1159 3402 1364 3478 exitiis;
1396 3417 1516 3454 cum
1549 3405 1620 3456 illi
1642 3406 2032 3461 infelicissimas
2061 3421 2258 3461 matres
2298 3401 2301 3405 ’

724 3491 990 3559 vagitibus
1049 3491 1397 3547 inclamarent
1421 3533 1435 3555 ,
1477 3492 1577 3545 illae
1613 3509 1740 3550 .vero
1768 3497 2072 3561 praedonum
2109 3513 2257 3551 acer-

695 3577 982 3650 ,bitatihus
1028 3581 1271 3648 agitatae,
1325 3580 1520 3648 quibus
1569 3581 1696 3634 solis
1727 3583 1890 3636 libere
1923 3587 1996 3638 uti
2041 3588 2254 3650 licebat,

640 3727 644 3730 η
725 3670 1010 3738 gemitibus
1047 3674 1456 3739 responderent;
1501 3688 1728 3742 quarum
1773 3675 1816 3726 si
1867 3691 1984 3742 quae
2019 3680 2254 3733 tenerius

725 3760 954 3828 propriis
1009 3761 1341 3831 indulgercnt
1384 3763 1718 3827 visceribus,
1770 3763 2014 3818 interitus
2057 3777 2252 3821 sortem

723 3856 911 3918 sponte
938 3850 1038 3902 sibi
1057 3864 1235 3918 parem
1253 3868 1373 3905 cum
1394 3853 1516 3906 [iliis
1545 3864 2028 3921 praesumpserant;
2065 3856 2106 3907 si
2138 3872 2256 3922 qua}

721 3952 848 3990 vero
881 3939 1073 3992 habere
1116 3942 1313 4008 aliquid
1357 3945 1648 3998 tolerantiae
1691 3952 1995 4012 potuerunt,
2037 3947 2256 4012 captiva:

723 4026 828 4080 huc
860 4043 1028 4093 usque
1077 4031 1343 4110 perducta:
1386 4044 1526 4089 sunt.
1594 4035 1795 4089 Triduo
1829 4036 2008 4104 itaque
2042 4048 2252 4104 exacto,

723 4130 846 4169 cum
880 4131 947 4169 ne
977 4119 1218 4175 noctibus
1248 4124 1460 4198 quidem
1489 4126 1718 4194 aliquam
1751 4128 1988 4196 requiem
2019 4127 2252 4192 cepisse-

722 4219 864 4267 mus,
898 4206 960 4257 ad
997 4206 1167 4261 locum
1204 4210 1343 4265 hunc
1374 4212 1746 4280 perducimur,
1775 4215 1826 4266 in
1852 4210 1960 4283 quo
1994 4223 2114 4282 post
2142 4215 2254 4268 haec

715 4293 827 4363 jam
863 4296 987 4361 quid
1018 4307 1220 4364 gestum
1252 4301 1336 4364 sit,
1376 4305 1564 4358 melius
1599 4306 1710 4373 ipse
1740 4307 1900 4362 nosti.

790 4383 876 4437 ΙΙΙ.
918 4385 1012 4438 His
1035 4388 1228 4441 auditis
1254 4391 1333 4443 vir
1364 4393 1635 4460 piissimus
1661 4396 1940 4452 Marcellus
1961 4401 2248 4467 plurimum

718 4475 770 4528 in
808 4477 1066 4545 Iacrymas
1100 4477 1350 4547 profusus
1383 4492 1464 4534 est
1487 4524 1502 4546 ,
1547 4486 1797 4543 misertus
1850 4497 2029 4545 tantos
2053 4498 2107 4544 et
2141 4499 2246 4543 tam

715 4565 894 4617 varios
929 4580 1139 4631 casus;
1176 4567 1268 4620 sed
1315 4569 1444 4621 nihil
1495 4584 1750 4639 moratus,
1785 4577 2248 4648 cibosi'pragparat,

715 4652 948 4728 fatigatis
981 4671 1073 4724 per
1095 4657 1442 4725 semetipsum
1479 4662 1768 4719 ministeria
1797 4668 2079 4736 exhibens,
2127 4671 2248 4723 imi-

711 4750 857 4798 tatus
902 4757 1101 4811 patrem
1155 4757 1395 4802 nostrum
1431 4749 1695 4806 Abraham
1719 4758 2082 4823 patriarcham
2108 4762 2122 4791 ⁸
2154 4761 2246 4828 qui

656 4895 658 4897 _
711 4835 978 4900 quondam
1010 4837 1212 4906 angelis
1244 4854 1274 4890 a
1308 4855 1365 4890 se
1395 4840 1624 4906 hospitio
1653 4850 1913 4914 susceptis
1933 4887 1947 4910 ,
1979 4865 2086 4902 non
2122 4865 2244 4904 ver-

712 4926 920 4978 naculis
949 4926 1225 4993 imperavit
1256 4929 1481 4981 vitulum
1513 4929 1716 4984 deferre
1740 4934 1803 4986 de
1833 4940 2080 5006 gregibus
2107 4958 2120 5005 ;
2152 4941 2245 4995 sed

711 5012 823 5078 ipse
860 5018 1037 5069 senior
1067 5018 1372 5085 impositum
1410 5020 1647 5073 humeris
1679 5026 1913 5090 pertulit,
1945 5043 2006 5081 ac
2043 5046 2134 5097 per
2161 5048 2245 5084 se-

661 5116 668 5121 ·
712 5114 818 5154 met
844 5119 1166 5172 prmpaiatos
1207 5111 1358 5164 cibos
1387 5110 1616 5177 prepriis
1645 5113 1887 5166 manibus
1922 5120 2122 5185 angelis
2151 5137 2244 5188 apo

712 5198 906 5257 posuit.
973 5197 1143 5249 Simili
1173 5208 1224 5251 et
1253 5199 1531 5253 Marcellus
1565 5200 1782 5254 functus
1813 5202 1983 5257 oliieio
2007 5247 2021 5267 ,
2076 5208 2242 5264 denos

783 5324 799 5352 ¹
830 5323 962 5379 Gen.
995 5343 1146 5380 xviii.

927 5433 1158 5508 Barbara
1185 5455 1282 5492 vox
1316 5421 1412 5508 pro
1451 5462 1468 5492 ‹
1513 5443 1828 5496 missilibus.
1863 5460 1882 5493 ν

779 5497 888 5582 (18)
930 5503 1114 5582 llabita
1147 5518 1225 5560 est
1253 5497 1431 5582 itaque
1479 5512 1587 5565 hsce
1628 5513 1919 5580 disputatio
1947 5515 2083 5582 apud
2113 5513 2242 5567 Car—
2283 5569 2288 5576 _

713 5564 1260 5654 celeberrimam
1293 5564 1686 5647 hlesopotamia:
1701 5564 1704 5565 ν
1717 5564 1757 5634 ὐ
1767 5583 1934 5644 rbem,
1950 5564 2243 5654 tiujusepi-

712 5648 905 5719 scop‘l‘l‘s
926 5650 1049 5719 'e‘rat
1071 5643 1385 5719 Archelaus,
1422 5643 1498 5709 uti,
1527 5666 1685 5718 supra
1712 5643 2105 5705 adnotavimus.

745 5703 1058 5788 f(l_9_)‘EA1i-nc
1086 5713 1270 5788 incipit
1297 5703 1417 5788 pars
1453 5703 1615 5788 ιιίυιυὲ
1642 5720 1819 5788 operis
1846 5703 2239 5775 edita'a'vate-

712 5775 795 5822 sio
819 5785 882 5822 ex
904 5775 1084 5828 codice
1111 5775 1378 5848 Bobietiai,
1410 5787 1496 5852 qui
1524 5775 1747 5842 'nunc'in
1781 5791 2130 5846 Ambrosiam
2163 5793 2241 5845 bi-

2399 713 2650 764 omnibus
2673 711 2964 763 exstructis
2981 708 3200 775 mensis,
3229 715 3348 763 cum
3379 710 3576 778 ingenti
3607 711 3787 762 laetitia
3812 709 3922 762 reti-

2379 785 2570 856 ~ciebat
2609 802 2924 865 universos;
2977 803 3047 855 ita
3080 812 3133 853 ut
3161 802 3250 870 qui
3297 816 3578 867 superesse
3631 810 3930 867 potuerant,

2393 892 2714 946 oblivionem
2767 900 3018 959 caperent
3058 892 3325 956 laborum,
3375 907 3439 945 ae
3470 894 3636 945 totius
3667 895 3791 945 mali
3823 893 3932 946 eiii-

2361 1001 2364 1003 ·
2393 993 2642 1036 cerentur
2670 965 3027 1036 immemores;
3077 983 3207 1035 Cum
3234 993 3409 1036 autem
3434 983 3654 1049 quintus
3688 985 3931 1036 dei-imus

2391 1056 2775 1141 transigeretur
2820 1073 2966 1135 dies,
3000 1071 3247 1125 Marcello
3291 1084 3478 1126 cuncta
3513 1074 3712 1126 ali‘atim
3772 1073 3926 1124 mini-

2389 1172 2590 1215 strante
2633 1163 2879 1231 captivis,
2925 1163 3122 1230 placuit
3152 1164 3229 1216 eis
3262 1165 3509 1218 omnibus
3545 1163 3814 1216 remeandi
3863 1164 3926 1214 ad

2385 1253 2598 1319 propria
2629 1253 2788 1323 tribui
2828 1245 3131 1305 facultatem
3155 1291 3168 1314 ,
3228 1260 3418 1321 prmter
3445 1269 3536 1306 eos
3566 1269 3701 1319 quos
3745 1253 3929 1304 vulne-

2385 1357 2503 1394 rum
2539 1357 2664 1396 cura
2697 1343 2978 1404 retinebat,
3005 1343 3197 1409 quibus
3217 1352 3522 1410 competens
3552 1345 3787 1396 adhibita
3817 1359 3927 1394 me-

2383 1433 2522 1496 dela,
2555 1431 2620 1488 ad
2650 1449 2747 1486 sua
2778 1434 2998 1485 cretero's
3036 1433 3181 1484 abire
3214 1434 3478 1499 praecepit.
3508 1432 3607 1484 Sed
3643 1435 3723 1486 his
3745 1435 3922 1485 enini-

2382 1521 2483 1573 bus
2518 1520 2722 1588 majora
2758 1511 2958 1573 addidit
3004 1519 3282 1573 Marcellus
3309 1522 3519 1588 pietatis
3543 1521 3718 1574 ofﬁcia
3755 1542 3769 1575 :
3799 1539 3920 1575 cum

2355 1611 2610 1678 ‘plurima
2658 1602 2889 1683 namque
2923 1625 3150 1662 suorum
3185 1627 3342 1662 manu
3378 1625 3691 1678 progressus
3743 1621 3822 1662 est
3857 1612 3919 1663 ad

2380 1701 2679 1768 sepelienda
2699 1716 2922 1768 corpora
2941 1702 2992 1753 in
3014 1702 3199 1753 itinere
3227 1709 3642 1770 peremptorum,
3665 1712 3715 1753 et
3741 1703 3917 1752 omnia

2378 1803 2709 1856 quaicunqne
2744 1789 2984 1842 invenire
3011 1791 3204 1856 potuit,
3251 1790 3543 1856 ntdignum
3575 1798 3709 1849 erat,
3751 1788 3916 1839 tradi-

2376 1880 2452 1931 dit
2482 1879 2767 1945 srpultura‘.
2805 1897 2816 1931 :
2855 1894 2962 1947 quo
2992 1895 3211 1932 munere
3261 1881 3510 1946 impleto,
3563 1879 3626 1930 ad
3657 1877 3914 1934 Cbarram

2379 1969 2488 2035 (l8)
2516 1970 2690 2030 rediit,
2716 1977 2875 2035 atque
2901 1968 3092 2021 eiinde
3123 1980 3424 2037 recoperata
3454 1969 3704 2029 sanitate,
3742 1970 3918 2023 vulne-

2377 2067 2521 2110 ratos
2579 2059 2641 2111 ad
2687 2059 2910 2125 patriam
2970 2073 3206 2111 remeare
3262 2059 3557 2126 permittit,
3611 2059 3928 2127 largissime-

2375 2148 2440 2201 ad
2469 2149 2569 2200 iter
2601 2149 2795 2200 viatico
2826 2157 3145 2215 prarparato.
3204 2149 3269 2200 At
3296 2165 3422 2200 vero
3452 2149 3574 2200 facti
3603 2149 3766 2215 bujns
3800 2150 3914 2216 opi-

2374 2243 2462 2293 nio
2493 2241 2558 2292 ad
2592 2240 2794 2307 reliqua
2833 2240 3059 2292 Marcelli
3104 2242 3234 2292 bene
3275 2250 3418 2306 gesta
3459 2241 3785 2293 immensum
3817 2258 3912 2293 cu-

2373 2332 2574 2383 mulum
2628 2330 2886 2393 contulit;
2944 2346 3037 2397 per
3086 2331 3386 2383 universam
3441 2332 3584 2383 enim
3643 2333 3909 2398 regionem

2371 2421 2513 2472 illam
2552 2421 2737 2486 ingens
2764 2419 2901 2472 fatua
2933 2420 3184 2472 discurrit
3211 2421 3276 2472 de.
3306 2420 3497 2486 pietate
3525 2420 3764 2474 Marcelli
3787 2461 3800 2482 ,
3842 2424 3910 2472 ita

2371 2517 2423 2558 ut
2450 2507 2665 2573 plurimi
2691 2521 2751 2558 ex
2783 2507 3007 2560 diversis
3035 2507 3254 2560 urbibus
3285 2506 3494 2558 videndi
3529 2516 3692 2574 atque
3727 2523 3916 2575 cogno-

2369 2598 2548 2649 scendi
2581 2597 2681 2647 viri
2715 2597 3006 2663 cupiditate
3037 2595 3338 2664 ﬂagrarent,
3364 2607 3416 2649 et
3452 2600 3685 2650 maxime
3714 2598 3764 2649 hi
3790 2599 3902 2665 qui-

2368 2688 2468 2741 Lus
2503 2686 2638 2739 ferre
2688 2683 2966 2754 penuriam
3003 2701 3131 2738 usus
3166 2695 3287 2739 ante
3323 2702 3426 2738 non
3464 2686 3662 2750 fuerat,
3714 2690 3909 2755 quibus

2365 2779 2616 2830 omnibus
2648 2779 2728 2829 vir
2755 2778 3000 2844 egregius
3049 2778 3509 2844 indulgentissime
3544 2779 3907 2841 ministrabat,

2366 2865 2595 2919 Marcelli
2629 2867 2821 2918 veteris
2847 2867 3084 2919 imitatus
3111 2867 3351 2933 exempla
3373 2906 3386 2929 ,
3415 2866 3489 2944 ita
3521 2875 3578 2917 ut
3602 2881 3793 2934 omnes
3827 2867 3908 2917 di-

2364 2968 2535 3011 cerent
2568 2959 2669 3011 hoc
2697 2959 2814 3009 viro
2849 2959 3049 3010 nullum
3079 2958 3270 3024 pietate
3295 2941 3750 3024 praes—lautiorem.
3803 2956 3904 3010 Sed

2362 3061 2413 3102 et
2444 3049 2617 3116 viduae
2663 3048 2922 3100 universae
2974 3049 3026 3099 in
3085 3046 3328 3116 Domino.
3362 3045 3639 3100 credentes
3678 3049 3744 3099 ad
3783 3063 3904 3100 eum

2362 3138 2788 3201 concurrebant;
2818 3152 2938 3201 eum
2972 3137 3218 3189 imbecilli
3252 3153 3464 3204 quoque
3493 3154 3554 3191 ex
3588 3154 3653 3190 eo
3680 3139 3781 3192 sibi
3809 3157 3904 3191 au-

2361 3231 2548 3282 xilium
2619 3228 2974 3282 certissimum
3050 3230 3633 3297 pratsumebant,rnee
3689 3248 3795 3283 non
3851 3239 3903 3284 et

2361 3317 2583 3385 orphani
2629 3331 2815 3368 omnes
2863 3315 2929 3368 ab
2973 3317 3088 3382 ipso
3138 3318 3545 3381 nutriebantur,
3601 3321 3902 3386 domusque

2356 3409 2475 3476 ejus
2507 3407 2906 3472 peregrinorum
2941 3415 2992 3458 et
3019 3421 3334 3475 pauperum
3359 3409 3650 3476 hospitium
3669 3411 3896 3463 ~diceba-

2325 3504 2470 3559 "tur;
2502 3509 2659 3560 super
2687 3493 2866 3544 omnia
2900 3507 3027 3545 vero
3054 3495 3185 3559 haec,
3218 3495 3341 3550 lidei
3381 3512 3568 3550 curam
3595 3499 3805 3566 egregie
3836 3512 3899 3550 ac

2355 3584 2701 3652 singulariter
2749 3582 3031 3647 retinebat,
3082 3584 3354 3641 zediticans
3395 3600 3489 3640 cor
3539 3603 3697 3640 suum
3736 3603 3898 3652 super

2354 3674 2678 3727 immobilem
2708 3682 2932 3741 petram.

2427 3765 2509 3817 iV.
2555 3765 2665 3834 (l9)
2709 3765 2872 3834 igitur
2896 3779 3016 3816 eum
3048 3767 3275 3820 diversis
3321 3767 3374 3819 in
3407 3767 3538 3820 locis
3567 3766 3708 3820 fama
3736 3769 3799 3823 de
3830 3784 3897 3822 eo

2352 3857 2646 3921 szepissime
2679 3863 3040 3931 spargeretur,
3082 3857 3242 3909 etiam
3277 3857 3503 3923 Stranga
3541 3857 3701 3909 ﬂuvio
3732 3875 3900 3926 supe-r

2356 3953 2490 4003 rato,
2524 3943 2809 3997 Persarum
2845 3945 2896 3996 in
2928 3945 3198 4012 regionem
3235 3961 3354 3998 eum
3382 3945 3602 4012 pertulit
3622 3946 3894 3998 admiran-

2351 4032 2476 4085 dum
2500 4072 2514 4096 ,
2563 4035 2614 4086 in
2646 4050 2748 4101 qua
2777 4036 3154 4088 demorabatur
3182 4035 3362 4089 Manes
3393 4036 3644 4098 quidam;
3689 4038 3778 4103 qui
3824 4038 3892 4090 ad

2353 4136 2408 4174 se
2443 4124 2808 4199 hujuscemodi
2843 4125 2939 4176 viri
2975 4125 3224 4192 opinione
3273 4125 3491 4193 perlata,
3535 4125 3762 4191 plurima
3798 4141 3889 4180 se-

2353 4226 2471 4263 cum
2507 4216 2614 4281 ipse
2653 4214 2928 4277 volvebat,
2981 4214 3425 4282 quemadmodum
3470 4229 3594 4266 eum
3639 4215 3890 4269 doctrina

2352 4314 2460 4350 sum
2509 4309 2687 4368 posset
2733 4301 2938 4369 laqueis
2989 4303 3231 4364 irretire,
3288 4316 3509 4368 sperans
3565 4312 3886 4361 assertorem

2352 4389 2614 4456 dogmatis
2656 4393 2740 4445 sui
2786 4393 2899 4446 lieri
2943 4407 3099 4464 posse
3137 4392 3462 4448 Marcellum.
3527 4395 3888 4450 l’rzesumebat

2312 4500 2315 4502 -
2352 4481 2493 4530 enim
2526 4481 2826 4536 universam
2863 4498 2921 4537 se
2945 4498 3208 4551 occupare
3248 4498 3406 4551 posse
3433 4488 3762 4552 provinciam
3785 4529 3798 4552 ,
3842 4489 3888 4542 si

2282 4576 2325 4633 υ
2355 4569 2502 4636 pritts
2528 4572 2682 4624 talem
2710 4574 2882 4626 virum
2909 4575 3122 4626 sibimet
3142 4574 3366 4625 subdere
3389 4577 3650 4640 potuisset
3670 4597 3683 4642 ;
3706 4580 3756 4630 in
3784 4593 3888 4646 quo

2351 4657 2546 4724 duplici
2599 4664 2921 4727 cogitatione
2974 4663 3186 4713 animus
3238 4663 3535 4726 :estuabat,
3585 4675 3882 4718 utrumnam-

2354 4747 2467 4814 ipse
2502 4746 2564 4797 ad
2602 4763 2722 4800 eum
2756 4759 3026 4817 pergeret,
3057 4765 3122 4801 an
3154 4749 3344 4801 litteris
3364 4765 3484 4803 eum
3519 4757 3692 4820 primo
3722 4765 3886 4807 tenta-

2351 4848 2430 4888 rct
2464 4835 2691 4899 adoriri;
2729 4841 3005 4892 verebatur
3034 4839 3196 4901 enim,
3233 4855 3298 4890 ne
3329 4838 3467 4892 lorte
3525 4843 3812 4911 improviso
3836 4857 3887 4898 et

2349 4928 2528 4981 subito
2561 4928 2801 4995 ingressu
2839 4932 3035 4983 malum
3067 4931 3165 4983 sibi
3199 4931 3412 4997 aliquod
3442 4947 3784 5003 nasceretur;
3821 4937 3884 4989 ad

2354 5017 2599 5069 ultimum
2629 5017 3013 5072 versutioribus
3035 5019 3273 5070 consiliis
3293 5026 3506 5084 parens,
3535 5025 3768 5076 scribere
3795 5026 3884 5076 de-

2348 5108 2514 5159 crevit
2547 5120 2559 5155 :
2597 5106 2933 5173 accitumque
2965 5123 3220 5159 unumex
3251 5108 3548 5175 discipulis,
3586 5112 3880 5166 Turbonem

2348 5197 2462 5266 (9.0)
2493 5196 2826 5262 nomiue,qui
2865 5212 2954 5262 per
2981 5199 3183 5249 Addam
3214 5196 3384 5251 fuerat
3419 5201 3734 5268 instructus,
3773 5182 3905 5256 tra-i

2350 5446 2614 5498 bliotlieea
2642 5451 2902 5495 servatur.

2424 5515 2533 5580 (2‘20)
2569 5514 2746 5566 Codex
2777 5510 3050 5567 Bobiensis
3079 5514 3233 5581 legit,
3271 5533 3288 5568 ι
3323 5520 3467 5573 Adda
3500 5520 3821 5575 Turbonern.
3854 5537 3875 5571 ι

2355 5582 2676 5654 Fuitautem
2703 5581 2851 5654 Adda
2880 5586 3396 5654 tintise;_discipulis
3425 5594 3559 5647 suis,
3591 5590 3673 5643 cui
3698 5589 3881 5641 Orien-

2355 5661 2457 5703 tem
2488 5650 3041 5773 li‘air‘eisiinlieieudum
3068 5650 3642 5722 ianes‘demandavit,
3667 5670 3721 5712 ut
3743 5661 3878 5712 intra

2355 5736 2470 5773 can.
2640 5733 2704 5773 tet
2733 5734 2814 5771 ur.
2895 5737 2899 5741 ·

2355 5736 2470 5786 cap.
2511 5729 2568 5772 H
2601 5729 2814 5774 dicitur.
2895 5737 2899 5741 ·
