4118 6350
787 445 913 499 “iii

1764 448 1940 503 ACTA
1979 449 2488 506 DISPIITATIONIS
2527 451 2585 508 S.
2635 453 2972 510 ARCHELAI

3839 458 3981 510 1132

784 561 903 612 vehi
957 561 1008 612 in
1041 575 1158 613 eum
1211 560 1390 614 animo
1436 563 1722 630 urgebatur
1773 578 1837 614 ex
1885 565 2001 632 ipso
2045 565 2226 616 habitu
2251 580 2312 620 ac
2339 586 2382 638 Α
2413 566 2675 620 discerent
2726 581 2828 620 non
2872 567 3353 636 blasphemare'u
3386 568 3459 622 ita
3517 579 3570 622 et
3620 586 3715 623 vos
3757 585 3971 622 omnes

784 650 960 717 specie
1007 650 1146 717 ejus,
1179 660 1230 702 et
1274 653 1501 703 maxime
1544 644 1757 719 quidem
1795 654 1927 721 (6i).
1953 655 2093 720 quod
2121 663 2173 706 et
2197 670 2324 720 qua!

786 736 1038 790 Tui-boue
1095 737 1352 792 referente
1409 749 1761 805 cognoverat;
1805 741 2063 792 secretius
2117 741 2312 793 factum

785 828 923 894 apud
960 829 1304 894 semetipsum
1358 839 1756 892 retractaverat,
1789 839 1842 881 et
1868 831 2146 899 diligenter
2189 848 2317 898 ιιι-ιε-

787 929 1003 985 paratus
1071 919 1372 971 advenerat.
1429 918 1497 970 At
1530 935 1655 972 vero
1699 921 2141 987 prudentissimus
2175 920 2314 972 Mar-

785 1007 950 1062 cellus
978 1010 1123 1061 omni
1178 1010 1586 1061 contentionum
1635 1011 1811 1062 studio
1854 1011 2082 1072 sublato,
2118 1021 2319 1065 utrum-

789 1112 893 1163 que
936 1098 1120 1150 audire
1157 1099 1394 1151 decernit
1424 1097 1553 1166 (6:2),
1597 1099 1830 1152 invitatis
1879 1101 2005 1154 viris
2044 1102 2313 1168 primariis

786 1187 1048 1250 civitatis;
1084 1203 1145 1239 ex
1180 1190 1374 1256 quibus
1403 1189 1610 1255 judiccs
1644 1191 1817 1257 elegit,
1854 1191 2108 1259 religione
2152 1191 2317 1259 genti—

787 1279 884 1339 les,
930 1287 1158 1345 quatuor
1196 1295 1442 1332 numero.
1487 1293 1714 1346 quorum
1748 1281 1858 1332 lnuc
1905 1289 2028 1332 sunt
2054 1280 2268 1333 nomina
2299 1324 2312 1336 .

794 1369 1073 1437 Manippus
1101 1372 1458 1436 grammaticae
1480 1371 1608 1422 artis
1632 1379 1683 1422 et
1713 1371 2007 1437 disciplina:
2030 1370 2309 1423 rhetorica:

783 1460 1162 1529 peritissimus,
1203 1459 1476 1528 ngialeus
1512 1462 1618 1528 (ϋὸ)
1649 1461 1914 1514 archiater
1949 1462 2312 1515 nobilissimus

780 1562 833 1604 et
867 1550 1056 1604 litteris
1087 1553 1324 1618 apprime
1357 1552 1615 1615 eruditus,
1643 1552 1899 1605 Claudius
1937 1563 1988 1605 et
2030 1551 2315 1609 Cleobulus

781 1642 888 1694 duo
910 1640 1111 1694 fratres
1134 1643 1339 1709 egregii
1385 1645 1624 1694 rhetores
1660 1642 1793 1709 (64).
1835 1632 1916 1694 Fit
1943 1657 2070 1710 ergo
2105 1645 2312 1713 magni-

781 1734 915 1784 licus
964 1742 1287 1796 conventus;
1318 1733 1386 1784 ita
1431 1743 1487 1784 ut
1533 1735 1726 1785 domus
1754 1731 2007 1794 Marcelli,
2039 1749 2159 1801 qua:
2200 1742 2315 1787 erat

781 1823 1064 1876 immensa.
1115 1825 1406 1890 repleictur
1440 1840 1502 1876 ex
1534 1825 1616 1875 his
1642 1823 1731 1893 qui
1764 1824 1826 1875 ad
1854 1824 2169 1877 audiendum
2196 1823 2311 1878 fue-

2413 672 2691 722 ptenarum
2717 658 2959 726 .principi
3006 657 3306 734 tradeniini,
3336 674 3433 726 pro
3464 670 3542 712 ‘eo
3574 661 3718 728 quod
3756 675 3974 713 manus

2415 748 2672 816 iujccistis
2703 750 2754 801 in
2785 748 2992 802 Patrem
3024 749 3238 811 Christi,
3284 764 3401 802 eum
3445 765 3566 801 eum
3607 751 3798 803 dicitis
3845 767 3976 803 cau-

2415 853 2529 889 sam
2565 852 2682 892 esse
2726 839 2965 890 omnium
3016 840 3299 900 malorum,
3329 849 3381 891 et
3421 841 3754 892 conditorem
3828 843 3978 904 inju-

2411 929 2584 992 stiti.e,
2621 937 2678 980 et
2721 929 2886 982 totius
2939 929 3237 993 iniquitatis
3295 942 3608 991 creatorem,
3665 947 3734 982 ex
3765 932 3973 988 eodem

2421 1015 2566 1069 fonte
2591 1015 2798 1069 dulcem
2821 1025 2873 1068 et
2903 1031 3136 1069 amaram
3168 1017 3511 1084 producentes
3539 1034 3734 1086 aquam
3764 1039 3781 1072 :
3822 1022 3973 1087 quod

2411 1104 2523 1157 ﬁeri
2573 1113 2665 1157 aut
2703 1099 2922 1173 intelligi
2968 1105 3113 1158 nulla
3170 1107 3375 1158 ratione
3419 1109 3674 1173 possibile
3723 1110 3970 1162 est.Cui

2409 1192 2549 1244 enim
2574 1199 2780 1259 oportet
2806 1193 2991 1245 credi?
3021 1194 3288 1261 magistris
3310 1196 3498 1248 vestris
3533 1197 3674 1258 istis,
3708 1199 3808 1264 qui
3851 1214 3972 1250 car-

2412 1282 2569 1335 nibus
2594 1291 2881 1335 vescuntur
2907 1293 2958 1334 et
2984 1281 3405 1337 afﬂuentissimis
3425 1286 3632 1339 deliciis
3663 1289 3971 1355 perfruun-

2417 1382 2503 1423 tur
2533 1389 2550 1427 :
2589 1381 2682 1425 aut
2711 1372 2970 1424 Salvatori
2998 1374 3212 1426 Christo
3237 1373 3358 1427 Jcsu
3395 1374 3612 1440 dicenti,
3641 1379 3787 1431 sicut
3830 1383 3970 1430 scri-

2414 1470 2558 1530 ptuut
2596 1469 2678 1514 est
2713 1462 2766 1513 in
2816 1461 3218 1532 Evangeliorum
3253 1465 3384 1516 libro
3415 1481 3428 1516 :
3461 1483 3478 1514 ι
3505 1464 3617 1518 Non
3656 1478 3846 1535 potest
3879 1486 3967 1522 ar-

2413 1554 2509 1603 hor
2544 1551 2682 1604 bona
2716 1553 2886 1604 malos
2921 1551 3126 1606 frttctus
3169 1550 3365 1613 facere,
3413 1570 3586 1622 neque
3622 1558 3790 1611 arbor
3820 1563 3962 1611 mal‘t

2415 1642 2583 1693 bonos
2636 1642 2837 1694 fructus
2889 1640 3205 1706 ἣκει-βίος)
3248 1653 3300 1696 et
3350 1643 3455 1694 alio
3483 1644 3534 1695 in
3568 1644 3707 1706 loco,
3743 1657 3957 1713 patrem

2390 1731 2692 1797 diaboli“,
2729 1732 3035 1785 mendacem
3069 1741 3122 1784 et
3179 1732 3497 1785 homicidam
3541 1734 3607 1785 ab
3643 1736 3806 1787 initio
3842 1754 3956 1790 esse

2414 1821 2694 1873 cotiﬁrmat
2719 1838 2732 1884 ;
2767 1836 2980 1874 rursum
3004 1822 3328 1874 desiderium
3356 1821 3522 1875 fuisse
3551 1826 3955 1894 teuehris(70).

790 1921 909 1964 rant
955 1913 1125 1965 vocati
1168 1913 1275 1980 (655)
1305 1927 1317 1962 :
1347 1924 1397 1965 et
1447 1928 1567 1965 cum
1618 1912 1668 1965 iu
1728 1925 2012 1981 conspectu
2071 1917 2308 1968 omnium
2343 1905 2467 1961 But
2499 1911 2903 1976 insequerentur
2939 1911 3086 1972 illm],
3119 1913 3261 1978 quod
3309 1913 3374 1966 de
3421 1913 3539 1966 luce
3583 1914 3740 1966 initio
3770 1915 3959 1969 fuerat

779 2000 1146 2053 constitissent
1194 2000 1247 2051 ii.
1280 2001 1369 2066 qui
1423 2001 1700 2053 adversum
1734 2017 1790 2056 se
1825 2003 1999 2055 dicere
2051 2019 2313 2071 propone-

781 2088 929 2150 bant,
978 2096 1103 2140 tunc
1148 2087 1219 2139 illi
1271 2089 1420 2140 electi
1471 2090 1676 2156 judiees
1706 2093 2024 2144 CXCt‘lSiOI'CS
2063 2093 2312 2144 omnibus

780 2182 1156 2242 consederunt,
1194 2189 1351 2246 atque
1404 2178 1568 2231 Mante
1623 2180 1831 2232 dicendi
1887 2182 2094 2232 initium
2129 2181 2309 2233 datum

780 2279 880 2323 est.
911 2268 1131 2322 Silentio
1154 2269 1312 2338 igitur
1342 2268 1500 2332 laeto,
1533 2268 1761 2336 primum
1794 2267 1902 2336 (66)
1926 2283 2205 2336 aggressus
2232 2279 2314 2322 est

781 2359 881 2413 hoc
903 2360 1080 2413 modo:
1104 2367 1106 2370 ’

849 2449 981 2501 XIII.
1019 2450 1128 2518 (67)
1159 2447 1289 2518 Ego,
1321 2448 1419 2501 viri
1451 2447 1663 2515 fratres.
1708 2449 1902 2501 Christi
1949 2449 2160 2517 quidem
2193 2467 2308 2504 sum

781 2541 1092 2608 discipuius,
1125 2540 1401 2608 apostolus
1430 2556 1555 2592 vero
1587 2538 1744 2602 Jcsu;
1777 2555 1873 2606 pro
1920 2539 2083 2591 nimia
2131 2549 2308 2593 autem

782 2635 1109 2686 humanitate
1167 2630 1398 2684 Marcelli
1451 2633 1636 2684 adesse
1695 2631 1962 2697 festiuavi,
1997 2642 2052 2687 ut
2080 2633 2310 2701 qualiter

788 2731 1034 2792 oporteat
1073 2723 1355 2775 oLservare
1392 2722 1604 2774 modum
1646 2722 1835 2774 divina:
1868 2723 2158 2790 religionis,
2187 2738 2307 2776 eum

781 2812 1029 2866 edoceam
1058 2828 1071 2861 :
1100 2826 1163 2864 ne
1198 2811 1337 2864 sicut
1371 2822 1511 2864 nruta
1562 2813 1835 2875 animalia,
1878 2803 2308 2880 quzeintellectu

694 2893 702 2902 ”
782 2907 961 2949 carent
991 2897 1237 2964 uee'quid
1271 2907 1435 2966 agunt
1465 2899 1765 2959 advertunt,
1801 2898 1873 2950 ita
1903 2901 2060 2950 etiam
2086 2897 2309 2950 Marcclo

784 2985 887 3047 lus,
915 2987 1003 3054 qui
1033 3004 1170 3041 nunc
1219 3005 1276 3042 se
1318 2989 1459 3042 Velut
1499 2989 1796 3043 dedititium
1829 2990 2087 3043 doctrinae
2115 2991 2311 3043 Arche-

785 3077 854 3130 lai
884 3077 1200 3144 subjugavit,
1227 3079 1291 3131 ad
1320 3081 1564 3132 ultimum
1597 3081 1793 3153 damno
1834 3080 2024 3132 anima:
2069 3079 2308 3140 feriatur,

783 3182 904 3221 eum
952 3170 1304 3234 pra-palamne
1347 3171 1512 3223 divini
1561 3171 1737 3224 cultus
1779 3171 2136 3223 observantiae
2173 3171 2307 3222 ultra

784 3272 889 3311 non
914 3257 1158 3310 habuerit
1191 3255 1509 3314 facultatem.
1544 3260 1664 3314 Scio
1686 3271 1860 3312 autem
1892 3268 1942 3313 et
1963 3271 2144 3314 certus
2167 3275 2308 3320 sum,

789 3349 932 3420 quod
979 3349 1259 3424 emendato
1315 3349 1422 3416 (68)
1470 3349 1737 3415 Marcello,
1777 3352 1935 3403 etiam
1981 3365 2077 3403 vos
2129 3364 2310 3401 ouuws

783 3427 913 3498 salvi
947 3457 1064 3499 esse
1113 3443 1382 3512 poteritis;
1417 3439 1583 3507 ipsius
1628 3441 1768 3492 enim
1793 3440 1997 3508 judicio
2045 3425 2309 3507 suspensa

784 3535 971 3604 pendet
1000 3533 1125 3586 urbs
1156 3541 1328 3586 vestra
1363 3529 1534 3598 :quod
1563 3530 1604 3582 si
1629 3529 1696 3582 ab
1722 3544 2040 3598 unoquoque
2074 3538 2307 3594 vestrum

785 3625 1064 3694 abjiciatur
1095 3639 1230 3675 vana
1275 3621 1638 3690 priesumptio,
1667 3627 1721 3671 et
1763 3633 1824 3671 ea
1852 3634 1970 3686 quze
2002 3619 2247 3672 dicentur
2279 3619 2330 3669 a'

788 3729 890 3778 me,
928 3715 1035 3766 veri
1066 3728 1248 3766 amore
1285 3712 1589 3772 audiantur,
1620 3706 1784 3760 futuri
1815 3709 1992 3759 saeculi
2033 3708 2310 3760 lueredita-

787 3814 911 3865 tem,
936 3804 1188 3856 cmlorum
1225 3816 1384 3869 regna
1416 3800 1654 3867 capietis.
1683 3798 1810 3849 Sum
1836 3797 2048 3863 quidem
2078 3812 2175 3866 ego
2206 3797 2308 3848 Pa-

791 3891 1038 3951 racletus,
1075 3890 1163 3956 qui
1205 3889 1269 3940 ab
1299 3887 1420 3939 Jesu
1453 3887 1584 3939 mitti
1619 3885 1900 3954 praedictus
1932 3899 2071 3942 sum,
2093 3903 2107 3928 ι
2129 3883 2191 3935 ad
2227 3898 2314 3934 ar-

786 3980 1049 4047 guendum
1069 3977 1321 4030 mundum
1341 3976 1404 4028 de
1421 3986 1636 4042 peccato
1654 3984 1699 4028 et
1725 3975 1788 4027 de
1805 3975 2060 4042 injustitia
2087 3975 2104 4002 ⁷
2121 3975 2250 4041 (69).
2282 3992 2300 4023 ι

785 4069 938 4121 Sicut
958 4075 1009 4120 ct
1037 4065 1130 4134 qui
1170 4073 1291 4117 ante
1320 4078 1403 4117 me
1434 4064 1630 4117 missus
1657 4075 1737 4117 est
1769 4064 1989 4128 Paulus,
2022 4081 2038 4113 ι
2063 4078 2125 4116 ex
2160 4071 2311 4131 parte

786 4158 942 4222 scire,
973 4166 1026 4211 et
1054 4171 1118 4209 ex
1149 4165 1296 4225 parte
1327 4154 1676 4221 prophetare”
1706 4173 1724 4204 ι
1760 4169 1816 4207 se
1843 4155 1995 4218 dixit,
2039 4143 2170 4205 mihi
2225 4167 2310 4205 re-

786 4263 1005 4303 servans
1034 4246 1178 4315 quod
1210 4242 1502 4314 perfectum
1533 4251 1632 4305 est,
1667 4252 1724 4294 ut
1749 4244 1849 4296 hoc
1886 4245 2027 4310 quod
2057 4259 2117 4296 ex
2165 4249 2313 4310 parte

728 4327 730 4329 l
785 4351 868 4394 est
895 4340 1185 4392 destruant.
1222 4336 1457 4387 Tertium
1504 4347 1631 4400 ergo
1678 4333 2040 4403 testimonium
2069 4334 2309 4399 accipite,

786 4428 1088 4496 apostolum
1121 4439 1204 4476 me.
1225 4439 1341 4476 esse
1369 4423 1562 4476 Christi
1589 4423 1815 4474 electum
1835 4440 1846 4472 ;
1866 4429 1917 4472 et
1943 4423 1984 4473 si
2011 4422 2168 4474 vultis
2197 4437 2309 4472 mea

2413 2001 2678 2068 prolatum
2707 1998 2956 2064 Verbum,
2985 2010 3038 2055 et
3069 2003 3343 2054 inimicum
3392 2003 3664 2057 hominem
3705 2006 3952 2057 zizanio-

2415 2077 2531 2141 rum
2578 2089 2951 2142 seminatorem
2980 2091 3040 2152 ",
3089 2100 3141 2142 et
3188 2091 3480 2159 principem
3532 2095 3718 2146 sreculi
3762 2101 3957 2147 mutuli

2414 2177 2572 2243 hujus
2602 2175 2765 2229 Deum
2791 2177 2851 2238 ³³,
2882 2178 2972 2246 qui
3021 2179 3294 2254 hominum
3349 2191 3552 2233 mentes
3609 2194 3865 2240 excaecat.
3897 2197 3959 2236 ut

2413 2269 2464 2318 in
2512 2265 2797 2332 Evangelio
2849 2267 3047 2320 Christi
3100 2264 3439 2321 deserviant?
3497 2270 3680 2325 Bonus
3717 2283 3798 2326 est
3848 2275 3956 2326 ism

2414 2356 2570 2417 Deus,
2602 2355 2691 2422 qui
2740 2370 2868 2408 suos
2917 2355 3160 2408 homines
3210 2357 3404 2410 salvari
3456 2374 3562 2411 non
3594 2361 3744 2412 vult?
3773 2361 3859 2420 Et,
3897 2372 3953 2412 ut

2412 2462 2478 2499 ne
2509 2448 2671 2499 multa
2705 2446 2805 2499 alia
2848 2447 3115 2500 revolvam
3140 2455 3195 2500 et
3231 2449 3462 2514 spatium
3494 2452 3757 2516 temporis
3791 2453 3930 2504 obte-

2410 2552 2544 2600 ram,
2599 2551 2736 2589 verte
2781 2536 3040 2590 doctrinae
3096 2537 3344 2590 dill‘ereus
3389 2540 3496 2606 (71)
3551 2549 3788 2606 tempus.
3839 2544 3947 2593 hac

2409 2625 2609 2680 dixisse
2632 2626 2960 2688 sulliciat,—et
2983 2626 3048 2679 ad
3082 2628 3414 2695 propositum
3449 2629 3682 2682 redeam.
3717 2641 3774 2682 ut
3799 2645 3951 2683 com-

2407 2722 2646 2783 petenter
2667 2709 2942 2768 ostendam
2987 2716 3215 2768 istorum
3251 2717 3539 2770 absurdam
3569 2733 3692 2772 esse
3737 2719 3950 2772 doctri-

2410 2807 2555 2866 nam,
2599 2819 2699 2858 nec
2747 2806 3037 2873 quidquam
3087 2805 3196 2859 Deo
3227 2815 3279 2861 et
3330 2806 3468 2861 Patri
3531 2808 3743 2862 Domini
3775 2813 3950 2869 nostri

2410 2895 2703 2950 Salvatoris
2741 2897 3135 2961 ascribcndum,
3187 2900 3278 2952 sed
3325 2901 3585 2951 malorum
3639 2910 3944 2954 nostrorum

2410 3000 2624 3039 causam
2674 2988 2914 3056 accipere
2963 2987 3214 3042 Satanam
3245 3005 3258 3038 :
3287 2990 3339 3041 in
3387 2991 3555 3056 ipsum
3587 2992 3788 3042 etenim
3819 2993 3943 3058 reji-

2410 3061 2676 3141 ciendum,
2701 3079 2844 3144 quod
2888 3079 3076 3141 omnia,
3118 3078 3488 3145 hujuscemodi
3526 3079 3670 3131 mala
3718 3081 3785 3132 ab
3830 3082 3943 3148 ipso

2411 3179 2744 3235 generentur.
2770 3171 2871 3224 Sed
2894 3178 2946 3223 et
2972 3186 3032 3223 ea
3064 3186 3180 3239 qua:
3212 3172 3264 3223 in
3291 3171 3560 3239 pmphetis
3587 3183 3642 3225 et
3678 3173 3792 3242 lege
3817 3176 3946 3226 scri-

2413 3264 2498 3325 pta
2533 3267 2675 3323 sunt,
2730 3259 2832 3326 ipsi
2879 3261 3230 3314 nihilominus
3277 3262 3590 3319 ascrdiertda
3638 3274 3796 3328 sunt;
3837 3265 3948 3332 ipse

2410 3361 2491 3401 est
2522 3348 2686 3412 enim,
2710 3349 2799 3416 qui
2846 3350 2896 3402 in
2933 3352 3204 3420 prophetis
3231 3361 3356 3405 tunc
3399 3352 3609 3406 locutus
3634 3363 3736 3419 est,
3772 3357 3946 3423 pluri-

2412 3449 2526 3485 mas
2565 3433 2643 3486 eis
2677 3435 2742 3486 de
2792 3433 2899 3488 Deo
2940 3438 3264 3504 iguorautias
3307 3453 3615 3508 suggerens.
3665 3453 3718 3495 et
3770 3454 3946 3496 tenta-

2397 3522 2602 3601 ‘tiones,
2626 3535 2678 3575 et
2700 3526 3180 3592 concupiscentias.
3209 3528 3310 3582 Sed
3346 3539 3397 3582 et
3425 3531 3573 3583 devo.
3591 3541 3794 3584 atorem
3821 3549 3944 3586 eum

2410 3614 2688 3682 sanguinis
2708 3622 2762 3667 et
2791 3617 2967 3668 carnis
2993 3619 3310 3684 ostendunt;
3341 3636 3458 3688 quze
3487 3626 3668 3675 omnia
3705 3625 3769 3676 ad
3816 3639 3941 3676 eum

2413 3703 2673 3771 pertinent
2701 3703 2952 3756 Satanam
2980 3715 3031 3758 et
3057 3699 3330 3777 ad'prophi
3349 3721 3428 3764 tas
3458 3713 3736 3780 ejus,qu:e
3762 3723 3944 3768 trans-

2412 3791 2642 3846 formare
2683 3789 2850 3847 valuit
2879 3795 2930 3848 in
2963 3793 3174 3849 Patrem
3210 3789 3506 3862 Christi,'et
3538 3805 3771 3857 scribere
3805 3819 3947 3871 pau—

2410 3897 2469 3934 ca
2503 3884 2744 3950 quaedam
2789 3901 2934 3947 vera,
2971 3895 3028 3938 ut
3078 3902 3172 3954 per
3217 3888 3330 3941 haec
3373 3891 3531 3942 etiam
3585 3902 3771 3944 caetera
3821 3909 3948 3959 qut:

2411 3980 2536 4022 sunt
2580 3969 2743 4034 falsa,
2781 3975 3145 4027 crederentur.
3179 3972 3327 4028 Unde
3352 3977 3548 4029 bonum
3581 3980 3738 4032 nobis
3770 3990 3856 4033 est
3881 3997 3941 4033 cx

2411 4060 2658 4114 omnibus
2689 4077 2807 4130 qua:
2847 4079 3016 4130 usque
3050 4065 3113 4117 ad
3147 4062 3404 4116 Joannem
3435 4067 3629 4132 srripta
3669 4078 3826 4129 sunt,
3865 4071 3941 4119 ni-

2413 4150 2486 4203 hil
2531 4154 2748 4206 omnino
2784 4156 3076 4223 suscipere,
3114 4171 3142 4208 a
3177 4156 3367 4209 diebus
3410 4172 3536 4218 vero
3564 4158 3681 4225 ejus
3716 4175 3942 4228 evange-

2412 4240 2627 4293 li'zatum
2663 4257 2883 4310 regnum
2932 4245 3189 4298 cwloru-u
3224 4246 3396 4297 solum
3430 4247 3673 4313 amplecti
3706 4265 3718 4299 :
3748 4261 3940 4299 semct—

2414 4328 2556 4396 ipsos
2586 4332 2728 4383 enim
2775 4333 3077 4396 irriseruut,
3109 4335 3331 4386 ridicula
3365 4346 3414 4387 et
3453 4337 3654 4389 ludicra
3690 4337 3935 4388 iutrodué

2412 4429 2611 4480 centes,
2635 4421 2842 4490 exiguis
2873 4424 3190 4490 quibusdam
3219 4425 3390 4475 verbis
3417 4426 3467 4476 in
3505 4427 3614 4491 lt-ge
3652 4427 3939 4479 adumbra-

788 4518 944 4569 νενιω
993 4514 1279 4581 suscipere.
1312 4513 1588 4565 invenietis
1619 4513 1844 4564 salutem
1865 4507 1897 4575 ς’
1930 4511 2169 4563 nolentes
2214 4527 2308 4562 au—
2341 4514 2381 4576 ι)
2412 4506 2499 4570 tis,
2527 4507 2830 4572 ignorantes
2879 4513 3001 4578 quia
3049 4514 3202 4565 malis
3229 4515 3274 4564 si
3311 4514 3737 4568 adtnisrereutur
3777 4518 3937 4578 bona,

790 4617 914 4666 tem,
941 4618 1034 4656 vos
1064 4613 1293 4655 auct-nus
1323 4600 1458 4669 ignis
1480 4603 1758 4655 absumere
1783 4604 1959 4654 habet.
1993 4601 2142 4652 Sicut
2165 4600 2304 4651 enim

789 4695 1101 4764 Hymenaeus
1142 4701 1194 4745 et
1237 4689 1533 4743 Alexander
1565 4709 1582 4738 ι
1611 4694 1782 4745 traditi
1821 4701 1946 4745 sunt
1987 4689 2217 4751 Satanae,
2248 4696 2306 4739 ut

853 4813 872 4844 ⁷
899 4811 1051 4865 Joau.
1078 4826 1179 4870 xw,
1213 4808 1262 4862 8.
1366 4808 1385 4836 ⁸
1421 4807 1435 4859 l
1464 4808 1586 4860 Cor.
1617 4823 1729 4870 xui,
1755 4809 1805 4863 9.

786 4895 906 4946 ιιιι,
936 4881 1025 4933 ἳὸ.
1100 4880 1140 4910 ⁸³
1165 4879 1357 4947 Ephes.
1384 4894 1456 4939 τι,
1486 4877 1568 4930 1‘2.
1799 4896 1801 4899 ν

857 4996 964 5065 (6|)
993 4996 1161 5065 Codex
1197 4995 1470 5065 Bobiensis
1503 5009 1607 5046 non
1638 4993 1816 5055 habet,
1848 5011 1866 5041 ι
1889 4995 2124 5060 quidem.
2149 5013 2167 5045 ι

793 5062 800 5067 ’
859 5062 968 5135 (62,
999 5064 1173 5116 Codex
1204 5063 1507 5135 Casineusis
1535 5065 1691 5123 male,
1729 5080 1746 5110 ι
1768 5066 1952 5135 cernit.
1982 5081 1999 5110 ι

857 5130 966 5206 (65)
1005 5136 1178 5206 Codex
1205 5131 1512 5206 Boiiicttsis,
1541 5151 1558 5181 ι
1583 5130 2043 5206 graunnatiqt‘tset
2076 5130 2313 5206 discipli-

789 5196 874 5259 υἱέ
897 5196 1171 5257 rhetorica:
1203 5201 1331 5252 attis
1368 5196 1740 5265 peritissimus,
1782 5208 1833 5250 ct
1865 5196 2131 5264 Egidius.
2163 5216 2178 5242 I
2210 5198 2314 5249 llo-

787 5290 905 5327 rum
940 5283 1116 5326 autem
1164 5270 1403 5336 j..dicutn
1445 5269 1696 5333 ptimum.
1747 5267 2022 5335 gentilium
2073 5268 2309 5331 philoso-

795 5345 932 5410 phia:
989 5340 1364 5408 profcssweui,
1420 5339 1707 5410 secundum
1759 5339 2313 5410 lllt'_t!.(;tlll_l_,.lb‘l'lllllll

794 5403 1224 5476 grammaticum,
1258 5413 1506 5471 quartum
1538 5406 1800 5457 rhetOIem
1833 5406 1956 5457 iacit
1990 5403 2314 5470 Epiphanius

790 5493 936 5529 num.
972 5480 1054 5528 10.

862 5547 967 5616 (ϐτί)
999 5544 1172 5616 Codex
1198 5539 1528 5616 Casineusis,
1573 5556 1590 5587 ι
1617 5551 1868 5616 rectores.
1898 5559 1914 5584 ι

860 5610 968 5678 (65)
1005 5612 1180 5665 Codex
1208 5610 1502 5672 Bobiensis,
1543 5610 1874 5678 (convocati.
1897 5626 1915 5655 ι

861 5675 966 5745 (66)
999 5681 1174 5733 Codex
1203 5678 1530 5736 Casitietasis,
1573 5694 1589 5723 ι
1616 5675 1863 5745 plurima.
1891 5693 1910 5723 ο

846 5739 968 5817 (67)
999 5747 1110 5803 lluc
1169 5763 1336 5817 usque
1396 5739 1846 5814 Valesiusvedidi.
1881 5757 1942 5796 ex
1995 5742 2175 5797 codice
2205 5739 2304 5796 Bo-

1913 4810 1934 4841 ’
1963 4805 2154 4874 lTim.
2184 4821 2278 4869 vti,
2314 4805 2400 4858 50.

2415 4598 2668 4649 malorum
2707 4601 3047 4668 corruptione
3073 4602 3234 4667 etiam
3267 4617 3385 4668 qua:
3415 4604 3731 4664 bona'suut,
3757 4616 3934 4657 exter-

2413 4687 2699 4738 minautur.
2731 4689 2792 4738 lit
2824 4690 2868 4742 si
2913 4690 3124 4756 quidem
3166 4700 3247 4742 est
3295 4691 3600 4757 quisquam,
3639 4695 3730 4760 qui
3771 4695 3941 4758 possit

2506 4804 2545 4831 ¹⁰
2577 4801 2758 4874 Matth.
2788 4819 2881 4867 vn,
2908 4806 2991 4857 18.
3117 4807 3154 4836 ⁸¹
3187 4803 3339 4859 Joau.
3365 4822 3478 4869 \‘Ill,
3503 4807 3591 4859 Η.
3683 4807 3723 4837 ¹¹
3753 4805 3933 4860 Matth.

2417 4987 2607 5045 bieusn

2485 5059 2591 5126 (68)
2625 5055 2681 5120 In
2711 5058 2892 5110 codice
2925 5057 3220 5118 Casinensi,
3260 5075 3279 5107 ι
3304 5058 3443 5110 enim
3468 5055 3613 5107 dato.
3641 5074 3660 5106 ι

2487 5131 2595 5195 (e9)
2626 5126 2843 5178 Videtur
2874 5128 2956 5178 hic
2985 5128 3133 5178 locus
3155 5141 3183 5176 a
3209 5127 3428 5187 Mauete,
3462 5126 3542 5175 vel
3585 5127 3652 5176 ab
3679 5126 3938 5195 (imperito

2414 5194 2632 5250 librario
2665 5203 2974 5261 corruptus;
3008 5210 3128 5246 nam
3155 5196 3229 5261 .iu‘
3246 5207 3400 5244 sacro
3431 5201 3595 5253 textu,
3632 5194 3931 5260 «justitia,i

2416 5259 2955 5318 seiibitureontrario
2989 5277 3168 5315 sensu.
3193 5259 3346 5310 Varia
3381 5271 3556 5311 autem
3605 5259 3776 5317 saera:
3799 5265 3936 5319 Scri-

2417 5345 2582 5398 plura:
2636 5334 2751 5384 loca
2798 5332 2980 5382 dolose
3041 5329 3408 5395 interpolasse,
3441 5336 3599 5399 atque
3633 5336 3939 5399 corrupisse

2417 5396 2674 5466 Manetem
2709 5399 3097 5467 diserteArche
3121 5399 3427 5467 ausasserit
3453 5396 3587 5467 intra
3613 5416 3737 5467 cap.
3770 5396 3860 5463 33,
3890 5412 3938 5454 et

2415 5486 2476 5521 ex
2511 5463 2805 5536 Epiphanio
2828 5466 3089 5536 colligitur
3120 5467 3169 5515 in
3192 5463 3439 5536 ejusdem
3460 5466 3648 5536 haeiesi
3681 5463 3933 5523 itum.56.

2509 5533 2853 5600 Ἀη-γωριυι.
2885 5535 3147 5598 respicere
3180 5535 3358 5601 inanes
3379 5533 3443 5585 ad
3477 5534 3564 5586 illa
3594 5533 3758 5589 Joau.
3795 5554 3831 5601 ι,
3856 5537 3889 5591 5
3921 5553 3935 5590 :

2510 5548 2592 5600 iU)
2640 5548 2853 5587 Videtur
2885 5548 3147 5598 resptcet‘e
3180 5548 3358 5583 manes
3379 5548 3443 5585 ad
3477 5548 3564 5586 tua
3594 5548 3688 5588 Joa

2421 5623 2439 5655 ι
2463 5548 2524 5658 ἐι
2557 5606 2784 5659 tenebra:
2810 5616 2928 5655 eum
2964 5616 3067 5652 non
3103 5600 3641 5666 comprehenderunt.
3671 5624 3688 5653 ι

2480 5674 2586 5745 (7t)
2615 5673 2670 5728 lu
2700 5669 2880 5727 eodice
2905 5669 3204 5731 Casinetisi,
3247 5687 3265 5718 ι
3286 5669 3552 5724 disserens
3574 5689 3594 5721 ι
3626 5673 3838 5742 legitur.
