4118 6350
145 472 341 580 uss

1298 505 1441 562 CUM
1476 503 1754 560 MANE'I'E
1794 505 2327 564 HERESIARCHA.

3140 473 3143 477 ’
3224 506 3376 586 tisi

179 623 491 689 ostendere,
535 623 703 693 legem
761 623 894 677 recti
941 631 1224 694 tenentem
1260 639 1401 688 esse,
1427 624 1594 706 debet
1623 637 1724 678 cu-
1758 629 1804 685 Α
1829 627 2062 682 dicimus
2091 626 2460 683 monarehiam
2492 626 2652 684 unius
2673 601 2896 689 naturae,
2923 635 2975 678 et
3003 625 3179 679 omnia
3207 624 3368 706 Deum
3397 652 3399 655 -

180 714 409 779 stodiri;
442 714 523 767 sin
567 723 745 767 autem
790 714 983 767 malam
1034 715 1338 781 ostendere,
1372 715 1722 781 interimenda

177 811 269 858 est
291 812 344 857 et
380 803 704 872 abjfeicnda,
743 803 1090 880 quippeqtne
1113 803 1448 874 mortisv(72)
1483 805 1727 860 ministe—

185 894 330 948 rium
391 893 627 948 continet
681 891 1119 957 informatum“,
1147 910 1266 971 quae
1309 896 1487 950 vultus
1558 895 1725 966 Moysi

179 983 430 1053 gloriam,
464 993 773 1057 contegens,
803 983 1085 1038 destruxit.
1121 984 1234 1039 Non
1289 998 1372 1042 est
1413 990 1574 1059 igitur
1606 992 1724 1045 sine

122 1124 126 1127 .
179 1073 422 1139 periculo
448 1072 695 1139 cuiquam
722 1083 958 1126 vestrum
994 1076 1196 1142 pariter
1221 1091 1346 1132 cum
1380 1078 1492 1146 lege.
1518 1091 1572 1133 et
1601 1095 1726 1148 pro-

180 1160 356 1227 phetis
404 1174 600 1212 novum
635 1158 1060 1225 Testamentum,
1116 1172 1370 1232 tanquam
1405 1165 1516 1234 (75)
1565 1170 1724 1224 unius

85 1283 94 1286 -
175 1253 291 1331 sint
333 1251 579 1318 utraque,
625 1252 852 1315 docere,
886 1253 1081 1321 quippe
1123 1270 1244 1307 cum
1298 1268 1520 1310 renovet
1549 1258 1615 1311 de
1639 1259 1724 1330 die

157 1342 234 1402 in
288 1342 426 1395 diem
475 1339 771 1395 Salvatoris
802 1343 969 1396 nostri
994 1345 1251 1409 eruditio;
1286 1346 1373 1398 illa
1414 1362 1544 1401 vero
1577 1361 1721 1402 vetc-

179 1447 404 1484 raseens
427 1443 479 1484 et
506 1445 793 1486 senescens
829 1449 994 1504 prope
1018 1434 1393 1488 exterminium
1420 1435 1532 1490 fiat.
1566 1436 1722 1503 Quod

175 1521 528 1576 manifestum
564 1533 647 1578 est
687 1524 791 1586 his,
829 1526 918 1590 qui
959 1525 1335 1598 discretionem
1372 1527 1567 1581 habere
1596 1544 1724 1598 pos-

174 1620 342 1676 sunt;
373 1613 500 1679 quia
554 1612 693 1665 sicut
743 1614 953 1666 arboris
982 1628 1102 1680 cum
1133 1588 1416 1667 genuerint
1452 1615 1609 1681 rami,
1641 1619 1722 1670 vel

130 1735 132 1737 -
172 1713 400 1756 truncus
425 1703 654 1755 fructum
679 1704 820 1771 nltra
856 1719 972 1757 non.
996 1702 1164 1767 aﬂ'ert,
1188 1704 1278 1757 sed
1312 1705 1720 1772 abscinduntur,

170 1803 229 1848 et
263 1795 499 1847 membra
533 1809 818 1862 corporum
853 1805 1261 1862 cumcorrnpta
1286 1795 1504 1859 fuerint,
1535 1812 1724 1866 ampu-

172 1893 363 1937 tantur
396 1901 408 1936 :
439 1884 801 1952 corruptionis
831 1883 971 1936 enim
1016 1885 1164 1938 virus
1208 1900 1272 1937 ex
1328 1886 1581 1941 membris
1631 1904 1724 1956 per

173 1985 338 2022 omne
370 1986 566 2044 corpus
599 1971 918 2034 infunditur,
953 1981 1006 2025 et
1041 1972 1145 2026 nisi
1189 1973 1410 2028 artiﬁcis
1447 1975 1722 2043 diligentia

173 2061 478 2114 remedium
499 2048 720 2113 morbus
746 2063 1030 2128 acceperit,
1061 2079 1257 2132 corpus
1285 2079 1444 2119 oume
1467 2069 1721 2133 vitiatur;

177 2153 252 2204 ita
285 2166 410 2219 ergo
443 2160 494 2203 et
523 2151 850 2218 recipientes
869 2153 1060 2220 legem,
1096 2155 1201 2208 nisi
1230 2159 1590 2226 cognoveritis
1626 2177 1723 2226 cu-

169 2242 265 2309 jus
290 2242 377 2304 sit,
405 2241 613 2294 animas
659 2257 781 2294 eum
813 2245 984 2297 salute
1015 2247 1268 2313 perdetis.
1312 2268 1329 2298 ι
1359 2247 1465 2300 Lex
1492 2252 1634 2302 enim
1670 2261 1723 2304 et

174 2333 448 2400 prophetat:
479 2341 648 2399 usque
673 2333 738 2384 ad
765 2331 1342 2404 JoannemlBaptistam
1370 2340 1432 2400 ‘5,
1466 2358 1484 2389 ι
1511 2354 1539 2392 a
1561 2338 1723 2392 Joan-

173 2439 247 2477 ne
276 2438 397 2476 vero
429 2422 512 2475 lex
547 2425 807 2486 veritatis,
841 2425 922 2477 lex
955 2428 1396 2494 promissionum,
1424 2431 1507 2482 lex
1557 2431 1721 2483 coelo-

175 2532 324 2575 rum,
363 2514 446 2568 lex
481 2525 832 2569 annuntiatur
867 2517 1104 2571 humano
1141 2522 1322 2586 generi
1354 2537 1508 2574 nova.
1555 2521 1721 2589 Equi-

172 2608 296 2663 dem
329 2607 496 2660 donec
524 2619 630 2660 nOn
681 2617 798 2660 erat
827 2609 915 2676 qtti
940 2608 1270 2662 verissimam
1319 2611 1593 2664 scicntiant
1619 2611 1720 2664 Do-

171 2700 309 2754 mini
363 2700 531 2752 nostri
571 2697 698 2766 Jesu
747 2699 901 2752 vobis
942 2700 1270 2763 ostenderet,
1303 2705 1584 2768 peccatum
1611 2716 1715 2753 non

171 2790 458 2843 habebatis
494 2808 506 2842 :
540 2805 682 2842 nunc
715 2799 892 2842 autem
917 2792 971 2841 ct'
1001 2790 1209 2850 videtis,
1249 2801 1300 2842 et
1321 2789 1539 2855 auditis,
1573 2801 1625 2844 et
1663 2791 1714 2844 in

98 2882 100 2884 ’
171 2883 422 2937 inscitias
456 2881 565 2951 (ῖιι)
591 2883 664 2960 ire
699 2882 880 2944 vultis,
906 2890 964 2935 ut
998 2882 1166 2960 legem
1195 2897 1314 2950 qua:
1341 2885 1610 2936 destructa
1638 2892 1718 2936 est

151 2983 229 3027 -et
258 2973 460 3037 relicta,
487 2957 768 3044 (75lisicut
797 2971 995 3034 Paulus
1017 2973 1108 3041 qui
1131 2957 1277 3042 apud
1321 2987 1416 3026 vos
1450 2972 1716 3042 probatis-

169 3065 354 3117 simus
393 3050 636 3127 habetur,
681 3064 755 3117 ait
806 3061 858 3115 in
906 3062 1136 3129 quadam
1192 3061 1426 3130 Epistola
1481 3077 1578 3116 sua
1616 3063 1717 3117 hoc

169 3153 342 3206 modo
375 3167 390 3204 :
431 3171 448 3202 ι
479 3151 534 3204 Si
559 3153 699 3206 enim
729 3169 849 3222 quae
879 3152 1117 3205 destruxi
1161 3152 1274 3206 hmo
1299 3152 1492 3206 iterum
1525 3153 1716 3206 readi-

169 3241 302 3306 ﬁco,
341 3243 803 3312 praevaricatorem
837 3257 921 3297 me
953 3242 1225 3296 constituo
1251 3242 1311 3296 ιδ.
1335 3261 1352 3293 ι
1390 3241 1503 3298 lloc
1530 3243 1707 3297 autem

170 3332 331 3393 dicit,
362 3332 587 3401 gentiles
615 3347 708 3386 eos
745 3332 1015 3399 judicans,
1055 3341 1271 3399 propter
1303 3333 1446 3401 quod
1483 3335 1583 3388 sub
1611 3336 1718 3389 ele-

174 3424 375 3482 mentis
418 3424 602 3476 mundi
631 3409 633 3411 1
659 3423 928 3490 essent",
965 3430 1276 3493 priusquam
1311 3427 1517 3480 venerit
1554 3419 1722 3496 pleni?

179 3513 312 3566 tudo
346 3511 488 3575 tidei,
517 3513 796 3566 credentes
818 3513 868 3564 in
905 3511 1018 3581 lege
1047 3521 1100 3565 et
1127 3514 1421 3582 prophetis.

248 3599 382 3654 XIV.
421 3600 649 3654 Iudices.
682 3601 924 3654 dixerunt
953 3617 970 3652 :
1014 3600 1090 3674 Si}
1117 3603 1245 3671 quid
1284 3605 1458 3656 adhuc
1493 3603 1720 3658 manife-

92 3675 102 3685 ’
153 3690 314 3768 ‘sti'us
356 3689 542 3754 habes,
584 3690 671 3743 die
717 3691 783 3744 de
830 3690 1084 3744 doctrime
1131 3699 1232 3744 tute
1280 3693 1456 3755 modo,
1507 3701 1558 3744 et
1601 3691 1719 3744 tidei

171 3781 352 3834 titulo.
388 3779 566 3833 Manes
600 3781 780 3835 dixit:
818 3781 928 3852 Ego
959 3782 1106 3835 duas
1156 3792 1374 3835 naturas
1417 3797 1536 3833 esse
1579 3781 1717 3842 dico,

103 3912 105 3914 -
171 3881 342 3925 tinam
383 3873 596 3934 bonam,
641 3882 693 3926 et
732 3873 954 3926 alteram
992 3872 1221 3936 malam;
1257 3882 1309 3925 et
1343 3886 1459 3924 eam
1507 3871 1718 3936 quidem

169 3978 300 4032 quae
350 3964 486 4016 bona
532 3970 632 4024 est,
681 3963 732 4015 iu
779 3964 1098 4032 quibusdam
1150 3960 1389 4030 partibus
1443 3960 1716 4026 habitare;

170 4054 376 4108 malam
409 4068 536 4106 vero
563 4067 684 4125 esse
709 4063 814 4106 tam
850 4054 1106 4115 mundum
1145 4052 1308 4113 hunc,
1340 4066 1498 4119 quam
1541 4053 1720 4106 omnia

171 4160 300 4214 quae
335 4145 387 4197 in
422 4159 486 4197 eo
517 4153 659 4209 sunt,
698 4160 817 4213 qua:
844 4145 995 4213 quasi
1031 4142 1294 4210 ergastula
1325 4141 1375 4192 in
1416 4149 1564 4209 parte
1604 4157 1719 4195 ma-

170 4233 309 4302 ligni
343 4233 509 4299 posita
539 4241 682 4291 sunt,
720 4233 859 4286 sicut
895 4233 969 4284 ait
994 4217 1267 4296 Joannes:
1312 4248 1330 4280 ι
1368 4229 1537 4284 Totus
1562 4247 1720 4285 mun-

168 4325 278 4386 dus
335 4323 389 4374 in
431 4324 662 4391 maligno
696 4333 779 4376 est
819 4319 1126 4390 positus”,
1168 4339 1186 4371 ι
1227 4329 1431 4394 etnon
1485 4323 1536 4374 in
1591 4322 1715 4376 Deo.

168 4412 462 4480 Propterea
497 4413 603 4464 duo
631 4412 747 4464 loca
776 4427 894 4465 esse
919 4412 1174 4474 diximus,
1209 4399 1376 4465 unum
1416 4413 1635 4480 bonum,
1667 4425 1723 4469 et

170 4505 341 4558 alium
372 4501 464 4568 qui
495 4509 647 4554 extra
671 4515 794 4553 eum
822 4510 926 4564 est,
953 4510 1010 4553 ut
1038 4501 1090 4553 in
1125 4502 1206 4556 his
1236 4503 1462 4571 Spatium
1494 4505 1720 4571 habens,

1825 719 2050 786 replere,
2075 727 2128 772 et
2151 718 2354 771 nullum
2388 732 2509 771 esse
2532 726 2681 771 extra
2725 731 2846 770 eum
2886 715 3086 778 locum,
3116 715 3233 783 quis
3272 701 3377 770 erit

1786 815 1799 824 ‘
1823 815 2081 861 creatura:
2127 802 2442 876 susceptor?
2477 806 2563 860 ubi
2602 805 2841 874 gehenna
2884 804 3058 872 ignis?
3091 805 3178 858 ubi
3225 795 3383 858 tene-1
3444 833 3446 835 ν

1824 896 2289 962 hrzeexteriores?
2319 898 2408 950 ubi
2431 887 2715 950 :ﬂelus‘Hn
2765 895 2881 963 ipso
2927 895 3142 948 dicam?
3182 894 3378 959 Absit;-

1823 986 2058 1055 alioquin
2095 969 2257 1039 etiam
2288 987 2401 1055 ipse
2434 970 2486 1038 in
2526 985 2606 1038 his
2637 985 2833 1052 pariter
2867 983 3212 1038 crueiabitur.
3255 980 3373 1037 Non

1823 1077 1926 1130 ista
1957 1076 2542 1145 sentiatis‘mtieunque
2569 1076 2757 1130 salutis
2790 1061 2975 1128 vestra;
3008 1089 3188 1128 curam
3235 1075 3389 1148 get-io,

1823 1170 1924 1234 tis;
1960 1170 2260 1238 exemplum
2306 1169 2446 1220 enim
2485 1168 2632 1220 vobis
2664 1166 2860 1230 dicam,
2889 1177 2944 1219 ut
2978 1151 3185 1233 plenius
3216 1163 3396 1218 intel-'

1824 1259 2018 1328 ligatis.
2049 1257 2227 1313 Unum
2262 1273 2354 1312 vas
2384 1267 2464 1311 est
2493 1259 2754 1322 mundus;
2788 1258 2924 1330 quod
2957 1256 3049 1308 Dei
3068 1243 3372 1322 substantia

1823 1341 1992 1404 totum
2047 1351 2149 1402 hoc
2191 1365 2284 1403 vas
2328 1349 2582 1416 replevit,
2635 1349 2902 1417 quomodo
2941 1349 3050 1415 jam
3100 1356 3272 1415 potest
3317 1348 3372 1399 in

1824 1439 1941 1509 ipso
1971 1453 2098 1492 vase
2129 1438 2329 1506 aliquid
2352 1437 2592 1505 amplius
2627 1438 2846 1505 reponi?
2878 1436 2932 1489 Si
2971 1436 3224 1502 repletum
3267 1445 3368 1500 est,

1821 1529 2092 1596 quomodo
2141 1528 2407 1593 suscipiet
2457 1527 2598 1594 quod
2652 1528 2887 1595 ponitur,
2939 1527 3042 1579 nisi
3087 1535 3373 1580 evacuetur

1796 1619 1886 1683 ,de
1916 1634 2040 1672 vase
2073 1634 2195 1687 pars
2230 1619 2447 1686 aliqua?
2489 1617 2596 1670 Ant
2643 1633 2750 1684 quo
2795 1618 3036 1684 proficiet
3077 1618 3218 1685 quod
3251 1633 3373 1671 eva-

1819 1710 2088 1772 cuabitnr,
2138 1724 2260 1761 cum
2304 1709 2451 1778 locus
2498 1721 2603 1761 non
2639 1707 2742 1760 sit?
2778 1707 2872 1762 Ubi
2913 1709 3088 1760 terra?
3130 1709 3219 1760 ubi
3258 1723 3372 1763 cm-

1821 1801 1970 1854 lun‘t?
2010 1801 2100 1854 ubi
2134 1799 2399 1868 abyssus?
2427 1800 2512 1853 ubi
2547 1799 2749 1853 stellze?
2787 1800 2876 1852 ubi
2911 1799 3098 1853 sedes?
3145 1801 3234 1853 ubi
3272 1817 3370 1868 po-

1822 1889 2076 1945 testates?
2125 1892 2212 1945 ubi
2267 1890 2568 1960 principes?
2614 1890 2701 1942 ubi
2760 1892 2989 1944 tenebrae
3042 1892 3375 1947 exteriores?
3429 1928 3431 1931 -

1824 1984 1946 2051 quis
1975 1991 2059 2036 est
2086 1983 2177 2050 qui
2204 1982 2397 2035 borum
2429 1984 2609 2050 posuit
2637 1969 3003 2046 fundamenta,
3026 1989 3079 2036 et
3106 1983 3232 2037 ubi?
3254 1982 3370 2039 Non

1822 2070 2232 2139 potest,aliqnis
2269 2071 2466 2130 dicere,
2511 2070 2611 2123 nisi
2648 2069 2783 2125 forte
2831 2071 3180 2140 blasphemet.
3229 2071 3375 2139 Quo-
3418 2140 3421 2144 η

1824 2160 1984 2213 modo
2007 2148 2186 2213 autem
2215 2169 2268 2213 et
2290 2160 2522 2214 condere
2553 2162 2725 2228 potuit
2751 2172 3024 2229 creaturas
3055 2178 3160 2216 non
3193 2164 3374 2218 subsi-
3403 2203 3405 2206 ι

1822 2258 1996 2302 stente
2022 2245 2358 2302 materia?Si
2394 2248 2536 2300 enim
2565 2248 2629 2301 de
2659 2264 2760 2302 non
2793 2252 3145 2315 exstantibus,
3179 2268 3399 2306 cause--

1822 2341 2017 2407 quetu'r
2060 2338 2169 2408 (76)
2209 2339 2303 2391 has
2363 2339 2602 2393 visibiles
2628 2349 2906 2394 creaturas
2945 2339 3191 2401 meliores
3228 2359 3368 2407 esse,

1819 2440 1873 2482 et
1906 2430 2154 2483 omnibus
2184 2429 2469 2482 virtutibus
2503 2430 2731 2497 plenas.“
2759 2430 2908 2493 Quod
2945 2432 2988 2484 si
3023 2434 3224 2486 malitia
3265 2443 3367 2496 est,

1819 2530 1872 2572 et
1900 2535 2046 2572 mors
2093 2520 2146 2571 itt
2178 2519 2278 2580 eis,
2320 2527 2372 2570 et
2403 2521 2694 2586 corruptio,
2735 2529 2788 2572 et
2816 2522 2861 2572 si
2905 2523 3047 2590 quid.
3071 2523 3212 2593 bono
3240 2539 3371 2578 con-

1820 2613 2040 2663 trarium
2087 2619 2203 2671 est;
2240 2608 2512 2677 quomodo
2563 2624 2626 2661 ex
2677 2610 2778 2662 alia
2821 2598 3213 2682 natura‘factas
3253 2630 3372 2669 esse

1817 2717 1908 2754 eas
1937 2701 2204 2754 dicimus?
2248 2700 2303 2753 Si
2353 2715 2477 2753 vero
2509 2700 2854 2753 consideretis
2901 2687 3171 2769 quomodo
3209 2716 3371 2772 sene-'-

1819 2799 2009 2845 rentur
2042 2791 2134 2844 lilii
2167 2791 2467 2854 hominum,
2497 2791 2777 2845 invenietis
2806 2806 2912 2844 non
2939 2807 3056 2846 esse
3085 2791 3371 2851 Dominum
3420 2852 3424 2860 ,

1819 2883 2053 2936 hominis
2082 2892 2414 2945 creatorem;
2449 2883 2539 2935 sed
2573 2883 2756 2943 alium,
2781 2883 2873 2951 qui
2901 2892 2952 2936 et
2986 2883 3099 2951 ipse
3124 2884 3373 2953 ingenita.-

1817 2983 1899 3025 est
1936 2981 2162 3036 naturae,
2198 2972 2352 3038 cujus
2379 2971 2625 3023 conditor
2658 2970 2854 3033 nullus,
2888 2986 2983 3024 nec
3011 2982 3240 3040 creator,
3272 2990 3366 3030 nec
3395 2958 3397 2961 ’

1816 3062 1986 3119 factor
2016 3073 2118 3124 est,
2149 3062 2240 3116 sed
2274 3063 2385 3113 sola
2420 3061 2621 3113 malitia
2659 3077 2753 3114 sua
2783 3060 2938 3113 talem
2970 3076 3090 3115 eum
3122 3064 3365 3131 protulit;

1817 3151 1911 3204 Est
1950 3153 2112 3220 igitur
2148 3153 2298 3204 vobis
2340 3151 2647 3202 homlnibus
2691 3153 2993 3206 commistio
3025 3169 3146 3208 eum
3187 3136 3368 3210 uxori-

1820 3239 1919 3293 bus
1945 3239 2158 3301 vestris,
2193 3245 2257 3290 de.
2293 3237 2660 3303 hujuscemodi
2695 3222 2979 3294 occasione
3015 3243 3364 3304 descendens.

1820 3329 1952 3382 Cum
1993 3329 2114 3396 quis
2154 3336 2384 3380 vestrum
2425 3315 2729 3382 carnalibus
2762 3330 2989 3399 aliisque
3015 3333 3170 3402 cibis
3207 3335 3368 3388 Fuerit
3438 3398 3449 3405 .

1821 3420 2066 3478 satiatus,
2098 3427 2223 3469 tunc
2250 3417 2296 3468 ei
2329 3416 2774 3485 concupiscentia
2815 3420 3058 3474 oboritur
3103 3423 3364 3487 incitatio,
3414 3437 3417 3439 '

1819 3521 1873 3564 et
1923 3512 1992 3562 ita
2028 3507 2319 3576 generandi
2366 3507 2461 3560 filii
2514 3508 2723 3562 fructus
2759 3521 3002 3580 augetur,
3051 3521 3110 3565 ut
3155 3528 3259 3587 non
3297 3530 3364 3568 ex

1819 3605 2015 3655 virtute
2043 3604 2244 3671 aliqua,
2279 3617 2379 3657 nec
2407 3619 2470 3672 ex
2507 3593 2858 3672 philosophia,
2891 3619 2988 3659 nec
3019 3622 3082 3660 ex
3123 3609 3228 3661 alio
3256 3610 3365 3663 ullo

1821 3694 2126 3757 intellectu;
2163 3693 2255 3746 sed
2281 3709 2346 3747 ex
2375 3667 2487 3747 Sida
2538 3696 2776 3747 ciborum
2808 3695 3070 3760 satietate,
3109 3707 3158 3750 et
3188 3699 3365 3752 libidi-

1822 3800 1906 3847 ne,
1948 3793 2000 3836 ct
2052 3784 2424 3841 fornicatione.
2472 3784 2536 3836 Et
2580 3785 2846 3850 quomodo
2898 3787 3025 3839 mihi
3077 3775 3360 3858 quisquam

1820 3873 1978 3937 dicet,
2009 3874 2132 3941 quia
2168 3873 2232 3926 ad
2268 3875 2548 3944 imaginem
2574 3871 2664 3926 Dei
2696 3872 2866 3928 factus
2895 3884 2975 3928 est
3003 3886 3148 3942 pater
3180 3859 3362 3934 nesmr

1820 3966 2009 4030 Ada'm,
2037 3977 2088 4019 ct
2125 3966 2190 4018 ad
2235 3944 2662 4029 similitudinem,
2714 3975 2767 4018 et
2811 3967 2999 4020 similis
3050 3979 3132 4022 est
3180 3970 3226 4024 ei
3269 3973 3363 4040 qui

1821 4055 1947 4109 fecit
2013 4058 2174 4110 eum?
2220 4055 2496 4130 Quomodo
2549 4069 2733 4109 omnes
2772 4057 2980 4125 quiqex
3022 4053 3086 4112 e6
3130 4062 3367 4130 generati

1821 4162 2028 4211 sumus,
2065 4145 2262 4199 similes
2291 4145 2338 4196 ci
2359 4145 2592 4197 sumus?
2618 4147 2724 4199 imo
2755 4163 2879 4201 vero
2908 4140 3213 4203 ecmitrario
3243 4153 3364 4219 plu-

1821 4239 1972 4291 rimae
2019 4235 2175 4288 nobis
2217 4242 2342 4287 sunt
2389 4232 2609 4297 fortrze,
2660 4236 2854 4289 diversi
2909 4239 3086 4291 vultus
3135 4238 3363 4294 ferentes

1821 4325 2080 4395 elligiem?
2108 4321 2261 4386 Quod
2295 4337 2456 4390 quam
2496 4336 2680 4376 verum
2721 4325 2822 4386 sit,
2860 4325 3234 4377 demonstrabo
3273 4342 3365 4378 vo-

1823 4417 1903 4471 bis
1933 4415 1985 4467 in
2018 4399 2305 4481 parabolis.
2349 4410 2631 4465 Intuemini
2664 4412 2792 4463 mihi
2832 4413 3063 4480 aliquem
3098 4415 3360 4469 volentem

1824 4509 2129 4560 thesaurum
2158 4513 2250 4556 aut
2273 4503 2471 4571 aliquid
2502 4503 2644 4556 aliud
2681 4504 2891 4572 signare
2916 4505 3044 4572 (Ti),
3074 4514 3126 4558 et
3147 4517 3360 4572 accepta

169 4601 361 4664 posset
401 4592 454 4643 in
497 4607 557 4644 se
581 4591 858 4660 suscipere
889 4601 1188 4645 creaturam
1231 4593 1434 4647 mundi.
1484 4593 1539 4648 Si
1579 4598 1720 4650 enim
1753 4617 1796 4670 ι)
1825 4611 1965 4658 cera,
2009 4579 2106 4647 vel~
2136 4593 2251 4653 luto
2297 4593 2431 4647 velle
2475 4593 2654 4646 vultus
2709 4595 2792 4646 sui
2840 4595 3169 4660 signaculum
3217 4596 3362 4662 quod

246 4738 294 4770 ιδ
322 4736 367 4789 lI
390 4733 514 4789 Cor.
546 4749 618 4797 vr,
644 4732 695 4785 7.

244 4872 359 4941 (Ἴτ’.)
389 4870 487 4923 llic
518 4885 655 4941 unus
679 4885 741 4924 ex
771 4871 874 4941 illis
906 4885 1072 4924 saera:
1106 4871 1394 4941 Scriptura:
1425 4876 1556 4930 locis
1584 4893 1703 4930 esse

169 4938 407 5011 videtur,
433 4955 570 5011 quos
591 4938 794 5011 Manes,
827 4939 1092 5011 Archelao
1117 4938 1261 4995 teste.
1281 4946 1331 4996 in
1365 4961 1482 5011 cap.
1512 4946 1578 4997 55
1601 4949 1703 4998 Ιιυ-

167 5013 264 5081 jus
284 5005 768 5081 disputationis,ad
796 5025 947 5064 suam
974 5008 1289 5067 fulciendatn
1324 5005 1564 5066 btet-esim
1589 5030 1708 5067 cor-

171 5076 512 5145 rupitznam
543 5076 810 5145 diversum
851 5093 1205 5145 sensnmprze
1248 5095 1305 5134 se
1358 5081 1532 5137 ferunt
1560 5081 1710 5134 Pauli

168 5143 343 5202 verba
386 5145 452 5196 ad
493 5161 612 5216 qttze
646 5143 898 5216 respicit,
942 5157 1050 5200 tam
1101 5143 1159 5198 in
1189 5150 1399 5216 vulgata
1455 5151 1709 5211 editione,

170 5228 353 5285 quam
372 5213 510 5285 apud
537 5213 1126 5285 Archelaum'nostrnm
1158 5213 1305 5269 infra
1320 5233 1439 5285 cap.
1473 5220 1560 5272 45.

248 5282 366 5353 (‘75)
389 5284 462 5334 Ita
487 5282 687 5359 codicis
711 5285 1021 5339 Casinensis
1047 5283 1326 5359 lectionem
1353 5282 1700 5359 correximus,

175 5357 233 5407 in
289 5364 401 5415 quo
453 5356 708 5418 scriptum
738 5363 841 5420 est,
881 5374 900 5406 ι
927 5364 1131 5408 novum”
1170 5356 1553 5418 testimonium,
1597 5366 1709 5406 ttnn

174 5433 460 5477 tanquam.
486 5437 504 5468 ι
703 5466 708 5469 .

249 5436 576 5560 {ﬁrmus
605 5466 926 5560 corruptus:
955 5490 1110 5554 forte,
1141 5509 1159 5539 ι
1193 5500 1245 5543 et
1268 5490 1493 5544 inficias.
1526 5509 1543 5540 ι

240 5555 366 5678 ⁵ςιό)
408 5555 563 5631 Deest
601 5555 850 5624 fortasse,
884 5577 904 5611 ι
944 5561 1259 5624 observetis,
1287 5577 1307 5610 ι
1353 5563 1433 5614 vel
1473 5560 1598 5627 quid
1642 5560 1716 5613 si-

240 5645 252 5678 I
280 5642 331 5678 e.

176 5642 331 5685 mite.

252 5694 372 5764 (76),
401 5691 465 5764 In
490 5692 978 5764 codiceCasin'ensi
1014 5704 1116 5760 est,
1153 5716 1171 5748 ι
1210 5706 1641 5764 consequentem.
1689 5717 1709 5750 ι

252 5762 372 5834 (77)
401 5762 664 5831 Antiquos
691 5767 900 5822 annntis
931 5768 1110 5820 omnia
1141 5762 1404 5835 'signasse,
1418 5781 1536 5832 quae
1560 5781 1592 5818 a
1619 5769 1714 5822 do-

180 5836 531 5894 mesticorum
557 5840 610 5886 et
635 5847 913 5891 servorum
957 5837 1157 5902 rapinis
1201 5835 1467 5887 vindicare
1506 5846 1712 5906 satage-

771 4733 814 4763 ¹³
837 4732 967 4787 Luc.
997 4749 1104 4798 xvi,
1135 4729 1218 4787 l6.
1281 4726 1339 4773 ’³⁸
1373 4735 1488 4790 Gal.
1520 4754 1578 4803 ll,
1607 4740 1693 4792 18.

1850 4738 1965 4792 Gal.
1995 4716 2142 4800 tv,5.
2218 4735 2262 4765 ¹⁸
2302 4733 2322 4785 l
2361 4733 2517 4788 Joan.
2555 4751 2610 4799 v,
2647 4736 2761 4790 19.-

1803 4877 1952 4935 bant,
2008 4884 2182 4932 arcas,
2235 4873 2488 4935 armaria,
2537 4874 2860 4940 amphoras,
2907 4886 3100 4937 penum
3147 4872 3360 4941 aliaque

1805 4943 1947 4994 furto
1977 4956 2037 5010 ac
2065 4942 2265 5006 rapinae
2290 4942 2543 5006 obnoxia,
2581 4958 2664 4994 res
2695 4942 2981 4993 notissima
3003 4950 3088 4993 est
3123 4944 3359 5010 antiqui-

1809 5012 1933 5063 tatis
1976 5009 2315 5080 “emanaret
2354 5011 2552 5064 Grreete
2589 5009 3084 5080 studiosistdeque
3132 5026 3194 5063 ea
3240 5023 3363 5080 post

1811 5079 1944 5131 alios
1960 5080 2060 5131 late
2086 5077 2600 5145 agitKirchmannus
2617 5077 2693 5128 De
2709 5078 2940 5140 annalis,
2969 5095 3018 5130 e.
3037 5080 3120 5131 10.
3153 5077 3351 5133 Annali

1809 5149 1875 5199 ad
1910 5149 2009 5200 hoc
2038 5147 2185 5206 facti,
2212 5149 2507 5216 signatorii,
2532 5156 2583 5198 et
2621 5145 2948 5208 sigi’latorii,
2981 5157 3033 5200 et
3064 5163 3093 5199 a
3123 5147 3356 5214 Vopisco

1814 5218 1866 5268 in
1896 5217 2498 5283 Auusttxnmigillatitii
2526 5225 2930 5280 nuncupantur;
2957 5217 3082 5282 quin
3111 5226 3160 5267 et
3187 5217 3360 5283 signa-

1816 5287 1956 5351 cula,
1986 5298 2042 5338 ut
2074 5286 2313 5338 Are/tela:
2350 5284 2729 5351 disputationis
2760 5284 3021 5351 interpres
3051 5285 3224 5342 vertit,
3251 5286 3357 5338 dici

1817 5349 1975 5422 posse
2005 5356 2135 5409 scite
2173 5353 2331 5422 tradit
2364 5349 2659 5422 Salmasius
2699 5349 2770 5403 De
2812 5349 3168 5420 sub'signattdis
3201 5361 3360 5404 testa-

1819 5419 2035 5487 mentis,
2089 5437 2207 5490 cap.
2257 5421 2342 5471 19.
2389 5419 2523 5472 Cera
2566 5431 2743 5490 autem
2791 5422 2840 5472 in
2896 5419 3045 5490 hanc,
3076 5435 3190 5490 rem
3230 5436 3358 5475 usos

1820 5492 1984 5546 fuisse
2017 5488 2219 5545 veteres
2267 5489 2370 5541 late
2415 5493 2604 5554 probat
2652 5488 2873 5542 Vossius
2920 5489 2992 5539 De
3032 5488 3365 5552 idololatria,

1823 5561 1916 5616 lib.
1946 5577 2019 5621 tv,
2050 5575 2165 5626 cap.
2193 5557 2279 5610 9|.
2313 5557 2385 5608 De
2410 5568 2578 5618 creta,
2606 5573 2764 5624 qua'n
2800 5561 2960 5626 intum
2991 5556 3126 5626 idem
3155 5556 3360 5626 Arche-

1823 5631 1894 5682 lai
1935 5624 2195 5695 interpres
2251 5636 2435 5692 vocat,
2491 5629 2640 5695 testis
2688 5637 2768 5677 est
2812 5624 3032 5695 Servius
3073 5625 3124 5676 in
3169 5625 3358 5695 libatv

1816 5693 2093 5758 A'Ineidos,
2123 5697 2188 5749 ad
2225 5696 2311 5748 illa
2342 5697 2501 5749 verba
2531 5713 2542 5747 :
2571 5694 2826 5759 Longawa
2855 5693 3114 5753 sacerdos,
3153 5695 3240 5747 ubi
3275 5694 3358 5746 Si-

1816 5768 1968 5838 bylla:
1995 5765 2139 5838 apud
2179 5764 2378 5838 Cumas
2415 5765 2591 5831 agenti
2631 5764 2698 5838 ab
2743 5760 3041 5838 Erythraeis.
3072 5762 3351 5827 epistolam

1817 5831 2044 5890 niissani
2068 5833 2234 5888 fuisse
2271 5832 2429 5887 refert
2449 5871 2463 5897 ,
2497 5848 2514 5880 ι
2545 5831 2764 5898 antiquo
2812 5842 2959 5882 more
3000 5831 3283 5896 signatam.
3315 5851 3338 5883 ι
