4118 6350
805 475 941 530 1455
1018 521 1020 524 ,

1769 430 1944 528 item
2016 425 2534 560 Disrurartoxis
2571 471 2633 526 δ.
2683 470 3022 525 ARCllELAI

3861 465 4011 526 {156

729 585 741 590 ”
803 597 957 664 gerit,
988 594 1317 663 exprimere;
1349 595 1565 663 quod-si
1611 595 1747 646 alius
1788 609 2002 663 quoque
2043 594 2221 648 vultus
2260 595 2413 678 sui}
2444 593 2682 646 cessario
2707 602 2917 662 exopctet
2953 591 3088 662 (82).
3130 592 3334 644 Interea
3381 587 3668 658 aliquando
3717 586 4012 657 respondit

802 685 1031 755 ligarant
1061 684 1303 737 similiter
1323 679 1665 753 expresserit,
1694 685 1933 750 nunquid
1966 685 2344 753 simile‘signa-

803 775 984 826 culum
1020 770 1331 840 apparebit?
1359 769 1729 838 Nequaquam.
1766 772 1975 825 etiamsi
2009 788 2102 825 vos
2138 773 2342 833 nolitis,

801 863 941 931 quod
977 877 1156 913 verum
1191 869 1290 925 est,
1319 861 1582 920 conﬁteri.
1629 859 1779 925 Quod
1823 863 1867 915 si
1905 878 2011 915 non
2054 878 2243 916 smnus
2271 863 2345 916 si-

802 951 954 1005 miles
1002 951 1053 1004 itt
1101 950 1398 1019 signaculo,
1449 953 1539 1003 sed
1588 960 1668 1005 est
1721 952 1773 1003 in
1827 953 1981 1006 nobis
2026 954 2341 1014 diﬂ'etentia,

799 1041 1073 1110 quomodo
1107 1057 1212 1094 non
1248 1040 1506 1109 probatur
1539 1041 1838 1109 principum
1872 1057 1992 1106 nos,
2027 1052 2080 1096 et
2110 1043 2346 1096 materiae

799 1147 917 1188 esse
950 1133 1248 1187 facturam:
1281 1134 1574 1188 secundum
1620 1134 1760 1187 enim
1800 1126 1909 1203 ('78)
1956 1135 2194 1202 ipsorum
2237 1135 2346 1189 for-

798 1241 964 1288 mant,
987 1236 1041 1279 et
1063 1225 1488 1288 similitudinem,
1512 1235 1566 1278 et
1585 1220 1876 1293 imaginem
1900 1227 2060 1279 etiam
2084 1239 2181 1280 nos
2208 1227 2349 1279 exsi-

799 1317 993 1372 stimus
1024 1315 1209 1369 forma:
1249 1316 1493 1369 diversae.
1521 1314 1670 1379 Quod
1708 1316 1752 1369 si
1785 1329 1901 1368 earn
1931 1331 2051 1384 qua:
2087 1330 2153 1368 ex
2191 1316 2346 1369 initio

768 1403 940 1460 'l‘acta
992 1404 1298 1458 commistio
1343 1415 1444 1468 est,
1477 1413 1531 1458 et
1575 1404 1810 1473 qualiter
1865 1403 2002 1458 facta
2053 1406 2142 1468 sit,
2188 1407 2345 1461 vultis

750 1529 754 1533 -
797 1497 1058 1567 ediscere,
1087 1495 1312 1548 edicam.

869 1583 982 1637 XV.
1020 1584 1230 1637 Iudices
1259 1587 1497 1637 dixerunt
1526 1603 1546 1639 :
1576 1582 1690 1636 Non
1724 1585 1872 1652 prius
1896 1586 2166 1654 quatritur
2208 1601 2343 1654 quo—
2383 1602 2387 1606 '

800 1678 960 1729 modo
989 1675 1127 1730 facta
1175 1677 1244 1729 sit
1286 1677 1455 1742 prima
1502 1676 1831 1739 commistio,
1865 1677 1966 1729 nisi
2013 1676 2162 1744 prius
2192 1678 2348 1730 detur

799 1771 958 1834 ratio,
985 1770 1092 1822 duo
1126 1785 1243 1822 esse
1273 1767 1532 1836 principia
1564 1768 1851 1820 naturalia.
1892 1767 2027 1822 Cum
2061 1771 2203 1823 enim
2238 1770 2347 1822 cla-

799 1863 964 1916 ruerit
1000 1864 1108 1913 duo
1139 1876 1259 1913 esse
1303 1860 1553 1928 ingenita,
1587 1869 1712 1912 tunc
1753 1859 1910 1912 etiam
1947 1861 2153 1929 reliqua
2188 1861 2344 1914 iidem

799 1953 1031 2021 capient,
1062 1951 1220 2004 etiam
1261 1953 1302 2003 si
1339 1967 1462 2019 pars
1498 1951 1673 2018 aliqua
1718 1966 1823 2004 non
1865 1928 2348 2006 accommodaverit
2381 1928 2418 1984 Β

800 2057 1080 2105 assensum
1112 2041 1417 2109 :judicamli
1443 2041 1585 2094 enim
1619 2041 1772 2096 nobis
1803 2052 2060 2110 potestate
2085 2045 2345 2113 permissa

740 2176 742 2180 τ
798 2135 1058 2195 dicemus,
1107 2135 1246 2202 quod
1298 2145 1494 2187 nostra:
1539 2133 1779 2202 opinioni
1829 2135 2104 2188 claruerit.
2148 2134 2347 2188 Demus

801 2234 977 2278 tamen
1017 2232 1070 2277 et
1101 2223 1360 2276 Arcltclao
1399 2223 1607 2276 dicendi
1656 2222 1964 2276 facultatem
2013 2224 2078 2276 ad
2125 2223 2255 2287 bare,
2292 2236 2348 2277 ut

798 2330 919 2386 quae
947 2314 1015 2368 ab
1049 2321 1272 2381 utroque
1299 2313 1439 2365 dicta
1469 2311 1668 2365 iuerint
1694 2322 2093 2380 comparantes,
2125 2327 2229 2380 pro,
2259 2329 2346 2365 ve-

801 2409 955 2460 ritate
983 2404 1250 2474 poSsimus
1291 2402 1428 2456 ferre
1469 2404 1809 2456 sententiam.
1845 2403 2128 2456 Archelaus
2164 2404 2298 2456 dixit
2328 2421 2345 2457 :

801 2495 1032 2568 Tametsi
1063 2495 1291 2564 ingentis
1318 2488 1574 2558 audaciae,
1615 2504 1666 2547 et
1697 2495 2042 2564 blasphemia:
2082 2496 2232 2564 plena
2266 2506 2347 2549 est

802 2585 1024 2640 intentio
1069 2584 1382 2638 adversarii.
1431 2583 1611 2637 Manes
1660 2586 1834 2639 dixit:
1866 2585 2076 2650 Audite,
2116 2587 2343 2654 judiecs,

800 2675 925 2743 quid
955 2674 1148 2726 dixerit
1187 2673 1318 2736 (79),
1367 2672 1702 2724 adversarii?
1743 2672 1880 2740 Ergo
1918 2674 2038 2726 dua»,
2071 2689 2156 2725 res
2200 2687 2342 2727 sunt.

799 2762 1082 2816 Archelaus
1131 2761 1271 2813 dixit
1308 2776 1324 2812 :
1371 2761 1594 2814 Insania
1636 2763 1804 2829 magis
1848 2779 2009 2829 quaut
2057 2764 2346 2832 prudentia:

800 2853 1011 2905 videtur
1035 2849 1165 2903 mihi
1205 2848 1395 2916 plenus
1423 2849 1544 2912 iste,
1575 2849 1666 2917 qui
1698 2849 1827 2900 mihi
1853 2849 2008 2900 hodie
2039 2860 2348 2903 controver-

805 2944 939 2997 siam
974 2950 1170 3002 movet,
1200 2939 1324 3009 quia
1359 2939 1546 2993 dixero
1580 2939 1896 3002 adversarii,
1931 2940 2022 2992 sed
2055 2940 2226 2994 ablata
2252 2943 2344 2995 tibi

802 3042 885 3088 est
913 3034 965 3085 in
1001 3032 1206 3085 modico
1229 3044 1476 3085 sermone
1506 3029 1737 3098 obiectio
1761 3047 1773 3083 :
1799 3031 2010 3083 tametsi
2042 3031 2252 3098 quidem
2282 3048 2346 3086 ex

807 3125 908 3176 hoc
939 3123 1225 3175 arbitratus
1254 3137 1313 3174 es
1341 3135 1425 3174 me
1452 3120 1840 3180 aﬂlrmaturum
1891 3117 2002 3187 (80)
2049 3119 2182 3173 duas
2230 3136 2348 3174 esse

2446 685 2626 738 Manes
2653 703 2664 736 :
2699 684 3123 755 iqconvertibiles
3143 681 3356 752 quidem
3381 690 3509 754 sunt
3539 674 3798 747 utraeque,
3827 693 4012 746 quam

2447 787 2557 829 tum
2595 783 2796 842 speetat
2843 773 2953 841 (85)
3007 771 3071 826 ad
3102 772 3405 832 contraria:
3435 769 3818 824 convertibiles
3849 783 4012 828 vero,

2445 865 2586 933 quod
2631 872 2833 932 spectat
2869 863 2933 916 ad
2977 863 3214 931 propria.
3254 860 3537 914 Archelaus
3582 860 3720 912 dixit
3769 873 3788 910 :
3839 855 4013 909 Vide-

2449 958 2521 1009 ris
2548 954 2679 1008 mibi
2709 954 2908 1007 delirus
2941 967 3083 1017 esse,
3116 961 3170 1006 et
3202 952 3526 1005 oblivisccns
3565 949 4009 1018 propositionum

2447 1058 2690 1112 tuarum;
2722 1045 2814 1101 sed
2843 1059 2908 1098 ne
2938 1058 3123 1098 eorum
3165 1043 3378 1111 quidem
3424 1058 3542 1111 quae
3582 1040 3841 1094 didicisti.
3875 1039 4010 1105 (85'),

2448 1139 2733 1192 verborum
2763 1137 2987 1190 virtutes
3014 1137 3098 1188 vel
3127 1135 3415 1203 qualitates
3459 1148 3769 1204 agnoscere.
3818 1129 4013 1198 Neque

2444 1229 2585 1280 enim
2613 1227 2894 1282 conversio
2933 1220 3061 1295 quid
3113 1226 3184 1280 sit
3225 1225 3494 1294 agnoscis,
3538 1237 3710 1292 neque
3759 1206 3907 1290 quid
3949 1222 4014 1272 sit

2446 1320 2757 1388 ingenitum,
2787 1328 2880 1371 aut
2909 1317 3036 1386 quid
3068 1315 3320 1381 dualitas,
3353 1330 3461 1368 non
3487 1313 3612 1383 quid
3645 1312 4014 1381 praeteritum,

2444 1411 2528 1463 vel
2565 1410 2692 1478 qttid
2725 1424 2980 1476 praesens,
3011 1409 3206 1478 quidve
3234 1407 3472 1461 futurum
3523 1409 3610 1468 sit,
3647 1404 3786 1457 sicut
3822 1418 3895 1455 ex
3933 1404 4012 1454 his

2445 1517 2563 1569 quae
2593 1517 2622 1554 a
2653 1511 2702 1554 te
2737 1515 2878 1554 nunc
2909 1501 3048 1568 dicti
3089 1508 3238 1564 sunt,
3278 1496 3501 1551 adverti.
3533 1494 4013 1550 lnconvertibileru

2444 1592 2586 1643 enim
2630 1605 2749 1644 esse
2788 1587 3061 1642 aﬂirmasti
3097 1585 3379 1657 utramque
3419 1597 3684 1649 naturain,
3731 1590 4011 1652 quantum

2445 1682 2510 1734 ait
2573 1679 2841 1734 contraria
2895 1687 3099 1748 spectat
3148 1678 3302 1747 (85);
3369 1675 3769 1731 convertibilem
3842 1690 4006 1735 vero,

2447 1779 2703 1838 quantum
2747 1769 2812 1822 ad
2859 1769 3097 1837 propria.
3143 1766 3252 1836 Ego
3295 1783 3421 1820 vero
3457 1766 3596 1830 dico,
3641 1766 3771 1833 quia
3819 1766 3924 1831 qui
3957 1765 4001 1813 in

2448 1860 2678 1928 propriis
2736 1860 2979 1920 vertit-ur,
3038 1873 3142 1911 non
3189 1858 3400 1911 excedit
3445 1872 3474 1909 a
3521 1871 3609 1914 se.
3663 1853 3757 1908 sed
3807 1865 3903 1906 est
3957 1857 4003 1904 ia

2445 1951 2672 2015 eisdem,
2704 1949 2901 2019 quibus
2936 1964 3143 2016 semper
3167 1959 3249 2002 est
3273 1930 3857 2010 inconvertibilisfqui
3883 1958 4008 1995 vero

2446 2041 2629 2108 recipit
2655 2039 3175 2102 com-ertibilitatetu,
3205 2038 3290 2092 hic
3319 2046 3471 2092 extra
3503 2036 3720 2106 propria
3751 2032 4007 2091 eﬂ‘ectus.

2445 2132 2656 2184 dem-nit
2695 2131 2746 2182 in
2777 2129 2970 2184 aliena.
3062 2174 3064 2179 .
3639 2152 3642 2154 ·

2516 2218 2650 2272 XVI.
2692 2219 2905 2272 Iudices
2934 2220 3177 2272 dixerunt
3207 2233 3224 2269 :
3269 2217 3710 2272 Convertihilitas
3733 2210 3890 2268 illum
3920 2214 4011 2268 cui

2447 2311 2657 2373 accidit,
2695 2309 2950 2364 transfert
2979 2311 3030 2363 itt
3064 2311 3263 2371 alium;
3305 2310 3428 2364 utsi
3459 2297 3729 2372 dicamus,
3761 2305 4007 2368 Judaus,

2448 2400 2488 2451 si
2537 2399 2664 2453 velit
2705 2399 2818 2451 lieri
2862 2397 3222 2462 Christianus,
3267 2409 3360 2450 aut
3399 2397 3446 2451 si
3494 2394 3846 2450 Christianus
3877 2395 4008 2447 velit

2445 2505 2563 2543 esse
2605 2489 2839 2558 gentilis,
2891 2490 3003 2542 haec
3047 2490 3254 2558 species
3301 2497 3387 2541 est
3431 2486 3916 2561 eouvet-tibilitatis.
3945 2494 3997 2536 et

2446 2596 2626 2634 causa.
2662 2579 2844 2649 Neque
2876 2594 3000 2644 vero
3023 2580 3068 2633 si
3098 2574 3334 2648 gentilis,
3360 2594 3482 2634 cum
3515 2580 3564 2632 in
3592 2579 3856 2631 omnibus
3878 2591 4001 2646 pro-

2447 2676 2577 2743 priis
2609 2676 2720 2729 suis
2751 2683 2983 2737 maneat,
3018 2688 3081 2726 ac
3110 2673 3213 2727 diis
3245 2674 3360 2727 suis
3395 2672 3602 2726 ltostias
3631 2669 3854 2731 onerat,
3880 2679 4006 2722 tem-

2449 2767 2653 2833 plisque
2691 2780 2756 2818 ex
2811 2779 2959 2818 more
3006 2763 3315 2826 deserviat,
3365 2763 3538 2817 donec
3586 2768 3904 2830 perseverat
3957 2761 4000 2808 in

2448 2856 2698 2923 propriis,
2737 2871 2798 2907 ac
2826 2853 3054 2923 prolicit,
3087 2853 3327 2921 nunquid
3360 2853 3464 2905 dici
3502 2862 3682 2920 potest
3728 2865 3855 2902 esse
3885 2863 4005 2902 con—

2449 2947 2667 3001 vt-rsus?
2705 2946 2844 3012 Quid
2878 2946 3039 3015 igitur
3075 2945 3250 2998 dicis?
3283 2943 3548 3010 recipiunt
3579 2942 4003 2995 convertibilitao

2450 3050 2551 3091 tvm
2581 3056 2647 3092 an
2677 3031 2818 3091 non?
2865 3035 2929 3088 Et
2973 3038 3281 3110 immoratur
3323 3032 3476 3085 Mane
3498 3073 3512 3097 ,
3556 3032 3856 3085 Archelaus
3885 3032 3956 3082 ait
3982 3047 4001 3083 :

2452 3129 2505 3180 Si
2540 3125 2752 3196 quidem
2795 3123 3171 3178 convertibiles
3214 3135 3335 3174 esse
3377 3121 3504 3184 dicit
3545 3131 3817 3189 utrasque
3851 3131 4005 3173 uatu-

807 3221 1046 3264 naturas.
1079 3207 1346 3278 lugentem
1380 3208 1678 3263 doctrinam
1709 3208 1884 3263 ferens
1910 3209 2066 3273 ades;
2098 3219 2344 3262 neutrum
2374 3246 2415 3301 ε
2453 3233 2558 3276 ras,
2590 3215 2720 3284 quid
2766 3224 2845 3268 est
2883 3211 3026 3281 quod
3083 3212 3353 3279 impediat,
3402 3211 3475 3262 uti
3519 3226 3584 3264 tte
3627 3227 3801 3264 unum
3851 3219 4005 3278 atque

805 3304 948 3355 enim
997 3315 1183 3354 eorum
1231 3315 1349 3367 quae
1382 3301 1599 3362 asseris,
1627 3300 1968 3356 staL'Potest
1994 3302 2133 3354 enim
2167 3303 2212 3356 is
2257 3302 2347 3369 qui

804 3408 910 3446 non
942 3399 1152 3455 natura,
1194 3391 1284 3443 sed
1335 3391 1604 3457 proiiosito
1650 3390 1984 3445 adversarius
2014 3400 2114 3456 est,
2144 3392 2349 3444 amicus

803 3483 1042 3546 eﬂ‘ectus,
1071 3496 1178 3536 non
1231 3496 1348 3534 esse
1402 3481 1758 3546 allici-sarius,
1790 3489 1843 3535 et
1876 3479 1957 3536 ita
2005 3499 2126 3536 cum
2167 3483 2350 3536 altere

804 3577 960 3630 nobis
993 3573 1145 3626 alteri
1179 3572 1522 3640 acqttieverit,
1563 3587 1725 3622 unum
1763 3581 1921 3640 atque
1960 3574 2097 3626 idem
2130 3585 2351 3642 uterque

807 3663 1074 3732 apparebit
1101 3681 1112 3718 :
1145 3677 1259 3729 qm:
1285 3675 1444 3712 causa
1482 3659 1680 3711 indicat
1709 3667 1979 3712 creaturas
2008 3660 2350 3713 rationabiles

807 3754 970 3808 libero
998 3755 1218 3806 arbitrio
1249 3765 1362 3803 esse
1384 3748 1694 3817 permissas,
1732 3748 1871 3800 unde
1893 3757 1945 3800 et
1975 3750 2352 3802 conversiones

808 3845 1089 3912 recipiunt,
1135 3854 1186 3896 et
1225 3843 1342 3896 ideo
1375 3841 1622 3908 ingenitae
1661 3848 1867 3892 naturae
1898 3854 2018 3891 esse
2068 3853 2172 3891 non
2224 3855 2351 3906 pos-

809 3943 934 3988 sunt
962 3934 1092 4001 (81).
1143 3931 1280 3996 Quid
1313 3946 1440 4000 ergo
1487 3931 1603 3983 ais?
1643 3931 1758 3984 duae
1793 3930 1906 3982 ista:
1935 3938 2136 3981 ttaturre
2165 3929 2350 3980 incon-

810 4024 1082 4077 vertibiles
1128 4032 1280 4080 sunt,
1324 4037 1389 4072 an
1434 4021 1828 4086 convertibiles,
1880 4031 1970 4074 aut
2022 4037 2124 4073 tttta
2166 4037 2348 4074 eorum

812 4114 1173 4170 convertitur?
1223 4113 1288 4165 At
1339 4127 1462 4165 vero
1518 4111 1693 4167 Manes
1741 4125 2043 4169 remoratus
2084 4123 2191 4176 est,
2245 4129 2349 4166 non

813 4205 1130 4260 inveniendo
1157 4218 1509 4271 responsum;
1557 4202 1859 4256 intuebatur
1903 4206 2042 4258 enim
2095 4205 2232 4272 quod
2287 4219 2350 4257 ex

813 4306 1040 4364 utroque
1073 4296 1500 4353 concluderetur,
1526 4303 1821 4345 retractans
1859 4295 2029 4359 :Quia
2083 4296 2124 4347 si
2177 4296 2350 4348 dicam

813 4386 1052 4441 converti
1083 4402 1189 4444 eas,
1227 4385 1568 4453 respondebit
1595 4383 1726 4435 ntilti
1754 4381 1904 4448 illud,
1931 4386 2073 4452 quod
2104 4385 2158 4436 in
2181 4384 2352 4437 Evan-

814 4477 951 4546 gelio
973 4476 1225 4543 scriptum
1250 4484 1332 4528 est
1353 4476 1417 4528 de
1439 4475 1721 4528 arboribus
1744 4492 1758 4538 ;
1784 4475 1924 4542 quod
1951 4476 1995 4528 si
2026 4491 2209 4543 negent
2235 4491 2354 4528 esse

2451 3310 2589 3362 idem
2619 3316 2712 3361 ea‘s
2741 3321 2861 3360 esse
2913 3303 3227 3373 opinemur?
3271 3303 3324 3357 Si
3374 3303 3517 3355 enim
3563 3303 4004 3357 inconvertibiles

2451 3409 2608 3464 sunt,
2655 3414 2758 3451 non
2801 3405 2881 3451 cst
2924 3399 2976 3449 in
3031 3396 3115 3449 bis
3144 3396 3350 3450 naturis
3389 3412 3512 3464 qua:
3538 3397 3786 3451 similiter
3820 3399 4006 3451 incon-

2451 3491 2720 3544 vcrtibiles
2755 3499 2876 3542 sunt
2910 3493 2962 3540 cl
2989 3487 3237 3541 similiter
3265 3488 3535 3556 ingenitae,
3569 3487 3672 3539 ulla
3722 3485 4002 3544 discretio,

2451 3597 2620 3650 neque
2666 3581 2831 3632 altera
2877 3593 2942 3633 ex
3003 3578 3086 3634 bis
3146 3578 3283 3630 bona
3350 3577 3660 3646 agnoscitur
3706 3586 3801 3630 aut
3847 3580 4005 3629 mala.

2450 3673 2599 3736 Qttutl
2634 3672 2674 3723 si
2714 3668 3082 3722 convertibiles
3105 3679 3247 3732 sunt,
3273 3667 3479 3721 scilicet
3501 3668 3788 3734 provenire
3806 3676 4006 3734 potest,

2450 3772 2501 3812 t'l.
2531 3762 2726 3812 bonum
2755 3757 2888 3810 clliei
2925 3757 3146 3818 malum,
3181 3763 3233 3808 et
3261 3755 3458 3807 malum
3499 3755 3733 3808 bonum.
3764 3752 3819 3808 Si
3863 3758 4004 3808 enim

2453 3853 2549 3903 1ιο‹;
2587 3850 2864 3918 provenire
2895 3846 3142 3916 possibile
3173 3855 3274 3909 est,
3305 3861 3472 3912 quare
3504 3861 3609 3896 non
3651 3860 3821 3898 unum
3854 3844 4003 3896 dita-

2453 3956 2570 3992 ntns
2599 3940 2915 4006 ingenitum,
2945 3937 3088 4004 quod
3126 3935 3420 4003 intelligere
3466 3935 3637 4000 magis
3665 3937 3897 4004 (lignum
3932 3943 4002 3986 est

2447 4031 2598 4099 juxta
2626 4031 2879 4082 rationem
2912 4025 3187 4081 veritatis?
3211 4025 3407 4077 intueri
3438 4025 3577 4077 enim
3610 4034 3849 4092 oportet,
3876 4041 4005 4093 quo—

2453 4118 2610 4170 modo
2645 4116 2815 4169 malus
2846 4117 2931 4170 ille
2969 4118 3127 4170 fuerit
3167 4115 3234 4167 ab
3275 4114 3450 4174 initio,
3485 4113 3665 4189 autin
3708 4130 3850 4182 quos
3894 4131 4002 4167 ma-

2452 4210 2617 4260 litiam
2647 4210 2946 4261 excreuerit
2988 4219 3108 4261 ante
3152 4205 3335 4259 mundi
3377 4205 3837 4258 ronstitutionem.
3871 4206 3999 4259 Cum

2451 4301 2645 4353 coelum
2677 4297 2911 4350 nondum
2947 4293 3260 4360 exstitisset,
3283 4303 3333 4347 et
3383 4296 3619 4348 nondum
3650 4305 3791 4348 terra
3829 4299 4000 4349 subsi-

2453 4399 2632 4447 steret.
2662 4403 2764 4440 non
2795 4387 2973 4451 ltonto,
3016 4403 3120 4444 non
3158 4384 3388 4445 animal;
3438 4384 3489 4436 itt
3537 4400 3674 4452 quos
3723 4389 4001 4440 εχει-ωιτη

2450 4478 2706 4529 malitiam
2726 4478 2747 4528 ?
2769 4493 2926 4544 quem
2961 4473 3552 4546 Oppritueltatinjuste?
3572 4489 3734 4541 quem
3765 4477 3999 4543 spoliata

812 4566 1212 4630 convertibiles,
1261 4566 1621 4634 permistionis
1665 4577 1861 4620 statum
1910 4577 1960 4617 et
2003 4581 2219 4617 causam
2255 4581 2348 4618 ne-
2384 4567 2426 4622 D
2454 4567 2677 4618 occidit?
2707 4565 2857 4631 Quod
2896 4564 2940 4618 si
2978 4567 3089 4618 suis
3129 4579 3251 4619 eunt
3299 4564 3448 4617 dicas
3485 4565 3756 4619 exstitisse
3778 4568 3996 4629 malum,

817 4697 1057 4751 Meminit
1099 4695 1395 4750 Herodotus
1433 4703 1482 4749 in
1522 4695 1773 4763 Euterpe,
1822 4698 1922 4767 γῆς
1973 4695 2350 4767 σημαΥζτρίδος,

819 4787 838 4818 ι
873 4777 1028 4820 terrae
1064 4767 1392 4832 signati-teis;
1427 4786 1444 4815 ι
1473 4775 1526 4818 et
1559 4767 1767 4830 (Ἀρι-ιθ,
1791 4763 1926 4819 orat.
1967 4763 2099 4817 tv’in
2125 4763 2351 4824 l’errem,

813 4833 1052 4905 epistolae
1081 4836 1277 4884 cretttla
1305 4839 1539 4903 signat-.13.
1576 4835 1744 4899 (fojus
1772 4846 1948 4886 autem
1978 4836 2189 4902 generis
2214 4845 2355 4888 esset

818 4909 929 4959 haec
960 4912 1121 4964 terra,
1166 4918 1227 4953 ex
1281 4911 1463 4956 eodem
1521 4905 1595 4955 (in
1655 4919 1779 4954 mue
1827 4905 1989 4969 liquet
2033 4906 2084 4955 in
2133 4918 2210 4955 or.
2261 4920 2352 4970 pro

817 4973 1030 5034 Flacco,
1057 4972 1144 5024 tibi
1176 4974 1251 5021 sic
1286 4974 1357 5022 ait
1389 4989 1400 5022 :
1433 4991 1448 5020 α
1484 4971 1602 5024 Ηωε
1628 4989 1744 5039 que
1772 4988 1798 5022 a
1830 4973 1982 5022 nobis
2011 4973 2208 5040 prolata
2240 4975 2353 5024 latt-

815 5045 959 5095 tlatio
1006 5042 1281 5107 obsignata
1325 5050 1434 5091 erat
1474 5052 1614 5092 creta
1660 5045 1744 5092 illa
1783 5041 2036 5100 Asiatica,
2085 5059 2201 5108 qua:
2246 5047 2354 5094 lere

818 5122 900 5164 est
937 5112 1187 5163 omnibus
1235 5118 1355 5160 nota
1394 5109 1567 5168 nobis,
1607 5127 1709 5176 qua
1762 5122 1982 5162 utuntur
2021 5126 2208 5163 omnes
2251 5129 2351 5163 ttott

819 5182 979 5232 tnodo
1013 5183 1060 5231 in
1105 5179 1346 5246 publicis,
1382 5177 1468 5246 sed
1500 5186 1552 5227 ct
1590 5179 1641 5228 itt
1671 5179 1889 5245 privatis
1932 5181 2138 5231 litteris.
2175 5199 2190 5228 ›
2232 5181 2355 5232 Pin-

821 5252 938 5315 guis
964 5245 1126 5308 enim,
1155 5250 1290 5298 lcnta
1326 5257 1376 5298 et
1404 5245 1670 5315 glutinosa
1694 5259 1773 5300 est
1811 5260 1950 5303 creta
1983 5250 2088 5301 illa.
2117 5247 2354 5315 Denique

817 5319 882 5370 tle
914 5319 1107 5384 proprii
1132 5319 1307 5369 vultus
1331 5317 1559 5385 imagine
1578 5315 1626 5366 itt
1647 5321 1866 5385 annulis
1885 5321 2144 5370 interdum
2165 5335 2354 5385 repup-

819 5383 1044 5446 setttata,
1074 5394 1218 5437 locus
1251 5395 1330 5437 est
1359 5383 1527 5448 Plauti
1555 5387 1604 5435 iit
1640 5383 1911 5447 Ρδειιιιοιο,
1947 5405 2090 5441 seen.
2120 5404 2132 5439 ι
2166 5404 2175 5435 ;

956 5456 1030 5505 [ἐτι
1060 5472 1214 5505 causa
1246 5455 1388 5505 miles
1417 5455 1496 5506 hic
1525 5456 1726 5522 reliquit
1756 5458 2055 5521 symbolum,

958 5524 1264 5591 b‘rpressam
1293 5525 1341 5572 in
1367 5540 1480 5576 cera
1511 5539 1573 5575 ex
1596 5523 1751 5575 anulo
1776 5543 1918 5576 suum
1942 5527 2238 5593 imaginem.

885 5590 1142 5644 Caeterum
1166 5594 1399 5644 tltcsaut'i
1425 5594 1597 5659 sigillo
1619 5595 1880 5658 obsignati
1901 5590 2098 5646 mentio
2115 5605 2196 5646 est
2217 5595 2354 5661 apud

822 5654 1208 5732 Tlieodorctum
1241 5663 1292 5713 iit
1324 5654 1523 5714 oratfl‘i
1564 5663 1634 5713 De
1666 5654 2008 5729 providentia,
2046 5666 2187 5718 baud
2227 5654 2354 5732 pro-

820 5729 1000 5799 cnl__ab
1026 5732 1195 5799 initio,
1224 5732 1309 5782 ubi
1338 5732 1399 5784 de
1425 5735 1629 5799 apibus.

894 5797 1001 5865 (78)
1042 5798 1095 5851 lit
1119 5801 1298 5852 codice
1320 5797 1598 5855 Casiuensi
1620 5802 1753 5867 erat,
1784 5820 1801 5851 ε
1831 5800 1920 5854 sed
1947 5799 2108 5854 Deum
2135 5802 2298 5866 enim,
2331 5820 2348 5850 ι

2457 4697 2600 4773 nullo
2635 4711 2794 4749 sensu
2824 4715 2836 4749 :
2865 4713 2960 4750 nos
2999 4711 3064 4750 ex
3110 4695 3345 4765 ingenio,
3394 4703 3452 4745 ut
3493 4693 3694 4749 editum
3745 4706 3852 4762 est,
3889 4714 3997 4751 cer-

2457 4780 2713 4817 I'CXIIIIUS.

2526 4833 2634 4898 (79)
2677 4831 2850 4894 Forte,
2884 4852 2902 4883 α
2930 4836 3070 4901 quod
3109 4832 3324 4894 dixerit,
3357 4851 3374 4884 ι
3406 4832 3486 4883 vel
3518 4851 3535 4881 ι
3565 4833 3692 4900 quia
3732 4836 3948 4889 dixerit.
3976 4856 3992 4886 ι

2529 4904 2634 4969 (80)
2677 4901 2749 4953 lta
2781 4902 2920 4954 ltnnc
2955 4905 3127 4956 locum
3157 4903 3523 4966 restituimus;
3566 4919 3690 4954 nam
3737 4907 3787 4956 in
3822 4911 3998 4958 codice

2458 4972 2746 5038 legebatur,
2778 4988 2794 5018 ι
2829 4981 2932 5022 tant
2965 4973 3009 5024 si
3039 4974 3250 5040 quidem
3285 4987 3349 5024 ex
3388 4972 3492 5024 ltoc
3516 4973 3812 5026 arbitratus
3845 4988 3926 5028 est
3949 4992 4000 5027 sa

2456 5046 2870 5101 allit‘tnaturtttn;
2905 5059 2920 5089 ι
2950 5042 3041 5093 sed
3079 5056 3239 5108 supra
3276 5056 3459 5093 vocem
3493 5051 3619 5100 tam,
3653 5046 3907 5109 quaedam
3942 5045 4001 5096 lt-

2458 5111 2606 5163 neola
2655 5111 2841 5181 litterze
2886 5125 2911 5160 c
2952 5110 3141 5163 similis
3182 5110 3491 5176 apparebat,
3525 5125 3690 5178 quant
3729 5116 4000 5181 particulae

2455 5191 2506 5232 et
2531 5179 2897 5246 Clllllpi‘lltlllllll
2924 5193 3040 5232 esse
3063 5180 3385 5247 putavimus.

2526 5250 2632 5316 (81)
2675 5247 2848 5307 Forte,
2878 5265 2895 5296 ι
2927 5257 2978 5300 et
3015 5248 3135 5301 ideo
3181 5250 3297 5301 dua:
3341 5248 3587 5316 ingenita
3632 5263 3847 5308 natura
3893 5267 4000 5306 esse

2457 5334 2558 5369 limi
2593 5326 2832 5382 possunt.
2865 5333 2882 5365 ι

2528 5388 2636 5454 (8:!)
2677 5385 2731 5456 in
2761 5385 2942 5437 codice
2964 5383 3243 5437 Casincnsi
3272 5394 3405 5456 erat,
3434 5404 3452 5436 ι
3483 5390 3707 5456 expetit.
3742 5409 3760 5440 ι

2525 5457 2634 5522 (85)
2676 5455 2728 5505 ln
2762 5462 2944 5529 tto-teut
2970 5455 3149 5529 cortice
3174 5466 3276 5504 tant
3310 5455 3360 5504 itt
3393 5456 3496 5529 Altoc
3525 5455 3821 5524 cotttmatc,
3843 5475 3999 5529 quam

2456 5525 2506 5576 in
2535 5525 2796 5596 sequenti,
2822 5537 3103 5596 perperam
3127 5525 3335 5589 legitur,
3363 5527 3708 5596 (exspectat,
3744 5550 3761 5578 ι

2523 5584 2632 5652 (84)
2675 5584 2846 5650 Forte,
2880 5609 2897 5639 ι
2919 5584 3128 5643 dixisti.
3161 5608 3179 5640 ι

2525 5665 2633 5730 (δῦ)
2676 5661 2739 5712 Et
2787 5661 2870 5717 ltic
2917 5663 3051 5714 male
3096 5659 3287 5729 legitur
3334 5661 3386 5715 in
3431 5664 3619 5722 codic.‘
3672 5665 3998 5724 eam,

2461 5749 2478 5780 ι
2507 5739 2794 5801 exspectat.
2826 5749 2844 5780 ι
3181 5753 3185 5759 -
3574 5745 3580 5750 -
