4118 6350
208 346 378 402 usi
904 368 907 375 ν
1340 347 1480 403 cun
1517 346 2351 427 nsnmsiixscsuncns.
2420 416 2423 419 λ
3146 416 3147 419 γ
3288 362 3419 416 uss

205 468 355 523 sine
382 467 547 522 dubio
569 481 696 536 ergo
725 467 1028 526 ostenditur
1073 467 1222 521 illum
1267 467 1421 523 bona:
1468 450 1606 524 esse
1627 478 1784 545 natu-
1813 472 2025 543 Aquod
2053 474 2219 537 dicis;
2255 474 2297 525 si
2328 474 2468 525 enim
2513 491 2651 529 unus
2680 480 2985 544 cessaverit,
3016 489 3107 533 aut
3138 481 3295 547 alius,
3325 494 3420 540 aut

207 574 327 613 ra.
388 558 443 611 Si
498 573 623 617 vero
666 567 719 612 et
770 558 844 611 illi
895 573 1084 613 omnes
1134 557 1259 612 mali
1296 569 1458 623 sunt,
1511 560 1783 628 quomodo
1882 562 2095 627 plures;
2126 563 2215 615 alii
2264 574 2443 616 autem
2488 565 2590 618 hoc
2633 578 2865 637 agerent.
2915 570 3193 624 Archelaus
3236 571 3419 630 dixit:
3458 564 3461 565 ⁷

204 658 410 717 potest
442 648 693 702 Satanam
725 656 777 723 et
804 648 1037 702 Satanas
1077 648 1304 718 ejicere?
1344 647 1447 703 Sed
1496 651 1781 704 conclusus
1882 648 1935 702 Si
1977 653 2197 706 omnino
2226 648 2484 721 possibile
2516 665 2598 709 est
2628 673 2812 722 unum,
2842 667 2895 711 et
2919 660 3102 725 alium,
3129 671 3182 715 ct
3206 664 3418 731 plures,

200 726 481 794 sermone
507 722 776 794 convertis
799 740 934 810 (86),
965 750 1024 794 ut
1054 741 1222 811 dicas,
1247 740 1427 796 Bonus
1455 742 1560 794 vim
1589 757 1781 811 passus
1878 740 2016 795 sicut
2061 742 2173 807 ais,
2228 758 2333 798 non
2381 760 2637 813 peccare,
2684 749 2937 816 possibile
2983 758 3066 803 est
3110 753 3271 805 etiam
3316 753 3420 809 hoc

204 843 311 887 est
343 849 372 886 a
402 833 561 886 malo.
599 831 700 886 Sed
733 848 831 887 nec
869 834 970 887 hoc
998 824 1214 902 quidem
1245 818 1329 889 est
1357 834 1452 887 tibi
1485 834 1603 888 sine
1635 834 1799 915 peris

206 925 354 978 culo
378 924 578 987 dicere,
620 933 678 977 ut
709 924 882 978 lucem
919 926 1111 987 victam
1142 941 1259 980 esse
1289 928 1602 992 conﬁrmes;
1634 927 1775 996 quod

206 1016 373 1068 enim
399 1016 651 1080 vincitur,
681 1017 917 1071 vicinum
947 1018 1108 1071 habet
1135 1010 1427 1074 interitum.
1459 1018 1597 1084 Quid
1632 1020 1774 1073 enim

206 1104 304 1155 ait
332 1118 515 1155 sermo
541 1105 791 1159 divinus?
821 1124 839 1156 ‹
884 1105 1016 1171 Quis
1063 1107 1205 1161 enim
1252 1115 1426 1175 potest
1470 1108 1689 1163 introire
1720 1111 1773 1163 in

205 1191 444 1245 domum
478 1192 654 1255 fortis,
690 1194 747 1249 et
793 1195 1036 1264 deripere
1086 1213 1212 1252 vasa
1255 1182 1416 1264 ejus,’
1436 1199 1538 1253 nisi
1574 1199 1775 1254 illo'sit

208 1282 417 1334 fortior
442 1284 520 1334 ⁸θῖ
549 1302 567 1333 ι
599 1282 751 1349 Quod
785 1285 830 1339 si
859 1286 1164 1341 hominibus
1209 1302 1331 1344 eum
1383 1290 1593 1342 malum
1610 1290 1773 1343 exsti-

144 1421 148 1423 Α
208 1372 354 1425 tisse
383 1371 608 1439 dixeris,
635 1381 689 1427 et
719 1389 783 1427 ex
819 1390 882 1429 eo
906 1377 1122 1431 malitiae
1155 1393 1268 1432 sua:
1312 1378 1508 1432 indicia
1551 1379 1774 1432 demon-

200 1469 422 1515 strasse
448 1478 460 1513 :
486 1476 615 1531 ergo
641 1471 763 1516 ante
791 1463 892 1517 hoc
915 1463 1090 1517 bonus
1131 1462 1249 1527 fuit,
1270 1473 1323 1517 et
1352 1464 1771 1519 convertibilita-

202 1558 326 1605 tem
357 1553 547 1621 recipit
576 1569 639 1607 ex
663 1568 749 1619 eo,
774 1554 919 1623 quod
943 1554 1113 1608 creati
1129 1554 1361 1609 hominis
1380 1554 1489 1624 (87)
1506 1555 1771 1623 causaiue

203 1639 432 1693 venitur
446 1641 715 1696 exstitisse
731 1642 963 1697 malitiae.
984 1642 1087 1696 Sed
1105 1653 1374 1712 postremo
1392 1642 1676 1714 dicatquod
1688 1654 1771 1698 est

205 1730 442 1795 malum,
471 1747 537 1786 ne
576 1732 712 1787 forte
735 1748 927 1786 nomen
952 1733 1125 1787 solum
1155 1734 1403 1789 defendat
1424 1744 1516 1789 aut
1538 1742 1763 1789 astruat.

202 1819 368 1885 Quod
392 1822 438 1877 si
460 1838 566 1876 non
590 1838 779 1877 nomen
805 1824 950 1887 mali,
976 1825 1067 1879 sed
1090 1824 1415 1892 substantia;
1441 1824 1648 1879 fructus
1670 1840 1766 1879 no-
1803 1812 1841 1866 Β
1869 1816 2153 1872 Archelaus
2222 1819 2357 1875 dixit
2414 1837 2432 1876 :

202 1909 295 1964 bis
317 1912 533 1965 malitiae
551 1918 603 1965 et
624 1912 873 1981 nequitias
912 1914 1071 1982 hujus
1093 1924 1340 1984 exponat,
1369 1916 1622 1997 quoniam
1649 1931 1754 1971 non

200 2002 519 2069 agnoscitur
547 2017 780 2072 unquam
806 2004 1014 2059 arboris
1042 2014 1230 2060 natura
1256 2006 1373 2063 sine
1398 2005 1576 2061 fructu
1600 2007 1664 2061 ’°.

282 2090 443 2145 XVII.
487 2091 667 2146 Manes
700 2094 877 2148 dixit:
916 2094 1137 2152 Constet
1170 2099 1315 2167 apud
1336 2106 1391 2151 te
1420 2099 1589 2168 prius,
1629 2100 1755 2169 quia
1786 2112 1793 2119 '

204 2189 297 2236 est
328 2183 475 2236 radix
507 2184 611 2237 alia
642 2186 880 2250 malitia,
928 2201 1091 2255 quam
1137 2198 1252 2242 non'
1290 2188 1545 2258 plantavit
1591 2190 1751 2254 Deus,

201 2282 267 2327 et
300 2282 427 2327 tunc
466 2274 559 2328 tibi
601 2275 777 2330 dicam
824 2275 1031 2333 fructus
1066 2279 1205 2348 ejus.
1248 2281 1530 2334 Archelaus
1577 2283 1752 2337 dixit:

198 2359 325 2416 Non
357 2363 459 2417 hoc
497 2363 611 2418 veri
651 2367 851 2434 expetit
878 2369 1044 2435 ratio;
1092 2384 1262 2438 neque
1300 2371 1442 2424 enim
1486 2373 1753 2426 assentiar

199 2454 298 2506 tibi
345 2453 577 2509 radicem
629 2470 749 2510 esse
804 2458 957 2512 mala:
1006 2459 1218 2531 arboris
1272 2459 1448 2523 illius,
1487 2461 1554 2515 de
1594 2462 1750 2531 cujus

200 2544 467 2600 fructibus
508 2562 781 2616 nunquam
830 2548 971 2603 ullus
1021 2550 1329 2620 gustaverit.
1386 2550 1663 2621 Tanquam
1695 2554 1748 2618 si

194 2638 330 2691 velit
369 2639 569 2707 aliquid
610 2639 733 2709 quis
773 2656 989 2707 emere;
1035 2640 1137 2696 nisi
1178 2642 1326 2711 prius
1356 2643 1620 2713 gustando
1666 2646 1749 2700 di-

192 2733 337 2790 scat,
366 2735 546 2781 utrum
580 2727 730 2782 arida
763 2729 835 2783 sit
861 2730 1065 2798 species
1092 2738 1185 2784 aut
1211 2731 1432 2801 liquida,
1466 2734 1746 2803 pecuniam

194 2831 311 2868 non
338 2819 574 2885 profert;
613 2819 684 2871 ita
718 2834 892 2890 neque
916 2836 1015 2891 ego
1042 2819 1134 2875 tibi
1164 2822 1425 2878 assentiar
1450 2840 1569 2880 esse
1592 2826 1747 2881 arbo-

128 2963 134 2965 Α
192 2920 314 2959 rem
344 2908 539 2961 malam
573 2919 627 2963 et
673 2913 984 2978 pessimam,
1026 2912 1131 2967 nisi
1175 2916 1324 2983 prius
1361 2916 1590 2984 qualitas
1635 2916 1749 2973 fru-

189 3004 384 3051 ctuum
424 2999 541 3067 ejus
581 2999 743 3056 fuerit
780 3003 1119 3059 manifestata
1144 3024 1158 3062 :
1186 3008 1444 3078 scriptum
1473 3020 1557 3065 est
1576 3012 1741 3077 enim,

187 3087 330 3156 quia
379 3087 445 3141 de
493 3090 753 3147 fructibus
794 3094 959 3148 arbor
1006 3098 1347 3165 cognoscitur
1365 3102 1430 3152 ¹¹.
1482 3102 1574 3156 Dic
1616 3117 1745 3173 ergo

187 3179 375 3245 nobis,
405 3194 439 3234 o
462 3180 661 3248 Manes,
693 3185 853 3239 arbor
874 3201 996 3256 qua:
1014 3188 1219 3243 dicitur
1238 3190 1398 3253 mala,
1426 3208 1585 3261 quem
1613 3194 1745 3249 affer

188 3279 284 3326 rat
314 3270 570 3336 fructum,
604 3284 699 3328 aut
728 3276 885 3344 cujus
922 3285 1131 3333 natura:
1157 3270 1247 3344 sit,
1291 3296 1453 3349 quam
1492 3284 1742 3357 virtutem

189 3363 410 3427 habeat,
452 3374 513 3417 ut
555 3365 652 3419 tibi
693 3366 999 3432 credamus,
1048 3370 1207 3423 etiam
1253 3371 1485 3429 radicem
1533 3376 1745 3431 arboris

192 3451 364 3520 ipsius
383 3467 505 3509 esse
532 3454 727 3509 talem?
750 3454 933 3510 Manes
952 3458 1127 3511 dixit:
1151 3456 1319 3516 Radix
1342 3463 1554 3532 quidem
1578 3467 1739 3531 mala,

108 3549 113 3551 ‘
190 3542 356 3596 arbor
401 3551 581 3599 autem
619 3546 874 3613 pessima,
921 3546 1309 3609 incrementum
1358 3569 1485 3609 vero
1527 3571 1632 3611 non
1673 3572 1739 3610 ex

141 3636 154 3645 “
187 3632 334 3700 Deo;
365 3631 575 3690 fructus
600 3643 777 3690 autem
805 3636 1207 3706 fornicationes,
1240 3643 1519 3710 adulteria,
1565 3646 1739 3701 homi-

182 3725 351 3793 cidia,
380 3727 605 3783 avaritia
632 3738 685 3785 et
715 3744 905 3787 omnes
936 3733 1065 3787 mali
1093 3741 1246 3789 actus
1274 3736 1434 3792 mala:
1470 3737 1614 3792 illius
1642 3753 1734 3792 ra-

182 3818 345 3875 dicis.
381 3822 662 3878 Arcliclasts
687 3824 864 3880 dixit:
899 3825 966 3881 Ut
1005 3827 1106 3883 tibi
1143 3828 1447 3895 credamus,
1476 3829 1600 3897 quia
1643 3829 1735 3885 isti

183 3919 318 3961 sunt
371 3908 580 3983 fructus
633 3914 793 3981 malae
844 3915 988 3970 illius
1030 3916 1256 3979 radicis,
1317 3926 1532 3988 gustum
1580 3918 1736 3974 nobis

182 4014 376 4053 eorum
418 4002 632 4069 profer;
674 4004 1029 4060 substantiam
1072 4009 1215 4062 enim
1280 4008 1570 4076 ingenitam
1614 4025 1735 4066 esse

182 4090 545 4158 pronuntiasti
600 4094 759 4162 hujus
809 4097 1040 4159 arboris,
1085 4098 1240 4166 cujus
1286 4096 1494 4153 fructus
1539 4114 1733 4154 secun-

182 4180 318 4233 dum
350 4180 433 4235 sui
474 4182 879 4253 similitudinem
924 4186 1289 4256 proferuntur.
1335 4188 1517 4245 Manes
1555 4192 1729 4247 dixit:

182 4270 312 4327 Hae
343 4272 465 4343 ipsa
488 4274 750 4343 injustitia
781 4293 901 4346 quae
935 4280 988 4332 in
1021 4280 1326 4337 hominibus
1352 4290 1454 4347 est,
1489 4285 1731 4341 testimo-

183 4365 333 4418 nium
364 4366 559 4435 reddit,
582 4375 637 4420 et
670 4368 893 4422 avaritia
931 4371 998 4425 de
1035 4381 1194 4441 gustu
1230 4372 1374 4425 illius
1401 4373 1556 4428 mala:
1587 4377 1728 4431 radi-

1877 845 2066 886 omnes
2099 848 2289 899 agere;
2323 836 2483 889 unius
2516 838 2658 890 enim
2680 833 2984 893 conditoris
3014 850 3157 903 sunt,
3183 850 3236 895 et
3261 843 3419 899 unius

1877 935 2069 974 massa:
2096 920 2343 976 homines
2381 937 2599 989 omnes;
2629 937 2681 981 et
2727 943 2793 981 ne
2838 930 3008 983 otiose
3053 945 3145 998 per
3189 931 3421 999 ineptias

1875 998 2091 1079 sequar,
2126 1027 2187 1066 ea
2218 1029 2339 1082 qua:
2370 1014 2642 1071 incondite
2674 1020 2959 1087 protulisti,
2991 1021 3146 1075 certis
3173 1009 3420 1088 prazscri-
3458 1016 3461 1017 ν

1874 1102 2147 1169 ptionibus
2176 1103 2477 1158 excludam.
2507 1106 2599 1161 Ais
2620 1106 2836 1162 fructus
2862 1112 3013 1163 malte
3044 1111 3236 1165 radicis
3257 1121 3419 1180 atque

1875 1192 2028 1243 malae
2060 1190 2269 1245 arboris
2303 1206 2421 1248 esse
2453 1204 2604 1249 actus
2633 1196 2929 1264 hominum,
2953 1199 3004 1252 id
3042 1208 3141 1262 est,
3187 1187 3420 1252 fornica-

1872 1280 2063 1341 tiones,
2115 1280 2407 1344 adulteria,
2463 1284 2727 1353 perjuria,
2777 1288 3061 1342 homicidia
3111 1300 3163 1343 et
3212 1290 3416 1359 reliqua

1872 1368 1956 1421 his
1998 1370 2195 1422 similia
2229 1371 2253 1423 ?
2284 1371 2480 1431 'Manes
2534 1375 2669 1428 dixit
2705 1391 2724 1428 :
2768 1375 2865 1430 lla.
2918 1380 3198 1431 Archelaus
3236 1381 3415 1433 dixit:
3464 1450 3467 1451 ν

1870 1456 2010 1526 Ergo
2063 1459 2108 1513 si
2162 1460 2459 1514 humanum
2514 1451 2683 1532 genus
2744 1466 2959 1520 interire
3024 1470 3321 1536 pervenerit
3383 1484 3431 1526 ι-

1868 1548 2004 1602 facie
2032 1557 2207 1612 terrae,
2243 1553 2316 1606 ita
2366 1565 2425 1607 ut
2469 1538 2743 1623 ultra'jam
2774 1572 2991 1624 peccare
3026 1574 3129 1611 non
3178 1559 3417 1627 possint,

1868 1639 2060 1707 periret
2098 1641 2308 1696 arboris
2365 1644 2527 1713 hujus
2584 1646 2918 1711 substantia,
2983 1648 3210 1702 fructum
3271 1649 3411 1703 ultra

1865 1742 1970 1780 non
1985 1728 2228 1786 all‘erens.
2245 1730 2425 1787 Manes
2448 1735 2617 1788 dixit:
2638 1736 2699 1788 Et
2720 1738 3414 1806 quando,quodtlicis,liet?
3456 1734 3465 1740 ”

2491 1821 2756 1888 Quoniam
2819 1827 2961 1894 quod
3030 1826 3267 1882 futurum
3327 1825 3436 1884 est~

1856 1908 2070 1975 nescio,
2114 1908 2277 1965 homo
2317 1913 2463 1969 enim
2516 1929 2671 1980 sum;
2719 1930 2827 1986 non
2874 1926 3051 1971 tamen
3102 1934 3406 1975 sermonem

1855 1997 2017 2053 istum
2068 2000 2429 2059 indiscussum
2477 2008 2797 2077 relinquam.
2842 2010 2980 2076 Quid
3027 2011 3162 2066 dicis
3201 1997 3411 2066 de'bué-

1851 2105 2016 2145 tnano
2058 2105 2281 2161 genere;
2320 2095 2616 2165 ingenitum
2658 2106 2761 2164 est,
2808 2109 2901 2154 aut
2945 2101 3185 2155 factura?
3227 2101 3408 2157 Manes

1853 2182 1991 2235 dixit
2018 2169 2039 2235 :l
2067 2182 2107 2235 F
2112 2194 2296 2240 actura
2334 2196 2434 2241 est.
2467 2189 2751 2241 Archelaus
2802 2192 2978 2245 dixit:
3010 2191 3063 2245 Si
3097 2191 3300 2247 factura
3323 2201 3409 2247 est

1852 2272 2034 2339 homo,
2064 2275 2188 2343 quis
2217 2286 2299 2329 est
2329 2278 2615 2348 adulterii,
2647 2288 2699 2332 et
2743 2279 3132 2345 fornicationis,
3180 2291 3233 2335 et
3276 2281 3402 2337 reli-

1848 2376 2077 2429 quorum
2107 2365 2291 2418 talium
2325 2367 2508 2435 pater?
2534 2368 2691 2436 cujus
2717 2369 2803 2423 hic
2831 2356 2913 2423 est
2936 2368 3189 2441 fructus?
3206 2368 3393 2424 Prius-

1848 2470 2008 2520 quam
2047 2453 2199 2509 ﬁeret
2240 2456 2422 2520 homo,
2452 2458 2574 2526 quis
2594 2468 2710 2512 erat
2755 2459 2843 2527 qui
2885 2456 3257 2522 fornicaretur,
3300 2464 3409 2512 aut‘

1848 2543 2190 2617 ailulteraret,
2212 2555 2301 2601 aut
2323 2546 2611 2601 homicidia
2635 2548 2990 2617 perpetraret?
3014 2546 3190 2599 Manes
3208 2546 3344 2611 dixit
3371 2561 3391 2609 :
3436 2622 3442 2629 '

1848 2630 1953 2686 Sed
2018 2634 2181 2689 homo
2252 2652 2282 2691 a
2332 2640 2472 2692 mala
2534 2648 2724 2693 natura
2771 2638 3097 2707 plasmatus,
3171 2634 3396 2691 manife-

1847 2734 1987 2778 stum
2030 2734 2142 2789 est,
2182 2728 2307 2797 quia
2350 2730 2461 2798 ipse
2492 2729 2564 2784 sit
2603 2728 2829 2792 fructus,
2883 2728 3042 2781 etiam
3102 2728 3146 2781 si
3188 2734 3393 2796 peccet,

1844 2815 2003 2879 etiam
2044 2817 2091 2871 si
2123 2832 2229 2872 non
2268 2832 2486 2887 peccet:
2522 2819 2663 2873 unde
2711 2818 2877 2872 semel
2923 2817 3164 2871 absolute
3196 2834 3390 2871 nomen

1846 2903 2126 2961 hominum
2165 2915 2219 2962 et
2247 2923 2415 2978 genus
2444 2909 2548 2961 tale
2586 2916 2687 2972 est,
2734 2908 2943 2961 etiamsi
2974 2908 3131 2979 justa
3171 2909 3395 2976 gesserit

1846 3006 1943 3056 aut
1971 2998 2191 3069 injusta.
2224 2999 2505 3054 Archelaus
2541 2999 2677 3051 dixit
2707 3013 2724 3049 :
2754 2998 2860 3053 Sed
2903 3008 2957 3053 et
3001 3000 3144 3054 illius
3188 3000 3265 3057 rei
3307 2998 3392 3052 fa-

1843 3088 2053 3145 ciamus
2082 3089 2427 3144 mentionem.
2468 3087 2523 3141 Si
2553 3089 2687 3158 ipse,
2733 3098 2790 3167 ut
2822 3090 2924 3157 ais,
2968 3090 3239 3145 hominem
3266 3088 3394 3144 fecit

1846 3178 2133 3245 malignus,
2163 3192 2331 3246 quare
2364 3177 2621 3231 malitiam
2649 3189 2861 3251 exercet
2892 3178 3151 3233 adversus
3174 3178 3335 3231 eum?

1913 3265 2096 3321 XVIII.
2135 3265 2347 3329 Iudices
2375 3268 2619 3321 dixerunt
2643 3284 2661 3321 :
2685 3268 2794 3323 lloc
2822 3268 3065 3321 volumus
3096 3268 3231 3321 scire
3259 3281 3288 3320 a
3312 3274 3383 3331 te,

1842 3358 2150 3425 laniabere,
2198 3361 2653 3430 quomodoillum
2691 3359 2964 3413 afﬁrmasti
2997 3358 3193 3411 malum
3221 3360 3386 3413 esse?
3423 3436 3427 3440 _

1838 3450 1917 3505 Ex
1963 3466 2050 3515 eo,
2100 3467 2208 3521 quo
2240 3452 2509 3507 homines
2538 3451 2663 3505 facti
2698 3458 2840 3512 sunt,
2895 3456 2989 3502 aut
3025 3449 3215 3501 antea?
3246 3448 3381 3515 Quia

1837 3543 1981 3597 enim
2010 3559 2231 3599 necesse
2259 3552 2343 3599 est
2368 3551 2418 3597 te
2444 3543 2664 3596 malitiae
2695 3541 2812 3609 ejus
2844 3553 2980 3609 opus
3006 3541 3286 3596 ostendere
3315 3559 3382 3615 es

1836 3647 1902 3687 co
1932 3642 2170 3703 tempore
2198 3646 2263 3688 ex
2294 3648 2401 3702 quo
2429 3632 2628 3686 malum
2665 3646 2789 3685 eum
2823 3631 2990 3685 fuisse
3017 3632 3244 3696 asseris;
3268 3648 3385 3687 cer-

1836 3731 1925 3777 tus
1949 3734 2087 3790 esto,
2132 3724 2257 3793 quia
2289 3736 2461 3791 neque
2484 3722 2829 3794 cognoscitur
2858 3722 2966 3779 vini
2997 3721 3249 3790 qualitas,
3277 3724 3379 3777 nisi
3445 3760 3447 3763 ι

1836 3816 1986 3883 prius
2028 3814 2320 3885 gustaverit
2358 3812 2499 3881 quis,
2535 3812 2678 3875 sicut
2698 3821 2753 3867 et
2781 3829 2847 3867 ex
2885 3812 3060 3868 fructu
3088 3813 3264 3869 omnis
3295 3829 3383 3868 ar-
3436 3822 3443 3825 ‘

1835 3907 1936 3961 hor
1969 3906 2324 3978 dignoscitur.
2352 3902 2493 3970 Quid
2521 3920 2652 3975 ergo
2692 3904 2861 3960 dicis?
2901 3920 2967 3959 ex
3000 3920 3111 3973 quo
3142 3913 3381 3974 tempore

1834 4000 2008 4055 malus
2043 4006 2126 4053 est
2156 3996 2277 4051 hic?
2318 3999 2619 4053 necessaria
2648 3998 2791 4053 enim
2826 3996 2980 4052 nobis
3003 3995 3226 4076 ridetur
3262 3996 3377 4052 haec

1833 4093 1987 4146 ratio.
2011 4090 2191 4144 Manes
2208 4088 2378 4165 dixit:
2402 4088 2641 4158 Semper.
2668 4086 2951 4142 Archelaus
2976 4076 3111 4140 dixit
3134 4101 3152 4139 :
3179 4085 3374 4142 Osten-

1831 4185 1951 4239 dam
1982 4184 2142 4237 etiam
2172 4176 2301 4248 hoc,
2336 4181 2524 4250 optimi
2565 4179 2667 4233 viri
2702 4185 2758 4232 et
2783 4170 3187 4247 prudentissimi
3219 4176 3376 4232 audi-

1830 4288 1993 4337 tores,
2042 4273 2297 4343 quoniam
2342 4286 2520 4326 sermo
2564 4271 2682 4338 ejus
2715 4270 2935 4324 omnino
2980 4286 3083 4325 non
3129 4278 3377 4344 constat;

1829 4378 1951 4417 nam
1978 4372 2029 4417 et
2062 4363 2262 4418 ferrum
2290 4378 2394 4416 non
2425 4369 2737 4431 estsemper
2777 4361 2999 4427 malum,
3029 4361 3131 4414 nisi
3172 4376 3237 4413 ex
3263 4375 3373 4431 quo

182 4454 285 4508 cis.
314 4454 598 4508 Archelaus
624 4455 804 4509 dixit:
833 4456 991 4527 Ergo,
1040 4469 1099 4514 ut
1129 4460 1330 4526 dixisti,
1366 4461 1573 4519 fructus
1601 4476 1727 4522 ευηι
1756 4475 1802 4529 ι)
1830 4455 1990 4507 homo
2020 4463 2121 4515 est,
2165 4462 2219 4507 et
2254 4453 2537 4507 artiﬁcium
2584 4455 2703 4523 ejus
2735 4453 2788 4507 in
2835 4453 2980 4515 malo
3027 4466 3370 4515 conversum,

182 4544 391 4600 arboris
443 4546 605 4617 hujus
654 4547 964 4617 iniquitates
1008 4551 1155 4616 istae,
1196 4569 1317 4622 qua:
1362 4566 1619 4623 geruntur
1658 4561 1725 4613 ab

183 4635 523 4692 hominibus-
541 4637 721 4691 Manes
745 4639 878 4691 dixit
907 4655 924 4692 :
952 4640 1025 4695 Ita
1054 4643 1227 4712 plane.
1248 4646 1530 4703 Archelaus
1561 4652 1722 4705 dixit:

182 4724 245 4776 Si
277 4723 484 4783 fructus
514 4728 603 4783 isti
631 4736 776 4792 sunt,
823 4728 875 4782 id
918 4742 1021 4799 est,
1067 4740 1217 4787 actus
1261 4734 1540 4792 hominum
1574 4741 1720 4804 mali,

185 4815 287 4882 ipsi
314 4832 441 4887 ergo
469 4819 711 4895 homines
740 4822 934 4874 radicis
963 4815 1136 4875 locum
1168 4835 1328 4894 atque
1347 4830 1557 4886 arboris
1580 4835 1719 4886 obti-

180 4908 413 4975 uehunt;
460 4914 606 4981 ipsos
634 4915 775 4967 enim
813 4916 1168 4981 pronuntiasti
1200 4916 1408 4976 fructus
1446 4922 1585 4977 ferro
1623 4912 1719 4976 hu-

178 4995 499 5065 juscemodi.
536 5002 716 5057 Manes
748 5005 921 5058 dixit:
952 5004 1025 5060 Ita
1052 5005 1191 5063 dico.
1229 5009 1513 5066 Archelaus
1537 5013 1670 5068 dixit
1700 5030 1717 5065 :

183 5085 315 5141 Male
345 5090 497 5158 dicis,
530 5093 603 5148 lta
636 5095 789 5161 dico;
840 5111 947 5150 non
993 5098 1135 5151 enim
1172 5100 1244 5154 ita
1280 5103 1446 5168 'dicis,
1480 5106 1714 5172 alioquin

180 5194 302 5232 cum
340 5182 586 5240 homines
638 5190 966 5243 cessaverint
1014 5206 1252 5259 peccare,
1300 5198 1460 5251 arbor
1503 5198 1716 5252 malitia:

183 5272 510 5338 infructuosa
539 5281 830 5347 apparebit.
858 5280 1035 5335 Manes
1060 5282 1193 5335 dixit
1222 5301 1240 5337 :
1270 5284 1599 5356 lmpossihile
1629 5298 1712 5342 est

252 5385 294 5416 ¹⁹
327 5384 493 5443 Marc.
520 5403 601 5456 in,
624 5391 711 5444 ‘27.
788 5394 834 5424 ¹⁶
870 5393 1054 5449 Matth.
1082 5412 1177 5459 vn,
1214 5398 1298 5452 l8.
1374 5401 1417 5431 ’ί
1450 5400 1583 5456 Ibid.
1623 5400 1706 5455 l6.

250 5497 359 5566 (86)
400 5498 581 5563 Forte,
608 5519 626 5550 ι
655 5518 954 5561 sermonem
984 5510 1271 5565 convertis.
1302 5529 1322 5562 ι

251 5568 360 5633 (87)
403 5568 578 5634 Forte,
611 5589 627 5619 ‹
657 5574 856 5625 creatio
884 5577 1135 5632 hominis.
1170 5599 1187 5630 ι

252 5636 358 5705 (88)
397 5636 573 5691 Prima
608 5638 743 5693 facie
774 5642 858 5695 hic
882 5645 1030 5706 locus
1064 5649 1342 5702 videbatur
1370 5663 1488 5702 esse
1519 5665 1713 5705 eorru-

181 5714 325 5777 ptus,
347 5708 439 5764 sed
468 5708 674 5764 modica
707 5724 895 5766 vocum
921 5718 1332 5785 transpositionc
1353 5718 1495 5775 clare
1519 5734 1712 5777 sensus

1828 4543 2024 4596 utendo
2055 4559 2120 4597 ex
2149 4559 2215 4597 eo
2247 4558 2531 4610 perverse;
2571 4560 2733 4599 omne
2771 4550 3043 4613 peccatum
3074 4540 3278 4611 exstitit
3300 4556 3369 4596 ex

1823 4647 1929 4701 quo
1982 4633 2143 4687 homo
2187 4642 2288 4686 est.
2331 4632 2434 4687 Sed
2488 4650 2586 4689 nec
2612 4636 2699 4688 ille
2738 4632 2950 4701 quidem
2986 4632 3099 4699 ipse
3139 4646 3366 4701 magnus

1822 4738 2079 4792 serpens,
2144 4724 2317 4779 malus
2388 4734 2508 4779 ante
2564 4726 2832 4779 hominem
2901 4721 3031 4787 fuit;
3089 4723 3181 4776 sed
3244 4732 3366 4792 post

1822 4816 2125 4879 hominem,
2162 4816 2213 4869 in
2266 4832 2375 4887 quo
2409 4818 2622 4871 malitiae
2653 4830 2764 4869 suae
2814 4814 3047 4869 ostendit
3102 4815 3359 4885 fructum,

1817 4906 1943 4971 quia
1972 4906 2085 4977 ipse
2109 4909 2295 4962 voluit.
2333 4909 2399 4963 Si
2414 4924 2540 4979 ergo
2573 4906 2727 4960 nobis
2754 4913 2876 4974 post
2904 4907 3184 4962 hominem
3198 4922 3359 4977 appa-

1820 5006 1898 5047 rvt
1945 4998 2239 5053 secundum
2298 4998 2601 5067 Scripturas
2630 4997 2848 5050 malitia
2898 5003 3078 5067 pater;
3131 5012 3358 5067 quomo-

1816 5085 1885 5139 do
1919 5087 2184 5156 ingenitus
2220 5092 2349 5154 erit,
2396 5089 2487 5153 qui
2532 5098 2653 5155 post
2697 5090 2968 5144 hominem
3010 5091 3102 5158 qui
3149 5088 3364 5144 factura

1815 5183 1933 5240 est,
1974 5180 2147 5233 malus
2185 5177 2403 5231 eﬂ‘ectus
2456 5178 2572 5231 est?
2615 5175 2717 5232 Sed
2759 5194 2827 5233 ex
2860 5178 3090 5232 hominis
3122 5187 3368 5244 tempore

1818 5283 1847 5319 a
1879 5282 1936 5321 se
1966 5270 2129 5323 creati
2177 5268 2309 5338 (88),
2371 5284 2465 5323 cur
2518 5271 2692 5325 malus
2728 5269 3079 5325 ostendatur?
3131 5268 3271 5333 Quid
3301 5269 3367 5323 in

1745 5572 1755 5583 ι
1813 5516 1931 5582 ejus
1958 5512 2247 5577 constabit,
2281 5522 2337 5567 ut
2360 5516 2430 5568 sit
2460 5532 2473 5567 :
2500 5516 2589 5571 sed
2622 5528 2687 5567 ex
2723 5522 2960 5581 tempore
3021 5512 3219 5566 ominis
3243 5528 3273 5566 a
3296 5528 3361 5568 ιιι
3424 5543 3430 5551 ι

1812 5584 1998 5645 creati,
2027 5584 2128 5635 hoc
2153 5592 2259 5653 est,
2291 5599 2400 5653 quo
2431 5584 2697 5637 hominem
2730 5583 2843 5652 ipse
2866 5586 3085 5649 creavit,
3112 5598 3207 5636 cur
3240 5599 3356 5637 ma-

1814 5655 1896 5709 lus
1924 5654 2233 5709 ostendatur
2247 5652 2274 5706 ?
