4118 6350
744 367 881 423 “'59

1734 368 1918 424 ACTA
1936 350 2485 431 ,msrumrtotvts
2512 370 2572 425 s.
2605 342 2946 425 Ancum.“

3782 370 3941 426 ηδο

738 501 805 542 eo
852 485 1183 555 concupivit?
1225 486 1272 541 si
1304 502 1463 543 omne
1504 502 1702 558 corpus
1751 503 1864 543 sua:
1900 487 2116 543 facturae
2143 500 2278 553 erat,
2305 501 2352 555 Α
2380 501 2609 555 persona
2642 486 2903 553 subsistit.
2948 483 3065 540 Non
3083 481 3227 539 enim
3264 493 3498 536 animam
3525 484 3758 543 dicimus
3787 489 3941 541 sub-

739 580 866 648 quid
894 580 1092 636 zelatus
1122 581 1238 641 est?
1263 581 1366 647 Qui
1390 582 1531 637 enim
1567 578 1771 635 zelatur
1800 592 1893 635 aut
1925 581 2279 654 concupiscit,

2380 577 2590 631 stantia
2630 576 2790 630 unius
2820 590 2936 630 esse
2960 588 3081 629 cum
3110 589 3356 644 corpore,
3379 575 3469 629 sed
3494 572 3693 630 habere
3719 591 3941 629 unum-

738 668 955 722 incliora
982 676 1042 725 et
1064 670 1253 723 aliena
1292 670 1643 739 concupiscit.
1678 668 1735 722 Si
1775 685 1900 740 ergo
1932 685 1994 723 ex
2020 685 2085 723 eo
2114 660 2309 723 homo
2378 666 2629 735 quodque
2665 667 2971 736 qualitatem
3021 680 3206 731 suam;
3240 674 3296 719 et
3335 674 3599 736 tanquam
3644 667 3710 720 ad
3746 680 3937 720 unum

717 769 837 827 est,
864 760 1008 813 mala
1038 770 1248 827 natura,
1271 758 1675 816 demouStratur
1698 762 1968 830 quomodo
1994 777 2125 815 suus
2154 761 2276 824 fuit,

735 848 875 902 sicut
896 850 899 853 ’
922 847 1229 918 frequenter
1274 850 1506 915 ostendi,
1540 850 1716 910 homo.
1752 849 1806 902 Si
1830 850 1970 903 enim
2004 867 2136 905 suus
2159 858 2279 904 erat

733 936 915 1003 homo,
950 940 1119 993 malus
1148 949 1263 993 erat
1283 940 1443 993 etiam
1472 938 1603 1008 ipse,
1628 951 1879 1008 tanquam
1916 940 2037 994 talis
2064 941 2275 996 arboris

731 1026 938 1083 fructus
965 1048 979 1095 ;
1009 1031 1148 1083 mala
1172 1030 1313 1083 enim
1349 1010 1527 1096 arbor,
1558 1032 1697 1086 sicut
1722 1016 2027 1096 ais,‘malos
2066 1032 2274 1086 fructus

727 1115 876 1174 facit.
912 1119 1044 1173 Cum
1070 1135 1258 1175 omnes
1284 1122 1422 1174 enim
1460 1123 1584 1175 mali
1613 1131 1811 1185 essent,
1842 1123 1969 1191 quid
2002 1123 2273 1183 desidera-

708 1206 821 1271 ,vit,
850 1214 942 1258 aut
971 1207 1112 1261 unde
1142 1209 1349 1263 iuitiutn
1402 1211 1617 1264 malitiae
1665 1212 1917 1275 ostendit,
1962 1213 2008 1267 si
2036 1228 2099 1265 ex
2134 1221 2269 1265 tem-

724 1309 855 1370 pore
881 1295 1124 1365 plasmati
1150 1298 1381 1355 hominis
1407 1278 1621 1355 malitiae
1648 1301 1764 1369 ejus
1789 1303 1949 1356 homo
1971 1288 2130 1357 causa
2154 1304 2271 1356 est?

726 1382 866 1455 bege
903 1396 1081 1439 autem
1131 1404 1195 1441 ac
1233 1401 1495 1459 praecepto
1543 1394 1645 1447 sibi
1676 1394 1822 1459 dato,
1863 1393 2025 1447 homo
2060 1401 2270 1457 poterat

723 1482 1061 1555 nequaquam
1098 1479 1463 1550 obtemperare
1502 1485 1736 1553 serpenti
1760 1495 1811 1538 et
1846 1485 1929 1537 his
1958 1500 2079 1554 quae
2110 1486 2178 1539 ab
2204 1500 2267 1539 eo

718 1561 1057 1631 dicebantur,
1090 1568 1175 1620 cui
1199 1569 1243 1622 si
1272 1585 1375 1623 non
1403 1572 1825 1640 obtemperasset
1855 1575 2035 1638 homo,
2069 1589 2173 1647 qua
2200 1590 2268 1627 ex

719 1667 882 1732 causa
912 1659 1083 1712 malus
1111 1657 1333 1715 fuisset?
1354 1661 1505 1727 Quod
1538 1664 1582 1717 si
1604 1664 1898 1733 ingenitum
1930 1673 2013 1717 est
2040 1665 2264 1727 malum,

716 1743 1066 1811 etquomodo
1090 1746 1355 1803 interdum
1398 1751 1556 1805 homo
1609 1750 1797 1806 fortior
1840 1753 1936 1805 illo
1964 1750 2267 1806 invenitur?

2376 772 2544 826 genus
2565 768 2721 825 atque
2749 772 2907 811 uuam
2930 755 3161 823 speciem
3185 754 3479 817 hominum,
3505 765 3621 811 uter
3638 770 3701 810 ac
3729 756 3936 809 vinum

2376 859 2735 917 comparatur,
2785 849 2857 902 ita
2888 849 2955 901 ah
2986 862 3091 901 uno
3121 844 3230 899 Deo
3257 846 3523 899 hominem
3548 847 3747 901 editum
3776 847 3938 900 ratio

2372 941 2574 1007 expetit
2605 941 2843 993 velitatis
2871 958 2895 993 ιν
2923 940 3115 1009 gaudet
3161 938 3302 990 enim
3349 938 3525 990 anima
3574 953 3825 1006 corpore,
3875 947 3936 991 et

2371 1029 2608 1097 diligitet
2626 1012 2929 1091 coiit-illudi;
2955 1025 3303 1089 nihilominus
3326 1025 3484 1077 etiam
3497 1040 3689 1093 corpus
3719 1024 3935 1094 gaudet

2370 1120 2439 1173 ali
2458 1118 2632 1172 anima
2666 1132 2721 1172 se
2755 1116 3099 1169 vivilicatum.
3125 1112 3276 1175 Quod
3301 1113 3344 1166 si
3363 1114 3577 1183 maligni
3605 1130 3739 1181 opus
3766 1116 3939 1168 dicat

2369 1223 2487 1261 esse
2532 1208 2653 1275 quis
2692 1219 2921 1272 corpus,
2962 1216 3081 1255 cum
3132 1201 3202 1252 sit
3247 1210 3299 1253 et
3343 1201 3683 1266 corruptibile
3722 1215 3786 1253 ac
3826 1214 3933 1253 ve-

2371 1307 2575 1351 tustum
2603 1304 2761 1363 atque
2793 1278 2923 1347 dcte”
2944 1292 3161 1353 rimum,
3190 1304 3295 1343 non
3327 1299 3498 1358 potest
3526 1289 3663 1344 ferre
3687 1290 3932 1358 spiritus

2369 1390 2641 1449 virtutem,
2675 1400 2772 1438 nec
2807 1383 2999 1436 anima:
3043 1382 3458 1434 commetionem
3480 1384 3545 1433 et
3581 1380 3699 1448 ejus
3732 1381 3930 1448 splen-

2366 1479 2700 1532 didissimatn
2734 1482 3060 1529 creaturam.
3113 1473 3261 1526 Sicut
3290 1474 3430 1525 enim
3460 1472 3504 1524 si
3535 1482 3929 1549 assumentum

2364 1568 2528 1637 panni
2556 1568 2706 1621 rudis
2739 1577 2923 1620 assuat
2955 1567 3077 1633 quis
3104 1567 3422 1620 vestimento
3448 1563 3702 1625 veteri",
3738 1562 3931 1629 major

2364 1657 2597 1711 scissura
2644 1654 2735 1721 ﬁt;
2769 1655 2841 1707 ita
2871 1654 3031 1708 etiam
3058 1670 3274 1725 corpus,
3298 1654 3341 1708 si
3366 1650 3931 1721 praeclarissimoope-

2364 1748 2433 1810 ri,
2464 1742 2657 1801 animae
2698 1745 3021 1799 associatum
3066 1744 3248 1811 luerit,
3280 1742 3531 1799 interiret.
3569 1737 3841 1803 Similite‘r
3869 1753 3927 1797 et

715 1829 1102 1904 Obtemperans
1152 1840 1294 1893 enim
1351 1841 1604 1895 mandato
1627 1842 1719 1895 Dei
1753 1842 2059 1913 frequenter
2086 1844 2264 1900 vincet
2295 1824 2336 1877 Β
2364 1838 2411 1892 εἰ
2431 1836 2552 1905 Quis
2583 1834 2776 1890 inferat
2797 1836 3029 1891 lucerna:
3049 1835 3225 1890 lumen
3257 1838 3308 1889 in
3341 1836 3515 1891 locum
3538 1833 3921 1897 tenebrosum.

702 1937 929 1981 omnem
962 1930 1178 1983 malitia:
1210 1932 1483 1991 radicem:
1536 1942 1589 1987 et
1638 1935 1921 1989 ridiculum
1944 1943 2048 1999 est,
2081 1935 2127 1988 si
2161 1936 2263 1989 iste

710 2017 807 2087 qui
838 2016 1042 2073 factura
1064 2030 1166 2083 est,
1190 2020 1401 2074 "fortior
1446 2023 1751 2077 inveniatur
1792 2009 2057 2101 ingenito.
2091 2026 2260 2097 Cujus

714 2116 893 2163 autem
916 2119 998 2163 est
1034 2109 1117 2163 lex
1147 2119 1200 2163 et
1232 2112 1560 2177 mandatum,
1590 2114 1891 2179 illttd,t'ieo,
1916 2117 2057 2185 quod
2086 2117 2259 2171 homi-

714 2195 769 2250 ni
798 2197 982 2251 datum
1016 2200 1135 2253 est?
1166 2200 1291 2254 Siue
1322 2202 1486 2257 dubio
1512 2204 1855 2259 confitebitur
1897 2205 1991 2266 Dei
2017 2222 2157 2262 esse.
2195 2207 2261 2262 Et

710 2286 985 2359 quomodo
1025 2302 1199 2360 patest
1239 2293 1355 2349 dari
1405 2298 1489 2348 lex
1517 2288 1715 2363 alieno,
1750 2306 1858 2351 aut
1886 2298 2103 2353 inimico
2135 2301 2259 2369 quis

710 2390 885 2450 potest
906 2385 1034 2436 dare
1073 2387 1436 2454 praeceptum?
1464 2387 1571 2457 Aut
1610 2388 1696 2442 ille
1725 2389 1817 2458 qui
1840 2389 2033 2458 accipit
2054 2406 2255 2459 prace-
2302 2452 2305 2453 ν

710 2483 882 2542 ptum,
926 2479 1221 2544 quomodo.
1238 2486 1414 2546 potest
1457 2479 1716 2558 adversus
1742 2481 2035 2548 diabolum,
2071 2485 2123 2538 id
2151 2494 2253 2548 est,

710 2565 967 2626 adversus
991 2557 1284 2620 creatorem
1310 2583 1465 2622 suum
1488 2557 1743 2640 pugnare,
1762 2581 2014 2642 tanquam
2044 2575 2091 2630 si
2114 2576 2256 2629 lilius

700 2652 868 2720 patri,
906 2668 1028 2707 cum
1061 2654 1445 2710 beneficiorum
1482 2656 1692 2710 debitor
1719 2646 1817 2723 sit,
1863 2660 2101 2730 irrogare
2130 2662 2257 2717 velit

709 2741 970 2810 injurias?
1003 2744 1077 2798 lta
1129 2745 1183 2799 in
1212 2746 1309 2799 hac
1340 2756 1486 2814 parte
1525 2747 1863 2803 inutilitatem
1902 2749 2135 2806 hominis
2158 2754 2252 2807 de-

684 2836 913 2903 signes,
962 2835 1006 2889 si
1059 2851 1151 2904 per
1202 2837 1367 2907 legem
1412 2848 1465 2893 et
1503 2839 1813 2895 mandatum
1844 2842 2100 2899 adversus
2128 2860 2252 2899 eum

709 2931 802 2998 qui
833 2931 1196 3001 plasmaverit,
1230 2936 1397 3002 dicat,
1430 2947 1591 3007 atque
1610 2953 1735 2992 eum
1765 2938 1980 2994 vincere
2008 2950 2250 2995 conetur.

712 3020 768 3073 in
796 3031 1015 3075 tantum
1040 3026 1183 3085 enim
1210 3028 1517 3082 stoliditatis
1548 3043 1893 3099 progressum
1924 3046 2045 3085 esse
2076 3032 2250 3099 ipsum

709 3113 982 3167 diabolum
1009 3115 1358 3182 putabimus,
1390 3121 1528 3186 quod
1565 3122 1847 3175 adverSum
1882 3136 1940 3187 se
1980 3120 2249 3177 hominem
2277 3140 2319 3198 ρ

708 3203 901 3261 fecisse
936 3221 1042 3259 non
1091 3207 1339 3271 senserit,
1383 3223 1480 3262 nec
1510 3210 2090 3281 animadverteritquid
2115 3211 2253 3266 futu-

708 3313 829 3351 rum
873 3306 1037 3363 esset,
1088 3286 1187 3352 nec
1232 3298 1523 3366 providerit
1564 3302 1691 3368 quid
1724 3304 2080 3371 sequebatur;
2127 3319 2250 3359 cum

707 3387 867 3441 etiam
899 3388 952 3441 in
984 3386 1138 3441 nobis
1166 3388 1256 3456 qui
1310 3386 1515 3442 factura
1568 3404 1775 3455 sumus,
1828 3393 1897 3445 sit
1944 3394 2121 3461 aliqua
2168 3396 2250 3448 vel

707 3494 870 3547 parva
897 3466 1137 3541 scientia,
1167 3479 1305 3533 inest
1335 3479 1617 3553 et‘aliquid
1646 3481 1959 3548 prudentiae,
1987 3494 2038 3538 et
2067 3486 2253 3539 exiSti-

706 3570 963 3625 mationis
992 3586 1377 3641 nonnunquam
1406 3581 1587 3628 certas.
1620 3570 1983 3642 Et’quomodo
2014 3558 2249 3644 ingenito

700 3672 775 3713 ne
818 3660 1070 3729 exiguum
1102 3662 1316 3729 quidem
1354 3664 1705 3733 providentia:
1746 3662 1913 3717 fuisse
1960 3666 2246 3731 credimus,

711 3765 885 3818 neque
913 3751 1345 3819 existimationis,
1391 3763 1484 3808 aut
1513 3755 1846 3818 intellectus;
1879 3755 1970 3808 sed
1998 3755 2247 3812 brutissi-

707 3853 832 3893 mus
866 3854 1055 3905 sensu,
1087 3852 1141 3896 et
1172 3845 1500 3899 obtusissimi
1521 3845 1722 3909 cordis,
1756 3855 1809 3899 et
1845 3855 2048 3898 natura?
2086 3861 2257 3915 peco-'

706 3929 785 3984 ris
805 3931 1092 3997 invenitur,
1116 3937 1409 3990 secundum
1428 3938 1777 3991 assertionem
1808 3937 2048 3991 videlicet
2070 3940 2246 3991 tuam?

700 4019 859 4087 Quod
902 4022 945 4076 si
973 4024 1042 4077 ita
1067 4038 1168 4088 est,
1212 4029 1484 4094 quomodo
1525 4028 1688 4083 homo
1708 4029 1799 4098 qui
1842 4028 2054 4099 ingenio
2088 4036 2246 4099 atque

703 4113 931 4169 scientia
962 4129 1065 4168 non
1102 4132 1289 4183 parum
1333 4118 1516 4186 pollet,
1570 4120 1638 4173 ab
1666 4136 1734 4176 eo
1762 4123 1853 4190 qui
1882 4122 2101 4189 ignarus
2130 4136 2245 4173 οιιι-

702 4205 852 4257 nium
894 4213 1053 4270 atque
1099 4203 1261 4257 hebes
1293 4221 1452 4259 sensu
1492 4218 1591 4274 est,
1618 4212 1790 4278 potuit
1819 4211 2090 4280 accepisse
2117 4212 2246 4264 sub-

701 4295 990 4349 stantiam?
1014 4293 1293 4375 Quomodo
1324 4296 1691 4365 hujuscemodi
1714 4305 1948 4373 auctoris
1968 4318 2104 4373 opus
2126 4318 2242 4356 esse

699 4384 972 4437 hominem
1005 4384 1225 4438 audebit
1251 4385 1445 4453 aliquis
1487 4390 1762 4446 confiteri?
1807 4392 1959 4458 Quod
1994 4396 2037 4448 si
2080 4396 2240 4448 homo

698 4476 877 4529 anima
901 4484 983 4530 est
1005 4482 1057 4531 et
1089 4488 1304 4545 corpus,
1344 4485 1397 4530 et
1430 4494 1534 4531 non
1572 4484 1742 4538 solum
1768 4501 1963 4555 corpus
1982 4488 2097 4541 sine
2120 4488 2238 4540 ani-

695 4581 808 4635 ma,
844 4578 964 4636 qua:
994 4568 1111 4623 sine
1138 4585 1195 4623 se
1224 4569 1518 4623 subsistere
1552 4589 1655 4627 non
1687 4588 1950 4645 possunt;
1986 4595 2153 4649 quare
2173 4593 2235 4633 ea

696 4655 912 4712 inimica
962 4659 1178 4713 sibimet
1219 4660 1366 4713 dices
1404 4670 1457 4713 et
1504 4669 1805 4721 contraria?
1846 4667 2062 4724 Videtur
2090 4671 2231 4726 enim

696 4749 824 4802 mihi
858 4748 1117 4803 Dominus
1144 4758 1323 4803 noster
1347 4748 1504 4802 Jesus
1526 4749 1768 4810 Christus
1793 4758 1860 4812 de
1899 4760 1987 4814 bis
2031 4761 2234 4815 dixisse

694 4852 787 4905 per
813 4838 1124 4906 parabolas:
1156 4858 1173 4888 ι
1197 4837 1367 4893 Nemo
1394 4850 1568 4907 potest
1587 4846 1763 4898 vinum
1789 4863 1982 4902 novum
2006 4850 2057 4903 in
2088 4862 2233 4906 utres

690 4936 896 4982 veteres
921 4929 1150 4995 mittere,
1183 4931 1417 4998 alioquin
1442 4945 1756 5000 rumpentur
1784 4949 1949 5004 utres,
1971 4951 2025 4995 et
2054 4944 2235 4997 vinum

690 5031 991 5086 cllundetur
1019 5032 1089 5085 ¹¹.
1128 5050 1146 5081 ι
1200 5031 1302 5085 Sed
1338 5032 1519 5085 vinum
1552 5049 1742 5107 novum
1792 5040 1846 5093 in
1894 5051 2039 5097 utres
2068 5059 2236 5099 novos

690 5131 1005 5186 mittendum
1041 5138 1143 5193 est,
1169 5132 1424 5200 quoniam
1453 5132 1665 5208 quidem
1698 5134 1834 5191 idem
1867 5137 2127 5196 Dominus
2154 5154 2236 5197 est

689 5237 820 5317 utris
841 5246 892 5302 et
929 5237 1057 5301 vini,
1104 5250 1226 5289 nam
1271 5236 1371 5289 etsi
1413 5235 1625 5289 diversa
1672 5240 1975 5294 substantia
2011 5245 2100 5306 sit,
2142 5248 2233 5299 sed

687 5325 1048 5389 dominatione
1082 5345 1134 5389 et
1165 5334 1521 5389 observantiae
1555 5351 1654 5390 usu
1688 5351 1749 5389 ex
1785 5339 1868 5393 his
1890 5342 2097 5397 duabus
2122 5361 2227 5400 una

754 5466 798 5495 ι’
819 5468 1002 5526 Matth.
1042 5490 1113 5539 lx,
1154 5477 1235 5531 l7.
1339 5476 1535 5540 “ibid.
1566 5470 1655 5530 is.

1754 5479 1979 5535 "lCor.
2028 5500 2123 5546 xtl,
2166 5488 2247 5540 £8.

2363 1927 2626 1998 fugantur
2647 1928 2903 1995 continuo
2930 1928 3180 1993 tenebrat,
3202 1942 3298 1983 nec
3320 1930 3611 1997 apparent;
3649 1926 3726 1978 ita
3753 1924 3924 1980 intel-

2359 2018 2630 2094 ligendum
2668 2024 2769 2082 est,
2800 2019 2973 2072 anima
3021 2019 3235 2087 corpori
3268 2019 3488 2081 inserta,
3535 2016 3796 2072 Continuo
3836 2024 3923 2070 te-

2360 2110 2556 2165 nebras
2582 2109 2864 2180 effugatas,
2912 2118 2968 2165 et
3014 2125 3174 2163 unum
3199 2110 3307 2179 jam
3332 2108 3575 2164 edecta‘m
3606 2122 3729 2162 esse
3755 2114 3920 2159 natu-

2360 2213 2497 2263 rain,
2525 2196 2687 2267 atque
2720 2214 2884 2251 unum
2924 2198 3197 2252 hominem
3231 2198 3282 2251 in
3317 2210 3477 2252 unam
3511 2196 3745 2267 speciem
3777 2210 3914 2249 con-

2358 2282 2607 2355 Stitutum
2636 2305 2649 2342 :
2680 2296 2733 2343 et
2767 2288 2836 2341 ita
2863 2288 3143 2343 conveniet
3182 2298 3535 2343 consonanter
3581 2287 3765 2341 vinum
3807 2300 3883 2339 no

2356 2394 2481 2435 vum
2513 2396 2634 2436 esse
2679 2381 2905 2435 missum
2936 2381 2989 2434 in
3022 2392 3168 2436 utres
3203 2395 3393 2445 novos,
3435 2389 3489 2433 et
3532 2380 3908 2435 assumentum

2354 2473 2517 2541 panni
2563 2472 2713 2527 rudis
2759 2480 3003 2529 assutum
3036 2486 3143 2525 non
3182 2485 3301 2524 esse
3346 2470 3510 2543 veteri
3560 2469 3900 2527 vestimento.

2356 2558 2462 2614 Sed
2488 2575 2555 2614 ex
2590 2560 2694 2616 hoc
2724 2554 3005 2625 ostendere
3035 2571 3322 2627 possumus
3350 2556 3764 2611 consonantiam
3791 2570 3907 2609 esse

2352 2651 2699 2711 virtutumqin
2731 2660 2976 2719 utraque,
3010 2649 3060 2702 id
3088 2657 3191 2711 est,
3244 2648 3486 2715 corporis
3514 2661 3675 2713 atque
3711 2645 3911 2697 anima:

2354 2741 2672 2810 substantia,
2706 2742 2757 2795 in
2782 2756 2885 2809 qua
2900 2741 2976 2793 ait
3004 2737 3402 2807 Scripturartrm
3432 2730 3621 2789 doctor
3637 2735 3913 2787 maximus

2354 2828 2572 2892 Paulus,
2607 2830 2771 2885 Deum
2828 2831 2881 2882 in
2930 2843 3155 2897 corpore
3183 2828 3250 2890 ",
3297 2829 3437 2880 sicut
3476 2826 3667 2891 voluit,
3706 2840 3912 2877 unum-

2352 2918 2608 2988 quodque
2641 2918 2940 2970 membrum
2975 2914 3239 2983 posuisse.

2421 3002 2562 3056 XlX.
2604 3002 2757 3069 Quod
2792 3002 2836 3055 si
2873 3001 2969 3054 tibi
3005 3000 3058 3054 id
3087 3000 3298 3053 dillicile
3346 2999 3554 3053 videtur
3600 2998 3897 3062 intellectu,

2352 3107 2452 3161 nec
2476 3092 2774 3161 acquiescis
2809 3090 2892 3144 his
2924 3090 3103 3156 dictis,
3136 3090 3323 3145 saltem
3358 3090 3615 3159 exemplis
3640 3090 3743 3144 tibi
3764 3088 3901 3143 amr—

2338 3183 2533 3245 amabo.
2583 3181 2792 3237 intuere
2836 3182 3108 3236 hominem
3152 3182 3405 3251 templum
3444 3196 3566 3236 esse
3597 3180 3904 3251 quoddam,

2262 3292 2279 3302 Ἴ
2352 3273 2491 3327 sicut
2519 3274 2775 3342 scriptum
2797 3282 2879 3328 est
2900 3274 2977 3339 ‘5;
3004 3274 3226 3342 spiritus
3250 3282 3429 3327 autem
3450 3273 3541 3342 qui
3568 3273 3622 3325 in
3650 3271 3769 3341 ipso
3790 3278 3903 3333 est,

2350 3362 2546 3417 referat
2575 3362 2692 3431 ejus
2719 3361 2970 3430 formam,
2999 3366 3089 3433 qui
3121 3365 3380 3419 inhabitat
3404 3365 3688 3432 templum;
3719 3378 3908 3431 neque

2347 3468 2475 3526 ergo
2496 3454 2749 3522 templum
2771 3455 3023 3509 constitui
3050 3462 3242 3523 potest,
3278 3469 3383 3507 non
3410 3454 3590 3522 agnito
3621 3453 3772 3521 prius
3797 3453 3906 3506 ba-

2349 3546 2578 3599 bitatore
2626 3545 2835 3613 templi,
2882 3560 3057 3613 neque
3103 3544 3431 3598 inbabitator
3474 3538 3790 3609 collocatur,
3848 3543 3897 3596 si

2353 3636 2606 3706 templum
2638 3650 2743 3689 non
2780 3635 2850 3690 sit
2878 3646 3226 3689 exstructum.
3274 3635 3408 3689 Cum
3440 3649 3569 3702 ergo
3605 3646 3893 3703 utrumque

2348 3743 2453 3781 una
2486 3740 2548 3783 ac
2580 3728 2779 3797 pariter
2815 3726 3125 3790 dedicetur;
3173 3726 3444 3794 quomodo
3485 3725 3539 3778 in
3591 3725 3677 3779 his
3712 3725 3898 3777 inimi-

2345 3833 2468 3871 cum
2504 3819 2705 3890 aliquid
2737 3824 2833 3871 aut
2867 3816 3197 3871 contrarium
3230 3815 3452 3869 inveniri
3479 3824 3675 3882 potest,
3706 3820 3759 3868 et
3782 3830 3895 3867 non

2346 3909 2522 3976 potius
2549 3910 2618 3963 ab
2652 3908 2842 3963 amicis
2887 3915 3048 3976 atque
3088 3907 3227 3959 idem
3274 3904 3571 3958 volentibus
3602 3910 3900 3973 utrumque

2344 3997 2553 4051 videtur
2580 3996 2862 4053 eﬂ'ectum?
2890 3994 2955 4049 Et
2983 4003 3042 4048 ut
3086 3993 3249 4058 scias,
3284 3993 3538 4063 quoniam
3568 4002 3623 4046 et
3652 3993 3898 4047 amicitia

2343 4097 2396 4141 et
2426 4104 2619 4158 genere
2661 4089 2932 4158 conjuncti
2962 4095 3109 4152 sunt,
3139 4087 3231 4155 qui
3266 4088 3366 4141 scit
3406 4096 3458 4141 et
3504 4084 3689 4141 audit:
3730 4106 3749 4137 ι
3786 4084 3897 4140 Fa-

2343 4178 2549 4233 ciamus
2572 4180 2865 4240 hominem,
2895 4197 2913 4229 ›
2943 4186 2997 4231 et
3025 4178 3249 4247 reliqua,
3284 4179 3573 4247 respondit.
3614 4176 3711 4232 llic
3739 4179 3892 4232 enim

2344 4268 2431 4333 qui
2461 4269 2713 4337 templum
2747 4268 2975 4322 exstruit
2996 4266 3133 4336 (89),
3170 4268 3461 4336 interrogat
3491 4270 3645 4322 illum
3672 4270 3770 4338 qui
3802 4272 3885 4325 itt-

2345 4354 2540 4410 format
2582 4359 2954 4423 simulacrum,
3006 4372 3392 4428 mensurasque
3420 4361 3577 4413 etiam
3616 4362 3881 4430 magnitu-

2270 4478 2314 4535 ο
2344 4444 2485 4499 dinis
2518 4462 2580 4501 ac
2625 4449 2923 4503 latitudinis
2959 4449 3330 4517 vastitatisque
3375 4451 3653 4518 perquirit,
3707 4460 3766 4503 ut
3809 4451 3882 4503 ita

2341 4535 2805 4591 fundamentorum
2852 4539 3021 4608 spatia
3074 4541 3370 4605 describat;
3428 4555 3599 4609 neque
3640 4542 3783 4594 enim
3829 4543 3884 4595 iu

2340 4639 2536 4677 vanum
2567 4629 2686 4695 quis
2715 4631 2966 4699 templum
2996 4620 3257 4696 exstruit,
3276 4632 3380 4683 nisi
3407 4645 3686 4684 mensuras
3716 4632 3885 4685 collo-

2337 4717 2492 4770 candi
2533 4717 2781 4774 didicerit
2802 4724 3090 4775 simulacri.
3125 4722 3381 4775 Similiter
3403 4722 3570 4791 igitur
3614 4726 3885 4793 perquiri-

2338 4815 2425 4859 tur
2463 4807 2654 4860 modus
2691 4812 2929 4878 corporis
2960 4822 3120 4881 atque
3151 4804 3422 4877 mensura,
3467 4820 3526 4865 ut
3554 4817 3726 4881 possit
3759 4826 3884 4885 apte

2340 4894 2394 4949 in
2419 4910 2482 4947 eo
2505 4896 2683 4949 anima
2711 4898 2960 4953 collocari
2982 4904 3048 4954 aii
3075 4901 3277 4954 artifice
3302 4896 3541 4953 omnium
3570 4900 3699 4955 Deo.
3724 4903 3882 4968 Quod

2340 4989 2383 5041 si
2412 4987 2557 5040 dicat
2592 4988 2713 5054 quis
2757 4990 3033 5047 inimicum
3083 5008 3201 5046 esse
3228 5007 3373 5053 eum,
3407 4993 3498 5063 qui
3529 4988 3880 5062 plasmaverit

2338 5092 2563 5145 corpus;
2613 5074 2753 5131 Deus
2794 5079 2903 5147 (90)
2951 5081 3041 5149 qui
3089 5090 3297 5133 creator
3352 5092 3433 5135 est
3472 5084 3665 5138 anima:
3722 5100 3876 5150 metu,

2336 5167 2608 5237 quomodo
2641 5180 2769 5231 non,
2795 5170 2921 5222 dum
2951 5171 3100 5222 alteri
3135 5170 3351 5233 invidet,
3381 5172 3601 5228 alterius
3630 5177 3776 5243 operi
3803 5179 3849 5229 i-r

2336 5258 2548 5328 rogavit
2576 5254 2872 5322 infamiam,
2910 5270 2965 5312 ut
2990 5270 3079 5312 aut
3106 5261 3293 5328 illequ
3333 5264 3587 5332 templum
3622 5267 3872 5329 exstruit,

2336 5358 2620 5419 angustum
2647 5347 2830 5413 faciat,
2861 5352 2931 5403 ita
2967 5362 3024 5403 ιιι
3048 5366 3237 5420 capere
3260 5368 3364 5407 non
3395 5358 3569 5425 possit
3602 5359 3745 5429 quod
3764 5358 3873 5414 ωι-

2368 5494 2412 5574 ῗδ
2441 5494 2457 5545 l
2486 5492 2607 5546 Cor.
2649 5509 2729 5557 ιιι,
2760 5492 2853 5557 17;
2897 5492 2932 5543 ll
2960 5492 3083 5546 Cor.
3115 5510 3186 5561 vt,
3220 5495 3304 5551 16.

752 5650 864 5740 (ξίξῖ
905 5654 1131 5740 μητρὶ(
1165 5662 1401 5740 sicutiim
1431 5667 1519 5740 qui
1550 5667 1801 5740 templum
1828 5670 2072 5724 exstruit.
2110 5690 2126 5723 ι
2160 5670 2213 5728 In
2254 5677 2432 5730 (νοιιίορ
2464 5680 2601 5731 enim
2630 5690 2764 5740 erat,
2811 5698 2826 5728 ι
2855 5680 3103 5733 exstruis.
3137 5698 3157 5730 ι

758 5722 867 5792 (90)
911 5726 963 5777 ln
988 5728 1169 5781 codice
1202 5722 1497 5799 Cusinrns'i,
1539 5755 1556 5786 ι
1596 5722 1777 5790 Deum.
1821 5760 1837 5789 ι
