4118 6350
178 457 312 512 1461

1279 458 1423 517 CUM
1464 457 1510 511 Μ
1522 455 1744 511 ΑΝΕΤΕ
1784 455 2306 511 ΗίΕῐίΕΞΙΑΒΟΙΙΑ.

3222 450 3415 528 ίιδξη

176 573 427 628 locatur?
447 584 539 627 aut
562 576 645 627 ille
668 572 760 641 qui
788 572 1133 628 simulacrum
1160 575 1305 637 fecit,
1331 576 1603 644 quomodo
1625 589 1727 627 non
1760 580 1798 635 Α
1830 551 2203 641 ιινυεηῖθυάεειι
2221 573 2417 636 dicere,
2432 572 2585 641 quod
2603 572 2775 640 ipsum
2805 584 2909 624 nos
2931 569 3157 625 docebat
3177 582 3359 635 orare,

176 679 345 734 grave
390 662 587 731 aliquid
632 663 848 730 pertulit
890 672 943 718 et
989 664 1375 733 ponderosum,
1420 682 1527 735 quo
1560 668 1728 721 intro-

176 756 373 821 misso,
423 755 682 823 templum
727 756 987 810 continuo
1037 758 1376 812 concideret?
1423 760 1728 814 Secundum

174 842 307 905 hoc,
360 843 503 913 quod
547 842 797 897 novimus
835 858 955 897 esse
992 843 1333 916 ini-nieorum
1368 844 1566 910 studia,
1600 860 1731 899 con—

176 933 500 1001 templemur
530 932 661 996 hare,
697 933 741 987 si
784 948 888 986 non
936 932 1007 986 ita
1055 948 1112 987 se
1159 933 1391 997 habent;
1426 934 1506 987 sin
1550 938 1726 988 autem

174 1031 393 1090 oportet
443 1022 622 1076 omnia
674 1022 863 1077 iisdem
914 1023 1204 1089 mensuris,
1244 1023 1431 1086 eadem
1478 1027 1728 1092 mquitate

171 1113 413 1182 diSponi,
449 1114 718 1182 similique
747 1114 914 1183 gloria
939 1114 1113 1171 eﬂerri
1137 1132 1151 1178 ;
1177 1115 1307 1183 quid
1337 1116 1508 1168 adhuc
1535 1116 1600 1168 de
1628 1116 1729 1169 hoc

174 1191 525 1257 dubitamus?
546 1204 805 1258 Addimus
836 1212 1066 1269 tantum,
1104 1206 1150 1259 si
1184 1206 1374 1273 placet,
1410 1206 1569 1259 etiam
1598 1207 1725 1277 illud

172 1294 479 1361 exemplum
516 1310 529 1345 :
564 1293 758 1348 similis
806 1295 1017 1349 videtur
1066 1310 1187 1349 esse
1231 1296 1392 1349 homo
1434 1298 1577 1359 navi,
1608 1313 1728 1365 quae

174 1382 442 1435 instructa
487 1380 553 1434 ab
595 1381 820 1447 artiﬁce,
870 1392 1030 1451 atque
1084 1384 1137 1437 in
1174 1398 1333 1457 ‘mare
1365 1383 1590 1439 deducta
1621 1396 1724 1450 est,

170 1488 448 1541 quamque
470 1472 719 1542 navigare
739 1473 1068 1541 impossibile
1088 1476 1303 1531 estsine
1326 1476 1723 1545 gubernaculis,

170 1564 375 1633 quibus
409 1564 519 1632 regi
556 1572 608 1616 ct
636 1563 776 1618 ﬂecti
821 1565 992 1633 possit
1036 1566 1087 1619 in
1116 1582 1449 1636 quaecunque
1486 1568 1600 1622 loca
1634 1584 1726 1622 vo-

171 1655 340 1708 luerit
380 1656 704 1725 gubernator
744 1655 883 1724 ejus.
918 1656 985 1710 Et
1025 1658 1152 1726 quia
1192 1644 1381 1722 eodem
1414 1659 1616 1714 artiﬁce
1644 1660 1726 1714 iu-

169 1744 355 1811 digeat
380 1758 574 1811 corpus
621 1744 1127 1812 gubernaculorum,
1158 1762 1267 1815 quo
1289 1756 1341 1800 ct
1363 1748 1526 1803 totius
1549 1750 1721 1813 naris,

143 1830 313 1885 ’nulli
344 1833 568 1886 dubium
604 1842 721 1897 est;
762 1836 877 1889 sine
906 1836 1280 1904 gubernaculis
1309 1838 1450 1892 enim
1486 1840 1720 1895 otiosum

1832 680 2004 734 neque
2029 666 2170 719 enim
2200 664 2548 718 descenderat
2572 660 2749 726 Jesus,
2782 669 2841 715 ut
2865 661 3110 715 homines
3140 661 3363 728 conjun-

1828 765 1991 825 geret,
2036 764 2089 809 ct
2136 754 2510 809 reconciliaret
2551 752 2778 814 Satanaa,
2809 750 2938 820 quin
2974 751 3150 819 potius
3182 758 3361 803 conte-

1829 845 2048 899 rendum
2077 860 2201 898 cum
2238 844 2338 898 sub
2364 842 2588 912 pedibus
2616 841 2847 895 ﬁdelium
2874 854 3093 894 suorum
3127 839 3361 892 tradidit.

1831 934 1934 991 Sed
1986 952 2084 1006 ego
2128 936 2391 989 beatiores
2439 934 2574 988 istos
2602 934 2777 987 dicam
2822 947 2942 987 esse
2980 930 3223 1000 gentiles,
3270 929 3363 998 qui

1828 1028 2027 1081 multos
2070 1030 2284 1097 quidem
2319 1028 2665 1083 introducunt
2694 1029 2843 1090 deos,
2878 1023 3156 1078 unanimes
3186 1030 3364 1073 tamen

1829 1126 1991 1187 atque
2024 1118 2228 1173 amicos
2257 1134 2352 1173 eos
2377 1119 2725 1184 conﬁtentur;
2770 1119 2856 1171 hic
2880 1130 3006 1171 vero
3035 1115 3168 1168 duos
3196 1114 3366 1165 intro-

1825 1208 2047 1270 duccns,
2079 1209 2385 1263 inimicitias
2426 1208 2561 1262 inter
2593 1223 2687 1263 eos
2721 1203 3123 1275 discordemque
3150 1212 3364 1261 senten-

1827 1298 1952 1351 tiam
1979 1314 2085 1351 non
2115 1298 2383 1352 erubescit
2410 1307 2670 1352 astruere.
2698 1296 2855 1362 Quod
2874 1297 2917 1350 si
2944 1294 3224 1349 simulatos
3254 1290 3362 1361 (94)

1826 1376 1926 1441 stlb
1952 1387 2320 1456 hujuscemodi
2341 1389 2646 1443 conditione
2672 1385 3067 1451 introducerent
3084 1384 3193 1451 (95)
3214 1384 3361 1442 deos,

1824 1479 2007 1533 ludum
2027 1480 2138 1547 jam
2165 1480 2543 1548 gladiatorium
2570 1482 2708 1533 inter
2734 1492 2827 1532 eos
2847 1484 2960 1530 erat
2984 1476 3183 1539 videre,
3215 1474 3363 1526 innu-

1823 1585 2000 1624 meras
2030 1569 2286 1623 habentes
2309 1577 2533 1624 naturas
2559 1569 2904 1635 diversasque
2928 1564 3238 1621 sententias.
3358 1557 3367 1563 ’

1894 1660 2035 1714 XXI.
2075 1658 2191 1712 1am
2240 1674 2367 1713 vero
2402 1661 2467 1713 de
2502 1658 2755 1712 interiore
2795 1665 2955 1725 atque
2979 1653 3238 1709 exteriore
3267 1652 3362 1705 lto-
3427 1703 3433 1709 ,

1824 1752 1968 1806 mine
2014 1750 2142 1819 quid
2189 1766 2274 1804 me
2304 1763 2521 1803 necesse
2552 1757 2635 1801 est
2669 1750 2864 1811 dicere,
2910 1763 3031 1800 cum
3072 1745 3363 1799 Salvatoris

1824 1857 1956 1895 voce
1987 1842 2196 1896 dicatur
2232 1841 2299 1894 ad
2337 1856 2429 1893 eos
2468 1840 2557 1907 qui
2608 1839 2869 1892 eamelnm
2908 1838 3139 1905 gtnliunt
3183 1846 3235 1889 et
3268 1835 3374 1898 de:

172 1922 283 1974 erit
321 1937 480 1975 omne
518 1924 671 1978 navis
697 1939 853 1992 opus,
886 1940 1084 1993 corpus
1112 1927 1239 1980 illud
1273 1928 1613 1983 immensum.
1647 1928 1720 1983 Ita
1752 1926 1794 1979 Β
1823 1931 1953 1985 foris
1991 1932 2281 2003 hypocritze
2305 1940 2451 1991 sunt,
2479 1929 2853 1983 blandimentis
2882 1938 3039 1997 atque
3058 1928 3381 1989 adulatione

170 2025 307 2079 ergo
342 2003 575 2063 animam
628 2015 870 2080 corporis
918 2015 1585 2085 gubernaculadicimus;
1637 2036 1722 2073 re—

172 2111 374 2168 guntur
411 2110 589 2154 autem
636 2113 861 2173 utraque
905 2106 1111 2159 arbitrii
1144 2116 1316 2181 atque
1344 2108 1538 2162 animae
1566 2109 1726 2163 liber-

172 2201 301 2252 tate,
330 2184 437 2259 quo
466 2192 610 2245 velut
653 2192 1010 2261 gubernatore
1054 2197 1292 2263 utimur;
1324 2213 1444 2267 qua:
1467 2214 1589 2253 cum
1627 2216 1721 2268 per

169 2281 607 2347 conjunctionem
663 2282 774 2350 (91)
833 2300 1003 2337 unum
1055 2285 1263 2350 effecta,
1315 2291 1719 2342 consonantiam

172 2368 330 2425 uilli-ii
378 2370 461 2423 sui
499 2370 777 2424 continent
800 2372 865 2425 ad
893 2386 1055 2426 omne
1085 2388 1239 2441 opus,
1266 2376 1624 2445 quodcunque
1655 2395 1720 2431 ex

170 2456 476 2523 semetipsis
505 2456 762 2525 efﬁciunt,
794 2460 1133 2515 uni‘auctori
1176 2471 1228 2515 et
1265 2464 1525 2517 conditori
1569 2475 1717 2519 test.-

168 2545 408 2598 monium
440 2546 639 2600 ferunt.
1438 2609 1440 2612 ,

238 2633 356 2689 XX.
399 2634 493 2690 llis
517 2636 739 2703 auditis,
767 2637 939 2691 turba:
959 2654 1079 2708 qua:
1108 2640 1351 2707 aderant,
1375 2642 1718 2699 vehementer

165 2725 365 2792 gavisae
396 2734 544 2791 sunt,
578 2725 650 2778 ita
681 2734 745 2779 ut
788 2740 923 2794 pene
970 2740 1164 2782 manus
1208 2728 1489 2799 injicerent
1530 2732 1582 2786 iu
1608 2732 1718 2787 Ma-

166 2832 313 2880 nem,
354 2834 491 2887 quos
542 2818 630 2871 vix
679 2817 974 2872 Archelaus
1021 2820 1280 2874 cohibens
1312 2831 1365 2876 ct
1396 2824 1711 2891 reprimens,

163 2909 552 2975 conquiescere
603 2909 747 2965 fecit.
798 2910 1015 2964 Iudices
1056 2912 1301 2966 dixerunt
1331 2928 1350 2965 :
1381 2913 1716 2971 Sullicicntcr

162 2998 399 3051 ostendit
443 3000 739 3056 Archelaus
792 3002 1029 3057 hominis
1081 3012 1136 3057 et
1186 3020 1384 3074 corpus
1410 3008 1735 3072 etanimam_

163 3089 329 3141 unius
360 3103 478 3142 esse
509 3089 850 3155 factoris,eo
884 3096 1026 3163 quod
1070 3110 1370 3151 consonare
1400 3100 1452 3150 in
1484 3098 1712 3167 conjun-

158 3177 344 3230 ctione
379 3193 485 3231 non
523 3182 693 3248 possit
721 3196 858 3251 opus
887 3184 1067 3248 unius,
1101 3186 1145 3237 si
1182 3187 1510 3254 propositum
1547 3190 1712 3242 artiﬁ-

156 3270 242 3321 cis
274 3280 304 3318 a
336 3281 395 3320 se
431 3268 736 3324 dissentiret
778 3273 1018 3327 alterius.
1055 3274 1203 3338 Quod
1236 3278 1277 3330 si
1304 3277 1514 3331 dicatur
1541 3295 1704 3334 unum

155 3357 430 3424 explicare
453 3368 739 3428 utrumque
771 3362 992 3417 minime
1042 3367 1296 3433 valuisse,
1343 3368 1704 3424 inﬁrmitatem

158 3448 663 3513 ostenditartiﬁcis;
690 3451 816 3518 quia
846 3461 900 3504 et
928 3454 973 3506 si
997 3455 1139 3510 dicat
1166 3458 1288 3525 quis
1322 3460 1555 3512 animam
1583 3461 1703 3513 boni

162 3537 251 3590 Dci
276 3553 415 3602 esse,
440 3540 672 3594 otiosum
699 3556 834 3609 opus
866 3544 1133 3600 invenitur
1160 3550 1391 3603 hominis
1414 3550 1517 3605 nisi
1544 3552 1703 3604 etiam

73 3695 82 3702 ι
158 3642 353 3696 corpus
384 3631 670 3697 acceperit.
708 3632 861 3697 Quod
890 3634 934 3689 si
969 3652 1185 3691 rursum
1217 3648 1413 3706 corpus
1456 3640 1582 3692 mali
1611 3638 1703 3693 Dei

154 3719 367 3773 dicatur
399 3735 519 3775 esse
559 3721 894 3791 ﬁgmentum,
930 3729 1161 3781 otiosum
1194 3729 1541 3783 nihilominus
1576 3731 1700 3794 erit,

154 3810 200 3863 si
246 3811 485 3864 animam
533 3828 638 3867 non
690 3817 956 3884 acceperit
992 3836 1003 3870 :
1035 3833 1153 3886 qua:
1186 3820 1369 3887 utique
1410 3821 1510 3875 nisi
1556 3838 1705 3877 com-

151 3903 407 3956 mistione
437 3914 595 3971 atque
625 3904 725 3956 sibi
762 3905 985 3960 invicem
1024 3907 1185 3961 fuerit
1210 3909 1408 3963 inserta
1438 3927 1558 3966 cum
1581 3929 1702 3968 eor-

148 4006 301 4061 pore,
326 3994 490 4045 homo
512 4009 607 4047 nec
627 3996 747 4056 erit,
781 4010 877 4048 nec
896 3997 1122 4050 dicetur.
1154 3996 1301 4051 Unde
1330 4002 1512 4057 multis
1530 4020 1703 4058 exem-

148 4083 253 4150 plis
294 4083 608 4150 approbavit
654 4084 968 4151 Archelaus,
1022 4088 1188 4142 totius
1247 4091 1479 4149 hominis
1534 4111 1697 4149 unum

143 4180 310 4237 atque
362 4171 606 4223 eumdem
665 4188 786 4227 esse
839 4173 1115 4229 faetorem.
1174 4180 1457 4237 Archelaus
1517 4186 1697 4237 dixit:

144 4261 303 4313 Scire
334 4268 385 4313 te
417 4275 521 4313 non
556 4262 764 4327 dub‘to,
796 4263 1002 4331 Manes,
1047 4268 1170 4335 hoc,
1221 4273 1361 4340 quod
1394 4275 1696 4341 generantis

140 4359 240 4403 aut
260 4352 493 4405 creantis
520 4352 661 4405 ﬁlius
695 4354 889 4409 dicitur
911 4358 1018 4419 ille,
1046 4342 1141 4430 qui
1172 4373 1330 4415 natus
1358 4372 1513 4417 estet
1542 4379 1694 4418 crea-

140 4450 232 4494 tus
263 4440 395 4509 (9:2).
452 4440 601 4505 Quod
652 4444 696 4496 si
740 4447 1002 4516 malignus
1033 4451 1302 4504 hominem
1335 4452 1505 4515 ﬁnxit,
1544 4465 1695 4522 pater

137 4532 262 4599 ejus
288 4547 406 4586 esse
431 4533 586 4586 debet
613 4536 908 4597 secundum
941 4550 1208 4594 naturam.
1246 4541 1311 4593 Et
1338 4544 1423 4595 cui
1457 4558 1582 4615 ergo
1610 4548 1690 4600 di-

134 4624 297 4677 cebat
330 4623 587 4678 Dominus
614 4624 791 4692 Jesus,
819 4628 1016 4685 docens
1046 4648 1199 4685 orare
1227 4632 1474 4689 homines
1502 4656 1514 4689 :
1550 4656 1569 4689 ι
1593 4615 1688 4695 ἐἰς

131 4714 301 4769 dicite
324 4732 443 4768 eum
469 4718 635 4771 oratis
670 4736 681 4771 :
709 4718 864 4771 Pater
894 4730 1097 4784 noster,
1125 4724 1215 4789 qui
1241 4739 1299 4777 es
1332 4724 1383 4777 in
1414 4728 1565 4786 cmlis
1583 4732 1680 4783 ".i

129 4799 199 4851 Et
228 4802 422 4855 iterum
451 4822 463 4857 :
498 4824 515 4854 α
540 4804 698 4857 Orate
724 4804 933 4859 Patrem
962 4818 1196 4861 vestrum
1226 4811 1359 4879 (95),
1400 4816 1491 4883 qui
1523 4828 1604 4871 est
1631 4819 1684 4873 in

128 4892 347 4943 occulto
370 4895 433 4947 ’7.
468 4914 496 4952 ι,
522 4896 594 4949 De
622 4896 816 4951 Satana
844 4906 1018 4952 autem
1056 4900 1188 4954 dixit
1213 4903 1410 4961 vidisse
1439 4922 1496 4962 se
1521 4924 1643 4963 eum
1669 4930 1681 4963 :

132 5000 151 5031 ι
190 4979 342 5034 Sicut
379 4984 555 5056 fulgur
595 4990 871 5043 cadentem
902 4990 966 5043 de
1009 4992 1233 5069 ClDiO",
1273 5013 1291 5047 ι
1330 4999 1406 5051 uti
1438 5015 1504 5053 ne
1531 5001 1683 5069 quis-

229 5096 276 5126 ‘°
317 5096 614 5181 M:lllil.m\'l,
658 5107 903 5181 Q;_Luc.
935 5125 1009 5168 x1,
1039 5109 1089 5162 2.
1227 5115 1268 5145 ⁸⁷
1309 5116 1493 5173 Matth.
1519 5135 1590 5181 Vl,
1626 5118 1678 5173 6.

123 5166 170 5195 ³⁸
208 5163 339 5220 Luc.
374 5184 447 5233 xu,
485 5163 612 5226 48f
673 5163 866 5231 "'Luc.
912 5163 1007 5244 xx,
1053 5182 1153 5245 Mi;
1184 5163 1370 5239 Matth.

158 5305 312 5427 li29:)
353 5306 407 5361 In
435 5312 617 5365 codice
644 5314 924 5375 Casinensi
963 5331 1063 5384 est,
1102 5340 1117 5373 ι
1152 5339 1271 5393 quae
1297 5344 1418 5383 cum
1447 5330 1673 5400 conjun-

243 5393 253 5425 Ι
278 5394 383 5427 ⁴⁸111.
418 5398 437 5427 Ι

118 5390 383 5428 (ξιιοιιιιιη.
418 5398 437 5430 1

351 5445 406 5529 in}
432 5450 614 5529 eodem
640 5456 820 5529 codice
846 5461 1058 5529 legitur,
1084 5484 1101 5516 ι
1126 5478 1281 5522 natus
1303 5480 1384 5525 εει
1403 5478 1633 5525 creatus.
1650 5492 1666 5521 ι

194 5512 309 5597 (95)
349 5514 537 5597 diebus
594 5524 647 5576 in
700 5512 1670 5597 ναιεειίὲξῖὀὶέέῖἷιῖτέἷὶῖὶιῖἶιῦῗιῖ

117 5583 459 5640 abscondito.
492 5608 509 5639 ι

346 5655 403 5741 lu
436 5660 618 5741 codice
642 5660 940 5741 Casinensi,
980 5690 997 5721 α
1032 5676 1172 5741 quod
1200 5677 1497 5732 simulatos.
1541 5699 1558 5730 ι

344 5721 419 5803 ln_
455 5727 733 5803 Casiniensi
784 5720 967 5793 codice
990 5720 993 5721 ν
1644 5771 1662 5801 ι

118 5786 229 5844 Sed
262 5786 349 5849 hic
390 5795 456 5853 de
489 5801 770 5869 gentilibus
794 5786 964 5876 ‘ioiiii
998 5786 1187 5879 p'aii’m'

1736 3258 1780 3316 C

1476 5204 1629 5254 xxnt,
1660 5193 1724 5255 6;
1759 5189 1920 5248 Marc.
1954 5194 2051 5263 xit,
2074 5197 2160 5252 '58.

1823 2024 2163 2088 circumdati,
2196 2024 2261 2076 ad
2296 2039 2431 2091 quos
2460 2021 2618 2077 Jesus
2650 2024 2723 2077 ait
2754 2041 2766 2074 :
2806 2042 2821 2071 ι
2858 2019 2943 2076 Va:
2970 2020 3121 2076 vobis
3162 2016 3362 2071 Scriba:

1821 2123 1874 2167 et
1902 2112 2156 2167 Pharisaei
2185 2114 2472 2183 hypocrita:
2498 2133 2510 2179 ;
2544 2130 2730 2183 quare,
2756 2105 2896 2181 quod
2933 2110 3142 2168 deforis,
3160 2117 3242 2163 est
3272 2123 3364 2161 ca-

1824 2202 1942 2264 tini,
1973 2212 2028 2256 et
2062 2204 2247 2257 calicis
2292 2204 2520 2267 lavatis;
2554 2205 2701 2273 quod
2741 2214 2915 2257 autem
2952 2203 3097 2256 intus
3127 2209 3228 2264 est,
3256 2199 3358 2252 im-

1821 2293 2082 2346 munditia
2134 2294 2347 2363 plenum
2391 2295 2508 2348 est?
2533 2295 2638 2347 Aut
2670 2296 2903 2357 nescitis,
2938 2294 3060 2361 quia
3096 2293 3184 2360 qui
3214 2290 3358 2353 fecit,

1819 2382 1960 2450 quod
1988 2382 2118 2435 foris
2145 2393 2246 2445 est,
2272 2391 2325 2435 et
2359 2383 2500 2451 quod
2528 2383 2592 2436 de
2621 2385 2888 2448 iutuscst,
2924 2383 3048 2435 fecit
3065 2383 3143 2432 1'i’?
3168 2401 3185 2431 ι
3217 2378 3359 2435 Nun-

1821 2470 1947 2538 quid
1980 2471 2045 2525 de
2077 2473 2276 2537 catino,
2322 2481 2373 2526 et
2413 2472 2479 2525 de
2522 2473 2685 2527 calice
2732 2473 3079 2542 loquebatur?
3107 2466 3359 2541 Nunquid

1817 2560 2092 2615 vitriarius
2122 2574 2237 2615 erat
2268 2564 2359 2630 qui
2388 2564 2499 2617 hate
2521 2564 2749 2628 dicebat,
2780 2573 2870 2617 aut
2903 2564 3116 2634 ﬁgulus,
3143 2580 3209 2617 ex
3247 2566 3359 2620 luto

1816 2652 2023 2720 [ingens
2058 2653 2217 2707 vasa?
2241 2652 2429 2709 Nonne
2457 2656 2521 2709 de
2545 2671 2769 2723 corpore
2808 2665 2971 2725 atque
3019 2656 3197 2715 anima
3246 2658 3359 2713 evi-

1817 2743 2135 2799 dentissime
2167 2746 2525 2815 loquebatur?
2554 2746 2816 2813 Quoniam
2856 2748 3068 2817 quidem
3100 2746 3357 2804 Pharisaei

1815 2833 1956 2886 aneti
1985 2844 2037 2887 et
2070 2836 2256 2890 cimini
2296 2837 2535 2892 decimas
2561 2846 2927 2905 exspectantes
2951 2837 3169 2905 “,nure
3201 2850 3359 2896 erant

1814 2925 2060 2993 graviora
2094 2927 2225 2998 legis
2251 2928 2641 2996 relinquebant,
2677 2938 2730 2981 ct
2766 2928 2846 2981 his
2870 2928 2979 2998 (96)
3012 2944 3131 2997 qua:
3154 2931 3361 2986 extrin-

1815 3029 1973 3070 secus
2020 3030 2175 3071 erant
2217 3018 2533 3071 adhibentes
2562 3018 2912 3085 diligentiam,
2946 3023 3357 3079 contemnebant

1812 3120 1875 3159 ea
1915 3121 2034 3175 qua:
2075 3108 2402 3168 adsalutem
2449 3108 2641 3162 animae
2684 3110 3048 3177 pertinebant;
3078 3123 3355 3182 exspecta-

1812 3196 1939 3250 bant
1970 3199 2130 3251 etiam
2164 3198 2511 3253 salutationes
2540 3200 2590 3252 in
2628 3200 2825 3266 foro",
2857 3213 2909 3258 et
2938 3206 3137 3273 primos
3167 3207 3351 3260 discu-

1810 3286 1952 3341 bitus
2006 3288 2058 3339 in
2105 3289 2296 3352 cmuis,
2346 3304 2483 3357 quos
2522 3292 2715 3347 ﬁsciens
2761 3292 3023 3349 Dominus
3056 3296 3167 3365 (97)
3192 3294 3373 3353 Jesus.

1805 3374 2039 3441 perditos
2066 3389 2207 3438 esse,
2244 3376 2455 3431 dicebat
2486 3378 2583 3439 eis,
2612 3382 2738 3448 quia
2770 3382 2851 3434 his
2885 3383 3011 3436 solis
3043 3388 3204 3436 rebus
3227 3400 3349 3454 qua:

1803 3462 2000 3517 deforis
2049 3476 2225 3531 erant,
2276 3467 2591 3525 adhiberent
2635 3471 2978 3540 diligentiam,
3026 3483 3076 3527 et
3118 3488 3365 3543 eaquae

1804 3553 2130 3611 intrinsecus
2161 3568 2314 3611 erant
2352 3568 2755 3612 contemnerent
2788 3561 2929 3613 velut
2962 3562 3154 3619 aliena.
3194 3563 3346 3633 igneo

1803 3657 1983 3703 rantes
2028 3652 2285 3719 quoniam
2336 3653 2427 3721 qui
2467 3666 2661 3718 corpus
2704 3653 2919 3718 fecerat,
2956 3652 3068 3721 ipse
3114 3653 3243 3710 fecit
3292 3666 3344 3711 et

1803 3737 2058 3793 animam.
2093 3740 2309 3810 thuis
2338 3742 2405 3793 ita
2437 3742 2676 3808 lapideus
2707 3750 2787 3796 est
2811 3752 2861 3796 et
2884 3742 3137 3809 stolidus,
3159 3754 3344 3801 utnon

1804 3832 1868 3885 ad
1900 3832 2079 3885 omnia
2116 3833 2163 3885 ei
2193 3834 2293 3885 iste
2316 3845 2504 3884 sermo
2537 3831 2762 3886 sufﬁciat
2776 3834 2809 3897 ἲ,
2830 3834 2927 3889 Cui
2958 3830 3191 3892 sermoni
3217 3855 3345 3893 con-

1802 3936 2003 3977 sonans
2032 3921 2230 3975 Paulus
2259 3922 2354 3986 ait,
2387 3922 2748 3990 interpretans
2772 3941 2833 3979 ea
2859 3942 2978 3995 qua:
3002 3928 3053 3981 in
3080 3930 3190 3999 lege
3212 3933 3347 3985 scri-

1801 4020 2068 4079 pta‘sunt,
2112 4012 2212 4064 hoc
2239 4012 2399 4065 modo
2430 4032 2440 4065 :
2473 4031 2491 4064 ι
2527 4012 2644 4068 Νοη
2673 4015 2966 4072 infrenabis
3001 4035 3060 4074 os
3092 4022 3214 4075 bovi
3242 4024 3342 4076 tri-

1798 4102 2017 4156 turanti.
2059 4100 2308 4171 Nunquid
2337 4105 2403 4159 de
2432 4106 2606 4160 bobus
2642 4123 2770 4181 cura
2800 4119 2881 4164 c5t
2908 4110 3052 4166 Deo?
3080 4100 3187 4167 Aut
3218 4130 3340 4183 pro-

1795 4200 1910 4259 pter
1936 4208 2034 4247 nos
2058 4194 2167 4263 (98)
2188 4196 2372 4265 utique
2402 4197 2634 4253 dicit"?
2656 4219 2676 4249 ι
2709 4196 2811 4253 Sed
2841 4202 2967 4270 quid
2991 4204 3339 4267 immorantur

1796 4281 2058 4337 ulterius?
2078 4284 2326 4353 adjiciam
2350 4297 2537 4342 tamen
2572 4304 2740 4357 pauca
2767 4290 2831 4343 de
2853 4290 3119 4359 pluribus.
3147 4291 3201 4346 Si
3233 4289 3341 4348 duo

1794 4384 1919 4427 sunt
1943 4374 2179 4445 ingenita
2205 4387 2256 4431 et
2280 4380 2364 4433 his
2392 4381 2506 4433 loca
2531 4392 2672 4435 certa
2703 4384 3058 4452 decernimus,
3083 4384 3339 4440 dividitur

1791 4464 1955 4529 Deus,
1987 4467 2033 4520 si
2066 4467 2203 4521 intra
2232 4471 2647 4528 certumlocum
2681 4482 2761 4526 est
2791 4483 2845 4526 et
2873 4490 2975 4527 non
3008 4475 3202 4544 ubique
3231 4477 3338 4531 dif-

1794 4553 2054 4621 funditur,
2088 4568 2147 4612 ‘et
2174 4559 2275 4613 erit
2304 4561 2471 4614 multo
2494 4564 2715 4615 inferior
2738 4563 2856 4615 loco
2879 4565 2930 4617 in
2953 4579 3061 4633 quo
3094 4577 3175 4621 est
3198 4568 3337 4637 (ma-

1785 4646 1876 4714 jus
1901 4648 2011 4714 (99)
2052 4652 2194 4702 enim
2224 4650 2364 4717 quod
2395 4651 2636 4704 continet
2668 4666 2875 4720 semper
2907 4669 2975 4708 eo
3010 4672 3169 4725 quem
3204 4676 3333 4715 con-

1791 4738 1966 4804 tinet),
1996 4746 2048 4791 et
2070 4738 2296 4791 ellieitur
2320 4738 2461 4794 Deus
2483 4741 2601 4809 ejus
2633 4742 3219 4821 magnitudinis,-cujus
3250 4765 3330 4811 est

1785 4826 1935 4878 locus
1964 4827 2017 4877 in
2039 4841 2146 4893 quo
2170 4829 2494 4895 continetur,
2523 4831 2660 4885 sicut
2691 4832 2870 4900 homo,
2895 4832 2939 4890 si
2962 4839 3032 4892 sit
3063 4839 3115 4901 in
3146 4841 3330 4895 domo.-

1787 4912 1986 4968 Deinde
2017 4916 2153 4968 ratio
2188 4920 2432 4986 requirit,
2459 4923 2583 4991 quis
2602 4936 2711 4991 est,
2736 4930 2828 5001 qui
2858 4931 2992 4985 inter
3016 4947 3109 4989 eos
3133 4935 3327 4989 divise-

1785 5004 1873 5067 rit,
1914 5014 2008 5058 aut
2029 5007 2150 5075 quis
2175 5009 2255 5063 eis
2283 5024 2460 5067 certos
2498 5019 2758 5073 terminos
2802 5026 3075 5090 statuerit;
3104 5033 3156 5080 et
3181 5026 3329 5081 inve-

1804 5123 1845 5152 ’³
1870 5121 2003 5198 Luc.
2062 5127 2278 5208 5‘18.“
2305 5131 2580 5208 _"_.Matth.
2631 5153 2785 5208 xxm,
2833 5140 2933 5208 26;
2988 5140 3195 5206 Lucan,
3235 5141 3323 5200 39.

2238 5200 2323 5255 "l
2358 5202 2479 5258 Cor.
2513 5220 2585 5269 ix,
2621 5206 2671 5260 9.

1778 5337 2030 5405 gendum,
2066 5359 2083 5390 t
2117 5341 2535 5401 introducerent.
2574 5368 2593 5401 ι

1850 5407 1959 5479 (99)
1998 5407 2054 5479 lu
2084 5412 2271 5465 eodem
2304 5416 2506 5479 codice,
2540 5436 2558 5467 ο
2588 5435 2650 5471 ex
2682 5420 2786 5473 his.
2827 5438 2844 5471 a

1850 5477 1962 5565 (97)
2002 5477 2099 5558 llic
2130 5482 2281 5562 vmire
2313 5477 2627 5565 depravatus
2651 5496 2740 5565 est
2784 5488 2947 5565 codex
2989 5493 3323 5565 Casiuensis,

1778 5544 2155 5634 leg’itIeninttc
2195 5544 2397 5634 primos
2439 5545 2727 5634 discipulos
2778 5544 3329 5634 subitosvirri-ct‘I—siiis:

1777 5618 1921 5697 quod
1954 5618 2183 5697 scientes
2213 5619 2486 5677 Dominus.
2526 5645 2542 5675 ι
2575 5618 2687 5681 Nos
2719 5644 2842 5685 cum
2871 5647 2931 5685 ex
2976 5618 3141 5689 sacro,
3166 5618 3329 5694 iani
3404 5684 3407 5685 ν

1774 5697 2134 5741 ιέειιιυιπιυε.
2798 5721 2803 5725 ’

1994 5758 2194 5839 melius.
2214 5760 2455 5831 Vulgata,
2490 5785 2506 5816 ‹
2539 5783 2604 5819 an
2640 5783 2848 5839 propter
2879 5790 2995 5828 nos.
3035 5796 3051 5826 ι

1844 5825 1952 5894 (99)
1992 5826 2047 5882 ιιι
2076 5825 2374 5897 Casinum],
2409 5825 2651 5903 (malus,
2694 5859 2711 5891 ›
2738 5825 2892 5895 ἰιυιιω
2924 5825 3131 5905 sensu;
3188 5894 3191 5897 .
