4118 6350
758 452 892 511 “65

1767 454 1946 509 ACTA
1985 452 2515 510 DISPUTATIONIS
2550 457 2606 512 S.
2647 456 3001 525 ARCHELAI‘

2428 414 2515 509 iis
2550 457 2606 512 s.
2647 456 2989 511 ARCHELAI
3818 460 3955 513 net

756 574 901 627 nitur
924 572 1036 643 jam
1066 558 1289 644 uterque
1330 573 1497 628 multo
1524 572 1748 627 inferior
1779 573 1991 627 virtutis
2024 572 2298 626 humanae.
2331 575 2378 630 A
2403 573 2550 625 ciens
2583 574 2673 627 lux
2721 576 2989 638 manebat»,
3022 590 3144 630 cum
3177 576 3382 629 nullum
3409 589 3608 645 corpus
3638 575 3956 639 exsisteret,

754 662 1108 733 Lysimachus
1132 666 1273 719 enim
1306 673 1359 718 et
1383 664 1682 719 Alexander
1715 664 1881 718 totius
1913 663 2099 718 mundi
2127 665 2298 734 impe-

741 759 891 811 'rinm
926 766 1234 821 tenuerunt,
1256 773 1552 826 omnesque
1578 758 1821 811 nationes
1849 757 2107 812 barbaras
2138 767 2299 826 atque

752 863 913 902 omne
954 864 1120 913 genus
1161 849 1439 903 hominum
1486 848 1751 914 subjicere
1794 857 2103 915 potuerunt,
2136 849 2207 902 ita
2241 858 2301 902 ut

698 996 700 1002 λ
749 953 856 992 non
885 947 1026 993 esset
1056 941 1193 993 alius
1238 939 1531 1007 imperator
1561 952 1654 1005 per
1692 937 1819 991 illud
1854 946 2064 1006 tempus
2107 945 2299 1007 praeter

748 1028 895 1096 ipsos
922 1031 1021 1085 sub
1053 1031 1208 1085 cwlo.
1246 1028 1309 1083 Et
1344 1030 1611 1098 quomodo
1634 1017 1849 1083 audebit
1884 1027 2170 1097 quisquam
2210 1029 2297 1081 di-

747 1132 886 1183 eere,
914 1134 1021 1173 non
1058 1120 1257 1186 ubique
1280 1134 1398 1172 esse
1425 1119 1613 1185 Deum,
1652 1121 1745 1188 qui
1777 1128 1857 1173 est
1891 1121 2070 1173 lumen
2110 1136 2294 1175 verum

748 1205 1079 1269 indeliciens,
1110 1209 1265 1275 cujus
1288 1214 1370 1262 est
1398 1218 1617 1277 regnum
1645 1219 1892 1262 sanctum
1933 1216 1987 1263 et
2016 1210 2297 1278 sempiter-

748 1312 899 1358 num,
942 1292 1038 1350 ceu
1072 1298 1149 1367 (1)
1183 1298 1496 1367 nequissimi
1534 1298 1691 1353 istius
1737 1298 2007 1366 impietas,
2058 1299 2150 1367 qui
2197 1314 2295 1353 nec

747 1389 1004 1456 aequalem
1044 1388 1259 1456 quidem
1308 1389 1382 1458 (2)
1429 1404 1562 1443 .cum
1620 1390 1929 1445 hominibus
1976 1400 2292 1459 potestatem

620 1470 651 1487 “
747 1476 1095 1543 omnipotenti
1124 1475 1233 1532 Deo
1261 1478 1485 1532 tribuit?

814 1565 971 1620 XXII.
1010 1566 1222 1621 Indices
1266 1568 1512 1621 dixerunt
1559 1583 1578 1620 :
1616 1566 1821 1622 Lumen
1866 1570 1921 1621 in
1972 1577 2081 1622 tota
2130 1567 2293 1623 domo

712 1648 921 1712 ’l‘ucere
950 1659 1171 1722 scimus,
1205 1668 1388 1714 etnon
1416 1660 1469 1712 in
1502 1674 1608 1713 una
1649 1659 1826 1727 aliqua
1861 1668 2035 1727 parte,
2068 1660 2213 1713 sicut
2241 1669 2295 1713 et

644 1759 656 1763 ·
741 1747 897 1804 Iesu:
924 1748 1077 1810 dicit,
1108 1749 1236 1817 quia
1275 1768 1294 1800 ι
1320 1764 1480 1804 nemo
1512 1750 1786 1804 lucernam
1822 1750 2121 1804 accendens
2145 1751 2294 1819 ponit

662 1840 665 1841 ⁷
745 1838 847 1891 sub
872 1839 1071 1902 modio,
1099 1841 1190 1896 sed
1222 1854 1384 1909 super
1414 1840 1823 1906 candelabrum,
1874 1849 1931 1895 ut
1956 1842 2136 1895 luceat
2177 1857 2295 1908 om-

2401 663 2544 731 quod
2602 664 2845 718 umbram
2890 654 2975 719 sui
3018 663 3316 733 obiectione
3364 674 3671 734 generaret;
3726 673 3782 718 et
3832 664 3960 719 ideo

2402 766 2668 821 nusquam
2704 754 2969 819 tenebras,
3018 770 3283 822 nusquam
3334 764 3543 809 noctem
3572 753 3742 809 fuisse
3791 756 3961 824 proii-

2400 844 2620 897 tendum
2670 852 2770 898 est.
2815 843 2947 898 Nam
2983 844 3052 910 si,
3088 845 3235 897 verbi
3284 846 3476 914 gratia,
3515 846 3722 915 placeat
3758 848 3810 900 ei
3872 846 3958 899 cui

2398 941 2743 1002 potestas-est
2768 935 3033 1001 omnium,
3080 935 3285 1003 plagam
3319 951 3437 1003 quze
3470 936 3534 989 ad
3562 952 3822 991 occasum
3855 946 3959 1000 est,

2398 1024 2610 1079 auferre
2636 1026 2701 1079 de
2735 1025 2946 1090 medio;
2976 1041 3083 1079 non
3115 1035 3302 1095 agente
3332 1028 3441 1080 sole
3471 1028 3535 1082 ad
3572 1028 3717 1080 illam
3741 1038 3959 1095 partem

2395 1128 2637 1176 cursum,
2675 1129 2942 1183 nusquam
2992 1114 3082 1167 tiet
3135 1130 3352 1183 vespera
3398 1125 3491 1169 aut
3536 1118 3811 1179 tenebrae;
3870 1116 3961 1169 sed

2394 1205 2496 1263 erit
2539 1206 2620 1260 sol
2665 1210 2877 1273 semper
2918 1206 2972 1257 in
3008 1220 3193 1268 cursu,
3228 1222 3325 1260 nec
3359 1222 3592 1276 unquam
3635 1210 3881 1270 occidet,
3911 1216 3962 1263 et

2395 1296 2627 1348 medium
2669 1292 2978 1365 emlifaxem
3021 1310 3158 1363 pene
3211 1311 3420 1368 semper
3450 1298 3669 1360 tenebit,
3720 1314 3829 1353 nec
3863 1299 3962 1352 ali-

2393 1388 2613 1455 quando
2641 1386 3137 1454 desinetapparere
3164 1404 3178 1441 :
3209 1396 3258 1440 et
3286 1388 3380 1456 per
3402 1388 3504 1442 hoc
3528 1371 3630 1443 erit
3657 1390 3961 1445 universus

2394 1479 2542 1532 orbis
2574 1486 2845 1530 terrarum
2883 1474 3187 1536 clarissimo
3214 1478 3418 1533 lumine
3454 1478 3716 1543 radiatus,
3746 1496 3825 1534 ex
3850 1495 3962 1549 quo

2393 1582 2492 1621 nec
2523 1568 2625 1620 ulla
2666 1567 2799 1635 ejus
2819 1581 2943 1634 pars
2971 1567 3400 1632 obumbrabitur,
3436 1570 3529 1623 sed
3560 1571 3807 1624 manebit
3842 1572 3964 1627 ubi-

2392 1671 2497 1724 que
2556 1657 2716 1711 unius
2756 1656 2978 1710 luminis
3034 1657 3333 1726 tequalitas.
3384 1657 3713 1713 Occidentali
3762 1670 3958 1715 autem

2395 1748 2548 1816 plaga
2579 1758 2781 1802 statum
2822 1763 2980 1802 suum
3014 1760 3279 1816 servante,
3304 1760 3358 1804 et
3392 1752 3502 1805 sole
3529 1767 3749 1805 cursum
3786 1767 3954 1806 suum

2394 1838 2566 1891 tribus
2596 1837 2781 1893 mundi
2817 1839 3062 1905 partibus
3090 1840 3464 1906 ministrante;
3506 1841 3563 1911 hi
3603 1841 3831 1910 quidem
3864 1843 3952 1909 qui

744 1930 903 1984 nibus
945 1930 1036 1998 qui
1066 1930 1118 1984 in
1161 1932 1322 1987 domo
1373 1943 1501 1987 sunt
1528 1933 1593 1985 ³³.
1626 1952 1644 1983 ι
1688 1931 1746 1985 Si
1784 1947 1911 2002 ergo
1960 1933 2143 1985 lumen
2190 1941 2291 1997 est,
2327 1933 2365 1986 Β
2397 1928 2498 1982 sub
2542 1918 2659 1987 sole
2704 1939 2853 2004 sunt,
2907 1932 3106 1984 clarius
3137 1932 3382 1987 videntur
3410 1932 3725 1995 illuminari,
3766 1932 3854 1986 ita
3897 1944 3954 1986 ut

744 2033 965 2077 necesse
1004 2028 1085 2074 est
1117 2019 1247 2075 illud
1288 2022 1357 2090 (si
1388 2030 1569 2095 tamen
1592 2019 1749 2076 Jesus
1790 2021 2050 2091 creditur)
2089 2023 2295 2076 mundo

741 2113 997 2167 universo
1038 2113 1241 2177 lucere,
1279 2122 1331 2167 et
1378 2098 1484 2181 non
1529 2127 1624 2180 per
1662 2120 1878 2180 partes;
1926 2128 1965 2165 a
2003 2127 2112 2181 quo
2128 2111 2203 2181 (5)
2244 2112 2290 2166 si

743 2200 1057 2266 universum
1090 2202 1293 2256 obtinet
1323 2202 1605 2265 mundum,
1662 2202 1752 2255 ubi
1786 2200 1901 2270 jam
1939 2202 2188 2271 ingenita
2220 2210 2293 2256 te-

667 2285 693 2338 Ϊ
742 2292 941 2355 nebm,
969 2292 1071 2346 nisi
1116 2291 1254 2369 forte
1296 2293 1624 2358 accidentes,
1670 2278 2072 2363 intelligantur?
2102 2294 2291 2347 Arche-

590 2422 600 2431 .
638 2406 640 2409 τ
738 2382 1020 2441 Ιαιιςάἱέιεὶι
1044 2398 1070 2447 γε
1098 2383 1363 2450 Quoniam
1393 2384 1612 2453 quidem
1647 2384 1817 2439 multo
1841 2386 2033 2441 melius
2066 2402 2097 2440 a
2140 2388 2290 2443 vobis

740 2474 1055 2551 intelligitur
1086 2490 1265 2530 sermo
1296 2475 1655 2545 evangelicus,
1690 2490 1852 2546 quam
1877 2477 1950 2531 ab
1982 2476 2085 2531 isto
2113 2478 2204 2547 qui
2233 2494 2290 2531 se

740 2567 1067 2633 paracletum
1109 2582 1230 2621 esse
1255 2568 1747 2637 profitetur,-quem
1779 2583 1880 2638 ego
1921 2568 2094 2637 magis
2133 2585 2289 2639 para-

658 2680 663 2685 ο
740 2655 900 2710 situm
941 2670 1105 2726 quam
1147 2655 1477 2724 paracletum
1525 2655 1773 2720 dixerim,
1805 2656 1980 2709 dicam
2023 2672 2123 2726 ego
2153 2673 2290 2726 quo-

740 2746 901 2799 modo
954 2747 1247 2802 acciderint
1291 2746 1542 2800 tenebrae.
1594 2743 1729 2804 Cum
1778 2745 1869 2798 lux
1912 2756 2054 2799 esset
2091 2748 2297 2817 ubique

741 2836 956 2899 diﬁ‘usa,
1008 2839 1265 2893 mundum
1317 2836 1477 2907 erepit
1516 2838 1656 2891 Deus
1702 2837 1951 2902 condere,
2004 2838 2215 2893 initium
2260 2855 2291 2894 a

743 2928 882 2981 coelo
909 2936 963 2981 et
1004 2936 1143 2984 terra
1186 2944 1425 2994 sumens,
1480 2930 1533 2983 in
1568 2922 1675 2998 quo
1706 2931 1773 2983 ita
1808 2930 1946 2985 ratio
1988 2932 2188 2996 evenit,
2230 2942 2290 2987 ut

746 3002 1004 3070 medietas
1031 3032 1150 3085 qua:
1173 3029 1254 3073 est
1287 3029 1442 3089 terra:
1483 3019 1635 3079 locus
1672 3019 1861 3073 umbra
1901 3019 2166 3085 obtectus,
2195 3023 2292 3076 ob-

741 3109 884 3189 iectu
919 3108 993 3178 (4)
1045 3110 1289 3165 videlicet
1335 3127 1519 3165 earum
1553 3128 1675 3182 qua:
1725 3112 1878 3168 factae
1910 3123 2038 3169 sunt
2083 3124 2291 3171 creatuv

746 3212 951 3262 rarum,
992 3197 1318 3251 inveniretur
1356 3200 1640 3265 obscurus,
1677 3200 1748 3255 ita
1790 3213 1848 3257 ut
1896 3218 1983 3259 res
2013 3212 2287 3272 expeteret

2390 2036 2526 2089 pene
2575 2020 2824 2084 dixerim,
2857 2022 3246 2076 dormientibus
3266 2024 3440 2077 adhuc
3469 2024 3535 2101 iis
3556 2024 3647 2092 qui
3676 2038 3707 2077 e
3730 2023 3949 2077 diversa

2358 2130 2359 2133 η
2389 2112 2545 2178 plaga
2576 2112 2907 2176 consistunt,
2929 2111 3015 2166 isti
3039 2113 3244 2180 priores
3263 2113 3367 2168 diei
3393 2114 3676 2169 exordium
3702 2123 3949 2171 sumant.

2392 2196 2544 2253 Sicut
2574 2208 2748 2254 autem
2784 2210 2907 2255 ante
2952 2217 3047 2256 eos
3078 2204 3169 2271 qui
3211 2203 3264 2255 in
3300 2213 3447 2271 parte
3472 2204 3698 2259 occidua
3740 2205 3949 2273 jaceat,

2393 2287 2498 2342 illis
2527 2288 2706 2341 lumen
2733 2291 2998 2353 exoritur,
3036 2291 3108 2343 ita
3138 2278 3372 2346 velocius
3392 2294 3738 2361 obscuratur,
3767 2304 3825 2349 et
3850 2295 3944 2349 soli

2387 2380 2626 2433 omnium
2662 2382 2753 2449 qui
2790 2382 2843 2435 in
2878 2383 3027 2437 orbis
3058 2384 3341 2438 medietate
3373 2386 3698 2453 consistunt,
3724 2387 3938 2456 aquali-

2388 2479 2549 2524 tatem
2573 2486 2785 2539 semper
2807 2472 3047 2526 sentiunt
3074 2473 3232 2527 lucis.
3263 2474 3395 2529 Cum
3424 2475 3565 2529 enim
3595 2476 3837 2531 medium
3858 2477 3932 2531 sol

2389 2560 2624 2612 tenuerit
2665 2561 2886 2627 coelum,
2917 2562 3098 2615 nullus
3128 2571 3211 2615 est
3238 2563 3405 2621 locus
3438 2564 3529 2632 qui
3580 2573 3679 2619 aut
3718 2565 3936 2623 lucidior

2388 2657 2482 2703 aut
2528 2650 2813 2704 obscurior
2855 2636 2977 2706 esse
3038 2652 3309 2719 videatur;
3362 2654 3454 2708 sed
3506 2668 3701 2709 omnes
3762 2655 3941 2709 mundi

2387 2745 2566 2807 partes
2595 2755 2659 2793 ex
2692 2755 2849 2809 aequo
2881 2749 2934 2795 et
2961 2741 3110 2811 justo
3140 2742 3238 2810 (7),
3268 2743 3399 2797 solis
3430 2743 3637 2813 fulgore
3671 2745 3942 2797 luminan-

2389 2838 2494 2883 tur.
2539 2828 2593 2884 Si
2626 2846 2775 2900 ergo,
2821 2840 2879 2886 ut
2926 2833 3179 2901 superius
3204 2834 3460 2896 diximus,
3495 2834 3743 2887 occiduae
3780 2836 3942 2903 plagae

2386 2935 2511 2989 pars
2554 2921 2830 2976 auferatur
2855 2938 2886 2991 e
2933 2925 3130 2985 medio,
3164 2924 3302 2977 ultra
3339 2924 3451 2991 jam
3486 2939 3594 2977 non
3626 2926 3939 2981 obscurabi-

2388 3021 2627 3080 tur-pars
2659 3028 2780 3080 qua
2811 3013 2861 3066 ei
2892 3013 3120 3080 adjacet.
3163 3011 3229 3065 Et
3252 3014 3371 3068 haec
3395 3014 3613 3083 quidem
3648 3016 3786 3070 mibi
3812 3018 3933 3071 sim-

2388 3099 2580 3166 plicius
2604 3100 2745 3153 dicta
2781 3100 2909 3163 sint,
2952 3115 3074 3154 cuin
3104 3100 3306 3169 possim
3352 3114 3405 3157 et
3450 3104 3735 3158 zodiacum
3772 3088 3939 3159 circu-I

2389 3189 2500 3241 lum
2546 3189 2848 3242 describere
2895 3206 2909 3243 :
2963 3190 3056 3243 sed
3103 3204 3213 3243 non
3260 3189 3393 3244 intui
3440 3206 3585 3247 nunc
3630 3193 3748 3247 fieri
3793 3204 3942 3248 ratus

743 3288 1007 3344 introduci
1038 3289 1211 3344 lucem
1248 3289 1371 3343 huic
1403 3289 1503 3357 ipsi
1548 3290 1601 3342 in
1635 3294 1915 3350 medietate
1942 3268 2117 3375 posito
2150 3295 2285 3350 loco.
2316 3268 2362 3329 (ἶ
2393 3295 2511 3335 sum
2552 3278 2649 3349 (ελ
2698 3291 2912 3349 Propter
2954 3279 3109 3375 quod
3135 3280 3229 3375 fle,
3250 3281 3339 3375 ΜΞ
3366 3282 3557 3375 Silebtt.
3604 3294 3653 3337 et
3689 3284 3756 3375 ad
3806 3284 3945 3339 illud

742 3380 897 3436 Unde
918 3389 970 3433 et
992 3380 1045 3433 in
1069 3378 1492 3448 GenesiMoyses
1512 3394 1770 3436 enarrans
1786 3382 2055 3439 facturam
2078 3388 2285 3453 mundi,
2313 3439 2327 3445 ,,

743 3486 1083 3541 nequaquam
1117 3469 1244 3525 facit
1270 3470 1611 3524 tenebrarum
1642 3472 1990 3539 mentionem,
2016 3485 2109 3531 aut
2135 3480 2287 3545 quasi

744 3557 899 3615 facta:
924 3562 1049 3625 sint,
1081 3570 1171 3615 aut
1208 3576 1315 3614 non
1344 3557 1533 3625 factae;
1575 3559 1670 3615 sed
1713 3561 1825 3628 ipse
1853 3563 2038 3628 tacuit,
2075 3566 2286 3636 bisqui

744 3654 955 3720 possint
984 3652 1278 3716 advertere,
1314 3652 1694 3723 derelinquens
1724 3652 1989 3705 rationem
2026 3655 2185 3724 hujus
2212 3658 2287 3712 in-

747 3744 1024 3808 tellectus;
1068 3758 1186 3810 qua:
1223 3743 1436 3810 quidem
1488 3757 1589 3798 nec
1612 3742 1744 3797 satis
1777 3750 1860 3795 est
1915 3743 2081 3797 ardua
2128 3756 2287 3814 atque

745 3831 1127 3885 difﬁcilis:cui
1186 3833 1329 3885 enim
1381 3847 1487 3884 non
1543 3833 1635 3886 fiat
1686 3829 2066 3894 manifestum,
2117 3834 2285 3887 solem

745 3920 909 3971 istum
952 3918 1235 3978 visibilem,
1263 3933 1385 3971 cum
1418 3918 1484 3971 ab
1510 3920 1714 3977 oriente
1757 3919 1919 3974 fuerit
1964 3929 2202 3985 exortus,
2235 3933 2287 3977 et

742 4009 1019 4083 tetenderit
1045 4009 1328 4061 iterssuum
1349 4006 1417 4060 ad
1441 4009 1791 4077 occidentem,
1819 4027 1940 4064 cum
1966 4011 2066 4064 sub
2089 4022 2285 4066 terram

744 4099 885 4163 ierit,
916 4108 968 4153 et
999 4094 1220 4155 interior
1245 4094 1467 4152 eﬂ‘ectus
1510 4097 1672 4153 fuerit
1710 4116 1773 4154 ea
1808 4117 1928 4170 qua:
1966 4102 2106 4168 apud
2141 4100 2285 4155 Grae-

744 4207 837 4246 cos
871 4193 1079 4259 sphaera
1118 4199 1364 4254 vocatur,
1397 4186 1541 4257 quod
1570 4198 1697 4245 tunc
1735 4192 1946 4261 objectu
1986 4191 2063 4262 (5)
2094 4205 2286 4261 corpo-

742 4297 860 4334 rum
906 4280 1255 4333 obumbratus
1305 4293 1414 4332 non
1457 4281 1741 4344 appareat?
1784 4278 1889 4336 Sed
1930 4284 2145 4336 obtecto
2186 4296 2282 4346 eo,

743 4373 991 4425 obstante
1027 4379 1179 4423 terra:
1206 4382 1447 4436 corpore,
1495 4370 1871 4435 superducitur
1904 4372 2115 4435 umbra,
2164 4385 2287 4440 qua:

741 4480 806 4517 ex
843 4477 899 4516 se
927 4460 1085 4515 edicit
1107 4460 1399 4525 tenebras;
1429 4476 1709 4530 usquequo
1731 4478 1969 4539 rursum,
2011 4464 2283 4518 inferioris

742 4552 1085 4620 spatii-cursu
1118 4560 1210 4619 per
1239 4559 1447 4603 noctem
1477 4561 1769 4617 transacto,
1801 4555 1869 4608 ad
1905 4544 2164 4609 orientem
2198 4568 2294 4621 res

740 4646 935 4706 volvat,
973 4628 1143 4713 atque
1165 4643 1218 4695 in
1259 4643 1392 4697 locis
1426 4642 1600 4699 solitis
1631 4644 1853 4717 obortus
1878 4655 2152 4714 appareat.
2187 4644 2281 4699 Est

738 4750 866 4804 ergo
889 4726 1091 4789 umbra:
1116 4743 1272 4804 atque
1304 4732 1477 4787 noctis
1509 4747 1696 4796 causa,
1732 4737 1973 4802 corporis
2003 4745 2157 4789 terrae
2187 4751 2281 4789 so-

739 4826 946 4890 liditas;
999 4827 1140 4894 quod
1185 4827 1347 4880 etiam
1402 4839 1468 4879 ex
1518 4823 1716 4877 suimet
1763 4824 1932 4891 ipsius
1979 4826 2169 4879 umbra
2197 4826 2279 4895 (6)

738 4917 898 4972 homo
927 4918 1219 4985 intelligere
1251 4925 1441 4987 potest.
1486 4915 1623 4968 Ante
1656 4914 1848 4967 coelum
1895 4917 2037 4969 enim
2082 4926 2135 4970 et
2166 4926 2278 4970 ter-

740 5025 851 5063 ram
888 5020 1046 5078 atque
1075 5025 1262 5064 omnes
1293 5010 1427 5063 istas
1442 5018 1743 5078 corporeus
1780 5012 2057 5059 creaturas
2090 5007 2279 5060 indefl-

810 5148 853 5179 ⁸³
874 5147 1060 5200 Matth.
1092 5162 1161 5209 ,v,
1208 5144 1289 5199 16.

808 5282 878 5352 (1)
915 5283 969 5335 In
1011 5282 1195 5337 codice
1223 5280 1503 5333 Casinensi
1546 5286 1647 5342 est,
1691 5294 1708 5326 ‹
1738 5289 1827 5337 eu,
1861 5290 1877 5323 ι
1918 5271 2061 5341 quod
2093 5274 2271 5341 legen-

737 5350 860 5421 dum
890 5352 1212 5418 putavimus,
1251 5368 1267 5400 ι
1301 5364 1469 5421 σευ.)
1665 5414 1674 5421 .
1772 5414 1783 5421 _
1937 5410 1948 5421 _
2228 5412 2239 5421 _

806 5414 992 5485 (illis
1031 5423 1377 5487 depravatum
1432 5419 1607 5470 locum
1656 5414 1721 5468 ex
1756 5414 1989 5487 ingenio
2023 5414 2269 5487 restitui-

736 5477 887 5552 :mis;
915 5477 1035 5542 nam
1060 5477 1111 5541 iri
1133 5490 1315 5543 codice
1339 5487 1617 5542 Casinensi
1642 5477 1894 5539 scribitur
1924 5498 1935 5532 :
1970 5496 1988 5530 ι
2023 5477 2130 5532 Nec
2153 5495 2271 5545 quae

738 5558 917 5608 vellem
954 5559 1187 5626 quidem.
1220 5577 1238 5608 ι

804 5626 877 5693 (5)
918 5626 1089 5689 Farte,
1117 5647 1133 5677 ι
1164 5628 1327 5695 atqui.
1363 5645 1381 5678 ι

806 5696 879 5763 («il
918 5695 970 5747 In
994 5698 1267 5750 Casinensi
1296 5698 1497 5759 codice,
1538 5716 1554 5746 ‹
1589 5698 1817 5748 obtentu.
1856 5710 1871 5740 ι

805 5760 879 5833 (ὅ)
922 5764 977 5833 in
1011 5764 1287 5817 Casinensi
1318 5774 1415 5823 est,
1453 5786 1470 5815 ι
1502 5766 1642 5832 quod
1679 5760 2071 5833 nuncoblectu.
2108 5776 2125 5833 ξ

806 5826 879 5905 (6)
921 5832 992 5886 lta
1030 5834 1425 5887 emcndavimus
1460 5826 1714 5902 scriptum
1748 5827 2005 5891 codicem,
2040 5828 2129 5895 qui
2172 5826 2265 5877 ha-

2388 3381 2550 3441 caput
2580 3386 2852 3425 recurram
2887 3371 3031 3441 quod
3060 3372 3257 3441 objccit
3278 3372 3637 3439 adversarius,
3663 3373 3946 3429 affirmans

2386 3462 2534 3517 omni
2583 3456 2703 3515 nisu
2736 3462 2834 3530 (9),
2896 3462 3145 3517 tenebras
3192 3475 3310 3516 esse
3355 3462 3654 3531 ingenitas;
3697 3466 3846 3533 quod
3890 3472 3946 3517 it

2389 3551 2585 3619 ipsum,
2610 3556 2870 3617 quantum
2901 3549 3189 3613 valuimus,
3212 3549 3325 3618 jam
3365 3549 3705 3605 confutatum
3738 3561 3844 3606 est.

2452 3639 2643 3700 XXUI.
2675 3636 2887 3693 Judices
2916 3640 3161 3694 dixerunt
3186 3657 3205 3695 :
3233 3640 3289 3694 Si
3318 3641 3729 3697 consideremus
3760 3632 3936 3697 lucem

2386 3732 2554 3787 fuisse
2580 3738 2705 3785 ante
2724 3729 3085 3786 conditionem
3108 3741 3501 3793 creaturarum,
3523 3740 3577 3784 et
3608 3724 3745 3787 nihil
3772 3732 3940 3785 fuisse

2383 3825 2653 3893 obiectum
2685 3823 2828 3892 quod
2866 3839 2943 3877 ex.
2976 3838 3035 3877 se
3078 3822 3324 3875 umbram
3367 3830 3667 3890 generaret,
3719 3838 3943 3877 necesse

2382 3924 2467 3969 est
2510 3916 2681 3970 lucem
2726 3914 2925 3982 ubique
2958 3913 3126 3967 fuisse
3167 3910 3443 3974 diffusam,
3487 3919 3541 3965 et
3583 3913 3771 3966 omnia
3820 3914 3943 3967 loca

2384 4004 2591 4075 fulgore
2625 4006 2763 4061 lucis
2798 4004 3121 4066 illuminata,
3154 4002 3296 4055 sictit
3324 4010 3602 4055 ostensum
3632 4012 3714 4056 est
3755 4018 3825 4056 ex
3856 4004 3945 4058 bis

2382 4112 2502 4165 qua:
2541 4112 2571 4150 a
2604 4106 2655 4152 te
2692 4110 2863 4163 nuper
2900 4095 3041 4149 dicta
3077 4100 3236 4156 sunt;
3279 4090 3333 4144 in
3362 4089 3560 4159 quibus
3600 4106 3777 4145 veram
3813 4108 3945 4148 esse

2383 4186 2643 4239 rationem
2688 4186 2952 4249 videntes,
3002 4182 3196 4237 damus
3236 4181 3467 4250 palmam
3521 4181 3941 4253 allegationibus

2381 4274 2650 4330 Archelai.
2711 4274 2767 4329 Si
2811 4276 2958 4328 enim
3000 4272 3321 4341 divisionem
3369 4272 3603 4341 accipiat
3646 4274 3936 4327 universus

2384 4366 2636 4431 mundus,
2674 4365 2839 4418 veluti
2872 4376 3030 4417 muro
3062 4361 3295 4429 quodam
3322 4376 3416 4430 per
3442 4364 3691 4416 medium
3736 4364 3931 4418 instru-

2382 4465 2491 4515 (διο,
2519 4463 2571 4507 et
2599 4470 2661 4507 ex
2701 4470 2804 4506 una
2837 4460 2986 4522 parte
3018 4450 3259 4503 habitent
3291 4452 3542 4517 tenebrat,
3574 4468 3640 4506 ex
3671 4453 3782 4506 alia
3809 4466 3932 4507 vero

2386 4544 2510 4607 lux;
2553 4543 2869 4613 intelligitur
2908 4538 3276 4605 nihilominus,
3301 4542 3429 4610 quia
3472 4557 3535 4595 ex
3565 4557 3633 4597 eo
3667 4544 3821 4611 quod
3860 4542 3941 4595 in-

2386 4644 2647 4688 struetum
2677 4643 2759 4687 est
2780 4630 3089 4694 aedificium,
3119 4631 3308 4685 umbra
3335 4642 3610 4701 generata,
3640 4634 3941 4689 acciderint

2384 4726 2745 4780 tenebranet
2795 4739 3016 4778 rursum
3067 4722 3596 4797 nobisqiarrendum
3647 4735 3766 4790 est,
3815 4728 3941 4795 quis

2380 4816 2726 4871 aedificaverit
2771 4830 2988 4868 murum
3034 4814 3086 4867 in
3136 4814 3314 4869 medio
3358 4816 3612 4878 duorum,
3660 4816 3709 4869 si
3760 4826 3940 4869 tamen

2381 4907 2702 4966 arditlcatum
2758 4905 2963 4967 fateris,
2993 4920 3026 4958 o
3055 4903 3365 4961 Manicbzee.
3412 4905 3467 4960 Si
3498 4921 3629 4960 vero
3673 4905 3766 4959 illa
3805 4907 3940 4959 ratio

2380 4996 2773 5060 consideretur,
2804 4994 2962 5063 quasi
2995 5009 3185 5067 murus
3220 5011 3324 5049 non
3355 4995 3421 5051 sit
3440 4995 3781 5089 instructus;
3814 5010 3941 5055 rur-

2376 5272 2554 5333 bcbat,
2586 5286 2603 5319 ι
2637 5276 2797 5322 exuet
2826 5267 3001 5333 ipsius
3018 5269 3225 5321 umbra.
3258 5286 3295 5319 »μ

2445 5342 2520 5409 (7)
2560 5339 2621 5409 In
2639 5336 2823 5389 codice
2851 5334 3134 5392 Casinensi
3163 5337 3377 5408 legitur,
3415 5354 3435 5388 ι
3466 5351 3535 5391 ex
3555 5352 3618 5391 ea
3648 5352 3797 5406 quo,
3832 5358 3853 5391 ι
3886 5349 3939 5394 et

2373 5406 2518 5473 mox,
2558 5406 2830 5475 (fulgure.
2863 5424 2930 5475 »Α
3223 5406 3236 5408 ⁷
3274 5465 3278 5471 ι

2444 5471 2518 5549 (8)
2557 5471 2733 5551 Locus
2762 5471 3040 5553 manifeste
3066 5486 3374 5547 corruptus,
3397 5476 3557 5548 cujus
3580 5476 3718 5531 mihi
3742 5493 3940 5533 emen-

2372 5548 2514 5601 datio
2552 5548 2657 5599 non
2693 5548 2948 5598 occurrit.

2441 5616 2514 5683 (9)
2554 5617 2607 5668 In
2632 5612 2912 5686 Casginensi
2949 5620 3085 5686 erat,
3133 5630 3152 5663 ι
3184 5616 3330 5669 omni
3371 5616 3506 5681 nisi;
3547 5636 3566 5667 ι
3611 5618 3704 5672 sed
3746 5616 3939 5686 lege"-

2370 5682 2513 5744 dum,
2552 5704 2569 5734 ι
2601 5684 2746 5737 omni
2778 5683 2915 5744 nisu,
2950 5699 2968 5730 ι
3002 5682 3103 5735 hoc
3122 5694 3224 5746 est,
3251 5686 3396 5738 omni
3422 5696 3654 5750 conatu;
3684 5682 3936 5739 foruiula

2369 5754 2599 5825 dicendi
2632 5755 2756 5806 huic
2808 5752 3084 5825 interpreti
3134 5755 3351 5807 usitata.
3396 5753 3529 5811 Vide
3576 5770 3699 5825 cap.
3733 5754 3830 5821 ω,
3880 5762 3935 5808 et

2366 5822 2659 5888 prtescrtim
2688 5837 2807 5890 cap.
2840 5819 2924 5876 Π,
3242 5830 3243 5833 ‘
