  <div class='ocr_page' id='page_1' title='image "/cluster/home/n/w/nwhite01/storage/ocr_20150623/10/pst.000005711901/756.png"; bbox 0 0 4118 6350; ppageno 0'>
   <div class='ocr_carea' id='block_1_1' title="bbox 230 397 446 501">
    <p class='ocr_par' dir='ltr' id='par_1_1' title="bbox 230 397 446 501">
     <span class='ocr_line' id='line_1_1' title="bbox 230 397 446 501; baseline 0.009 -2"><span class='ocrx_word' id='word_1_1' title='bbox 230 397 239 405; x_wconf 34' lang='grc'><strong>⁸</strong></span> <span class='ocrx_word' id='word_1_2' title='bbox 301 443 446 501; x_wconf 67' lang='grc'><strong>1403</strong></span> 
     </span>
    </p>
   </div>
   <div class='ocr_carea' id='block_1_2' title="bbox 1411 447 2433 525">
    <p class='ocr_par' dir='ltr' id='par_1_2' title="bbox 1411 447 2433 525">
     <span class='ocr_line' id='line_1_2' title="bbox 1411 447 2433 525; baseline -0.003 -19"><span class='ocrx_word' id='word_1_3' title='bbox 1411 451 1555 508; x_wconf 77' lang='lat' dir='ltr'><strong>CUM</strong></span> <span class='ocrx_word' id='word_1_4' title='bbox 1592 449 1866 525; x_wconf 57' lang='grc' dir='ltr'><strong>ΜᾸΝΕΤΕ</strong></span> <span class='ocrx_word' id='word_1_5' title='bbox 1902 447 2433 503; x_wconf 69' lang='grc' dir='ltr'><strong>ΗΔΞΒΕΞΙΛΒΩΗΑ.</strong></span> 
     </span>
    </p>
   </div>
   <div class='ocr_carea' id='block_1_3' title="bbox 3362 441 3499 503">
    <p class='ocr_par' dir='ltr' id='par_1_3' title="bbox 3362 441 3499 503">
     <span class='ocr_line' id='line_1_3' title="bbox 3362 441 3499 503; baseline 0.015 -2"><span class='ocrx_word' id='word_1_6' title='bbox 3362 441 3499 503; x_wconf 67' lang='grc'><strong>146⁸</strong></span> 
     </span>
    </p>
   </div>
   <div class='ocr_carea' id='block_1_4' title="bbox 300 540 3531 637">
    <p class='ocr_par' dir='ltr' id='par_1_4' title="bbox 300 540 3531 637">
     <span class='ocr_line' id='line_1_4' title="bbox 300 540 3531 637; baseline 0.002 -24"><span class='ocrx_word' id='word_1_7' title='bbox 300 574 401 614; x_wconf 88' lang='lat' dir='ltr'><strong>sus</strong></span> <span class='ocrx_word' id='word_1_8' title='bbox 432 561 548 615; x_wconf 86' lang='lat' dir='ltr'><strong>sine</strong></span> <span class='ocrx_word' id='word_1_9' title='bbox 569 540 747 634; x_wconf 80' lang='lat' dir='ltr'><strong>aliqua</strong></span> <span class='ocrx_word' id='word_1_10' title='bbox 786 569 1100 636; x_wconf 88' lang='lat' dir='ltr'><strong>exceptione</strong></span> <span class='ocrx_word' id='word_1_11' title='bbox 1129 585 1268 625; x_wconf 90' lang='lat' dir='ltr'><strong>unus</strong></span> <span class='ocrx_word' id='word_1_12' title='bbox 1298 585 1419 625; x_wconf 83' lang='lat' dir='ltr'><strong>esse</strong></span> <span class='ocrx_word' id='word_1_13' title='bbox 1452 570 1739 625; x_wconf 86' lang='lat' dir='ltr'><strong>universus</strong></span> <span class='ocrx_word' id='word_1_14' title='bbox 1765 569 1851 622; x_wconf 89' lang='lat' dir='ltr'><strong>in-</strong></span> <span class='ocrx_word' id='word_1_15' title='bbox 1882 575 1925 629; x_wconf 80' lang='grc' dir='ltr'><strong>Α</strong></span> <span class='ocrx_word' id='word_1_16' title='bbox 1954 566 2080 620; x_wconf 90' lang='lat' dir='ltr'><strong>tiam</strong></span> <span class='ocrx_word' id='word_1_17' title='bbox 2113 546 2310 622; x_wconf 77' lang='lat' dir='ltr'><strong>habent</strong></span> <span class='ocrx_word' id='word_1_18' title='bbox 2338 568 2556 637; x_wconf 87' lang='lat' dir='ltr'><strong>pariter,</strong></span> <span class='ocrx_word' id='word_1_19' title='bbox 2581 576 2742 637; x_wconf 78' lang='lat' dir='ltr'><strong>atque</strong></span> <span class='ocrx_word' id='word_1_20' title='bbox 2762 566 3181 622; x_wconf 74' lang='lat' dir='ltr'><strong>imbecillitatem</strong></span> <span class='ocrx_word' id='word_1_21' title='bbox 3209 566 3291 620; x_wconf 91' lang='lat' dir='ltr'><strong>sui</strong></span> <span class='ocrx_word' id='word_1_22' title='bbox 3315 575 3499 620; x_wconf 79' lang='lat' dir='ltr'><strong>osten-</strong></span> <span class='ocrx_word' id='word_1_23' title='bbox 3526 626 3531 632; x_wconf 52' lang='grc'>,</span> 
     </span>
    </p>
   </div>
   <div class='ocr_carea' id='block_1_5' title="bbox 295 650 1854 728">
    <p class='ocr_par' dir='ltr' id='par_1_5' title="bbox 295 650 1854 728">
     <span class='ocr_line' id='line_1_5' title="bbox 295 650 1854 728; baseline 0.006 -26"><span class='ocrx_word' id='word_1_24' title='bbox 295 650 562 720; x_wconf 83' lang='lat' dir='ltr'><strong>telligitur</strong></span> <span class='ocrx_word' id='word_1_25' title='bbox 590 653 760 719; x_wconf 92' lang='lat' dir='ltr'><strong>locus,</strong></span> <span class='ocrx_word' id='word_1_26' title='bbox 790 669 854 709; x_wconf 87' lang='lat' dir='ltr'><strong>ac</strong></span> <span class='ocrx_word' id='word_1_27' title='bbox 889 656 989 709; x_wconf 88' lang='lat' dir='ltr'><strong>sub</strong></span> <span class='ocrx_word' id='word_1_28' title='bbox 1016 672 1119 710; x_wconf 87' lang='lat' dir='ltr'><strong>una</strong></span> <span class='ocrx_word' id='word_1_29' title='bbox 1154 667 1412 725; x_wconf 88' lang='lat' dir='ltr'><strong>potestate</strong></span> <span class='ocrx_word' id='word_1_30' title='bbox 1442 658 1854 728; x_wconf 86' lang='lat' dir='ltr'><strong>positus;-unde</strong></span> 
     </span>
    </p>
   </div>
   <div class='ocr_carea' id='block_1_6' title="bbox 297 742 1854 816">
    <p class='ocr_par' dir='ltr' id='par_1_6' title="bbox 297 742 1854 816">
     <span class='ocr_line' id='line_1_6' title="bbox 297 742 1854 816; baseline 0.006 -24"><span class='ocrx_word' id='word_1_31' title='bbox 297 753 372 795; x_wconf 86' lang='lat' dir='ltr'><strong>ex</strong></span> <span class='ocrx_word' id='word_1_32' title='bbox 410 742 557 795; x_wconf 90' lang='lat' dir='ltr'><strong>omni</strong></span> <span class='ocrx_word' id='word_1_33' title='bbox 587 754 737 811; x_wconf 90' lang='lat' dir='ltr'><strong>parte</strong></span> <span class='ocrx_word' id='word_1_34' title='bbox 778 748 1011 800; x_wconf 62' lang='lat' dir='ltr'><strong>tenebrae</strong></span> <span class='ocrx_word' id='word_1_35' title='bbox 1054 748 1347 816; x_wconf 78' lang='lat' dir='ltr'><strong>ingenitam</strong></span> <span class='ocrx_word' id='word_1_36' title='bbox 1375 759 1618 804; x_wconf 89' lang='lat' dir='ltr'><strong>naturam</strong></span> <span class='ocrx_word' id='word_1_37' title='bbox 1656 751 1854 803; x_wconf 89' lang='lat' dir='ltr'><strong>habere</strong></span> 
     </span>
    </p>
   </div>
   <div class='ocr_carea' id='block_1_7' title="bbox 297 836 1853 905">
    <p class='ocr_par' dir='ltr' id='par_1_7' title="bbox 297 836 1853 905">
     <span class='ocr_line' id='line_1_7' title="bbox 297 836 1853 905; baseline 0.007 -22"><span class='ocrx_word' id='word_1_38' title='bbox 297 846 411 885; x_wconf 88' lang='lat' dir='ltr'><strong>non</strong></span> <span class='ocrx_word' id='word_1_39' title='bbox 439 843 681 900; x_wconf 90' lang='lat' dir='ltr'><strong>possunt.</strong></span> <span class='ocrx_word' id='word_1_40' title='bbox 715 836 1001 891; x_wconf 73' lang='lat' dir='ltr'><strong>Archelaus</strong></span> <span class='ocrx_word' id='word_1_41' title='bbox 1028 839 1164 893; x_wconf 73' lang='lat' dir='ltr'><strong>dixit</strong></span> <span class='ocrx_word' id='word_1_42' title='bbox 1188 854 1212 896; x_wconf 16' lang='lat' dir='ltr'><strong>:A</strong></span> <span class='ocrx_word' id='word_1_43' title='bbox 1232 839 1383 895; x_wconf 86' lang='lat' dir='ltr'><strong>Dicat</strong></span> <span class='ocrx_word' id='word_1_44' title='bbox 1404 842 1533 905; x_wconf 78' lang='lat' dir='ltr'><strong>mihi</strong></span> <span class='ocrx_word' id='word_1_45' title='bbox 1564 842 1723 895; x_wconf 85' lang='lat' dir='ltr'><strong>etiam</strong></span> <span class='ocrx_word' id='word_1_46' title='bbox 1752 841 1853 894; x_wconf 87' lang='lat' dir='ltr'><strong>hoc</strong></span> 
     </span>
    </p>
   </div>
   <div class='ocr_carea' id='block_1_8' title="bbox 296 925 1867 1009">
    <p class='ocr_par' dir='ltr' id='par_1_8' title="bbox 296 925 1867 1009">
     <span class='ocr_line' id='line_1_8' title="bbox 296 925 1867 1009; baseline 0.008 -35"><span class='ocrx_word' id='word_1_47' title='bbox 296 925 370 976; x_wconf 86' lang='lat' dir='ltr'><strong>ad</strong></span> <span class='ocrx_word' id='word_1_48' title='bbox 395 938 457 976; x_wconf 90' lang='lat' dir='ltr'><strong>ea</strong></span> <span class='ocrx_word' id='word_1_49' title='bbox 482 940 599 991; x_wconf 70' lang='lat' dir='ltr'><strong>qua:</strong></span> <span class='ocrx_word' id='word_1_50' title='bbox 622 928 892 995; x_wconf 86' lang='lat' dir='ltr'><strong>proposita</strong></span> <span class='ocrx_word' id='word_1_51' title='bbox 924 938 1072 984; x_wconf 90' lang='lat' dir='ltr'><strong>sunt.</strong></span> <span class='ocrx_word' id='word_1_52' title='bbox 1103 930 1211 984; x_wconf 92' lang='lat' dir='ltr'><strong>Deo</strong></span> <span class='ocrx_word' id='word_1_53' title='bbox 1245 933 1297 985; x_wconf 93' lang='lat' dir='ltr'><strong>in</strong></span> <span class='ocrx_word' id='word_1_54' title='bbox 1335 947 1500 1009; x_wconf 83' lang='lat' dir='ltr'><strong>regno</strong></span> <span class='ocrx_word' id='word_1_55' title='bbox 1531 947 1631 986; x_wconf 90' lang='lat' dir='ltr'><strong>suo</strong></span> <span class='ocrx_word' id='word_1_56' title='bbox 1656 932 1867 1000; x_wconf 76' lang='lat' dir='ltr'><strong>posito,</strong></span> 
     </span>
    </p>
   </div>
   <div class='ocr_carea' id='block_1_9' title="bbox 295 1014 1849 1090">
    <p class='ocr_par' dir='ltr' id='par_1_9' title="bbox 295 1014 1849 1090">
     <span class='ocr_line' id='line_1_9' title="bbox 295 1014 1849 1090; baseline 0.006 -26"><span class='ocrx_word' id='word_1_57' title='bbox 295 1021 359 1064; x_wconf 88' lang='lat' dir='ltr'><strong>et</strong></span> <span class='ocrx_word' id='word_1_58' title='bbox 389 1014 621 1082; x_wconf 85' lang='lat' dir='ltr'><strong>maligno</strong></span> <span class='ocrx_word' id='word_1_59' title='bbox 663 1017 911 1071; x_wconf 84' lang='lat' dir='ltr'><strong>similiter</strong></span> <span class='ocrx_word' id='word_1_60' title='bbox 960 1020 1012 1072; x_wconf 81' lang='lat' dir='ltr'><strong>in</strong></span> <span class='ocrx_word' id='word_1_61' title='bbox 1057 1035 1157 1073; x_wconf 89' lang='lat' dir='ltr'><strong>suo</strong></span> <span class='ocrx_word' id='word_1_62' title='bbox 1192 1037 1377 1090; x_wconf 81' lang='lat' dir='ltr'><strong>regno,</strong></span> <span class='ocrx_word' id='word_1_63' title='bbox 1403 1023 1526 1090; x_wconf 89' lang='lat' dir='ltr'><strong>quis</strong></span> <span class='ocrx_word' id='word_1_64' title='bbox 1568 1024 1705 1075; x_wconf 89' lang='lat' dir='ltr'><strong>inter</strong></span> <span class='ocrx_word' id='word_1_65' title='bbox 1735 1037 1849 1074; x_wconf 88' lang='lat' dir='ltr'><strong>me-</strong></span> 
     </span>
    </p>
   </div>
   <div class='ocr_carea' id='block_1_10' title="bbox 295 1104 1851 1180">
    <p class='ocr_par' dir='ltr' id='par_1_10' title="bbox 295 1104 1851 1180">
     <span class='ocr_line' id='line_1_10' title="bbox 295 1104 1851 1180; baseline 0.005 -23"><span class='ocrx_word' id='word_1_66' title='bbox 295 1104 447 1157; x_wconf 86' lang='lat' dir='ltr'><strong>dium</strong></span> <span class='ocrx_word' id='word_1_67' title='bbox 480 1106 717 1173; x_wconf 86' lang='lat' dir='ltr'><strong>ipsorum</strong></span> <span class='ocrx_word' id='word_1_68' title='bbox 752 1113 1117 1165; x_wconf 73' lang='lat' dir='ltr'><strong>construxerit</strong></span> <span class='ocrx_word' id='word_1_69' title='bbox 1163 1115 1410 1167; x_wconf 88' lang='lat' dir='ltr'><strong>murum?</strong></span> <span class='ocrx_word' id='word_1_70' title='bbox 1440 1114 1553 1167; x_wconf 66' lang='lat' dir='ltr'><strong>Non</strong></span> <span class='ocrx_word' id='word_1_71' title='bbox 1587 1114 1727 1166; x_wconf 88' lang='lat' dir='ltr'><strong>enim</strong></span> <span class='ocrx_word' id='word_1_72' title='bbox 1756 1127 1851 1180; x_wconf 84' lang='lat' dir='ltr'><strong>po-</strong></span> 
     </span>
    </p>
   </div>
   <div class='ocr_carea' id='block_1_11' title="bbox 192 1197 1850 1275">
    <p class='ocr_par' dir='ltr' id='par_1_11' title="bbox 192 1197 1850 1275">
     <span class='ocr_line' id='line_1_11' title="bbox 192 1197 1850 1275; baseline 0.005 -28"><span class='ocrx_word' id='word_1_73' title='bbox 192 1233 197 1236; x_wconf 61' lang='grc' dir='ltr'><em>ρ</em></span> <span class='ocrx_word' id='word_1_74' title='bbox 294 1203 405 1249; x_wconf 84' lang='lat' dir='ltr'><strong>test</strong></span> <span class='ocrx_word' id='word_1_75' title='bbox 436 1197 673 1252; x_wconf 77' lang='lat' dir='ltr'><strong>dividere</strong></span> <span class='ocrx_word' id='word_1_76' title='bbox 716 1203 846 1268; x_wconf 90' lang='lat' dir='ltr'><strong>quid</strong></span> <span class='ocrx_word' id='word_1_77' title='bbox 878 1204 1013 1257; x_wconf 91' lang='lat' dir='ltr'><strong>duas</strong></span> <span class='ocrx_word' id='word_1_78' title='bbox 1065 1205 1417 1268; x_wconf 79' lang='lat' dir='ltr'><strong>substantias,</strong></span> <span class='ocrx_word' id='word_1_79' title='bbox 1457 1205 1559 1257; x_wconf 89' lang='lat' dir='ltr'><strong>nisi</strong></span> <span class='ocrx_word' id='word_1_80' title='bbox 1596 1204 1752 1275; x_wconf 82' lang='lat' dir='ltr'><strong>quod</strong></span> <span class='ocrx_word' id='word_1_81' title='bbox 1780 1203 1850 1256; x_wconf 89' lang='lat' dir='ltr'><strong>sit</strong></span> 
     </span>
    </p>
   </div>
   <div class='ocr_carea' id='block_1_12' title="bbox 294 1287 1843 1361">
    <p class='ocr_par' dir='ltr' id='par_1_12' title="bbox 294 1287 1843 1361">
     <span class='ocr_line' id='line_1_12' title="bbox 294 1287 1843 1361; baseline 0.004 -22"><span class='ocrx_word' id='word_1_82' title='bbox 294 1287 581 1357; x_wconf 82' lang='lat' dir='ltr'><strong>utriusque</strong></span> <span class='ocrx_word' id='word_1_83' title='bbox 621 1292 797 1360; x_wconf 87' lang='lat' dir='ltr'><strong>majus</strong></span> <span class='ocrx_word' id='word_1_84' title='bbox 824 1295 960 1361; x_wconf 73' lang='lat'><strong>(10),</strong></span> <span class='ocrx_word' id='word_1_85' title='bbox 992 1295 1131 1348; x_wconf 90' lang='lat' dir='ltr'><strong>sicut</strong></span> <span class='ocrx_word' id='word_1_86' title='bbox 1166 1296 1297 1348; x_wconf 84' lang='lat' dir='ltr'><strong>dicit</strong></span> <span class='ocrx_word' id='word_1_87' title='bbox 1340 1294 1391 1347; x_wconf 91' lang='lat' dir='ltr'><strong>in</strong></span> <span class='ocrx_word' id='word_1_88' title='bbox 1436 1293 1659 1347; x_wconf 79' lang='lat' dir='ltr'><strong>Genesis</strong></span> <span class='ocrx_word' id='word_1_89' title='bbox 1686 1293 1843 1355; x_wconf 85' lang='lat' dir='ltr'><strong>libro,</strong></span> 
     </span>
    </p>
   </div>
   <div class='ocr_carea' id='block_1_13' title="bbox 292 1379 1848 1446">
    <p class='ocr_par' dir='ltr' id='par_1_13' title="bbox 292 1379 1848 1446">
     <span class='ocr_line' id='line_1_13' title="bbox 292 1379 1848 1446; baseline 0.003 -15"><span class='ocrx_word' id='word_1_90' title='bbox 292 1379 425 1446; x_wconf 83' lang='lat' dir='ltr'><strong>quia</strong></span> <span class='ocrx_word' id='word_1_91' title='bbox 460 1396 478 1429; x_wconf 76' lang='grc' dir='ltr'>ι</span> <span class='ocrx_word' id='word_1_92' title='bbox 510 1380 691 1435; x_wconf 79' lang='lat' dir='ltr'><strong>divisit</strong></span> <span class='ocrx_word' id='word_1_93' title='bbox 718 1382 853 1438; x_wconf 89' lang='lat' dir='ltr'><strong>Deus</strong></span> <span class='ocrx_word' id='word_1_94' title='bbox 883 1384 1023 1439; x_wconf 91' lang='lat' dir='ltr'><strong>inter</strong></span> <span class='ocrx_word' id='word_1_95' title='bbox 1046 1379 1217 1439; x_wconf 85' lang='lat' dir='ltr'><strong>lucem</strong></span> <span class='ocrx_word' id='word_1_96' title='bbox 1246 1395 1299 1439; x_wconf 91' lang='lat' dir='ltr'><strong>et</strong></span> <span class='ocrx_word' id='word_1_97' title='bbox 1322 1386 1569 1439; x_wconf 87' lang='lat' dir='ltr'><strong>tenebras</strong></span> <span class='ocrx_word' id='word_1_98' title='bbox 1599 1384 1661 1434; x_wconf 77' lang='lat'><strong>“.</strong></span> <span class='ocrx_word' id='word_1_99' title='bbox 1696 1403 1712 1433; x_wconf 76' lang='grc' dir='ltr'>ι</span> <span class='ocrx_word' id='word_1_100' title='bbox 1744 1381 1848 1435; x_wconf 86' lang='lat' dir='ltr'><strong>Ta-</strong></span> 
     </span>
    </p>
   </div>
   <div class='ocr_carea' id='block_1_14' title="bbox 292 1468 1847 1541">
    <p class='ocr_par' dir='ltr' id='par_1_14' title="bbox 292 1468 1847 1541">
     <span class='ocr_line' id='line_1_14' title="bbox 292 1468 1847 1541; baseline 0.003 -21"><span class='ocrx_word' id='word_1_101' title='bbox 292 1468 401 1522; x_wconf 86' lang='lat' dir='ltr'><strong>lem</strong></span> <span class='ocrx_word' id='word_1_102' title='bbox 438 1484 558 1523; x_wconf 89' lang='lat' dir='ltr'><strong>esse</strong></span> <span class='ocrx_word' id='word_1_103' title='bbox 588 1472 817 1541; x_wconf 83' lang='lat' dir='ltr'><strong>aliquem</strong></span> <span class='ocrx_word' id='word_1_104' title='bbox 854 1491 1072 1531; x_wconf 88' lang='lat' dir='ltr'><strong>necesse</strong></span> <span class='ocrx_word' id='word_1_105' title='bbox 1101 1488 1180 1531; x_wconf 89' lang='lat' dir='ltr'><strong>est</strong></span> <span class='ocrx_word' id='word_1_106' title='bbox 1207 1486 1260 1531; x_wconf 91' lang='lat' dir='ltr'><strong>et</strong></span> <span class='ocrx_word' id='word_1_107' title='bbox 1287 1476 1425 1529; x_wconf 91' lang='lat' dir='ltr'><strong>muri</strong></span> <span class='ocrx_word' id='word_1_108' title='bbox 1461 1476 1616 1528; x_wconf 83' lang='lat' dir='ltr'><strong>istius</strong></span> <span class='ocrx_word' id='word_1_109' title='bbox 1648 1475 1847 1530; x_wconf 84' lang='lat' dir='ltr'><strong>instru-</strong></span> 
     </span>
    </p>
   </div>
   <div class='ocr_carea' id='block_1_15' title="bbox 292 1566 1848 1635">
    <p class='ocr_par' dir='ltr' id='par_1_15' title="bbox 292 1566 1848 1635">
     <span class='ocr_line' id='line_1_15' title="bbox 292 1566 1848 1635; baseline 0.005 -23"><span class='ocrx_word' id='word_1_110' title='bbox 292 1568 498 1613; x_wconf 86' lang='lat' dir='ltr'><strong>ctorem</strong></span> <span class='ocrx_word' id='word_1_111' title='bbox 526 1578 539 1613; x_wconf 88' lang='lat'><strong>:</strong></span> <span class='ocrx_word' id='word_1_112' title='bbox 572 1577 766 1617; x_wconf 88' lang='lat' dir='ltr'><strong>murus</strong></span> <span class='ocrx_word' id='word_1_113' title='bbox 799 1566 942 1618; x_wconf 89' lang='lat' dir='ltr'><strong>enim</strong></span> <span class='ocrx_word' id='word_1_114' title='bbox 987 1569 1248 1621; x_wconf 88' lang='lat' dir='ltr'><strong>terminos</strong></span> <span class='ocrx_word' id='word_1_115' title='bbox 1289 1567 1718 1635; x_wconf 86' lang='lat' dir='ltr'><strong>uniuscujusque</strong></span> <span class='ocrx_word' id='word_1_116' title='bbox 1761 1566 1848 1619; x_wconf 91' lang='lat' dir='ltr'><strong>de-</strong></span> 
     </span>
    </p>
   </div>
   <div class='ocr_carea' id='block_1_16' title="bbox 290 1653 1844 1727">
    <p class='ocr_par' dir='ltr' id='par_1_16' title="bbox 290 1653 1844 1727">
     <span class='ocr_line' id='line_1_16' title="bbox 290 1653 1844 1727; baseline 0.005 -24"><span class='ocrx_word' id='word_1_117' title='bbox 290 1660 581 1719; x_wconf 82' lang='lat' dir='ltr'><strong>monstrat,</strong></span> <span class='ocrx_word' id='word_1_118' title='bbox 627 1653 765 1707; x_wconf 86' lang='lat' dir='ltr'><strong>sicut</strong></span> <span class='ocrx_word' id='word_1_119' title='bbox 802 1654 942 1709; x_wconf 91' lang='lat' dir='ltr'><strong>inter</strong></span> <span class='ocrx_word' id='word_1_120' title='bbox 981 1672 1075 1710; x_wconf 90' lang='lat' dir='ltr'><strong>eos</strong></span> <span class='ocrx_word' id='word_1_121' title='bbox 1116 1658 1208 1727; x_wconf 91' lang='lat' dir='ltr'><strong>qui</strong></span> <span class='ocrx_word' id='word_1_122' title='bbox 1255 1674 1381 1712; x_wconf 87' lang='lat' dir='ltr'><strong>rura</strong></span> <span class='ocrx_word' id='word_1_123' title='bbox 1411 1658 1670 1720; x_wconf 87' lang='lat' dir='ltr'><strong>incolunt,</strong></span> <span class='ocrx_word' id='word_1_124' title='bbox 1709 1657 1844 1726; x_wconf 82' lang='lat' dir='ltr'><strong>lapis</strong></span> 
     </span>
    </p>
   </div>
   <div class='ocr_carea' id='block_1_17' title="bbox 289 1732 1844 1818">
    <p class='ocr_par' dir='ltr' id='par_1_17' title="bbox 289 1732 1844 1818">
     <span class='ocr_line' id='line_1_17' title="bbox 289 1732 1844 1818; baseline 0.005 -25"><span class='ocrx_word' id='word_1_125' title='bbox 289 1732 432 1795; x_wconf 68' lang='lat' dir='ltr'><strong>Solet</strong></span> <span class='ocrx_word' id='word_1_126' title='bbox 467 1743 766 1813; x_wconf 89' lang='lat' dir='ltr'><strong>portionem</strong></span> <span class='ocrx_word' id='word_1_127' title='bbox 819 1747 1249 1818; x_wconf 84' lang='lat' dir='ltr'><strong>uniuscujusque</strong></span> <span class='ocrx_word' id='word_1_128' title='bbox 1290 1748 1557 1815; x_wconf 86' lang='lat' dir='ltr'><strong>dividere;</strong></span> <span class='ocrx_word' id='word_1_129' title='bbox 1602 1763 1722 1818; x_wconf 71' lang='lat' dir='ltr'><strong>quae</strong></span> <span class='ocrx_word' id='word_1_130' title='bbox 1762 1756 1844 1801; x_wconf 88' lang='lat' dir='ltr'><strong>ta-</strong></span> 
     </span>
    </p>
   </div>
   <div class='ocr_carea' id='block_1_18' title="bbox 274 1828 1840 1912">
    <p class='ocr_par' dir='ltr' id='par_1_18' title="bbox 274 1828 1840 1912">
     <span class='ocr_line' id='line_1_18' title="bbox 274 1828 1840 1912; baseline 0.006 -26"><span class='ocrx_word' id='word_1_131' title='bbox 274 1828 418 1887; x_wconf 59' lang='lat' dir='ltr'><strong>’men</strong></span> <span class='ocrx_word' id='word_1_132' title='bbox 465 1850 553 1889; x_wconf 89' lang='lat' dir='ltr'><strong>res</strong></span> <span class='ocrx_word' id='word_1_133' title='bbox 591 1838 763 1907; x_wconf 90' lang='lat' dir='ltr'><strong>magis</strong></span> <span class='ocrx_word' id='word_1_134' title='bbox 794 1838 1121 1897; x_wconf 84' lang='lat' dir='ltr'><strong>intellectum</strong></span> <span class='ocrx_word' id='word_1_135' title='bbox 1163 1841 1292 1909; x_wconf 91' lang='lat' dir='ltr'><strong>dat,</strong></span> <span class='ocrx_word' id='word_1_136' title='bbox 1328 1843 1544 1912; x_wconf 87' lang='lat' dir='ltr'><strong>quando</strong></span> <span class='ocrx_word' id='word_1_137' title='bbox 1589 1830 1840 1911; x_wconf 80' lang='lat' dir='ltr'><strong>hujusce-</strong></span> 
     </span>
    </p>
   </div>
   <div class='ocr_carea' id='block_1_19' title="bbox 1953 657 3491 729">
    <p class='ocr_par' dir='ltr' id='par_1_19' title="bbox 1953 657 3491 729">
     <span class='ocr_line' id='line_1_19' title="bbox 1953 657 3491 729; baseline 0.001 -20"><span class='ocrx_word' id='word_1_138' title='bbox 1953 659 2106 713; x_wconf 86' lang='lat' dir='ltr'><strong>dunt.</strong></span> <span class='ocrx_word' id='word_1_139' title='bbox 2137 657 2239 711; x_wconf 88' lang='lat' dir='ltr'><strong>Sed</strong></span> <span class='ocrx_word' id='word_1_140' title='bbox 2282 675 2348 713; x_wconf 90' lang='lat' dir='ltr'><strong>ne</strong></span> <span class='ocrx_word' id='word_1_141' title='bbox 2378 660 2506 713; x_wconf 88' lang='lat' dir='ltr'><strong>illud</strong></span> <span class='ocrx_word' id='word_1_142' title='bbox 2537 660 2751 729; x_wconf 85' lang='lat' dir='ltr'><strong>quidem</strong></span> <span class='ocrx_word' id='word_1_143' title='bbox 2781 673 2813 713; x_wconf 78' lang='grc' dir='ltr'>ι</span> <span class='ocrx_word' id='word_1_144' title='bbox 2845 659 2999 712; x_wconf 88' lang='lat' dir='ltr'><strong>nobis</strong></span> <span class='ocrx_word' id='word_1_145' title='bbox 3028 658 3357 712; x_wconf 90' lang='lat' dir='ltr'><strong>reticendum</strong></span> <span class='ocrx_word' id='word_1_146' title='bbox 3387 667 3491 719; x_wconf 84' lang='lat' dir='ltr'><strong>est,</strong></span> 
     </span>
    </p>
   </div>
   <div class='ocr_carea' id='block_1_20' title="bbox 1951 748 3493 820">
    <p class='ocr_par' dir='ltr' id='par_1_20' title="bbox 1951 748 3493 820">
     <span class='ocr_line' id='line_1_20' title="bbox 1951 748 3493 820; baseline 0.001 -19"><span class='ocrx_word' id='word_1_147' title='bbox 1951 749 2077 817; x_wconf 89' lang='lat' dir='ltr'><strong>quin</strong></span> <span class='ocrx_word' id='word_1_148' title='bbox 2111 750 2287 817; x_wconf 90' lang='lat' dir='ltr'><strong>potius</strong></span> <span class='ocrx_word' id='word_1_149' title='bbox 2318 752 2370 803; x_wconf 91' lang='lat' dir='ltr'><strong>in</strong></span> <span class='ocrx_word' id='word_1_150' title='bbox 2421 752 2655 806; x_wconf 88' lang='lat' dir='ltr'><strong>medium</strong></span> <span class='ocrx_word' id='word_1_151' title='bbox 2698 748 3101 820; x_wconf 90' lang='lat' dir='ltr'><strong>proferendum,</strong></span> <span class='ocrx_word' id='word_1_152' title='bbox 3144 759 3201 802; x_wconf 90' lang='lat' dir='ltr'><strong>ut</strong></span> <span class='ocrx_word' id='word_1_153' title='bbox 3236 756 3291 803; x_wconf 88' lang='lat' dir='ltr'><strong>et</strong></span> <span class='ocrx_word' id='word_1_154' title='bbox 3323 750 3493 804; x_wconf 87' lang='lat' dir='ltr'><strong>multa</strong></span> 
     </span>
    </p>
   </div>
   <div class='ocr_carea' id='block_1_21' title="bbox 1952 836 3496 908">
    <p class='ocr_par' dir='ltr' id='par_1_21' title="bbox 1952 836 3496 908">
     <span class='ocr_line' id='line_1_21' title="bbox 1952 836 3496 908; baseline -0.001 -17"><span class='ocrx_word' id='word_1_155' title='bbox 1952 839 2305 893; x_wconf 86' lang='lat' dir='ltr'><strong>assertionum</strong></span> <span class='ocrx_word' id='word_1_156' title='bbox 2351 840 2523 908; x_wconf 88' lang='lat' dir='ltr'><strong>copia,</strong></span> <span class='ocrx_word' id='word_1_157' title='bbox 2572 838 3031 894; x_wconf 83' lang='lat' dir='ltr'><strong>machinationum</strong></span> <span class='ocrx_word' id='word_1_158' title='bbox 3080 836 3373 890; x_wconf 81' lang='lat' dir='ltr'><strong>adversarii</strong></span> <span class='ocrx_word' id='word_1_159' title='bbox 3412 837 3496 890; x_wconf 87' lang='lat' dir='ltr'><strong>di-</strong></span> 
     </span>
    </p>
   </div>
   <div class='ocr_carea' id='block_1_22' title="bbox 1951 927 3494 1001">
    <p class='ocr_par' dir='ltr' id='par_1_22' title="bbox 1951 927 3494 1001">
     <span class='ocr_line' id='line_1_22' title="bbox 1951 927 3494 1001; baseline -0.001 -19"><span class='ocrx_word' id='word_1_160' title='bbox 1951 930 2176 984; x_wconf 86' lang='lat' dir='ltr'><strong>versitas</strong></span> <span class='ocrx_word' id='word_1_161' title='bbox 2222 932 2559 996; x_wconf 81' lang='lat' dir='ltr'><strong>destruatur,</strong></span> <span class='ocrx_word' id='word_1_162' title='bbox 2603 930 2863 985; x_wconf 80' lang='lat' dir='ltr'><strong>auxilium</strong></span> <span class='ocrx_word' id='word_1_163' title='bbox 2915 929 3068 983; x_wconf 90' lang='lat' dir='ltr'><strong>nobis</strong></span> <span class='ocrx_word' id='word_1_164' title='bbox 3108 928 3310 1001; x_wconf 86' lang='lat' dir='ltr'><strong>ferente</strong></span> <span class='ocrx_word' id='word_1_165' title='bbox 3350 927 3494 980; x_wconf 77' lang='lat' dir='ltr'><strong>veri-</strong></span> 
     </span>
    </p>
   </div>
   <div class='ocr_carea' id='block_1_23' title="bbox 1951 1020 3495 1088">
    <p class='ocr_par' dir='ltr' id='par_1_23' title="bbox 1951 1020 3495 1088">
     <span class='ocr_line' id='line_1_23' title="bbox 1951 1020 3495 1088; baseline 0.001 -16"><span class='ocrx_word' id='word_1_166' title='bbox 1951 1028 2078 1074; x_wconf 86' lang='lat' dir='ltr'><strong>tate.</strong></span> <span class='ocrx_word' id='word_1_167' title='bbox 2104 1021 2460 1076; x_wconf 82' lang='lat' dir='ltr'><strong>Coueedimus</strong></span> <span class='ocrx_word' id='word_1_168' title='bbox 2484 1032 2807 1076; x_wconf 83' lang='lat' dir='ltr'><strong>structuram</strong></span> <span class='ocrx_word' id='word_1_169' title='bbox 2836 1021 3024 1076; x_wconf 86' lang='lat' dir='ltr'><strong>factam</strong></span> <span class='ocrx_word' id='word_1_170' title='bbox 3050 1035 3167 1075; x_wconf 85' lang='lat' dir='ltr'><strong>esse</strong></span> <span class='ocrx_word' id='word_1_171' title='bbox 3191 1020 3351 1084; x_wconf 85' lang='lat' dir='ltr'><strong>muri,</strong></span> <span class='ocrx_word' id='word_1_172' title='bbox 3374 1034 3495 1088; x_wconf 71' lang='lat' dir='ltr'><strong>qua</strong></span> 
     </span>
    </p>
   </div>
   <div class='ocr_carea' id='block_1_24' title="bbox 1946 1109 3492 1182">
    <p class='ocr_par' dir='ltr' id='par_1_24' title="bbox 1946 1109 3492 1182">
     <span class='ocr_line' id='line_1_24' title="bbox 1946 1109 3492 1182; baseline 0.001 -19"><span class='ocrx_word' id='word_1_173' title='bbox 1946 1110 2015 1164; x_wconf 88' lang='lat' dir='ltr'><strong>ad</strong></span> <span class='ocrx_word' id='word_1_174' title='bbox 2044 1109 2420 1166; x_wconf 88' lang='lat' dir='ltr'><strong>discretionem</strong></span> <span class='ocrx_word' id='word_1_175' title='bbox 2445 1123 2585 1166; x_wconf 88' lang='lat' dir='ltr'><strong>esset</strong></span> <span class='ocrx_word' id='word_1_176' title='bbox 2616 1113 3039 1181; x_wconf 88' lang='lat' dir='ltr'><strong>uniuscujusque</strong></span> <span class='ocrx_word' id='word_1_177' title='bbox 3065 1111 3212 1182; x_wconf 89' lang='lat' dir='ltr'><strong>regni</strong></span> <span class='ocrx_word' id='word_1_178' title='bbox 3246 1128 3259 1162; x_wconf 89' lang='lat'><strong>:</strong></span> <span class='ocrx_word' id='word_1_179' title='bbox 3289 1110 3492 1179; x_wconf 86' lang='lat' dir='ltr'><strong>impos-</strong></span> 
     </span>
    </p>
   </div>
   <div class='ocr_carea' id='block_1_25' title="bbox 1950 1198 3492 1270">
    <p class='ocr_par' dir='ltr' id='par_1_25' title="bbox 1950 1198 3492 1270">
     <span class='ocr_line' id='line_1_25' title="bbox 1950 1198 3492 1270; baseline 0.003 -15"><span class='ocrx_word' id='word_1_180' title='bbox 1950 1201 2104 1255; x_wconf 82' lang='lat' dir='ltr'><strong>sibile</strong></span> <span class='ocrx_word' id='word_1_181' title='bbox 2128 1202 2271 1255; x_wconf 90' lang='lat' dir='ltr'><strong>enim</strong></span> <span class='ocrx_word' id='word_1_182' title='bbox 2294 1211 2376 1258; x_wconf 83' lang='lat' dir='ltr'><strong>est</strong></span> <span class='ocrx_word' id='word_1_183' title='bbox 2404 1204 2518 1256; x_wconf 92' lang='lat' dir='ltr'><strong>sine</strong></span> <span class='ocrx_word' id='word_1_184' title='bbox 2553 1203 2656 1257; x_wconf 93' lang='lat' dir='ltr'><strong>hoc</strong></span> <span class='ocrx_word' id='word_1_185' title='bbox 2689 1220 2796 1256; x_wconf 88' lang='lat' dir='ltr'><strong>uno</strong></span> <span class='ocrx_word' id='word_1_186' title='bbox 2825 1198 3021 1256; x_wconf 82' lang='lat' dir='ltr'><strong>habere</strong></span> <span class='ocrx_word' id='word_1_187' title='bbox 3054 1216 3492 1270; x_wconf 70' lang='lat' dir='ltr'><strong>unumquemque</strong></span> 
     </span>
    </p>
   </div>
   <div class='ocr_carea' id='block_1_26' title="bbox 1950 1291 3495 1363">
    <p class='ocr_par' dir='ltr' id='par_1_26' title="bbox 1950 1291 3495 1363">
     <span class='ocr_line' id='line_1_26' title="bbox 1950 1291 3495 1363; baseline 0.003 -19"><span class='ocrx_word' id='word_1_188' title='bbox 1950 1291 2227 1360; x_wconf 86' lang='lat' dir='ltr'><strong>proprium</strong></span> <span class='ocrx_word' id='word_1_189' title='bbox 2267 1308 2529 1363; x_wconf 81' lang='lat' dir='ltr'><strong>regnum;</strong></span> <span class='ocrx_word' id='word_1_190' title='bbox 2560 1294 2745 1347; x_wconf 78' lang='lat' dir='ltr'><strong>eodem</strong></span> <span class='ocrx_word' id='word_1_191' title='bbox 2787 1302 2917 1348; x_wconf 88' lang='lat' dir='ltr'><strong>vero</strong></span> <span class='ocrx_word' id='word_1_192' title='bbox 2961 1294 3119 1347; x_wconf 91' lang='lat' dir='ltr'><strong>modo</strong></span> <span class='ocrx_word' id='word_1_193' title='bbox 3163 1294 3495 1362; x_wconf 76' lang='lat' dir='ltr'><strong>impossibile</strong></span> 
     </span>
    </p>
   </div>
   <div class='ocr_carea' id='block_1_27' title="bbox 1945 1381 3493 1454">
    <p class='ocr_par' dir='ltr' id='par_1_27' title="bbox 1945 1381 3493 1454">
     <span class='ocr_line' id='line_1_27' title="bbox 1945 1381 3493 1454; baseline 0.002 -19"><span class='ocrx_word' id='word_1_194' title='bbox 1945 1391 2048 1446; x_wconf 89' lang='lat' dir='ltr'><strong>est,</strong></span> <span class='ocrx_word' id='word_1_195' title='bbox 2089 1393 2142 1438; x_wconf 91' lang='lat' dir='ltr'><strong>et</strong></span> <span class='ocrx_word' id='word_1_196' title='bbox 2176 1384 2469 1453; x_wconf 89' lang='lat' dir='ltr'><strong>malignum</strong></span> <span class='ocrx_word' id='word_1_197' title='bbox 2522 1399 2799 1454; x_wconf 89' lang='lat' dir='ltr'><strong>egressum</strong></span> <span class='ocrx_word' id='word_1_198' title='bbox 2846 1384 3091 1453; x_wconf 85' lang='lat' dir='ltr'><strong>propriis</strong></span> <span class='ocrx_word' id='word_1_199' title='bbox 3121 1384 3319 1438; x_wconf 83' lang='lat' dir='ltr'><strong>finibus</strong></span> <span class='ocrx_word' id='word_1_200' title='bbox 3367 1381 3493 1438; x_wconf 81' lang='lat' dir='ltr'><strong>boni</strong></span> 
     </span>
    </p>
   </div>
   <div class='ocr_carea' id='block_1_28' title="bbox 1946 1468 3517 1540">
    <p class='ocr_par' dir='ltr' id='par_1_28' title="bbox 1946 1468 3517 1540">
     <span class='ocr_line' id='line_1_28' title="bbox 1946 1468 3517 1540; baseline 0.003 -16"><span class='ocrx_word' id='word_1_201' title='bbox 1946 1480 2128 1538; x_wconf 88' lang='lat' dir='ltr'><strong>partes</strong></span> <span class='ocrx_word' id='word_1_202' title='bbox 2154 1473 2425 1538; x_wconf 79' lang='lat' dir='ltr'><strong>invadere,</strong></span> <span class='ocrx_word' id='word_1_203' title='bbox 2461 1474 2600 1527; x_wconf 91' lang='lat' dir='ltr'><strong>muri</strong></span> <span class='ocrx_word' id='word_1_204' title='bbox 2636 1468 3008 1528; x_wconf 83' lang='lat' dir='ltr'><strong>interdictione</strong></span> <span class='ocrx_word' id='word_1_205' title='bbox 3049 1482 3349 1535; x_wconf 87' lang='lat' dir='ltr'><strong>constante,</strong></span> <span class='ocrx_word' id='word_1_206' title='bbox 3389 1469 3517 1540; x_wconf 63' lang='lat' dir='ltr'><strong>nisi</strong></span> 
     </span>
    </p>
   </div>
   <div class='ocr_carea' id='block_1_29' title="bbox 1945 1552 3498 1639">
    <p class='ocr_par' dir='ltr' id='par_1_29' title="bbox 1945 1552 3498 1639">
     <span class='ocr_line' id='line_1_29' title="bbox 1945 1552 3498 1639; baseline 0.003 -26"><span class='ocrx_word' id='word_1_207' title='bbox 1945 1560 2080 1615; x_wconf 89' lang='lat' dir='ltr'><strong>forte</strong></span> <span class='ocrx_word' id='word_1_208' title='bbox 2117 1562 2268 1631; x_wconf 89' lang='lat' dir='ltr'><strong>prius</strong></span> <span class='ocrx_word' id='word_1_209' title='bbox 2297 1562 2601 1631; x_wconf 85' lang='lat' dir='ltr'><strong>dejiciatur,</strong></span> <span class='ocrx_word' id='word_1_210' title='bbox 2633 1562 2775 1616; x_wconf 87' lang='lat' dir='ltr'><strong>sicut</strong></span> <span class='ocrx_word' id='word_1_211' title='bbox 2801 1562 3109 1639; x_wconf 74' lang='lat' dir='ltr'><strong>audivimus</strong></span> <span class='ocrx_word' id='word_1_212' title='bbox 3135 1564 3202 1615; x_wconf 92' lang='lat' dir='ltr'><strong>ab</strong></span> <span class='ocrx_word' id='word_1_213' title='bbox 3246 1552 3498 1618; x_wconf 62' lang='lat' dir='ltr'><strong>hostibus</strong></span> 
     </span>
    </p>
   </div>
   <div class='ocr_carea' id='block_1_30' title="bbox 1943 1652 3513 1723">
    <p class='ocr_par' dir='ltr' id='par_1_30' title="bbox 1943 1652 3513 1723">
     <span class='ocr_line' id='line_1_30' title="bbox 1943 1652 3513 1723; baseline 0.001 -17"><span class='ocrx_word' id='word_1_214' title='bbox 1943 1652 2077 1719; x_wconf 84' lang='lat' dir='ltr'><strong>fieri,</strong></span> <span class='ocrx_word' id='word_1_215' title='bbox 2132 1663 2291 1723; x_wconf 89' lang='lat' dir='ltr'><strong>atque</strong></span> <span class='ocrx_word' id='word_1_216' title='bbox 2336 1655 2498 1708; x_wconf 88' lang='lat' dir='ltr'><strong>etiam</strong></span> <span class='ocrx_word' id='word_1_217' title='bbox 2545 1653 2716 1707; x_wconf 91' lang='lat' dir='ltr'><strong>oculis</strong></span> <span class='ocrx_word' id='word_1_218' title='bbox 2760 1652 2959 1706; x_wconf 85' lang='lat' dir='ltr'><strong>nostris</strong></span> <span class='ocrx_word' id='word_1_219' title='bbox 3003 1668 3177 1721; x_wconf 87' lang='lat' dir='ltr'><strong>nuper</strong></span> <span class='ocrx_word' id='word_1_220' title='bbox 3213 1652 3513 1720; x_wconf 11' lang='lat' dir='ltr'><strong>conspexi-7</strong></span> 
     </span>
    </p>
   </div>
   <div class='ocr_carea' id='block_1_31' title="bbox 1944 1740 3535 1814">
    <p class='ocr_par' dir='ltr' id='par_1_31' title="bbox 1944 1740 3535 1814">
     <span class='ocr_line' id='line_1_31' title="bbox 1944 1740 3535 1814; baseline 0 -17"><span class='ocrx_word' id='word_1_221' title='bbox 1944 1759 2065 1798; x_wconf 91' lang='lat' dir='ltr'><strong>mus</strong></span> <span class='ocrx_word' id='word_1_222' title='bbox 2093 1743 2223 1814; x_wconf 75' lang='lat' dir='ltr'><strong>(l2).</strong></span> <span class='ocrx_word' id='word_1_223' title='bbox 2248 1742 2383 1798; x_wconf 89' lang='lat' dir='ltr'><strong>Cum</strong></span> <span class='ocrx_word' id='word_1_224' title='bbox 2418 1760 2511 1797; x_wconf 85' lang='lat' dir='ltr'><strong>rex</strong></span> <span class='ocrx_word' id='word_1_225' title='bbox 2545 1744 2741 1812; x_wconf 89' lang='lat' dir='ltr'><strong>aliquis</strong></span> <span class='ocrx_word' id='word_1_226' title='bbox 2783 1751 3053 1814; x_wconf 85' lang='lat' dir='ltr'><strong>oppugnat</strong></span> <span class='ocrx_word' id='word_1_227' title='bbox 3082 1743 3272 1795; x_wconf 86' lang='lat' dir='ltr'><strong>turrim</strong></span> <span class='ocrx_word' id='word_1_228' title='bbox 3317 1740 3495 1797; x_wconf 89' lang='lat' dir='ltr'><strong>valido</strong></span> <span class='ocrx_word' id='word_1_229' title='bbox 3523 1797 3535 1807; x_wconf 33' lang='grc' dir='ltr'>χ</span> 
     </span>
    </p>
   </div>
   <div class='ocr_carea' id='block_1_32' title="bbox 1944 1832 3507 1902">
    <p class='ocr_par' dir='ltr' id='par_1_32' title="bbox 1944 1832 3507 1902">
     <span class='ocr_line' id='line_1_32' title="bbox 1944 1832 3507 1902; baseline 0.002 -17"><span class='ocrx_word' id='word_1_230' title='bbox 1944 1848 2100 1886; x_wconf 88' lang='lat' dir='ltr'><strong>muro</strong></span> <span class='ocrx_word' id='word_1_231' title='bbox 2141 1834 2551 1897; x_wconf 84' lang='lat' dir='ltr'><strong>circumdatam,</strong></span> <span class='ocrx_word' id='word_1_232' title='bbox 2593 1832 2813 1887; x_wconf 83' lang='lat' dir='ltr'><strong>adhibet</strong></span> <span class='ocrx_word' id='word_1_233' title='bbox 2848 1832 3021 1901; x_wconf 89' lang='lat' dir='ltr'><strong>primo</strong></span> <span class='ocrx_word' id='word_1_234' title='bbox 3052 1832 3295 1888; x_wconf 84' lang='lat' dir='ltr'><strong>ballistas</strong></span> <span class='ocrx_word' id='word_1_235' title='bbox 3332 1842 3385 1886; x_wconf 90' lang='lat' dir='ltr'><strong>et</strong></span> <span class='ocrx_word' id='word_1_236' title='bbox 3408 1832 3507 1902; x_wconf 60' lang='grc' dir='ltr'><strong>με,</strong></span> 
     </span>
    </p>
   </div>
   <div class='ocr_carea' id='block_1_33' title="bbox 290 1920 1835 2005">
    <p class='ocr_par' dir='ltr' id='par_1_33' title="bbox 290 1926 1835 1999">
     <span class='ocr_line' id='line_1_33' title="bbox 290 1926 1835 1999; baseline 0.009 -22"><span class='ocrx_word' id='word_1_237' title='bbox 290 1926 440 1979; x_wconf 91' lang='lat' dir='ltr'><strong>modi</strong></span> <span class='ocrx_word' id='word_1_238' title='bbox 466 1927 664 1983; x_wconf 82' lang='lat' dir='ltr'><strong>divisio</strong></span> <span class='ocrx_word' id='word_1_239' title='bbox 695 1928 949 1987; x_wconf 66' lang='lat' dir='ltr'><strong>fraterna</strong></span> <span class='ocrx_word' id='word_1_240' title='bbox 967 1935 1141 1999; x_wconf 87' lang='lat' dir='ltr'><strong>potius</strong></span> <span class='ocrx_word' id='word_1_241' title='bbox 1207 1936 1533 1991; x_wconf 56' lang='lat' dir='ltr'><strong>hereditatis</strong></span> <span class='ocrx_word' id='word_1_242' title='bbox 1582 1936 1653 1989; x_wconf 91' lang='lat' dir='ltr'><strong>sit</strong></span> <span class='ocrx_word' id='word_1_243' title='bbox 1686 1935 1835 1991; x_wconf 81' lang='lat' dir='ltr'><strong>ratio.</strong></span> 
     </span>
    </p>
   </div>
   <div class='ocr_carea' id='block_1_34' title="bbox 1934 1920 3493 2005">
    <p class='ocr_par' dir='ltr' id='par_1_34' title="bbox 1945 1922 3493 1994">
     <span class='ocr_line' id='line_1_34' title="bbox 1945 1922 3493 1994; baseline 0 -18"><span class='ocrx_word' id='word_1_244' title='bbox 1945 1924 2085 1989; x_wconf 88' lang='lat' dir='ltr'><strong>cula,</strong></span> <span class='ocrx_word' id='word_1_245' title='bbox 2111 1924 2390 1979; x_wconf 88' lang='lat' dir='ltr'><strong>securibus</strong></span> <span class='ocrx_word' id='word_1_246' title='bbox 2413 1924 2604 1978; x_wconf 88' lang='lat' dir='ltr'><strong>deinde</strong></span> <span class='ocrx_word' id='word_1_247' title='bbox 2634 1932 2817 1994; x_wconf 75' lang='lat' dir='ltr'><strong>portas</strong></span> <span class='ocrx_word' id='word_1_248' title='bbox 2840 1922 3088 1976; x_wconf 79' lang='lat' dir='ltr'><strong>excidere</strong></span> <span class='ocrx_word' id='word_1_249' title='bbox 3109 1932 3271 1992; x_wconf 89' lang='lat' dir='ltr'><strong>atque</strong></span> <span class='ocrx_word' id='word_1_250' title='bbox 3302 1922 3493 1977; x_wconf 83' lang='lat' dir='ltr'><strong>arieti-</strong></span> 
     </span>
    </p>
   </div>
   <div class='ocr_carea' id='block_1_35' title="bbox 295 2010 1846 2095">
    <p class='ocr_par' dir='ltr' id='par_1_35' title="bbox 295 2010 1846 2095">
     <span class='ocr_line' id='line_1_35' title="bbox 295 2010 1846 2095; baseline 0.007 -30"><span class='ocrx_word' id='word_1_251' title='bbox 295 2010 492 2069; x_wconf 84' lang='lat' dir='ltr'><strong>Verum</strong></span> <span class='ocrx_word' id='word_1_252' title='bbox 521 2033 667 2072; x_wconf 90' lang='lat' dir='ltr'><strong>nunc</strong></span> <span class='ocrx_word' id='word_1_253' title='bbox 695 2034 802 2073; x_wconf 91' lang='lat' dir='ltr'><strong>non</strong></span> <span class='ocrx_word' id='word_1_254' title='bbox 842 2031 925 2074; x_wconf 86' lang='lat' dir='ltr'><strong>est</strong></span> <span class='ocrx_word' id='word_1_255' title='bbox 954 2021 1083 2074; x_wconf 90' lang='lat' dir='ltr'><strong>mihi</strong></span> <span class='ocrx_word' id='word_1_256' title='bbox 1122 2022 1188 2077; x_wconf 86' lang='lat' dir='ltr'><strong>de</strong></span> <span class='ocrx_word' id='word_1_257' title='bbox 1217 2022 1303 2078; x_wconf 86' lang='lat' dir='ltr'><strong>his</strong></span> <span class='ocrx_word' id='word_1_258' title='bbox 1336 2024 1639 2087; x_wconf 84' lang='lat' dir='ltr'><strong>dicendum,</strong></span> <span class='ocrx_word' id='word_1_259' title='bbox 1673 2040 1846 2095; x_wconf 87' lang='lat' dir='ltr'><strong>quan—</strong></span> 
     </span>
    </p>
   </div>
   <div class='ocr_carea' id='block_1_36' title="bbox 286 2111 1857 2199">
    <p class='ocr_par' dir='ltr' id='par_1_36' title="bbox 286 2111 1857 2199">
     <span class='ocr_line' id='line_1_36' title="bbox 286 2111 1857 2199; baseline 0.007 -41"><span class='ocrx_word' id='word_1_260' title='bbox 286 2120 469 2189; x_wconf 85' lang='lat' dir='ltr'><strong>quam</strong></span> <span class='ocrx_word' id='word_1_261' title='bbox 498 2111 861 2165; x_wconf 82' lang='lat' dir='ltr'><strong>necesssrium</strong></span> <span class='ocrx_word' id='word_1_262' title='bbox 909 2112 1183 2179; x_wconf 87' lang='lat' dir='ltr'><strong>videatur;</strong></span> <span class='ocrx_word' id='word_1_263' title='bbox 1236 2129 1361 2168; x_wconf 91' lang='lat' dir='ltr'><strong>nam</strong></span> <span class='ocrx_word' id='word_1_264' title='bbox 1396 2115 1529 2199; x_wconf 84' lang='lat' dir='ltr'><strong>illud</strong></span> <span class='ocrx_word' id='word_1_265' title='bbox 1570 2126 1651 2170; x_wconf 90' lang='lat' dir='ltr'><strong>est</strong></span> <span class='ocrx_word' id='word_1_266' title='bbox 1700 2114 1857 2185; x_wconf 21' lang='lat' dir='ltr'><strong>quod,</strong></span> 
     </span>
    </p>
   </div>
   <div class='ocr_carea' id='block_1_37' title="bbox 285 2186 1845 2275">
    <p class='ocr_par' dir='ltr' id='par_1_37' title="bbox 285 2186 1845 2275">
     <span class='ocr_line' id='line_1_37' title="bbox 285 2186 1845 2275; baseline 0.006 -27"><span class='ocrx_word' id='word_1_267' title='bbox 285 2186 545 2265; x_wconf 85' lang='lat' dir='ltr'><strong>petimus,</strong></span> <span class='ocrx_word' id='word_1_268' title='bbox 575 2200 698 2266; x_wconf 90' lang='lat' dir='ltr'><strong>quis</strong></span> <span class='ocrx_word' id='word_1_269' title='bbox 735 2209 818 2256; x_wconf 91' lang='lat' dir='ltr'><strong>est</strong></span> <span class='ocrx_word' id='word_1_270' title='bbox 848 2203 953 2271; x_wconf 82' lang='lat' dir='ltr'><strong>qui</strong></span> <span class='ocrx_word' id='word_1_271' title='bbox 973 2194 1549 2275; x_wconf 53' lang='lat' dir='ltr'><strong>exstruxeriLmuruin</strong></span> <span class='ocrx_word' id='word_1_272' title='bbox 1590 2208 1656 2260; x_wconf 81' lang='lat' dir='ltr'><strong>ad</strong></span> <span class='ocrx_word' id='word_1_273' title='bbox 1704 2205 1845 2260; x_wconf 79' lang='lat' dir='ltr'><strong>desi-</strong></span> 
     </span>
    </p>
   </div>
   <div class='ocr_carea' id='block_1_38' title="bbox 286 2287 1845 2367">
    <p class='ocr_par' dir='ltr' id='par_1_38' title="bbox 286 2287 1845 2367">
     <span class='ocr_line' id='line_1_38' title="bbox 286 2287 1845 2367; baseline 0.007 -27"><span class='ocrx_word' id='word_1_274' title='bbox 286 2287 560 2355; x_wconf 77' lang='lat' dir='ltr'><strong>gnandum</strong></span> <span class='ocrx_word' id='word_1_275' title='bbox 587 2291 1014 2363; x_wconf 82' lang='lat' dir='ltr'><strong>uniuscujusque</strong></span> <span class='ocrx_word' id='word_1_276' title='bbox 1036 2296 1324 2349; x_wconf 86' lang='lat' dir='ltr'><strong>terminum</strong></span> <span class='ocrx_word' id='word_1_277' title='bbox 1347 2298 1532 2367; x_wconf 83' lang='lat' dir='ltr'><strong>regni?</strong></span> <span class='ocrx_word' id='word_1_278' title='bbox 1558 2296 1672 2350; x_wconf 80' lang='lat' dir='ltr'><strong>Non</strong></span> <span class='ocrx_word' id='word_1_279' title='bbox 1694 2298 1845 2353; x_wconf 86' lang='lat' dir='ltr'><strong>dixe-</strong></span> 
     </span>
    </p>
   </div>
   <div class='ocr_carea' id='block_1_39' title="bbox 287 2379 1843 2454">
    <p class='ocr_par' dir='ltr' id='par_1_39' title="bbox 287 2379 1843 2454">
     <span class='ocr_line' id='line_1_39' title="bbox 287 2379 1843 2454; baseline 0.007 -24"><span class='ocrx_word' id='word_1_280' title='bbox 287 2386 409 2442; x_wconf 84' lang='lat' dir='ltr'><strong>rat;</strong></span> <span class='ocrx_word' id='word_1_281' title='bbox 440 2379 563 2432; x_wconf 93' lang='lat' dir='ltr'><strong>nolo</strong></span> <span class='ocrx_word' id='word_1_282' title='bbox 590 2390 829 2435; x_wconf 88' lang='lat' dir='ltr'><strong>moretur</strong></span> <span class='ocrx_word' id='word_1_283' title='bbox 862 2385 947 2438; x_wconf 89' lang='lat' dir='ltr'><strong>hic</strong></span> <span class='ocrx_word' id='word_1_284' title='bbox 972 2384 1227 2450; x_wconf 85' lang='lat' dir='ltr'><strong>perfidus,</strong></span> <span class='ocrx_word' id='word_1_285' title='bbox 1264 2386 1357 2441; x_wconf 86' lang='lat' dir='ltr'><strong>sed</strong></span> <span class='ocrx_word' id='word_1_286' title='bbox 1385 2386 1498 2454; x_wconf 86' lang='lat' dir='ltr'><strong>jam</strong></span> <span class='ocrx_word' id='word_1_287' title='bbox 1526 2388 1843 2442; x_wconf 79' lang='lat' dir='ltr'><strong>conﬁteatur</strong></span> 
     </span>
    </p>
   </div>
   <div class='ocr_carea' id='block_1_40' title="bbox 284 2466 1835 2533">
    <p class='ocr_par' dir='ltr' id='par_1_40' title="bbox 284 2466 1835 2533">
     <span class='ocr_line' id='line_1_40' title="bbox 284 2466 1835 2533; baseline 0.007 -12"><span class='ocrx_word' id='word_1_288' title='bbox 284 2466 567 2523; x_wconf 83' lang='lat' dir='ltr'><strong>dualitatis</strong></span> <span class='ocrx_word' id='word_1_289' title='bbox 600 2485 713 2526; x_wconf 67' lang='lat' dir='ltr'><strong>suae</strong></span> <span class='ocrx_word' id='word_1_290' title='bbox 746 2472 800 2526; x_wconf 93' lang='lat' dir='ltr'><strong>in</strong></span> <span class='ocrx_word' id='word_1_291' title='bbox 836 2489 1003 2527; x_wconf 90' lang='lat' dir='ltr'><strong>unum</strong></span> <span class='ocrx_word' id='word_1_292' title='bbox 1036 2474 1274 2529; x_wconf 90' lang='lat' dir='ltr'><strong>refusam</strong></span> <span class='ocrx_word' id='word_1_293' title='bbox 1308 2491 1431 2530; x_wconf 78' lang='lat' dir='ltr'><strong>esse</strong></span> <span class='ocrx_word' id='word_1_294' title='bbox 1456 2477 1835 2533; x_wconf 87' lang='lat' dir='ltr'><strong>substantiam.</strong></span> 
     </span>
    </p>
   </div>
   <div class='ocr_carea' id='block_1_41' title="bbox 281 2556 1836 2635">
    <p class='ocr_par' dir='ltr' id='par_1_41' title="bbox 281 2556 1836 2635">
     <span class='ocr_line' id='line_1_41' title="bbox 281 2556 1836 2635; baseline 0.008 -24"><span class='ocrx_word' id='word_1_295' title='bbox 281 2556 440 2614; x_wconf 85' lang='lat' dir='ltr'><strong>Dicat</strong></span> <span class='ocrx_word' id='word_1_296' title='bbox 464 2575 810 2632; x_wconf 87' lang='lat' dir='ltr'><strong>quemquam,</strong></span> <span class='ocrx_word' id='word_1_297' title='bbox 846 2566 936 2635; x_wconf 89' lang='lat' dir='ltr'><strong>qui</strong></span> <span class='ocrx_word' id='word_1_298' title='bbox 961 2566 1195 2619; x_wconf 89' lang='lat' dir='ltr'><strong>medium</strong></span> <span class='ocrx_word' id='word_1_299' title='bbox 1236 2569 1562 2621; x_wconf 84' lang='lat' dir='ltr'><strong>exstruxerit</strong></span> <span class='ocrx_word' id='word_1_300' title='bbox 1600 2586 1836 2623; x_wconf 88' lang='lat' dir='ltr'><strong>murum.</strong></span> 
     </span>
    </p>
   </div>
   <div class='ocr_carea' id='block_1_42' title="bbox 280 2646 1837 2723">
    <p class='ocr_par' dir='ltr' id='par_1_42' title="bbox 280 2646 1837 2723">
     <span class='ocr_line' id='line_1_42' title="bbox 280 2646 1837 2723; baseline 0.008 -22"><span class='ocrx_word' id='word_1_301' title='bbox 280 2646 424 2714; x_wconf 85' lang='lat' dir='ltr'><strong>Quid</strong></span> <span class='ocrx_word' id='word_1_302' title='bbox 471 2651 661 2721; x_wconf 88' lang='lat' dir='ltr'><strong>agebat</strong></span> <span class='ocrx_word' id='word_1_303' title='bbox 709 2653 864 2717; x_wconf 89' lang='lat' dir='ltr'><strong>alter,</strong></span> <span class='ocrx_word' id='word_1_304' title='bbox 908 2655 1076 2709; x_wconf 87' lang='lat' dir='ltr'><strong>altero</strong></span> <span class='ocrx_word' id='word_1_305' title='bbox 1114 2656 1458 2711; x_wconf 84' lang='lat' dir='ltr'><strong>instruente?</strong></span> <span class='ocrx_word' id='word_1_306' title='bbox 1510 2656 1837 2723; x_wconf 84' lang='lat' dir='ltr'><strong>Dormiebat,</strong></span> 
     </span>
    </p>
   </div>
   <div class='ocr_carea' id='block_1_43' title="bbox 279 2740 1839 2819">
    <p class='ocr_par' dir='ltr' id='par_1_43' title="bbox 279 2740 1839 2819">
     <span class='ocr_line' id='line_1_43' title="bbox 279 2740 1839 2819; baseline 0.009 -29"><span class='ocrx_word' id='word_1_307' title='bbox 279 2747 387 2792; x_wconf 43' lang='lat' dir='ltr'><strong>aut.</strong></span> <span class='ocrx_word' id='word_1_308' title='bbox 415 2740 715 2809; x_wconf 88' lang='lat' dir='ltr'><strong>ignorabat,</strong></span> <span class='ocrx_word' id='word_1_309' title='bbox 747 2753 842 2801; x_wconf 89' lang='lat' dir='ltr'><strong>aut</strong></span> <span class='ocrx_word' id='word_1_310' title='bbox 883 2746 1133 2800; x_wconf 88' lang='lat' dir='ltr'><strong>resistere</strong></span> <span class='ocrx_word' id='word_1_311' title='bbox 1172 2763 1278 2801; x_wconf 90' lang='lat' dir='ltr'><strong>non</strong></span> <span class='ocrx_word' id='word_1_312' title='bbox 1308 2748 1492 2813; x_wconf 85' lang='lat' dir='ltr'><strong>valuit,</strong></span> <span class='ocrx_word' id='word_1_313' title='bbox 1537 2759 1631 2803; x_wconf 92' lang='lat' dir='ltr'><strong>aut</strong></span> <span class='ocrx_word' id='word_1_314' title='bbox 1663 2754 1839 2819; x_wconf 87' lang='lat' dir='ltr'><strong>pretio</strong></span> 
     </span>
    </p>
   </div>
   <div class='ocr_carea' id='block_1_44' title="bbox 279 2832 1836 2908">
    <p class='ocr_par' dir='ltr' id='par_1_44' title="bbox 279 2832 1836 2908">
     <span class='ocr_line' id='line_1_44' title="bbox 279 2832 1836 2908; baseline 0.01 -28"><span class='ocrx_word' id='word_1_315' title='bbox 279 2833 597 2887; x_wconf 77' lang='lat' dir='ltr'><strong>concessit?</strong></span> <span class='ocrx_word' id='word_1_316' title='bbox 624 2832 718 2889; x_wconf 93' lang='lat' dir='ltr'><strong>Dic</strong></span> <span class='ocrx_word' id='word_1_317' title='bbox 757 2835 888 2904; x_wconf 89' lang='lat' dir='ltr'><strong>quid</strong></span> <span class='ocrx_word' id='word_1_318' title='bbox 918 2834 1165 2903; x_wconf 82' lang='lat' dir='ltr'><strong>faciebat,</strong></span> <span class='ocrx_word' id='word_1_319' title='bbox 1201 2838 1285 2891; x_wconf 94' lang='lat' dir='ltr'><strong>vel</strong></span> <span class='ocrx_word' id='word_1_320' title='bbox 1325 2841 1448 2908; x_wconf 88' lang='lat' dir='ltr'><strong>quis</strong></span> <span class='ocrx_word' id='word_1_321' title='bbox 1478 2850 1561 2894; x_wconf 89' lang='lat' dir='ltr'><strong>est</strong></span> <span class='ocrx_word' id='word_1_322' title='bbox 1594 2841 1836 2908; x_wconf 89' lang='lat' dir='ltr'><strong>omnino,</strong></span> 
     </span>
    </p>
   </div>
   <div class='ocr_carea' id='block_1_45' title="bbox 279 2922 1839 3001">
    <p class='ocr_par' dir='ltr' id='par_1_45' title="bbox 279 2922 1839 3001">
     <span class='ocr_line' id='line_1_45' title="bbox 279 2922 1839 3001; baseline 0.011 -29"><span class='ocrx_word' id='word_1_323' title='bbox 279 2922 376 2989; x_wconf 89' lang='lat' dir='ltr'><strong>qui</strong></span> <span class='ocrx_word' id='word_1_324' title='bbox 422 2925 726 3001; x_wconf 79' lang='lat' dir='ltr'><strong>exstruxit?</strong></span> <span class='ocrx_word' id='word_1_325' title='bbox 774 2925 884 2982; x_wconf 78' lang='lat' dir='ltr'><strong>Vos</strong></span> <span class='ocrx_word' id='word_1_326' title='bbox 924 2927 1203 2996; x_wconf 79' lang='lat' dir='ltr'><strong>deprecor,</strong></span> <span class='ocrx_word' id='word_1_327' title='bbox 1236 2929 1469 2998; x_wconf 89' lang='lat' dir='ltr'><strong>judices,</strong></span> <span class='ocrx_word' id='word_1_328' title='bbox 1512 2947 1649 3001; x_wconf 89' lang='lat' dir='ltr'><strong>quos</strong></span> <span class='ocrx_word' id='word_1_329' title='bbox 1696 2931 1839 2989; x_wconf 87' lang='lat' dir='ltr'><strong>Deus</strong></span> 
     </span>
    </p>
   </div>
   <div class='ocr_carea' id='block_1_46' title="bbox 198 3010 1834 3107">
    <p class='ocr_par' dir='ltr' id='par_1_46' title="bbox 198 3010 1834 3107">
     <span class='ocr_line' id='line_1_46' title="bbox 198 3010 1834 3107; baseline 0.012 -47"><span class='ocrx_word' id='word_1_330' title='bbox 198 3026 201 3029; x_wconf 94' lang='grc'>·</span> <span class='ocrx_word' id='word_1_331' title='bbox 277 3010 595 3078; x_wconf 83' lang='lat' dir='ltr'><strong>plenissime</strong></span> <span class='ocrx_word' id='word_1_332' title='bbox 623 3015 855 3082; x_wconf 89' lang='lat' dir='ltr'><strong>repletos</strong></span> <span class='ocrx_word' id='word_1_333' title='bbox 890 3017 1161 3073; x_wconf 85' lang='lat' dir='ltr'><strong>intellectu</strong></span> <span class='ocrx_word' id='word_1_334' title='bbox 1200 3020 1347 3074; x_wconf 88' lang='lat' dir='ltr'><strong>misit</strong></span> <span class='ocrx_word' id='word_1_335' title='bbox 1373 3021 1550 3087; x_wconf 90' lang='lat' dir='ltr'><strong>nobis,</strong></span> <span class='ocrx_word' id='word_1_336' title='bbox 1554 3022 1834 3107; x_wconf 57' lang='lat' dir='ltr'><strong>Judicate,</strong></span> 
     </span>
    </p>
   </div>
   <div class='ocr_carea' id='block_1_47' title="bbox 279 3100 1833 3184">
    <p class='ocr_par' dir='ltr' id='par_1_47' title="bbox 279 3100 1833 3184">
     <span class='ocr_line' id='line_1_47' title="bbox 279 3100 1833 3184; baseline 0.012 -32"><span class='ocrx_word' id='word_1_337' title='bbox 279 3100 425 3184; x_wconf 7' lang='lat' dir='ltr'><strong>quis,</strong></span> <span class='ocrx_word' id='word_1_338' title='bbox 448 3116 512 3155; x_wconf 85' lang='lat' dir='ltr'><strong>ex</strong></span> <span class='ocrx_word' id='word_1_339' title='bbox 546 3105 760 3160; x_wconf 90' lang='lat' dir='ltr'><strong>duobus</strong></span> <span class='ocrx_word' id='word_1_340' title='bbox 794 3110 1142 3175; x_wconf 87' lang='lat' dir='ltr'><strong>exstruxerit,</strong></span> <span class='ocrx_word' id='word_1_341' title='bbox 1183 3120 1236 3163; x_wconf 90' lang='lat' dir='ltr'><strong>et</strong></span> <span class='ocrx_word' id='word_1_342' title='bbox 1277 3111 1405 3180; x_wconf 90' lang='lat' dir='ltr'><strong>quid</strong></span> <span class='ocrx_word' id='word_1_343' title='bbox 1446 3100 1636 3183; x_wconf 77' lang='lat' dir='ltr'><strong>agebat</strong></span> <span class='ocrx_word' id='word_1_344' title='bbox 1672 3131 1833 3182; x_wconf 89' lang='lat' dir='ltr'><strong>unus,</strong></span> 
     </span>
    </p>
   </div>
   <div class='ocr_carea' id='block_1_48' title="bbox 278 3193 955 3253">
    <p class='ocr_par' dir='ltr' id='par_1_48' title="bbox 278 3193 955 3253">
     <span class='ocr_line' id='line_1_48' title="bbox 278 3193 955 3253; baseline 0.009 -6"><span class='ocrx_word' id='word_1_345' title='bbox 278 3207 405 3247; x_wconf 82' lang='lat' dir='ltr'><strong>cuin</strong></span> <span class='ocrx_word' id='word_1_346' title='bbox 440 3193 570 3247; x_wconf 83' lang='lat' dir='ltr'><strong>alter</strong></span> <span class='ocrx_word' id='word_1_347' title='bbox 597 3206 955 3253; x_wconf 87' lang='lat' dir='ltr'><strong>exstruxerat.</strong></span> 
     </span>
    </p>
   </div>
   <div class='ocr_carea' id='block_1_49' title="bbox 354 3280 1829 3365">
    <p class='ocr_par' dir='ltr' id='par_1_49' title="bbox 354 3280 1829 3365">
     <span class='ocr_line' id='line_1_49' title="bbox 354 3280 1829 3365; baseline 0.013 -31"><span class='ocrx_word' id='word_1_348' title='bbox 354 3280 539 3338; x_wconf 73' lang='lat' dir='ltr'><strong>XXIV.</strong></span> <span class='ocrx_word' id='word_1_349' title='bbox 576 3282 791 3339; x_wconf 71' lang='lat' dir='ltr'><strong>Iudices</strong></span> <span class='ocrx_word' id='word_1_350' title='bbox 838 3288 1130 3345; x_wconf 70' lang='lat' dir='ltr'><strong>dixerunt:</strong></span> <span class='ocrx_word' id='word_1_351' title='bbox 1171 3291 1266 3346; x_wconf 90' lang='lat' dir='ltr'><strong>Dic</strong></span> <span class='ocrx_word' id='word_1_352' title='bbox 1306 3294 1484 3357; x_wconf 85' lang='lat' dir='ltr'><strong>nobis,</strong></span> <span class='ocrx_word' id='word_1_353' title='bbox 1534 3310 1568 3350; x_wconf 89' lang='grc' dir='ltr'><strong>ο</strong></span> <span class='ocrx_word' id='word_1_354' title='bbox 1614 3296 1829 3365; x_wconf 77' lang='lat' dir='ltr'><strong>Manes,</strong></span> 
     </span>
    </p>
   </div>
   <div class='ocr_carea' id='block_1_50' title="bbox 274 3372 1833 3456">
    <p class='ocr_par' dir='ltr' id='par_1_50' title="bbox 274 3372 1833 3456">
     <span class='ocr_line' id='line_1_50' title="bbox 274 3372 1833 3456; baseline 0.012 -32"><span class='ocrx_word' id='word_1_355' title='bbox 274 3374 401 3442; x_wconf 78' lang='lat' dir='ltr'><strong>quis</strong></span> <span class='ocrx_word' id='word_1_356' title='bbox 440 3372 804 3444; x_wconf 86' lang='lat' dir='ltr'><strong>designaverit</strong></span> <span class='ocrx_word' id='word_1_357' title='bbox 836 3376 971 3431; x_wconf 84' lang='lat' dir='ltr'><strong>lines</strong></span> <span class='ocrx_word' id='word_1_358' title='bbox 1000 3380 1283 3451; x_wconf 90' lang='lat' dir='ltr'><strong>utriusque</strong></span> <span class='ocrx_word' id='word_1_359' title='bbox 1331 3385 1503 3453; x_wconf 86' lang='lat' dir='ltr'><strong>regni,</strong></span> <span class='ocrx_word' id='word_1_360' title='bbox 1542 3390 1666 3456; x_wconf 88' lang='lat' dir='ltr'><strong>quis</strong></span> <span class='ocrx_word' id='word_1_361' title='bbox 1712 3404 1833 3442; x_wconf 88' lang='lat' dir='ltr'><strong>mu-</strong></span> 
     </span>
    </p>
   </div>
   <div class='ocr_carea' id='block_1_51' title="bbox 276 3462 1830 3553">
    <p class='ocr_par' dir='ltr' id='par_1_51' title="bbox 276 3462 1830 3553">
     <span class='ocr_line' id='line_1_51' title="bbox 276 3462 1830 3553; baseline 0.01 -38"><span class='ocrx_word' id='word_1_362' title='bbox 276 3478 396 3516; x_wconf 91' lang='lat' dir='ltr'><strong>rum</strong></span> <span class='ocrx_word' id='word_1_363' title='bbox 440 3462 627 3517; x_wconf 82' lang='lat' dir='ltr'><strong>fecerit</strong></span> <span class='ocrx_word' id='word_1_364' title='bbox 668 3466 942 3519; x_wconf 83' lang='lat' dir='ltr'><strong>medium?</strong></span> <span class='ocrx_word' id='word_1_365' title='bbox 974 3468 1080 3522; x_wconf 87' lang='lat' dir='ltr'><strong>Pro</strong></span> <span class='ocrx_word' id='word_1_366' title='bbox 1112 3486 1317 3543; x_wconf 78' lang='lat' dir='ltr'><strong>magno</strong></span> <span class='ocrx_word' id='word_1_367' title='bbox 1357 3475 1502 3528; x_wconf 90' lang='lat' dir='ltr'><strong>enim</strong></span> <span class='ocrx_word' id='word_1_368' title='bbox 1536 3464 1830 3553; x_wconf 65' lang='lat' dir='ltr'><strong>Archelaus</strong></span> 
     </span>
    </p>
   </div>
   <div class='ocr_carea' id='block_1_52' title="bbox 176 3553 1827 3635">
    <p class='ocr_par' dir='ltr' id='par_1_52' title="bbox 176 3553 1827 3635">
     <span class='ocr_line' id='line_1_52' title="bbox 176 3553 1827 3635; baseline 0.009 -29"><span class='ocrx_word' id='word_1_369' title='bbox 176 3610 180 3613; x_wconf 19' lang='grc' dir='ltr'><strong>Α</strong></span> <span class='ocrx_word' id='word_1_370' title='bbox 277 3553 750 3626; x_wconf 83' lang='lat' dir='ltr'><strong>interrogationem</strong></span> <span class='ocrx_word' id='word_1_371' title='bbox 810 3557 997 3612; x_wconf 82' lang='lat' dir='ltr'><strong>haberi</strong></span> <span class='ocrx_word' id='word_1_372' title='bbox 1045 3559 1209 3631; x_wconf 90' lang='lat' dir='ltr'><strong>hujus</strong></span> <span class='ocrx_word' id='word_1_373' title='bbox 1259 3566 1522 3621; x_wconf 82' lang='lat' dir='ltr'><strong>sermonis</strong></span> <span class='ocrx_word' id='word_1_374' title='bbox 1564 3569 1827 3635; x_wconf 82' lang='lat' dir='ltr'><strong>exposcit.</strong></span> 
     </span>
    </p>
   </div>
   <div class='ocr_carea' id='block_1_53' title="bbox 207 3643 1827 3717">
    <p class='ocr_par' dir='ltr' id='par_1_53' title="bbox 207 3643 1827 3717">
     <span class='ocr_line' id='line_1_53' title="bbox 207 3643 1827 3717; baseline 0.006 -18"><span class='ocrx_word' id='word_1_375' title='bbox 207 3698 219 3707; x_wconf 73' lang='grc'><em>,</em></span> <span class='ocrx_word' id='word_1_376' title='bbox 275 3643 460 3700; x_wconf 69' lang='lat' dir='ltr'><strong>Hane:</strong></span> <span class='ocrx_word' id='word_1_377' title='bbox 501 3644 682 3698; x_wconf 65' lang='lat' dir='ltr'><strong>dixit:</strong></span> <span class='ocrx_word' id='word_1_378' title='bbox 718 3645 899 3702; x_wconf 89' lang='lat' dir='ltr'><strong>Bonus</strong></span> <span class='ocrx_word' id='word_1_379' title='bbox 948 3647 1111 3717; x_wconf 80' lang='lat' dir='ltr'><strong>Deus,</strong></span> <span class='ocrx_word' id='word_1_380' title='bbox 1164 3662 1218 3708; x_wconf 91' lang='lat' dir='ltr'><strong>et</strong></span> <span class='ocrx_word' id='word_1_381' title='bbox 1259 3655 1394 3709; x_wconf 85' lang='lat' dir='ltr'><strong>nihil</strong></span> <span class='ocrx_word' id='word_1_382' title='bbox 1437 3656 1639 3711; x_wconf 87' lang='lat' dir='ltr'><strong>habens</strong></span> <span class='ocrx_word' id='word_1_383' title='bbox 1677 3673 1827 3711; x_wconf 86' lang='lat' dir='ltr'><strong>com-</strong></span> 
     </span>
    </p>
   </div>
   <div class='ocr_carea' id='block_1_54' title="bbox 275 3730 1825 3814">
    <p class='ocr_par' dir='ltr' id='par_1_54' title="bbox 275 3730 1825 3814">
     <span class='ocr_line' id='line_1_54' title="bbox 275 3730 1825 3814; baseline 0.009 -25"><span class='ocrx_word' id='word_1_384' title='bbox 275 3752 443 3790; x_wconf 84' lang='lat' dir='ltr'><strong>mune</strong></span> <span class='ocrx_word' id='word_1_385' title='bbox 486 3752 610 3792; x_wconf 91' lang='lat' dir='ltr'><strong>cum</strong></span> <span class='ocrx_word' id='word_1_386' title='bbox 647 3739 810 3804; x_wconf 91' lang='lat' dir='ltr'><strong>malo,</strong></span> <span class='ocrx_word' id='word_1_387' title='bbox 854 3739 1251 3799; x_wconf 88' lang='lat' dir='ltr'><strong>firmamentum</strong></span> <span class='ocrx_word' id='word_1_388' title='bbox 1296 3730 1477 3814; x_wconf 88' lang='lat' dir='ltr'><strong>posuit</strong></span> <span class='ocrx_word' id='word_1_389' title='bbox 1522 3746 1579 3799; x_wconf 90' lang='lat' dir='ltr'><strong>in</strong></span> <span class='ocrx_word' id='word_1_390' title='bbox 1626 3740 1825 3813; x_wconf 86' lang='lat' dir='ltr'><strong>medio,</strong></span> 
     </span>
    </p>
   </div>
   <div class='ocr_carea' id='block_1_55' title="bbox 274 3830 1825 3911">
    <p class='ocr_par' dir='ltr' id='par_1_55' title="bbox 274 3830 1825 3911">
     <span class='ocr_line' id='line_1_55' title="bbox 274 3830 1825 3911; baseline 0.01 -29"><span class='ocrx_word' id='word_1_391' title='bbox 274 3845 387 3899; x_wconf 91' lang='lat' dir='ltr'><strong>quo</strong></span> <span class='ocrx_word' id='word_1_392' title='bbox 415 3830 650 3886; x_wconf 87' lang='lat' dir='ltr'><strong>alienum</strong></span> <span class='ocrx_word' id='word_1_393' title='bbox 682 3848 710 3887; x_wconf 91' lang='lat' dir='ltr'><strong>a</strong></span> <span class='ocrx_word' id='word_1_394' title='bbox 754 3849 812 3889; x_wconf 91' lang='lat' dir='ltr'><strong>se</strong></span> <span class='ocrx_word' id='word_1_395' title='bbox 853 3850 974 3909; x_wconf 79' lang='lat' dir='ltr'><strong>esse</strong></span> <span class='ocrx_word' id='word_1_396' title='bbox 1017 3837 1339 3906; x_wconf 76' lang='lat' dir='ltr'><strong>patefaceret</strong></span> <span class='ocrx_word' id='word_1_397' title='bbox 1369 3840 1482 3910; x_wconf 80' lang='grc' dir='ltr'><strong>(Η)</strong></span> <span class='ocrx_word' id='word_1_398' title='bbox 1510 3840 1825 3911; x_wconf 80' lang='lat' dir='ltr'><strong>malignum.</strong></span> 
     </span>
    </p>
   </div>
   <div class='ocr_carea' id='block_1_56' title="bbox 275 3921 1831 4000">
    <p class='ocr_par' dir='ltr' id='par_1_56' title="bbox 275 3921 1831 4000">
     <span class='ocr_line' id='line_1_56' title="bbox 275 3921 1831 4000; baseline 0.01 -26"><span class='ocrx_word' id='word_1_399' title='bbox 275 3921 567 3977; x_wconf 75' lang='lat' dir='ltr'><strong>Archelaus</strong></span> <span class='ocrx_word' id='word_1_400' title='bbox 608 3924 745 3979; x_wconf 67' lang='lat' dir='ltr'><strong>dixit</strong></span> <span class='ocrx_word' id='word_1_401' title='bbox 773 3940 791 3979; x_wconf 93' lang='lat'><em>:</em></span> <span class='ocrx_word' id='word_1_402' title='bbox 822 3924 1116 3999; x_wconf 86' lang='lat' dir='ltr'><strong>Usquequo</strong></span> <span class='ocrx_word' id='word_1_403' title='bbox 1137 3930 1653 4000; x_wconf 76' lang='lat' dir='ltr'><strong>dignitatenominis</strong></span> <span class='ocrx_word' id='word_1_404' title='bbox 1682 3950 1831 3989; x_wconf 91' lang='lat' dir='ltr'><strong>men-</strong></span> 
     </span>
    </p>
   </div>
   <div class='ocr_carea' id='block_1_57' title="bbox 271 4000 1826 4092">
    <p class='ocr_par' dir='ltr' id='par_1_57' title="bbox 271 4000 1826 4092">
     <span class='ocr_line' id='line_1_57' title="bbox 271 4000 1826 4092; baseline 0.008 -27"><span class='ocrx_word' id='word_1_405' title='bbox 271 4010 433 4066; x_wconf 76' lang='lat' dir='ltr'><strong>tiris?</strong></span> <span class='ocrx_word' id='word_1_406' title='bbox 485 4012 653 4077; x_wconf 83' lang='lat' dir='ltr'><strong>Deum</strong></span> <span class='ocrx_word' id='word_1_407' title='bbox 685 4016 883 4079; x_wconf 64' lang='lat' dir='ltr'><strong>etenim</strong></span> <span class='ocrx_word' id='word_1_408' title='bbox 937 4000 1279 4072; x_wconf 75' lang='lat' dir='ltr'><strong>solummodo</strong></span> <span class='ocrx_word' id='word_1_409' title='bbox 1315 4020 1533 4076; x_wconf 77' lang='lat' dir='ltr'><strong>nomine</strong></span> <span class='ocrx_word' id='word_1_410' title='bbox 1568 4012 1826 4092; x_wconf 88' lang='lat' dir='ltr'><strong>appellas,</strong></span> 
     </span>
    </p>
   </div>
   <div class='ocr_carea' id='block_1_58' title="bbox 270 4102 1829 4185">
    <p class='ocr_par' dir='ltr' id='par_1_58' title="bbox 270 4102 1829 4185">
     <span class='ocr_line' id='line_1_58' title="bbox 270 4102 1829 4185; baseline 0.008 -30"><span class='ocrx_word' id='word_1_411' title='bbox 270 4112 328 4157; x_wconf 90' lang='lat' dir='ltr'><strong>et</strong></span> <span class='ocrx_word' id='word_1_412' title='bbox 361 4102 615 4156; x_wconf 85' lang='lat' dir='ltr'><strong>deitatem</strong></span> <span class='ocrx_word' id='word_1_413' title='bbox 661 4105 835 4174; x_wconf 85' lang='lat' dir='ltr'><strong>ipsius</strong></span> <span class='ocrx_word' id='word_1_414' title='bbox 878 4108 1132 4164; x_wconf 88' lang='lat' dir='ltr'><strong>humanis</strong></span> <span class='ocrx_word' id='word_1_415' title='bbox 1171 4107 1578 4166; x_wconf 80' lang='lat' dir='ltr'><strong>infirmitatibus</strong></span> <span class='ocrx_word' id='word_1_416' title='bbox 1615 4127 1829 4185; x_wconf 70' lang='lat' dir='ltr'><strong>compa-</strong></span> 
     </span>
    </p>
   </div>
   <div class='ocr_carea' id='block_1_59' title="bbox 271 4182 1827 4272">
    <p class='ocr_par' dir='ltr' id='par_1_59' title="bbox 271 4182 1827 4272">
     <span class='ocr_line' id='line_1_59' title="bbox 271 4182 1827 4272; baseline 0.008 -23"><span class='ocrx_word' id='word_1_417' title='bbox 271 4210 385 4249; x_wconf 87' lang='lat' dir='ltr'><strong>ras.</strong></span> <span class='ocrx_word' id='word_1_418' title='bbox 423 4194 732 4265; x_wconf 78' lang='lat' dir='ltr'><strong>Aliquando</strong></span> <span class='ocrx_word' id='word_1_419' title='bbox 773 4213 842 4251; x_wconf 89' lang='lat' dir='ltr'><strong>ex</strong></span> <span class='ocrx_word' id='word_1_420' title='bbox 883 4215 991 4254; x_wconf 91' lang='lat' dir='ltr'><strong>non</strong></span> <span class='ocrx_word' id='word_1_421' title='bbox 1032 4201 1393 4265; x_wconf 88' lang='lat' dir='ltr'><strong>exstantibus,</strong></span> <span class='ocrx_word' id='word_1_422' title='bbox 1427 4201 1721 4272; x_wconf 87' lang='lat' dir='ltr'><strong>aliquando</strong></span> <span class='ocrx_word' id='word_1_423' title='bbox 1740 4182 1827 4261; x_wconf 64' lang='lat' dir='ltr'><strong>ex</strong></span> 
     </span>
    </p>
   </div>
   <div class='ocr_carea' id='block_1_60' title="bbox 272 4285 1828 4365">
    <p class='ocr_par' dir='ltr' id='par_1_60' title="bbox 272 4285 1828 4365">
     <span class='ocr_line' id='line_1_60' title="bbox 272 4285 1828 4365; baseline 0.008 -25"><span class='ocrx_word' id='word_1_424' title='bbox 272 4285 513 4354; x_wconf 85' lang='lat' dir='ltr'><strong>subjecta</strong></span> <span class='ocrx_word' id='word_1_425' title='bbox 548 4288 792 4365; x_wconf 85' lang='lat' dir='ltr'><strong>materia,</strong></span> <span class='ocrx_word' id='word_1_426' title='bbox 830 4305 951 4359; x_wconf 77' lang='lat' dir='ltr'><strong>qua:</strong></span> <span class='ocrx_word' id='word_1_427' title='bbox 972 4291 1189 4360; x_wconf 84' lang='lat' dir='ltr'><strong>quidem</strong></span> <span class='ocrx_word' id='word_1_428' title='bbox 1232 4301 1354 4346; x_wconf 88' lang='lat' dir='ltr'><strong>ante</strong></span> <span class='ocrx_word' id='word_1_429' title='bbox 1382 4308 1440 4347; x_wconf 89' lang='lat' dir='ltr'><strong>se</strong></span> <span class='ocrx_word' id='word_1_430' title='bbox 1464 4291 1647 4360; x_wconf 83' lang='lat' dir='ltr'><strong>fuerit,</strong></span> <span class='ocrx_word' id='word_1_431' title='bbox 1682 4310 1828 4351; x_wconf 86' lang='lat' dir='ltr'><strong>asse-</strong></span> 
     </span>
    </p>
   </div>
   <div class='ocr_carea' id='block_1_61' title="bbox 270 4378 1825 4444">
    <p class='ocr_par' dir='ltr' id='par_1_61' title="bbox 270 4378 1825 4444">
     <span class='ocr_line' id='line_1_61' title="bbox 270 4378 1825 4444; baseline 0.006 -13"><span class='ocrx_word' id='word_1_432' title='bbox 270 4378 352 4431; x_wconf 86' lang='lat' dir='ltr'><strong>ris</strong></span> <span class='ocrx_word' id='word_1_433' title='bbox 377 4378 729 4444; x_wconf 86' lang='lat' dir='ltr'><strong>exstruxisse,</strong></span> <span class='ocrx_word' id='word_1_434' title='bbox 760 4388 820 4433; x_wconf 92' lang='lat' dir='ltr'><strong>ut</strong></span> <span class='ocrx_word' id='word_1_435' title='bbox 848 4381 1093 4437; x_wconf 88' lang='lat' dir='ltr'><strong>homines</strong></span> <span class='ocrx_word' id='word_1_436' title='bbox 1119 4382 1293 4436; x_wconf 86' lang='lat' dir='ltr'><strong>solent</strong></span> <span class='ocrx_word' id='word_1_437' title='bbox 1319 4391 1703 4441; x_wconf 90' lang='lat' dir='ltr'><strong>exstructores.</strong></span> <span class='ocrx_word' id='word_1_438' title='bbox 1738 4386 1825 4441; x_wconf 83' lang='lat' dir='ltr'><strong>ln-</strong></span> 
     </span>
    </p>
   </div>
   <div class='ocr_carea' id='block_1_62' title="bbox 270 4466 1824 4540">
    <p class='ocr_par' dir='ltr' id='par_1_62' title="bbox 270 4466 1824 4540">
     <span class='ocr_line' id='line_1_62' title="bbox 270 4466 1824 4540; baseline 0.007 -19"><span class='ocrx_word' id='word_1_439' title='bbox 270 4466 493 4540; x_wconf 26' lang='lat' dir='ltr'><strong>terdum.</strong></span> <span class='ocrx_word' id='word_1_440' title='bbox 512 4467 672 4522; x_wconf 89' lang='lat' dir='ltr'><strong>etiam</strong></span> <span class='ocrx_word' id='word_1_441' title='bbox 702 4484 824 4524; x_wconf 87' lang='lat' dir='ltr'><strong>eum</strong></span> <span class='ocrx_word' id='word_1_442' title='bbox 858 4471 1126 4537; x_wconf 90' lang='lat' dir='ltr'><strong>timidum,</strong></span> <span class='ocrx_word' id='word_1_443' title='bbox 1163 4473 1427 4527; x_wconf 88' lang='lat' dir='ltr'><strong>interdum</strong></span> <span class='ocrx_word' id='word_1_444' title='bbox 1463 4484 1516 4528; x_wconf 92' lang='lat' dir='ltr'><strong>et</strong></span> <span class='ocrx_word' id='word_1_445' title='bbox 1556 4479 1824 4532; x_wconf 84' lang='lat' dir='ltr'><strong>converti-</strong></span> 
     </span>
    </p>
   </div>
   <div class='ocr_carea' id='block_1_63' title="bbox 1945 2006 3497 2081">
    <p class='ocr_par' dir='ltr' id='par_1_63' title="bbox 1945 2006 3497 2081">
     <span class='ocr_line' id='line_1_63' title="bbox 1945 2006 3497 2081; baseline -0.001 -11"><span class='ocrx_word' id='word_1_446' title='bbox 1945 2016 2046 2071; x_wconf 90' lang='lat' dir='ltr'><strong>bus</strong></span> <span class='ocrx_word' id='word_1_447' title='bbox 2091 2032 2277 2072; x_wconf 89' lang='lat' dir='ltr'><strong>muros</strong></span> <span class='ocrx_word' id='word_1_448' title='bbox 2324 2025 2553 2070; x_wconf 92' lang='lat' dir='ltr'><strong>conatur</strong></span> <span class='ocrx_word' id='word_1_449' title='bbox 2597 2006 2862 2081; x_wconf 75' lang='lat' dir='ltr'><strong>evertere;</strong></span> <span class='ocrx_word' id='word_1_450' title='bbox 2908 2021 2963 2067; x_wconf 87' lang='lat' dir='ltr'><strong>et</strong></span> <span class='ocrx_word' id='word_1_451' title='bbox 3010 2030 3134 2067; x_wconf 91' lang='lat' dir='ltr'><strong>cum</strong></span> <span class='ocrx_word' id='word_1_452' title='bbox 3182 2014 3497 2081; x_wconf 79' lang='lat' dir='ltr'><strong>obtinuerit,</strong></span> 
     </span>
    </p>
   </div>
   <div class='ocr_carea' id='block_1_64' title="bbox 1945 2090 3503 2183">
    <p class='ocr_par' dir='ltr' id='par_1_64' title="bbox 1945 2090 3503 2183">
     <span class='ocr_line' id='line_1_64' title="bbox 1945 2090 3503 2183; baseline -0.001 -22"><span class='ocrx_word' id='word_1_453' title='bbox 1945 2116 2057 2161; x_wconf 90' lang='lat' dir='ltr'><strong>tum</strong></span> <span class='ocrx_word' id='word_1_454' title='bbox 2086 2107 2631 2183; x_wconf 74' lang='lat' dir='ltr'><strong>demumingressus,</strong></span> <span class='ocrx_word' id='word_1_455' title='bbox 2666 2090 2797 2175; x_wconf 60' lang='lat' dir='ltr'><strong>qua</strong></span> <span class='ocrx_word' id='word_1_456' title='bbox 2822 2101 3059 2171; x_wconf 83' lang='lat' dir='ltr'><strong>libuerit,</strong></span> <span class='ocrx_word' id='word_1_457' title='bbox 3099 2108 3228 2176; x_wconf 85' lang='lat' dir='ltr'><strong>agit,</strong></span> <span class='ocrx_word' id='word_1_458' title='bbox 3260 2107 3374 2161; x_wconf 90' lang='lat' dir='ltr'><strong>sive</strong></span> <span class='ocrx_word' id='word_1_459' title='bbox 3411 2120 3503 2160; x_wconf 86' lang='lat' dir='ltr'><strong>ca-</strong></span> 
     </span>
    </p>
   </div>
   <div class='ocr_carea' id='block_1_65' title="bbox 1943 2182 3497 2266">
    <p class='ocr_par' dir='ltr' id='par_1_65' title="bbox 1943 2182 3497 2266">
     <span class='ocr_line' id='line_1_65' title="bbox 1943 2182 3497 2266; baseline 0 -15"><span class='ocrx_word' id='word_1_460' title='bbox 1943 2199 2117 2266; x_wconf 89' lang='lat' dir='ltr'><strong>ptivos</strong></span> <span class='ocrx_word' id='word_1_461' title='bbox 2148 2198 2316 2265; x_wconf 88' lang='lat' dir='ltr'><strong>placet</strong></span> <span class='ocrx_word' id='word_1_462' title='bbox 2334 2182 2480 2253; x_wconf 82' lang='lat' dir='ltr'><strong>cives</strong></span> <span class='ocrx_word' id='word_1_463' title='bbox 2500 2199 2788 2258; x_wconf 86' lang='lat' dir='ltr'><strong>abducere.</strong></span> <span class='ocrx_word' id='word_1_464' title='bbox 2810 2198 2929 2252; x_wconf 81' lang='lat' dir='ltr'><strong>sive</strong></span> <span class='ocrx_word' id='word_1_465' title='bbox 2949 2207 3143 2252; x_wconf 88' lang='lat' dir='ltr'><strong>cuncta</strong></span> <span class='ocrx_word' id='word_1_466' title='bbox 3166 2199 3497 2265; x_wconf 79' lang='lat' dir='ltr'><strong>subvertere,</strong></span> 
     </span>
    </p>
   </div>
   <div class='ocr_carea' id='block_1_66' title="bbox 1944 2286 3497 2359">
    <p class='ocr_par' dir='ltr' id='par_1_66' title="bbox 1944 2286 3497 2359">
     <span class='ocr_line' id='line_1_66' title="bbox 1944 2286 3497 2359; baseline 0.003 -20"><span class='ocrx_word' id='word_1_467' title='bbox 1944 2295 2035 2359; x_wconf 89' lang='lat' dir='ltr'><strong>aut</strong></span> <span class='ocrx_word' id='word_1_468' title='bbox 2063 2288 2247 2351; x_wconf 81' lang='lat' dir='ltr'><strong>etiam,</strong></span> <span class='ocrx_word' id='word_1_469' title='bbox 2280 2288 2323 2341; x_wconf 91' lang='lat' dir='ltr'><strong>si</strong></span> <span class='ocrx_word' id='word_1_470' title='bbox 2354 2288 2632 2355; x_wconf 90' lang='lat' dir='ltr'><strong>placuerit,</strong></span> <span class='ocrx_word' id='word_1_471' title='bbox 2664 2296 2883 2355; x_wconf 81' lang='lat' dir='ltr'><strong>rogatus</strong></span> <span class='ocrx_word' id='word_1_472' title='bbox 2910 2286 3166 2355; x_wconf 90' lang='lat' dir='ltr'><strong>indulget.</strong></span> <span class='ocrx_word' id='word_1_473' title='bbox 3200 2286 3336 2352; x_wconf 84' lang='lat' dir='ltr'><strong>Quid</strong></span> <span class='ocrx_word' id='word_1_474' title='bbox 3364 2300 3497 2357; x_wconf 82' lang='lat' dir='ltr'><strong>ergo</strong></span> 
     </span>
    </p>
   </div>
   <div class='ocr_carea' id='block_1_67' title="bbox 1940 2372 3498 2444">
    <p class='ocr_par' dir='ltr' id='par_1_67' title="bbox 1940 2372 3498 2444">
     <span class='ocr_line' id='line_1_67' title="bbox 1940 2372 3498 2444; baseline 0.001 -16"><span class='ocrx_word' id='word_1_475' title='bbox 1940 2375 2070 2428; x_wconf 89' lang='lat' dir='ltr'><strong>dicit</strong></span> <span class='ocrx_word' id='word_1_476' title='bbox 2103 2376 2241 2429; x_wconf 71' lang='lat' dir='ltr'><strong>iste?</strong></span> <span class='ocrx_word' id='word_1_477' title='bbox 2265 2374 2383 2429; x_wconf 89' lang='lat' dir='ltr'><strong>Non</strong></span> <span class='ocrx_word' id='word_1_478' title='bbox 2422 2376 2748 2439; x_wconf 87' lang='lat' dir='ltr'><strong>substantia,</strong></span> <span class='ocrx_word' id='word_1_479' title='bbox 2791 2375 2842 2426; x_wconf 92' lang='lat' dir='ltr'><strong>id</strong></span> <span class='ocrx_word' id='word_1_480' title='bbox 2874 2384 2958 2428; x_wconf 90' lang='lat' dir='ltr'><strong>est</strong></span> <span class='ocrx_word' id='word_1_481' title='bbox 2998 2372 3276 2444; x_wconf 88' lang='lat' dir='ltr'><strong>proposito</strong></span> <span class='ocrx_word' id='word_1_482' title='bbox 3304 2372 3498 2431; x_wconf 81' lang='lat' dir='ltr'><strong>adver-</strong></span> 
     </span>
    </p>
   </div>
   <div class='ocr_carea' id='block_1_68' title="bbox 1940 2465 3495 2536">
    <p class='ocr_par' dir='ltr' id='par_1_68' title="bbox 1940 2465 3495 2536">
     <span class='ocr_line' id='line_1_68' title="bbox 1940 2465 3495 2536; baseline 0.001 -17"><span class='ocrx_word' id='word_1_483' title='bbox 1940 2466 2119 2519; x_wconf 88' lang='lat' dir='ltr'><strong>sarius</strong></span> <span class='ocrx_word' id='word_1_484' title='bbox 2156 2468 2279 2535; x_wconf 91' lang='lat' dir='ltr'><strong>quis</strong></span> <span class='ocrx_word' id='word_1_485' title='bbox 2313 2466 2521 2535; x_wconf 67' lang='lat' dir='ltr'><strong>dejczit,</strong></span> <span class='ocrx_word' id='word_1_486' title='bbox 2552 2467 2695 2535; x_wconf 86' lang='lat' dir='ltr'><strong>quod</strong></span> <span class='ocrx_word' id='word_1_487' title='bbox 2722 2466 3061 2535; x_wconf 90' lang='lat' dir='ltr'><strong>interjectum</strong></span> <span class='ocrx_word' id='word_1_488' title='bbox 3096 2465 3271 2520; x_wconf 84' lang='lat' dir='ltr'><strong>fuerat</strong></span> <span class='ocrx_word' id='word_1_489' title='bbox 3312 2468 3495 2536; x_wconf 38' lang='lat' dir='ltr'><strong>muni-ﬁ</strong></span> 
     </span>
    </p>
   </div>
   <div class='ocr_carea' id='block_1_69' title="bbox 1942 2554 3493 2627">
    <p class='ocr_par' dir='ltr' id='par_1_69' title="bbox 1942 2554 3493 2627">
     <span class='ocr_line' id='line_1_69' title="bbox 1942 2554 3493 2627; baseline 0.002 -19"><span class='ocrx_word' id='word_1_490' title='bbox 1942 2565 2179 2610; x_wconf 90' lang='lat' dir='ltr'><strong>mentum</strong></span> <span class='ocrx_word' id='word_1_491' title='bbox 2205 2577 2217 2611; x_wconf 87' lang='lat'>:</span> <span class='ocrx_word' id='word_1_492' title='bbox 2247 2557 2303 2610; x_wconf 92' lang='lat' dir='ltr'><strong>in</strong></span> <span class='ocrx_word' id='word_1_493' title='bbox 2338 2556 2756 2627; x_wconf 60' lang='lat' dir='ltr'><strong>prmisedentibus</strong></span> <span class='ocrx_word' id='word_1_494' title='bbox 2776 2557 2918 2611; x_wconf 90' lang='lat' dir='ltr'><strong>enim</strong></span> <span class='ocrx_word' id='word_1_495' title='bbox 2954 2554 3229 2625; x_wconf 86' lang='lat' dir='ltr'><strong>professus</strong></span> <span class='ocrx_word' id='word_1_496' title='bbox 3252 2563 3335 2609; x_wconf 87' lang='lat' dir='ltr'><strong>est</strong></span> <span class='ocrx_word' id='word_1_497' title='bbox 3362 2557 3493 2626; x_wconf 82' lang='lat' dir='ltr'><strong>quia</strong></span> 
     </span>
    </p>
   </div>
   <div class='ocr_carea' id='block_1_70' title="bbox 1940 2644 3495 2718">
    <p class='ocr_par' dir='ltr' id='par_1_70' title="bbox 1940 2644 3495 2718">
     <span class='ocr_line' id='line_1_70' title="bbox 1940 2644 3495 2718; baseline 0.001 -19"><span class='ocrx_word' id='word_1_498' title='bbox 1940 2647 2353 2715; x_wconf 89' lang='lat' dir='ltr'><strong>supervenerint</strong></span> <span class='ocrx_word' id='word_1_499' title='bbox 2397 2648 2631 2703; x_wconf 56' lang='lat' dir='ltr'><strong>tenebrae</strong></span> <span class='ocrx_word' id='word_1_500' title='bbox 2680 2664 2744 2703; x_wconf 89' lang='lat' dir='ltr'><strong>ex</strong></span> <span class='ocrx_word' id='word_1_501' title='bbox 2774 2648 3005 2718; x_wconf 84' lang='lat' dir='ltr'><strong>propriis</strong></span> <span class='ocrx_word' id='word_1_502' title='bbox 3049 2648 3247 2701; x_wconf 80' lang='lat' dir='ltr'><strong>finibus</strong></span> <span class='ocrx_word' id='word_1_503' title='bbox 3296 2644 3349 2700; x_wconf 87' lang='lat' dir='ltr'><strong>in</strong></span> <span class='ocrx_word' id='word_1_504' title='bbox 3402 2661 3495 2700; x_wconf 79' lang='lat' dir='ltr'><strong>ro-</strong></span> 
     </span>
    </p>
   </div>
   <div class='ocr_carea' id='block_1_71' title="bbox 1940 2736 3496 2810">
    <p class='ocr_par' dir='ltr' id='par_1_71' title="bbox 1940 2736 3496 2810">
     <span class='ocr_line' id='line_1_71' title="bbox 1940 2736 3496 2810; baseline 0 -20"><span class='ocrx_word' id='word_1_505' title='bbox 1940 2754 2103 2806; x_wconf 79' lang='lat' dir='ltr'><strong>gnum</strong></span> <span class='ocrx_word' id='word_1_506' title='bbox 2150 2736 2243 2793; x_wconf 90' lang='lat' dir='ltr'><strong>Dei</strong></span> <span class='ocrx_word' id='word_1_507' title='bbox 2293 2740 2439 2794; x_wconf 91' lang='lat' dir='ltr'><strong>boni.</strong></span> <span class='ocrx_word' id='word_1_508' title='bbox 2493 2738 2628 2803; x_wconf 85' lang='lat' dir='ltr'><strong>Oiis</strong></span> <span class='ocrx_word' id='word_1_509' title='bbox 2665 2740 2816 2810; x_wconf 86' lang='lat' dir='ltr'><strong>prius</strong></span> <span class='ocrx_word' id='word_1_510' title='bbox 2860 2739 3056 2805; x_wconf 76' lang='lat' dir='ltr'><strong>dejecit</strong></span> <span class='ocrx_word' id='word_1_511' title='bbox 3093 2736 3496 2791; x_wconf 80' lang='lat' dir='ltr'><strong>munitionem?</strong></span> 
     </span>
    </p>
   </div>
   <div class='ocr_carea' id='block_1_72' title="bbox 1939 2829 3493 2900">
    <p class='ocr_par' dir='ltr' id='par_1_72' title="bbox 1939 2829 3493 2900">
     <span class='ocr_line' id='line_1_72' title="bbox 1939 2829 3493 2900; baseline -0.001 -16"><span class='ocrx_word' id='word_1_512' title='bbox 1939 2830 2287 2900; x_wconf 62' lang='lat' dir='ltr'><strong>lmpossibile&#39;</strong></span> <span class='ocrx_word' id='word_1_513' title='bbox 2320 2832 2463 2886; x_wconf 88' lang='lat' dir='ltr'><strong>enim</strong></span> <span class='ocrx_word' id='word_1_514' title='bbox 2520 2842 2632 2887; x_wconf 71' lang='lat' dir='ltr'><strong>e&#39;at</strong></span> <span class='ocrx_word' id='word_1_515' title='bbox 2667 2831 2869 2900; x_wconf 79' lang='lat' dir='ltr'><strong>ingredi</strong></span> <span class='ocrx_word' id='word_1_516' title='bbox 2920 2830 3143 2891; x_wconf 91' lang='lat' dir='ltr'><strong>malum,</strong></span> <span class='ocrx_word' id='word_1_517' title='bbox 3189 2829 3493 2883; x_wconf 82' lang='lat' dir='ltr'><strong>munitione</strong></span> 
     </span>
    </p>
   </div>
   <div class='ocr_carea' id='block_1_73' title="bbox 1938 2915 3495 2986">
    <p class='ocr_par' dir='ltr' id='par_1_73' title="bbox 1938 2915 3495 2986">
     <span class='ocr_line' id='line_1_73' title="bbox 1938 2915 3495 2986; baseline 0 -13"><span class='ocrx_word' id='word_1_518' title='bbox 1938 2928 2235 2975; x_wconf 86' lang='lat' dir='ltr'><strong>constante.</strong></span> <span class='ocrx_word' id='word_1_519' title='bbox 2259 2918 2611 2985; x_wconf 74' lang='lat' dir='ltr'><strong>Quidtatea?</strong></span> <span class='ocrx_word' id='word_1_520' title='bbox 2636 2918 2771 2986; x_wconf 86' lang='lat' dir='ltr'><strong>Quid</strong></span> <span class='ocrx_word' id='word_1_521' title='bbox 2806 2918 3036 2972; x_wconf 86' lang='lat' dir='ltr'><strong>moraris</strong></span> <span class='ocrx_word' id='word_1_522' title='bbox 3063 2926 3142 2978; x_wconf 90' lang='lat' dir='ltr'><strong>tu,</strong></span> <span class='ocrx_word' id='word_1_523' title='bbox 3167 2915 3495 2973; x_wconf 62' lang='lat' dir='ltr'><strong>Manichee?</strong></span> 
     </span>
    </p>
   </div>
   <div class='ocr_carea' id='block_1_74' title="bbox 1939 3007 3487 3079">
    <p class='ocr_par' dir='ltr' id='par_1_74' title="bbox 1939 3007 3487 3079">
     <span class='ocr_line' id='line_1_74' title="bbox 1939 3007 3487 3079; baseline 0.001 -16"><span class='ocrx_word' id='word_1_524' title='bbox 1939 3008 2163 3065; x_wconf 85' lang='lat' dir='ltr'><strong>Etiamsi</strong></span> <span class='ocrx_word' id='word_1_525' title='bbox 2191 3019 2245 3065; x_wconf 92' lang='lat' dir='ltr'><strong>tu</strong></span> <span class='ocrx_word' id='word_1_526' title='bbox 2270 3011 2505 3071; x_wconf 76' lang='lat' dir='ltr'><strong>differas.</strong></span> <span class='ocrx_word' id='word_1_527' title='bbox 2542 3010 2822 3079; x_wconf 83' lang='lat' dir='ltr'><strong>aggrediar</strong></span> <span class='ocrx_word' id='word_1_528' title='bbox 2848 3024 2965 3061; x_wconf 89' lang='lat' dir='ltr'><strong>mea</strong></span> <span class='ocrx_word' id='word_1_529' title='bbox 2995 3018 3207 3078; x_wconf 84' lang='lat' dir='ltr'><strong>sponte.</strong></span> <span class='ocrx_word' id='word_1_530' title='bbox 3246 3007 3305 3062; x_wconf 89' lang='lat' dir='ltr'><strong>Si</strong></span> <span class='ocrx_word' id='word_1_531' title='bbox 3341 3010 3487 3065; x_wconf 88' lang='lat' dir='ltr'><strong>enim</strong></span> 
     </span>
    </p>
   </div>
   <div class='ocr_carea' id='block_1_75' title="bbox 1937 3100 3482 3179">
    <p class='ocr_par' dir='ltr' id='par_1_75' title="bbox 1937 3100 3482 3179">
     <span class='ocr_line' id='line_1_75' title="bbox 1937 3100 3482 3179; baseline 0.001 -24"><span class='ocrx_word' id='word_1_532' title='bbox 1937 3103 2161 3169; x_wconf 87' lang='lat' dir='ltr'><strong>dixeris,</strong></span> <span class='ocrx_word' id='word_1_533' title='bbox 2180 3105 2315 3179; x_wconf 50' lang='lat' dir='ltr'><strong>&#39;quia</strong></span> <span class='ocrx_word' id='word_1_534' title='bbox 2354 3103 2493 3157; x_wconf 80' lang='lat' dir='ltr'><strong>Deus</strong></span> <span class='ocrx_word' id='word_1_535' title='bbox 2517 3101 2863 3179; x_wconf 75' lang='lat' dir='ltr'><strong>destruxerit,</strong></span> <span class='ocrx_word' id='word_1_536' title='bbox 2896 3100 3179 3171; x_wconf 55' lang='lat' dir='ltr'><strong>requiram&quot;</strong></span> <span class='ocrx_word' id='word_1_537' title='bbox 3195 3102 3325 3173; x_wconf 87' lang='lat' dir='ltr'><strong>quid</strong></span> <span class='ocrx_word' id='word_1_538' title='bbox 3354 3117 3482 3173; x_wconf 85' lang='lat' dir='ltr'><strong>eum</strong></span> 
     </span>
    </p>
   </div>
   <div class='ocr_carea' id='block_1_76' title="bbox 1936 3175 3489 3262">
    <p class='ocr_par' dir='ltr' id='par_1_76' title="bbox 1936 3175 3489 3262">
     <span class='ocr_line' id='line_1_76' title="bbox 1936 3175 3489 3262; baseline 0.004 -20"><span class='ocrx_word' id='word_1_539' title='bbox 1936 3175 2187 3245; x_wconf 68' lang='lat' dir='ltr'><strong>moverit</strong></span> <span class='ocrx_word' id='word_1_540' title='bbox 2210 3192 2275 3245; x_wconf 87' lang='lat' dir='ltr'><strong>ad</strong></span> <span class='ocrx_word' id='word_1_541' title='bbox 2321 3192 2701 3246; x_wconf 85' lang='lat' dir='ltr'><strong>destruendum</strong></span> <span class='ocrx_word' id='word_1_542' title='bbox 2737 3175 2866 3257; x_wconf 80' lang='lat' dir='ltr'><strong>hoc,</strong></span> <span class='ocrx_word' id='word_1_543' title='bbox 2905 3193 3049 3261; x_wconf 89' lang='lat' dir='ltr'><strong>quod</strong></span> <span class='ocrx_word' id='word_1_544' title='bbox 3080 3193 3229 3262; x_wconf 91' lang='lat' dir='ltr'><strong>prius</strong></span> <span class='ocrx_word' id='word_1_545' title='bbox 3274 3201 3489 3262; x_wconf 71' lang='lat' dir='ltr'><strong>propter</strong></span> 
     </span>
    </p>
   </div>
   <div class='ocr_carea' id='block_1_77' title="bbox 1935 3279 3485 3353">
    <p class='ocr_par' dir='ltr' id='par_1_77' title="bbox 1935 3279 3485 3353">
     <span class='ocr_line' id='line_1_77' title="bbox 1935 3279 3485 3353; baseline 0.005 -22"><span class='ocrx_word' id='word_1_546' title='bbox 1935 3279 2391 3348; x_wconf 87' lang='lat' dir='ltr'><strong>importunitatem</strong></span> <span class='ocrx_word' id='word_1_547' title='bbox 2425 3281 2668 3350; x_wconf 84' lang='lat' dir='ltr'><strong>maligni,</strong></span> <span class='ocrx_word' id='word_1_548' title='bbox 2703 3292 2758 3336; x_wconf 87' lang='lat' dir='ltr'><strong>et</strong></span> <span class='ocrx_word' id='word_1_549' title='bbox 2804 3282 3202 3351; x_wconf 85' lang='lat' dir='ltr'><strong>separationem</strong></span> <span class='ocrx_word' id='word_1_550' title='bbox 3232 3284 3347 3353; x_wconf 78' lang='lat' dir='ltr'><strong>ipse</strong></span> <span class='ocrx_word' id='word_1_551' title='bbox 3386 3288 3485 3338; x_wconf 80' lang='lat' dir='ltr'><strong>ex-</strong></span> 
     </span>
    </p>
   </div>
   <div class='ocr_carea' id='block_1_78' title="bbox 1934 3367 3483 3442">
    <p class='ocr_par' dir='ltr' id='par_1_78' title="bbox 1934 3367 3483 3442">
     <span class='ocr_line' id='line_1_78' title="bbox 1934 3367 3483 3442; baseline 0.005 -19"><span class='ocrx_word' id='word_1_552' title='bbox 1934 3369 2248 3439; x_wconf 82' lang='lat' dir='ltr'><strong>struxerat?</strong></span> <span class='ocrx_word' id='word_1_553' title='bbox 2280 3367 2419 3435; x_wconf 86' lang='lat' dir='ltr'><strong>Quid</strong></span> <span class='ocrx_word' id='word_1_554' title='bbox 2455 3370 2647 3435; x_wconf 87' lang='lat' dir='ltr'><strong>iratus,</strong></span> <span class='ocrx_word' id='word_1_555' title='bbox 2685 3381 2779 3427; x_wconf 90' lang='lat' dir='ltr'><strong>aut</strong></span> <span class='ocrx_word' id='word_1_556' title='bbox 2807 3374 2932 3442; x_wconf 93' lang='lat' dir='ltr'><strong>quid</strong></span> <span class='ocrx_word' id='word_1_557' title='bbox 2966 3374 3146 3426; x_wconf 86' lang='lat' dir='ltr'><strong>damni</strong></span> <span class='ocrx_word' id='word_1_558' title='bbox 3173 3386 3483 3442; x_wconf 86' lang='lat' dir='ltr'><strong>perpessus,</strong></span> 
     </span>
    </p>
   </div>
   <div class='ocr_carea' id='block_1_79' title="bbox 1932 3449 3499 3533">
    <p class='ocr_par' dir='ltr' id='par_1_79' title="bbox 1932 3449 3499 3533">
     <span class='ocr_line' id='line_1_79' title="bbox 1932 3449 3499 3533; baseline 0.001 -21"><span class='ocrx_word' id='word_1_559' title='bbox 1932 3456 2215 3513; x_wconf 89' lang='lat' dir='ltr'><strong>adversum</strong></span> <span class='ocrx_word' id='word_1_560' title='bbox 2257 3476 2315 3514; x_wconf 91' lang='lat' dir='ltr'><strong>se</strong></span> <span class='ocrx_word' id='word_1_561' title='bbox 2344 3461 2456 3530; x_wconf 90' lang='lat' dir='ltr'><strong>ipse</strong></span> <span class='ocrx_word' id='word_1_562' title='bbox 2486 3477 2723 3533; x_wconf 82' lang='lat' dir='ltr'><strong>pugnare</strong></span> <span class='ocrx_word' id='word_1_563' title='bbox 2755 3463 3069 3518; x_wconf 87' lang='lat' dir='ltr'><strong>contendit?</strong></span> <span class='ocrx_word' id='word_1_564' title='bbox 3100 3463 3207 3515; x_wconf 85' lang='lat' dir='ltr'><strong>Aut</strong></span> <span class='ocrx_word' id='word_1_565' title='bbox 3239 3449 3499 3533; x_wconf 76' lang='lat' dir='ltr'><strong>nunquid.</strong></span> 
     </span>
    </p>
   </div>
   <div class='ocr_carea' id='block_1_80' title="bbox 1928 3548 3481 3622">
    <p class='ocr_par' dir='ltr' id='par_1_80' title="bbox 1928 3548 3481 3622">
     <span class='ocr_line' id='line_1_80' title="bbox 1928 3548 3481 3622; baseline 0.005 -20"><span class='ocrx_word' id='word_1_566' title='bbox 1928 3548 1996 3603; x_wconf 90' lang='lat' dir='ltr'><strong>de</strong></span> <span class='ocrx_word' id='word_1_567' title='bbox 2024 3550 2241 3619; x_wconf 86' lang='lat' dir='ltr'><strong>maligni</strong></span> <span class='ocrx_word' id='word_1_568' title='bbox 2279 3550 2629 3607; x_wconf 83' lang='lat' dir='ltr'><strong>facultatibus</strong></span> <span class='ocrx_word' id='word_1_569' title='bbox 2654 3552 2857 3622; x_wconf 88' lang='lat' dir='ltr'><strong>aliquid</strong></span> <span class='ocrx_word' id='word_1_570' title='bbox 2877 3552 3223 3620; x_wconf 82' lang='lat' dir='ltr'><strong>concupivit?</strong></span> <span class='ocrx_word' id='word_1_571' title='bbox 3251 3551 3404 3617; x_wconf 84' lang='lat' dir='ltr'><strong>Quod</strong></span> <span class='ocrx_word' id='word_1_572' title='bbox 3431 3553 3481 3609; x_wconf 80' lang='lat' dir='ltr'><strong>si</strong></span> 
     </span>
    </p>
   </div>
   <div class='ocr_carea' id='block_1_81' title="bbox 1931 3638 3485 3710">
    <p class='ocr_par' dir='ltr' id='par_1_81' title="bbox 1931 3638 3485 3710">
     <span class='ocr_line' id='line_1_81' title="bbox 1931 3638 3485 3710; baseline 0.005 -19"><span class='ocrx_word' id='word_1_573' title='bbox 1931 3639 2123 3694; x_wconf 85' lang='lat' dir='ltr'><strong>horum</strong></span> <span class='ocrx_word' id='word_1_574' title='bbox 2177 3641 2312 3695; x_wconf 65' lang='lat' dir='ltr'><strong>nihil</strong></span> <span class='ocrx_word' id='word_1_575' title='bbox 2359 3642 2409 3695; x_wconf 92' lang='lat' dir='ltr'><strong>in</strong></span> <span class='ocrx_word' id='word_1_576' title='bbox 2446 3658 2607 3695; x_wconf 83' lang='lat' dir='ltr'><strong>causa</strong></span> <span class='ocrx_word' id='word_1_577' title='bbox 2640 3651 2723 3694; x_wconf 87' lang='lat' dir='ltr'><strong>est</strong></span> <span class='ocrx_word' id='word_1_578' title='bbox 2760 3638 2871 3693; x_wconf 87' lang='lat' dir='ltr'><strong>Deo</strong></span> <span class='ocrx_word' id='word_1_579' title='bbox 2904 3640 3212 3695; x_wconf 82' lang='lat' dir='ltr'><strong>destruendi</strong></span> <span class='ocrx_word' id='word_1_580' title='bbox 3244 3656 3329 3703; x_wconf 86' lang='lat' dir='ltr'><strong>ea,</strong></span> <span class='ocrx_word' id='word_1_581' title='bbox 3360 3658 3485 3710; x_wconf 64' lang='lat' dir='ltr'><strong>qua</strong></span> 
     </span>
    </p>
   </div>
   <div class='ocr_carea' id='block_1_82' title="bbox 1923 3727 3465 3799">
    <p class='ocr_par' dir='ltr' id='par_1_82' title="bbox 1923 3727 3465 3799">
     <span class='ocr_line' id='line_1_82' title="bbox 1923 3727 3465 3799; baseline 0.003 -17"><span class='ocrx_word' id='word_1_582' title='bbox 1923 3727 2239 3796; x_wconf 84' lang='lat' dir='ltr'><strong>jamdudum</strong></span> <span class='ocrx_word' id='word_1_583' title='bbox 2266 3732 2331 3787; x_wconf 89' lang='lat' dir='ltr'><strong>ad</strong></span> <span class='ocrx_word' id='word_1_584' title='bbox 2361 3732 2701 3785; x_wconf 76' lang='lat' dir='ltr'><strong>alienandum</strong></span> <span class='ocrx_word' id='word_1_585' title='bbox 2734 3744 2762 3782; x_wconf 92' lang='lat' dir='ltr'><strong>a</strong></span> <span class='ocrx_word' id='word_1_586' title='bbox 2786 3744 2846 3783; x_wconf 89' lang='lat' dir='ltr'><strong>se</strong></span> <span class='ocrx_word' id='word_1_587' title='bbox 2876 3738 2930 3783; x_wconf 89' lang='lat' dir='ltr'><strong>et</strong></span> <span class='ocrx_word' id='word_1_588' title='bbox 2959 3733 3316 3799; x_wconf 86' lang='lat' dir='ltr'><strong>separandum</strong></span> <span class='ocrx_word' id='word_1_589' title='bbox 3347 3748 3465 3787; x_wconf 82' lang='lat' dir='ltr'><strong>ma-</strong></span> 
     </span>
    </p>
   </div>
   <div class='ocr_carea' id='block_1_83' title="bbox 1928 3808 3478 3891">
    <p class='ocr_par' dir='ltr' id='par_1_83' title="bbox 1928 3808 3478 3891">
     <span class='ocr_line' id='line_1_83' title="bbox 1928 3808 3478 3891; baseline 0.003 -17"><span class='ocrx_word' id='word_1_590' title='bbox 1928 3821 2037 3874; x_wconf 90' lang='lat' dir='ltr'><strong>lum</strong></span> <span class='ocrx_word' id='word_1_591' title='bbox 2070 3824 2183 3891; x_wconf 87' lang='lat' dir='ltr'><strong>ipse</strong></span> <span class='ocrx_word' id='word_1_592' title='bbox 2209 3828 2612 3884; x_wconf 79' lang='lat' dir='ltr'><strong>construxerat;</strong></span> <span class='ocrx_word' id='word_1_593' title='bbox 2643 3820 2916 3875; x_wconf 79' lang='lat' dir='ltr'><strong>illudnec</strong></span> <span class='ocrx_word' id='word_1_594' title='bbox 2962 3821 3157 3876; x_wconf 88' lang='lat' dir='ltr'><strong>mirum</strong></span> <span class='ocrx_word' id='word_1_595' title='bbox 3186 3808 3478 3890; x_wconf 79' lang='lat' dir='ltr'><strong>putandum</strong></span> 
     </span>
    </p>
   </div>
   <div class='ocr_carea' id='block_1_84' title="bbox 1927 3909 3482 3985">
    <p class='ocr_par' dir='ltr' id='par_1_84' title="bbox 1927 3909 3482 3985">
     <span class='ocr_line' id='line_1_84' title="bbox 1927 3909 3482 3985; baseline 0.001 -19"><span class='ocrx_word' id='word_1_596' title='bbox 1927 3920 2030 3975; x_wconf 90' lang='lat' dir='ltr'><strong>est,</strong></span> <span class='ocrx_word' id='word_1_597' title='bbox 2056 3913 2198 3982; x_wconf 86' lang='lat' dir='ltr'><strong>quod</strong></span> <span class='ocrx_word' id='word_1_598' title='bbox 2222 3913 2340 3981; x_wconf 87' lang='lat' dir='ltr'><strong>ejus</strong></span> <span class='ocrx_word' id='word_1_599' title='bbox 2372 3912 2649 3964; x_wconf 90' lang='lat' dir='ltr'><strong>consortio</strong></span> <span class='ocrx_word' id='word_1_600' title='bbox 2671 3910 2783 3980; x_wconf 76' lang='lat' dir='ltr'><strong>(l5)</strong></span> <span class='ocrx_word' id='word_1_601' title='bbox 2809 3909 2969 3966; x_wconf 88' lang='lat' dir='ltr'><strong>fuerit</strong></span> <span class='ocrx_word' id='word_1_602' title='bbox 2995 3912 3321 3985; x_wconf 76' lang='lat' dir='ltr'><strong>delectatus;</strong></span> <span class='ocrx_word' id='word_1_603' title='bbox 3354 3929 3482 3968; x_wconf 64' lang='lat' dir='ltr'><strong>mu-r</strong></span> 
     </span>
    </p>
   </div>
   <div class='ocr_carea' id='block_1_85' title="bbox 1928 4004 3480 4075">
    <p class='ocr_par' dir='ltr' id='par_1_85' title="bbox 1928 4004 3480 4075">
     <span class='ocr_line' id='line_1_85' title="bbox 1928 4004 3480 4075; baseline 0.003 -18"><span class='ocrx_word' id='word_1_604' title='bbox 1928 4006 2062 4059; x_wconf 88' lang='lat' dir='ltr'><strong>nitio</strong></span> <span class='ocrx_word' id='word_1_605' title='bbox 2088 4005 2229 4058; x_wconf 89' lang='lat' dir='ltr'><strong>enim</strong></span> <span class='ocrx_word' id='word_1_606' title='bbox 2274 4019 2395 4074; x_wconf 74' lang='lat' dir='ltr'><strong>qua:</strong></span> <span class='ocrx_word' id='word_1_607' title='bbox 2424 4004 2589 4059; x_wconf 85' lang='lat' dir='ltr'><strong>inissa</strong></span> <span class='ocrx_word' id='word_1_608' title='bbox 2626 4004 2801 4059; x_wconf 88' lang='lat' dir='ltr'><strong>fuerat</strong></span> <span class='ocrx_word' id='word_1_609' title='bbox 2828 4014 3045 4075; x_wconf 89' lang='lat' dir='ltr'><strong>propter</strong></span> <span class='ocrx_word' id='word_1_610' title='bbox 3076 4005 3200 4073; x_wconf 82' lang='lat' dir='ltr'><strong>hoc,</strong></span> <span class='ocrx_word' id='word_1_611' title='bbox 3254 4020 3321 4062; x_wconf 84' lang='lat' dir='ltr'><strong>ne</strong></span> <span class='ocrx_word' id='word_1_612' title='bbox 3361 4006 3480 4074; x_wconf 80' lang='lat' dir='ltr'><strong>ejus</strong></span> 
     </span>
    </p>
   </div>
   <div class='ocr_carea' id='block_1_86' title="bbox 1928 4091 3477 4165">
    <p class='ocr_par' dir='ltr' id='par_1_86' title="bbox 1928 4091 3477 4165">
     <span class='ocr_line' id='line_1_86' title="bbox 1928 4091 3477 4165; baseline 0.001 -17"><span class='ocrx_word' id='word_1_613' title='bbox 1928 4093 2231 4148; x_wconf 83' lang='lat' dir='ltr'><strong>molestiam</strong></span> <span class='ocrx_word' id='word_1_614' title='bbox 2277 4104 2571 4163; x_wconf 87' lang='lat' dir='ltr'><strong>pateretur,</strong></span> <span class='ocrx_word' id='word_1_615' title='bbox 2620 4095 2823 4149; x_wconf 86' lang='lat' dir='ltr'><strong>ideirco</strong></span> <span class='ocrx_word' id='word_1_616' title='bbox 2866 4095 3149 4151; x_wconf 76' lang='lat' dir='ltr'><strong>destructa</strong></span> <span class='ocrx_word' id='word_1_617' title='bbox 3184 4091 3477 4165; x_wconf 81' lang='lat' dir='ltr'><strong>videbitur,</strong></span> 
     </span>
    </p>
   </div>
   <div class='ocr_carea' id='block_1_87' title="bbox 1926 4184 3476 4257">
    <p class='ocr_par' dir='ltr' id='par_1_87' title="bbox 1926 4184 3476 4257">
     <span class='ocr_line' id='line_1_87' title="bbox 1926 4184 3476 4257; baseline 0.002 -19"><span class='ocrx_word' id='word_1_618' title='bbox 1926 4184 2179 4254; x_wconf 90' lang='lat' dir='ltr'><strong>quoniam</strong></span> <span class='ocrx_word' id='word_1_619' title='bbox 2209 4200 2316 4239; x_wconf 92' lang='lat' dir='ltr'><strong>non</strong></span> <span class='ocrx_word' id='word_1_620' title='bbox 2344 4185 2455 4255; x_wconf 89' lang='lat' dir='ltr'><strong>jam</strong></span> <span class='ocrx_word' id='word_1_621' title='bbox 2499 4188 2775 4249; x_wconf 84' lang='lat' dir='ltr'><strong>molestus,</strong></span> <span class='ocrx_word' id='word_1_622' title='bbox 2804 4185 2909 4239; x_wconf 62' lang='lat' dir='ltr'><strong>&quot;sed</strong></span> <span class='ocrx_word' id='word_1_623' title='bbox 2937 4187 3150 4245; x_wconf 83' lang='lat' dir='ltr'><strong>amicus</strong></span> <span class='ocrx_word' id='word_1_624' title='bbox 3173 4185 3293 4241; x_wconf 86' lang='lat' dir='ltr'><strong>fore</strong></span> <span class='ocrx_word' id='word_1_625' title='bbox 3318 4195 3476 4257; x_wconf 81' lang='lat' dir='ltr'><strong>puta-</strong></span> 
     </span>
    </p>
   </div>
   <div class='ocr_carea' id='block_1_88' title="bbox 1925 4272 3475 4352">
    <p class='ocr_par' dir='ltr' id='par_1_88' title="bbox 1925 4272 3475 4352">
     <span class='ocr_line' id='line_1_88' title="bbox 1925 4272 3475 4352; baseline 0.002 -24"><span class='ocrx_word' id='word_1_626' title='bbox 1925 4274 2085 4328; x_wconf 86' lang='lat' dir='ltr'><strong>bitur.</strong></span> <span class='ocrx_word' id='word_1_627' title='bbox 2125 4272 2278 4340; x_wconf 86' lang='lat' dir='ltr'><strong>Quod</strong></span> <span class='ocrx_word' id='word_1_628' title='bbox 2322 4279 2368 4330; x_wconf 90' lang='lat' dir='ltr'><strong>si</strong></span> <span class='ocrx_word' id='word_1_629' title='bbox 2418 4293 2447 4331; x_wconf 90' lang='lat' dir='ltr'><strong>a</strong></span> <span class='ocrx_word' id='word_1_630' title='bbox 2504 4278 2737 4346; x_wconf 85' lang='lat' dir='ltr'><strong>maligno</strong></span> <span class='ocrx_word' id='word_1_631' title='bbox 2773 4290 2983 4328; x_wconf 91' lang='lat' dir='ltr'><strong>murum</strong></span> <span class='ocrx_word' id='word_1_632' title='bbox 3024 4275 3336 4352; x_wconf 33' lang='lat' dir='ltr'><strong>dicasmesse</strong></span> <span class='ocrx_word' id='word_1_633' title='bbox 3376 4277 3475 4331; x_wconf 86' lang='lat' dir='ltr'><strong>de-</strong></span> 
     </span>
    </p>
   </div>
   <div class='ocr_carea' id='block_1_89' title="bbox 1925 4360 3475 4443">
    <p class='ocr_par' dir='ltr' id='par_1_89' title="bbox 1925 4360 3475 4443">
     <span class='ocr_line' id='line_1_89' title="bbox 1925 4360 3475 4443; baseline 0.001 -25"><span class='ocrx_word' id='word_1_634' title='bbox 1925 4372 2212 4431; x_wconf 84' lang='lat' dir='ltr'><strong>structum,</strong></span> <span class='ocrx_word' id='word_1_635' title='bbox 2250 4367 2523 4436; x_wconf 88' lang='lat' dir='ltr'><strong>quomodo</strong></span> <span class='ocrx_word' id='word_1_636' title='bbox 2558 4373 2784 4428; x_wconf 87' lang='lat' dir='ltr'><strong>possunt</strong></span> <span class='ocrx_word' id='word_1_637' title='bbox 2818 4365 2941 4418; x_wconf 90' lang='lat' dir='ltr'><strong>boni</strong></span> <span class='ocrx_word' id='word_1_638' title='bbox 2972 4365 3064 4443; x_wconf 61' lang='lat' dir='ltr'><strong>Opi</strong></span> <span class='ocrx_word' id='word_1_639' title='bbox 3084 4360 3317 4443; x_wconf 53' lang='grc' dir='ltr'>,φετξρ</span> <span class='ocrx_word' id='word_1_640' title='bbox 3341 4382 3475 4435; x_wconf 72' lang='lat' dir='ltr'><strong>.ma-</strong></span> 
     </span>
    </p>
   </div>
   <div class='ocr_carea' id='block_1_90' title="bbox 1924 4440 3474 4527">
    <p class='ocr_par' dir='ltr' id='par_1_90' title="bbox 1924 4440 3474 4527">
     <span class='ocr_line' id='line_1_90' title="bbox 1924 4440 3474 4527; baseline 0.003 -22"><span class='ocrx_word' id='word_1_641' title='bbox 1924 4452 2069 4522; x_wconf 92' lang='lat' dir='ltr'><strong>ligno</strong></span> <span class='ocrx_word' id='word_1_642' title='bbox 2095 4458 2337 4525; x_wconf 86' lang='lat' dir='ltr'><strong>superari</strong></span> <span class='ocrx_word' id='word_1_643' title='bbox 2361 4458 2385 4510; x_wconf 87' lang='lat'><strong>?</strong></span> <span class='ocrx_word' id='word_1_644' title='bbox 2406 4456 2641 4527; x_wconf 84' lang='lat' dir='ltr'><strong>alioquin</strong></span> <span class='ocrx_word' id='word_1_645' title='bbox 2670 4453 2861 4508; x_wconf 89' lang='lat' dir='ltr'><strong>fortior</strong></span> <span class='ocrx_word' id='word_1_646' title='bbox 2885 4454 2993 4509; x_wconf 89' lang='lat' dir='ltr'><strong>Deo</strong></span> <span class='ocrx_word' id='word_1_647' title='bbox 3026 4440 3330 4519; x_wconf 64' lang='lat' dir='ltr'><strong>invenietur</strong></span> <span class='ocrx_word' id='word_1_648' title='bbox 3356 4472 3474 4510; x_wconf 83' lang='lat' dir='ltr'><strong>ma-</strong></span> 
     </span>
    </p>
   </div>
   <div class='ocr_carea' id='block_1_91' title="bbox 268 4544 3473 4635">
    <p class='ocr_par' dir='ltr' id='par_1_91' title="bbox 268 4544 3473 4635">
     <span class='ocr_line' id='line_1_91' title="bbox 268 4544 3473 4635; baseline 0.002 -44"><span class='ocrx_word' id='word_1_649' title='bbox 268 4557 432 4613; x_wconf 64' lang='lat' dir='ltr'><strong>mcm</strong></span> <span class='ocrx_word' id='word_1_650' title='bbox 462 4558 631 4627; x_wconf 63' lang='lat' dir='ltr'><strong>dicis;</strong></span> <span class='ocrx_word' id='word_1_651' title='bbox 664 4557 757 4613; x_wconf 65' lang='lat' dir='ltr'><strong>De;</strong></span> <span class='ocrx_word' id='word_1_652' title='bbox 780 4570 866 4614; x_wconf 48' lang='lat' dir='ltr'><strong>est</strong></span> <span class='ocrx_word' id='word_1_653' title='bbox 890 4563 1033 4617; x_wconf 65' lang='lat' dir='ltr'><strong>enim</strong></span> <span class='ocrx_word' id='word_1_654' title='bbox 1057 4579 1234 4633; x_wconf 55' lang='lat' dir='ltr'><strong>agere,</strong></span> <span class='ocrx_word' id='word_1_655' title='bbox 1263 4578 1383 4631; x_wconf 55' lang='lat' dir='ltr'><strong>qua,</strong></span> <span class='ocrx_word' id='word_1_656' title='bbox 1411 4563 1503 4619; x_wconf 63' lang='lat' dir='ltr'><strong>Dei</strong></span> <span class='ocrx_word' id='word_1_657' title='bbox 1532 4578 1692 4635; x_wconf 62' lang='lat' dir='ltr'><strong>sum;</strong></span> <span class='ocrx_word' id='word_1_658' title='bbox 1725 4570 1823 4623; x_wconf 74' lang='lat' dir='ltr'><strong>h0_</strong></span> <span class='ocrx_word' id='word_1_659' title='bbox 1853 4564 1896 4618; x_wconf 68' lang='grc' dir='ltr'><strong>ι)</strong></span> <span class='ocrx_word' id='word_1_660' title='bbox 1924 4544 2064 4613; x_wconf 84' lang='lat' dir='ltr'><strong>ligna</strong></span> <span class='ocrx_word' id='word_1_661' title='bbox 2110 4556 2321 4601; x_wconf 89' lang='lat' dir='ltr'><strong>natura.</strong></span> <span class='ocrx_word' id='word_1_662' title='bbox 2364 4546 2645 4635; x_wconf 88' lang='lat' dir='ltr'><strong>Quomodo</strong></span> <span class='ocrx_word' id='word_1_663' title='bbox 2684 4554 2738 4600; x_wconf 91' lang='lat' dir='ltr'><strong>et</strong></span> <span class='ocrx_word' id='word_1_664' title='bbox 2779 4546 2912 4616; x_wconf 89' lang='lat' dir='ltr'><strong>ipse,</strong></span> <span class='ocrx_word' id='word_1_665' title='bbox 2959 4553 3084 4599; x_wconf 84' lang='lat' dir='ltr'><strong>eum</strong></span> <span class='ocrx_word' id='word_1_666' title='bbox 3136 4545 3206 4600; x_wconf 88' lang='lat' dir='ltr'><strong>sit</strong></span> <span class='ocrx_word' id='word_1_667' title='bbox 3249 4548 3473 4635; x_wconf 84' lang='lat' dir='ltr'><strong>omnino</strong></span> 
     </span>
    </p>
   </div>
   <div class='ocr_carea' id='block_1_92' title="bbox 267 4650 1826 4727">
    <p class='ocr_par' dir='ltr' id='par_1_92' title="bbox 267 4650 1826 4727">
     <span class='ocr_line' id='line_1_92' title="bbox 267 4650 1826 4727; baseline 0.01 -26"><span class='ocrx_word' id='word_1_668' title='bbox 267 4650 435 4704; x_wconf 88' lang='lat' dir='ltr'><strong>minis</strong></span> <span class='ocrx_word' id='word_1_669' title='bbox 466 4666 615 4717; x_wconf 89' lang='lat' dir='ltr'><strong>vero,</strong></span> <span class='ocrx_word' id='word_1_670' title='bbox 662 4668 782 4722; x_wconf 71' lang='lat' dir='ltr'><strong>qua:</strong></span> <span class='ocrx_word' id='word_1_671' title='bbox 825 4653 1060 4708; x_wconf 89' lang='lat' dir='ltr'><strong>humana</strong></span> <span class='ocrx_word' id='word_1_672' title='bbox 1112 4665 1269 4717; x_wconf 81' lang='lat' dir='ltr'><strong>sunt.</strong></span> <span class='ocrx_word' id='word_1_673' title='bbox 1306 4654 1361 4709; x_wconf 90' lang='lat' dir='ltr'><strong>Si</strong></span> <span class='ocrx_word' id='word_1_674' title='bbox 1392 4672 1520 4727; x_wconf 89' lang='lat' dir='ltr'><strong>ergo</strong></span> <span class='ocrx_word' id='word_1_675' title='bbox 1568 4657 1728 4722; x_wconf 85' lang='lat' dir='ltr'><strong>Deus,</strong></span> <span class='ocrx_word' id='word_1_676' title='bbox 1765 4672 1826 4716; x_wconf 90' lang='lat' dir='ltr'><strong>ut</strong></span> 
     </span>
    </p>
   </div>
   <div class='ocr_carea' id='block_1_93' title="bbox 267 4733 1821 4810">
    <p class='ocr_par' dir='ltr' id='par_1_93' title="bbox 267 4733 1821 4810">
     <span class='ocr_line' id='line_1_93' title="bbox 267 4733 1821 4810; baseline 0.012 -24"><span class='ocrx_word' id='word_1_677' title='bbox 267 4733 372 4798; x_wconf 88' lang='lat' dir='ltr'><strong>ais,</strong></span> <span class='ocrx_word' id='word_1_678' title='bbox 404 4751 619 4791; x_wconf 91' lang='lat' dir='ltr'><strong>murum</strong></span> <span class='ocrx_word' id='word_1_679' title='bbox 642 4739 963 4805; x_wconf 88' lang='lat' dir='ltr'><strong>construxit,</strong></span> <span class='ocrx_word' id='word_1_680' title='bbox 988 4741 1233 4795; x_wconf 87' lang='lat' dir='ltr'><strong>timidum</strong></span> <span class='ocrx_word' id='word_1_681' title='bbox 1263 4734 1451 4810; x_wconf 30' lang='lat' dir='ltr'><strong>se&#39;hic,</strong></span> <span class='ocrx_word' id='word_1_682' title='bbox 1477 4755 1529 4800; x_wconf 93' lang='lat' dir='ltr'><strong>et</strong></span> <span class='ocrx_word' id='word_1_683' title='bbox 1556 4749 1688 4803; x_wconf 89' lang='lat' dir='ltr'><strong>nihil</strong></span> <span class='ocrx_word' id='word_1_684' title='bbox 1716 4750 1821 4803; x_wconf 88' lang='lat' dir='ltr'><strong>for-</strong></span> 
     </span>
    </p>
   </div>
   <div class='ocr_carea' id='block_1_94' title="bbox 196 4826 1825 4909">
    <p class='ocr_par' dir='ltr' id='par_1_94' title="bbox 196 4826 1825 4909">
     <span class='ocr_line' id='line_1_94' title="bbox 196 4826 1825 4909; baseline 0.01 -30"><span class='ocrx_word' id='word_1_685' title='bbox 196 4876 211 4887; x_wconf 72' lang='lat'><strong>,</strong></span> <span class='ocrx_word' id='word_1_686' title='bbox 244 4826 521 4882; x_wconf 8' lang='lat' dir='ltr'><strong>stitudinis</strong></span> <span class='ocrx_word' id='word_1_687' title='bbox 554 4843 612 4883; x_wconf 89' lang='lat' dir='ltr'><strong>se</strong></span> <span class='ocrx_word' id='word_1_688' title='bbox 642 4829 840 4884; x_wconf 84' lang='lat' dir='ltr'><strong>habere</strong></span> <span class='ocrx_word' id='word_1_689' title='bbox 881 4829 1147 4900; x_wconf 88' lang='lat' dir='ltr'><strong>designat.</strong></span> <span class='ocrx_word' id='word_1_690' title='bbox 1188 4830 1402 4891; x_wconf 86' lang='lat' dir='ltr'><strong>Scimus</strong></span> <span class='ocrx_word' id='word_1_691' title='bbox 1427 4838 1570 4892; x_wconf 90' lang='lat' dir='ltr'><strong>enim</strong></span> <span class='ocrx_word' id='word_1_692' title='bbox 1608 4856 1825 4909; x_wconf 90' lang='lat' dir='ltr'><strong>semper</strong></span> 
     </span>
    </p>
   </div>
   <div class='ocr_carea' id='block_1_95' title="bbox 265 4917 1819 4988">
    <p class='ocr_par' dir='ltr' id='par_1_95' title="bbox 265 4917 1819 4988">
     <span class='ocr_line' id='line_1_95' title="bbox 265 4917 1819 4988; baseline 0.008 -17"><span class='ocrx_word' id='word_1_693' title='bbox 265 4930 386 4975; x_wconf 90' lang='lat' dir='ltr'><strong>eos,</strong></span> <span class='ocrx_word' id='word_1_694' title='bbox 429 4917 519 4985; x_wconf 89' lang='lat' dir='ltr'><strong>qui</strong></span> <span class='ocrx_word' id='word_1_695' title='bbox 571 4920 912 4988; x_wconf 84' lang='lat' dir='ltr'><strong>suspicantur</strong></span> <span class='ocrx_word' id='word_1_696' title='bbox 959 4922 1027 4975; x_wconf 88' lang='lat' dir='ltr'><strong>ab</strong></span> <span class='ocrx_word' id='word_1_697' title='bbox 1062 4925 1331 4979; x_wconf 88' lang='lat' dir='ltr'><strong>extraneis</strong></span> <span class='ocrx_word' id='word_1_698' title='bbox 1382 4928 1484 4981; x_wconf 90' lang='lat' dir='ltr'><strong>sibi</strong></span> <span class='ocrx_word' id='word_1_699' title='bbox 1534 4929 1691 4984; x_wconf 84' lang='lat' dir='ltr'><strong>dolos</strong></span> <span class='ocrx_word' id='word_1_700' title='bbox 1734 4932 1819 4984; x_wconf 91' lang='lat' dir='ltr'><strong>in-</strong></span> 
     </span>
    </p>
   </div>
   <div class='ocr_carea' id='block_1_96' title="bbox 265 5004 1821 5086">
    <p class='ocr_par' dir='ltr' id='par_1_96' title="bbox 265 5004 1821 5086">
     <span class='ocr_line' id='line_1_96' title="bbox 265 5004 1821 5086; baseline 0.011 -30"><span class='ocrx_word' id='word_1_701' title='bbox 265 5004 437 5068; x_wconf 86' lang='lat' dir='ltr'><strong>tendl,</strong></span> <span class='ocrx_word' id='word_1_702' title='bbox 468 5015 629 5075; x_wconf 89' lang='lat' dir='ltr'><strong>atque</strong></span> <span class='ocrx_word' id='word_1_703' title='bbox 658 5009 892 5064; x_wconf 90' lang='lat' dir='ltr'><strong>hostium</strong></span> <span class='ocrx_word' id='word_1_704' title='bbox 924 5018 1173 5064; x_wconf 85' lang='lat' dir='ltr'><strong>verentur</strong></span> <span class='ocrx_word' id='word_1_705' title='bbox 1196 5010 1457 5082; x_wconf 80' lang='lat' dir='ltr'><strong>insidias,</strong></span> <span class='ocrx_word' id='word_1_706' title='bbox 1502 5018 1602 5086; x_wconf 91' lang='lat' dir='ltr'><strong>ipsi</strong></span> <span class='ocrx_word' id='word_1_707' title='bbox 1647 5020 1821 5073; x_wconf 70' lang='lat' dir='ltr'><strong>solent</strong></span> 
     </span>
    </p>
   </div>
   <div class='ocr_carea' id='block_1_97' title="bbox 266 5092 1816 5178">
    <p class='ocr_par' dir='ltr' id='par_1_97' title="bbox 266 5092 1816 5178">
     <span class='ocr_line' id='line_1_97' title="bbox 266 5092 1816 5178; baseline 0.009 -31"><span class='ocrx_word' id='word_1_708' title='bbox 266 5092 434 5148; x_wconf 84' lang='lat' dir='ltr'><strong>urbes</strong></span> <span class='ocrx_word' id='word_1_709' title='bbox 460 5110 585 5151; x_wconf 89' lang='lat' dir='ltr'><strong>suas</strong></span> <span class='ocrx_word' id='word_1_710' title='bbox 629 5100 803 5154; x_wconf 90' lang='lat' dir='ltr'><strong>muris</strong></span> <span class='ocrx_word' id='word_1_711' title='bbox 846 5100 1213 5167; x_wconf 88' lang='lat' dir='ltr'><strong>circumdare;</strong></span> <span class='ocrx_word' id='word_1_712' title='bbox 1246 5103 1298 5155; x_wconf 92' lang='lat' dir='ltr'><strong>in</strong></span> <span class='ocrx_word' id='word_1_713' title='bbox 1329 5120 1439 5174; x_wconf 91' lang='lat' dir='ltr'><strong>quo</strong></span> <span class='ocrx_word' id='word_1_714' title='bbox 1474 5116 1524 5161; x_wconf 88' lang='lat' dir='ltr'><strong>et</strong></span> <span class='ocrx_word' id='word_1_715' title='bbox 1560 5108 1816 5178; x_wconf 88' lang='lat' dir='ltr'><strong>ignoran-</strong></span> 
     </span>
    </p>
   </div>
   <div class='ocr_carea' id='block_1_98' title="bbox 340 5246 1260 5323">
    <p class='ocr_par' dir='ltr' id='par_1_98' title="bbox 340 5246 1260 5323">
     <span class='ocr_line' id='line_1_98' title="bbox 340 5246 1260 5323; baseline 0.011 -22"><span class='ocrx_word' id='word_1_716' title='bbox 340 5246 385 5279; x_wconf 73' lang='lat'><strong>“</strong></span> <span class='ocrx_word' id='word_1_717' title='bbox 411 5246 604 5303; x_wconf 87' lang='lat' dir='ltr'><strong>Geues.</strong></span> <span class='ocrx_word' id='word_1_718' title='bbox 642 5265 681 5316; x_wconf 87' lang='lat' dir='ltr'><strong>I,</strong></span> <span class='ocrx_word' id='word_1_719' title='bbox 722 5252 776 5307; x_wconf 71' lang='grc'><strong>4.</strong></span> <span class='ocrx_word' id='word_1_720' title='bbox 849 5252 895 5287; x_wconf 81' lang='grc'><strong><em>³⁸</em></strong></span> <span class='ocrx_word' id='word_1_721' title='bbox 923 5252 1080 5310; x_wconf 85' lang='lat' dir='ltr'><strong>Joan.</strong></span> <span class='ocrx_word' id='word_1_722' title='bbox 1121 5270 1173 5323; x_wconf 86' lang='grc' dir='ltr'><strong>ι,</strong></span> <span class='ocrx_word' id='word_1_723' title='bbox 1206 5256 1260 5311; x_wconf 84' lang='grc'><strong>5.</strong></span> 
     </span>
    </p>
   </div>
   <div class='ocr_carea' id='block_1_99' title="bbox 341 5381 1741 5465">
    <p class='ocr_par' dir='ltr' id='par_1_99' title="bbox 341 5381 1741 5465">
     <span class='ocr_line' id='line_1_99' title="bbox 341 5381 1741 5465; baseline 0.011 -34"><span class='ocrx_word' id='word_1_724' title='bbox 341 5381 452 5465; x_wconf 49' lang='grc' dir='ltr'><strong>(ἔρ)</strong></span> <span class='ocrx_word' id='word_1_725' title='bbox 474 5385 549 5465; x_wconf 58' lang='grc' dir='ltr'><strong>λξη</strong></span> <span class='ocrx_word' id='word_1_726' title='bbox 579 5385 766 5465; x_wconf 79' lang='lat' dir='ltr'><strong>codice</strong></span> <span class='ocrx_word' id='word_1_727' title='bbox 784 5388 1096 5465; x_wconf 59' lang='lat' dir='ltr'><strong>pasinensi,</strong></span> <span class='ocrx_word' id='word_1_728' title='bbox 1129 5410 1147 5443; x_wconf 73' lang='grc' dir='ltr'>ι</span> <span class='ocrx_word' id='word_1_729' title='bbox 1178 5384 1466 5465; x_wconf 84' lang='lat' dir='ltr'><strong>utrumque</strong></span> <span class='ocrx_word' id='word_1_730' title='bbox 1498 5391 1741 5463; x_wconf 65' lang='lat' dir='ltr'><strong>majus.»</strong></span> 
     </span>
    </p>
   </div>
   <div class='ocr_carea' id='block_1_100' title="bbox 339 5448 1672 5592">
    <p class='ocr_par' dir='ltr' id='par_1_100' title="bbox 339 5448 1672 5592">
     <span class='ocr_line' id='line_1_100' title="bbox 339 5448 1672 5592; baseline 0.005 -85"><span class='ocrx_word' id='word_1_731' title='bbox 339 5448 452 5592; x_wconf 42' lang='lat'><strong>$11;</strong></span> <span class='ocrx_word' id='word_1_732' title='bbox 494 5452 547 5506; x_wconf 92' lang='lat' dir='ltr'><strong>In</strong></span> <span class='ocrx_word' id='word_1_733' title='bbox 573 5457 757 5509; x_wconf 89' lang='lat' dir='ltr'><strong>codice</strong></span> <span class='ocrx_word' id='word_1_734' title='bbox 777 5448 1129 5524; x_wconf 43' lang='lat' dir='ltr'><strong>Casinensiﬁ</strong></span> <span class='ocrx_word' id='word_1_735' title='bbox 1162 5448 1622 5532; x_wconf 27' lang='lat' dir='ltr'><strong>partum‘faiceret.</strong></span> <span class='ocrx_word' id='word_1_736' title='bbox 1654 5448 1672 5513; x_wconf 52' lang='grc' dir='ltr'>ᾧ</span> 
     </span>
     <span class='ocr_line' id='line_1_101' title="bbox 366 5521 1666 5592; baseline 0.008 -18"><span class='ocrx_word' id='word_1_737' title='bbox 366 5524 429 5575; x_wconf 75' lang='lat' dir='ltr'><strong>l2</strong></span> <span class='ocrx_word' id='word_1_738' title='bbox 490 5521 623 5577; x_wconf 81' lang='lat' dir='ltr'><strong>Nota</strong></span> <span class='ocrx_word' id='word_1_739' title='bbox 656 5524 904 5592; x_wconf 62' lang='lat' dir='ltr'><strong>Archelai</strong></span> <span class='ocrx_word' id='word_1_740' title='bbox 934 5540 1165 5592; x_wconf 59' lang='lat' dir='ltr'><strong>atatem,</strong></span> <span class='ocrx_word' id='word_1_741' title='bbox 1190 5545 1241 5586; x_wconf 90' lang='lat' dir='ltr'><strong>et</strong></span> <span class='ocrx_word' id='word_1_742' title='bbox 1266 5534 1461 5586; x_wconf 75' lang='lat' dir='ltr'><strong>habitae</strong></span> <span class='ocrx_word' id='word_1_743' title='bbox 1486 5533 1666 5592; x_wconf 76' lang='lat' dir='ltr'><strong>disput</strong></span> 
     </span>
    </p>
   </div>
   <div class='ocr_carea' id='block_1_101' title="bbox 308 5521 1811 5605">
    <p class='ocr_par' dir='ltr' id='par_1_101' title="bbox 308 5521 1811 5605">
     <span class='ocr_line' id='line_1_102' title="bbox 308 5521 1811 5605; baseline 0.009 -32"><span class='ocrx_word' id='word_1_744' title='bbox 308 5521 450 5605; x_wconf 47' lang='lat' dir='ltr'><strong>.(li)</strong></span> <span class='ocrx_word' id='word_1_745' title='bbox 490 5521 623 5577; x_wconf 81' lang='lat' dir='ltr'><strong>Nota</strong></span> <span class='ocrx_word' id='word_1_746' title='bbox 652 5524 904 5605; x_wconf 37' lang='lat' dir='ltr'><strong>Archelai</strong></span> <span class='ocrx_word' id='word_1_747' title='bbox 934 5521 1461 5605; x_wconf 59' lang='lat' dir='ltr'><strong>atatem,&#39;ethabit-.e</strong></span> <span class='ocrx_word' id='word_1_748' title='bbox 1486 5533 1811 5605; x_wconf 76' lang='lat' dir='ltr'><strong>disputatio-</strong></span> 
     </span>
    </p>
   </div>
   <div class='ocr_carea' id='block_1_102' title="bbox 265 5595 1817 5663">
    <p class='ocr_par' dir='ltr' id='par_1_102' title="bbox 265 5595 1817 5663">
     <span class='ocr_line' id='line_1_103' title="bbox 265 5595 1817 5663; baseline 0.006 -16"><span class='ocrx_word' id='word_1_749' title='bbox 265 5595 354 5647; x_wconf 89' lang='lat' dir='ltr'><strong>nis</strong></span> <span class='ocrx_word' id='word_1_750' title='bbox 376 5602 615 5663; x_wconf 80' lang='lat' dir='ltr'><strong>tempus;</strong></span> <span class='ocrx_word' id='word_1_751' title='bbox 652 5595 797 5663; x_wconf 78' lang='lat' dir='ltr'><strong>loqil&#39;i</strong></span> <span class='ocrx_word' id='word_1_752' title='bbox 842 5607 1019 5651; x_wconf 89' lang='lat' dir='ltr'><strong>autem</strong></span> <span class='ocrx_word' id='word_1_753' title='bbox 1058 5595 1379 5655; x_wconf 13' lang='lat' dir='ltr'><strong>hicvvidetur</strong></span> <span class='ocrx_word' id='word_1_754' title='bbox 1422 5595 1717 5655; x_wconf 80' lang='lat' dir='ltr'><strong>Archelaus</strong></span> <span class='ocrx_word' id='word_1_755' title='bbox 1751 5606 1817 5657; x_wconf 85' lang='lat' dir='ltr'><strong>de</strong></span> 
     </span>
    </p>
   </div>
   <div class='ocr_carea' id='block_1_103' title="bbox 266 5662 1812 5740">
    <p class='ocr_par' dir='ltr' id='par_1_103' title="bbox 266 5662 1812 5740">
     <span class='ocr_line' id='line_1_104' title="bbox 266 5662 1812 5740; baseline 0.006 -23"><span class='ocrx_word' id='word_1_756' title='bbox 266 5662 548 5740; x_wconf 71' lang='lat' dir='ltr'><strong>Ca_rrl_nis‘a_</strong></span> <span class='ocrx_word' id='word_1_757' title='bbox 567 5662 872 5740; x_wconf 76' lang='lat' dir='ltr'><strong>Persissuh</strong></span> <span class='ocrx_word' id='word_1_758' title='bbox 896 5668 1181 5740; x_wconf 76' lang='lat' dir='ltr'><strong>Valeriano</strong></span> <span class='ocrx_word' id='word_1_759' title='bbox 1210 5672 1450 5740; x_wconf 87' lang='lat' dir='ltr'><strong>Augusto</strong></span> <span class='ocrx_word' id='word_1_760' title='bbox 1474 5673 1812 5740; x_wconf 75' lang='lat' dir='ltr'><strong>expugnatis,</strong></span> 
     </span>
    </p>
   </div>
   <div class='ocr_carea' id='block_1_104' title="bbox 265 5733 1813 5808">
    <p class='ocr_par' dir='ltr' id='par_1_104' title="bbox 265 5733 1813 5808">
     <span class='ocr_line' id='line_1_105' title="bbox 265 5733 1813 5808; baseline 0.007 -25"><span class='ocrx_word' id='word_1_761' title='bbox 265 5733 703 5808; x_wconf 46' lang='lat' dir='ltr'><strong>veludeeisdem</strong></span> <span class='ocrx_word' id='word_1_762' title='bbox 752 5736 944 5808; x_wconf 74' lang='lat' dir='ltr'><strong>iterum</strong></span> <span class='ocrx_word' id='word_1_763' title='bbox 990 5740 1061 5790; x_wconf 89' lang='lat' dir='ltr'><strong>ab</strong></span> <span class='ocrx_word' id='word_1_764' title='bbox 1101 5733 1379 5808; x_wconf 64' lang='lat' dir='ltr'><strong>Odenafhp</strong></span> <span class='ocrx_word' id='word_1_765' title='bbox 1414 5733 1648 5793; x_wconf 74' lang='lat' dir='ltr'><strong>Orientis</strong></span> <span class='ocrx_word' id='word_1_766' title='bbox 1682 5733 1813 5808; x_wconf 71' lang='lat' dir='ltr'><strong>rege</strong></span> 
     </span>
    </p>
   </div>
   <div class='ocr_carea' id='block_1_105' title="bbox 264 5800 1812 5883">
    <p class='ocr_par' dir='ltr' id='par_1_105' title="bbox 264 5800 1812 5883">
     <span class='ocr_line' id='line_1_106' title="bbox 264 5800 1812 5883; baseline 0.005 -25"><span class='ocrx_word' id='word_1_767' title='bbox 264 5800 495 5858; x_wconf 78' lang='lat' dir='ltr'><strong>Gallieni</strong></span> <span class='ocrx_word' id='word_1_768' title='bbox 524 5804 864 5871; x_wconf 89' lang='lat' dir='ltr'><strong>imperatoris</strong></span> <span class='ocrx_word' id='word_1_769' title='bbox 890 5808 1223 5875; x_wconf 83' lang='lat' dir='ltr'><strong>temporibus</strong></span> <span class='ocrx_word' id='word_1_770' title='bbox 1254 5807 1306 5860; x_wconf 91' lang='lat' dir='ltr'><strong>in</strong></span> <span class='ocrx_word' id='word_1_771' title='bbox 1336 5804 1560 5862; x_wconf 71' lang='grc' dir='ltr'><strong>Βοωηηί</strong></span> <span class='ocrx_word' id='word_1_772' title='bbox 1602 5800 1812 5883; x_wconf 72' lang='lat' dir='ltr'><strong>imperii</strong></span> 
     </span>
    </p>
   </div>
   <div class='ocr_carea' id='block_1_106' title="bbox 1922 4634 3469 4705">
    <p class='ocr_par' dir='ltr' id='par_1_106' title="bbox 1922 4634 3469 4705">
     <span class='ocr_line' id='line_1_107' title="bbox 1922 4634 3469 4705; baseline -0.001 -17"><span class='ocrx_word' id='word_1_773' title='bbox 1922 4643 2067 4689; x_wconf 88' lang='lat' dir='ltr'><strong>totus</strong></span> <span class='ocrx_word' id='word_1_774' title='bbox 2112 4635 2364 4699; x_wconf 61' lang='lat' dir='ltr'><strong>tenebrae,</strong></span> <span class='ocrx_word' id='word_1_775' title='bbox 2412 4634 2519 4686; x_wconf 86' lang='lat' dir='ltr'><strong>luci</strong></span> <span class='ocrx_word' id='word_1_776' title='bbox 2570 4636 2901 4704; x_wconf 84' lang='lat' dir='ltr'><strong>supervenit,</strong></span> <span class='ocrx_word' id='word_1_777' title='bbox 2945 4644 3000 4689; x_wconf 90' lang='lat' dir='ltr'><strong>et</strong></span> <span class='ocrx_word' id='word_1_778' title='bbox 3044 4634 3469 4705; x_wconf 87' lang='lat' dir='ltr'><strong>comprehendit,</strong></span> 
     </span>
    </p>
   </div>
   <div class='ocr_carea' id='block_1_107' title="bbox 1919 4723 3468 4794">
    <p class='ocr_par' dir='ltr' id='par_1_107' title="bbox 1919 4723 3468 4794">
     <span class='ocr_line' id='line_1_108' title="bbox 1919 4723 3468 4794; baseline -0.001 -16"><span class='ocrx_word' id='word_1_779' title='bbox 1919 4724 2239 4794; x_wconf 83' lang='lat' dir='ltr'><strong>evangelista</strong></span> <span class='ocrx_word' id='word_1_780' title='bbox 2281 4723 2649 4777; x_wconf 89' lang='lat' dir='ltr'><strong>testimonium</strong></span> <span class='ocrx_word' id='word_1_781' title='bbox 2696 4724 2898 4779; x_wconf 87' lang='lat' dir='ltr'><strong>ferente</strong></span> <span class='ocrx_word' id='word_1_782' title='bbox 2944 4743 2959 4779; x_wconf 90' lang='lat'><strong>:</strong></span> <span class='ocrx_word' id='word_1_783' title='bbox 3008 4743 3025 4775; x_wconf 73' lang='grc' dir='ltr'>ι</span> <span class='ocrx_word' id='word_1_784' title='bbox 3057 4724 3173 4779; x_wconf 84' lang='lat' dir='ltr'><strong>Lux</strong></span> <span class='ocrx_word' id='word_1_785' title='bbox 3221 4724 3359 4777; x_wconf 90' lang='lat' dir='ltr'><strong>lucet</strong></span> <span class='ocrx_word' id='word_1_786' title='bbox 3412 4723 3468 4777; x_wconf 90' lang='lat' dir='ltr'><strong>iu</strong></span> 
     </span>
    </p>
   </div>
   <div class='ocr_carea' id='block_1_108' title="bbox 1918 4813 3462 4887">
    <p class='ocr_par' dir='ltr' id='par_1_108' title="bbox 1918 4813 3462 4887">
     <span class='ocr_line' id='line_1_109' title="bbox 1918 4813 3462 4887; baseline -0.003 -18"><span class='ocrx_word' id='word_1_787' title='bbox 1918 4816 2171 4875; x_wconf 80' lang='lat' dir='ltr'><strong>tenebris,</strong></span> <span class='ocrx_word' id='word_1_788' title='bbox 2198 4822 2251 4866; x_wconf 91' lang='lat' dir='ltr'><strong>et</strong></span> <span class='ocrx_word' id='word_1_789' title='bbox 2273 4813 2502 4867; x_wconf 68' lang='lat' dir='ltr'><strong>tenebrae</strong></span> <span class='ocrx_word' id='word_1_790' title='bbox 2521 4829 2640 4869; x_wconf 89' lang='lat' dir='ltr'><strong>eam</strong></span> <span class='ocrx_word' id='word_1_791' title='bbox 2668 4832 2773 4869; x_wconf 81' lang='lat' dir='ltr'><strong>non</strong></span> <span class='ocrx_word' id='word_1_792' title='bbox 2796 4817 3317 4887; x_wconf 86' lang='lat' dir='ltr'><strong>comprehenderunt</strong></span> <span class='ocrx_word' id='word_1_793' title='bbox 3333 4815 3377 4846; x_wconf 86' lang='grc'><strong>³⁸</strong></span> <span class='ocrx_word' id='word_1_794' title='bbox 3398 4814 3421 4867; x_wconf 84' lang='lat'><strong>?</strong></span> <span class='ocrx_word' id='word_1_795' title='bbox 3440 4832 3462 4865; x_wconf 74' lang='grc' dir='ltr'><strong><em>ι</em></strong></span> 
     </span>
    </p>
   </div>
   <div class='ocr_carea' id='block_1_109' title="bbox 1919 4902 3467 4974">
    <p class='ocr_par' dir='ltr' id='par_1_109' title="bbox 1919 4902 3467 4974">
     <span class='ocr_line' id='line_1_110' title="bbox 1919 4902 3467 4974; baseline 0.001 -20"><span class='ocrx_word' id='word_1_796' title='bbox 1919 4902 2198 4970; x_wconf 86' lang='lat' dir='ltr'><strong>Quomodo</strong></span> <span class='ocrx_word' id='word_1_797' title='bbox 2244 4918 2419 4959; x_wconf 83' lang='lat' dir='ltr'><strong>caecus</strong></span> <span class='ocrx_word' id='word_1_798' title='bbox 2465 4906 3053 4974; x_wconf 71' lang='lat' dir='ltr'><strong>annaturleomodo</strong></span> <span class='ocrx_word' id='word_1_799' title='bbox 3101 4907 3331 4961; x_wconf 69' lang='lat' dir='ltr'><strong>tenebrae</strong></span> <span class='ocrx_word' id='word_1_800' title='bbox 3367 4903 3467 4957; x_wconf 79' lang='lat' dir='ltr'><strong>ad-</strong></span> 
     </span>
    </p>
   </div>
   <div class='ocr_carea' id='block_1_110' title="bbox 1919 4981 3468 5066">
    <p class='ocr_par' dir='ltr' id='par_1_110' title="bbox 1919 4981 3468 5066">
     <span class='ocr_line' id='line_1_111' title="bbox 1919 4981 3468 5066; baseline 0.001 -21"><span class='ocrx_word' id='word_1_801' title='bbox 1919 5008 2105 5047; x_wconf 87' lang='lat' dir='ltr'><strong>versus</strong></span> <span class='ocrx_word' id='word_1_802' title='bbox 2138 4992 2273 5047; x_wconf 89' lang='lat' dir='ltr'><strong>lucis</strong></span> <span class='ocrx_word' id='word_1_803' title='bbox 2303 4981 2527 5064; x_wconf 82' lang='lat' dir='ltr'><strong>regnum</strong></span> <span class='ocrx_word' id='word_1_804' title='bbox 2563 4996 2861 5051; x_wconf 76' lang='lat' dir='ltr'><strong>dimicant?</strong></span> <span class='ocrx_word' id='word_1_805' title='bbox 2898 4995 3051 5052; x_wconf 89' lang='lat' dir='ltr'><strong>Sicut</strong></span> <span class='ocrx_word' id='word_1_806' title='bbox 3079 4997 3222 5066; x_wconf 73' lang='lat' dir='ltr'><strong>enim</strong></span> <span class='ocrx_word' id='word_1_807' title='bbox 3258 4996 3369 5048; x_wconf 65' lang='lat' dir='ltr'><strong>haec</strong></span> <span class='ocrx_word' id='word_1_808' title='bbox 3402 4993 3468 5047; x_wconf 89' lang='lat' dir='ltr'><strong>il-</strong></span> 
     </span>
    </p>
   </div>
   <div class='ocr_carea' id='block_1_111' title="bbox 1916 5076 3465 5159">
    <p class='ocr_par' dir='ltr' id='par_1_111' title="bbox 1916 5076 3465 5159">
     <span class='ocr_line' id='line_1_112' title="bbox 1916 5076 3465 5159; baseline 0.002 -22"><span class='ocrx_word' id='word_1_809' title='bbox 1916 5084 2059 5139; x_wconf 69' lang='lat' dir='ltr'><strong>lzcsis</strong></span> <span class='ocrx_word' id='word_1_810' title='bbox 2080 5087 2251 5142; x_wconf 87' lang='lat' dir='ltr'><strong>oculis</strong></span> <span class='ocrx_word' id='word_1_811' title='bbox 2276 5089 2387 5159; x_wconf 75' lang='lat' dir='ltr'><strong>(it)</strong></span> <span class='ocrx_word' id='word_1_812' title='bbox 2418 5089 2752 5145; x_wconf 83' lang='lat' dir='ltr'><strong>solis&#39;radios</strong></span> <span class='ocrx_word' id='word_1_813' title='bbox 2780 5076 2837 5145; x_wconf 77' lang='lat' dir='ltr'><strong>in</strong></span> <span class='ocrx_word' id='word_1_814' title='bbox 2864 5105 2924 5145; x_wconf 89' lang='lat' dir='ltr'><strong>se</strong></span> <span class='ocrx_word' id='word_1_815' title='bbox 2943 5091 3183 5145; x_wconf 75' lang='lat' dir='ltr'><strong>recinere</strong></span> <span class='ocrx_word' id='word_1_816' title='bbox 3205 5101 3314 5141; x_wconf 84' lang='lat' dir='ltr'><strong>non</strong></span> <span class='ocrx_word' id='word_1_817' title='bbox 3338 5100 3465 5155; x_wconf 78' lang='lat' dir='ltr'><strong>pos-</strong></span> 
     </span>
    </p>
   </div>
   <div class='ocr_carea' id='block_1_112' title="bbox 1914 5372 3461 5456">
    <p class='ocr_par' dir='ltr' id='par_1_112' title="bbox 1914 5372 3461 5456">
     <span class='ocr_line' id='line_1_113' title="bbox 1914 5372 3461 5456; baseline -0.003 -2"><span class='ocrx_word' id='word_1_818' title='bbox 1914 5372 2169 5456; x_wconf 86' lang='lat' dir='ltr'><strong>ditiooem</strong></span> <span class='ocrx_word' id='word_1_819' title='bbox 2210 5401 2462 5455; x_wconf 89' lang='lat' dir='ltr'><strong>redactis.</strong></span> <span class='ocrx_word' id='word_1_820' title='bbox 2510 5398 2644 5455; x_wconf 82' lang='lat' dir='ltr'><strong>Vide</strong></span> <span class='ocrx_word' id='word_1_821' title='bbox 2686 5399 3010 5455; x_wconf 82' lang='lat' dir='ltr'><strong>Trebellium</strong></span> <span class='ocrx_word' id='word_1_822' title='bbox 3056 5394 3356 5449; x_wconf 81' lang='lat' dir='ltr'><strong>Pollionem</strong></span> <span class='ocrx_word' id='word_1_823' title='bbox 3405 5394 3461 5451; x_wconf 89' lang='lat' dir='ltr'><strong>in</strong></span> 
     </span>
    </p>
   </div>
   <div class='ocr_carea' id='block_1_113' title="bbox 1916 5469 2619 5539">
    <p class='ocr_par' dir='ltr' id='par_1_113' title="bbox 1916 5469 2619 5539">
     <span class='ocr_line' id='line_1_114' title="bbox 1916 5469 2619 5539; baseline -0.001 -15"><span class='ocrx_word' id='word_1_824' title='bbox 1916 5469 2172 5533; x_wconf 79' lang='lat' dir='ltr'><strong>Gallieno,</strong></span> <span class='ocrx_word' id='word_1_825' title='bbox 2208 5484 2326 5539; x_wconf 84' lang='lat' dir='ltr'><strong>cap.</strong></span> <span class='ocrx_word' id='word_1_826' title='bbox 2365 5471 2431 5522; x_wconf 83' lang='grc'><strong>10</strong></span> <span class='ocrx_word' id='word_1_827' title='bbox 2454 5481 2507 5523; x_wconf 89' lang='lat' dir='ltr'><strong>et</strong></span> <span class='ocrx_word' id='word_1_828' title='bbox 2534 5472 2619 5523; x_wconf 71' lang='grc' dir='ltr'><strong>η.</strong></span> 
     </span>
    </p>
   </div>
   <div class='ocr_carea' id='block_1_114' title="bbox 1986 5536 3462 5613">
    <p class='ocr_par' dir='ltr' id='par_1_114' title="bbox 1986 5536 3462 5613">
     <span class='ocr_line' id='line_1_115' title="bbox 1986 5536 3462 5613; baseline -0.005 -20"><span class='ocrx_word' id='word_1_829' title='bbox 1986 5542 2093 5609; x_wconf 75' lang='grc'><strong>(15)</strong></span> <span class='ocrx_word' id='word_1_830' title='bbox 2111 5539 2204 5613; x_wconf 21' lang='grc' dir='ltr'><strong>-ΙιιΛ</strong></span> <span class='ocrx_word' id='word_1_831' title='bbox 2222 5536 2405 5613; x_wconf 72' lang='lat' dir='ltr'><strong>codice</strong></span> <span class='ocrx_word' id='word_1_832' title='bbox 2425 5538 2729 5613; x_wconf 68' lang='lat' dir='ltr'><strong>Casinensi,</strong></span> <span class='ocrx_word' id='word_1_833' title='bbox 2758 5536 3101 5613; x_wconf 68' lang='lat' dir='ltr'><strong>opinandum</strong></span> <span class='ocrx_word' id='word_1_834' title='bbox 3135 5540 3216 5586; x_wconf 90' lang='lat' dir='ltr'><strong>est</strong></span> <span class='ocrx_word' id='word_1_835' title='bbox 3234 5548 3462 5613; x_wconf 81' lang='lat' dir='ltr'><strong>consor-</strong></span> 
     </span>
    </p>
   </div>
   <div class='ocr_carea' id='block_1_115' title="bbox 1914 5603 3461 5675">
    <p class='ocr_par' dir='ltr' id='par_1_115' title="bbox 1914 5603 3461 5675">
     <span class='ocr_line' id='line_1_116' title="bbox 1914 5603 3461 5675; baseline -0.003 -14"><span class='ocrx_word' id='word_1_836' title='bbox 1914 5603 2008 5662; x_wconf 70' lang='lat' dir='ltr'><strong>tio.</strong></span> <span class='ocrx_word' id='word_1_837' title='bbox 2041 5603 2231 5672; x_wconf 55' lang='lat' dir='ltr'><strong>i&#39;Sed,</strong></span> <span class='ocrx_word' id='word_1_838' title='bbox 2279 5628 2298 5659; x_wconf 72' lang='grc' dir='ltr'>ι</span> <span class='ocrx_word' id='word_1_839' title='bbox 2329 5610 2371 5662; x_wconf 91' lang='lat' dir='ltr'><strong>si</strong></span> <span class='ocrx_word' id='word_1_840' title='bbox 2402 5610 2518 5675; x_wconf 89' lang='lat' dir='ltr'><strong>ejus</strong></span> <span class='ocrx_word' id='word_1_841' title='bbox 2566 5603 2860 5669; x_wconf 80' lang='lat' dir='ltr'><strong>consortio,</strong></span> <span class='ocrx_word' id='word_1_842' title='bbox 2900 5626 2918 5657; x_wconf 73' lang='grc' dir='ltr'><strong><em>ι</em></strong></span> <span class='ocrx_word' id='word_1_843' title='bbox 2969 5603 3072 5667; x_wconf 88' lang='lat' dir='ltr'><strong>vel,</strong></span> <span class='ocrx_word' id='word_1_844' title='bbox 3108 5620 3125 5652; x_wconf 77' lang='grc' dir='ltr'><strong>Ι</strong></span> <span class='ocrx_word' id='word_1_845' title='bbox 3160 5604 3304 5671; x_wconf 88' lang='lat' dir='ltr'><strong>quod</strong></span> <span class='ocrx_word' id='word_1_846' title='bbox 3338 5603 3461 5672; x_wconf 76' lang='lat' dir='ltr'><strong>ejus</strong></span> 
     </span>
    </p>
   </div>
   <div class='ocr_carea' id='block_1_116' title="bbox 1915 5676 2846 5743">
    <p class='ocr_par' dir='ltr' id='par_1_116' title="bbox 1915 5676 2846 5743">
     <span class='ocr_line' id='line_1_117' title="bbox 1915 5676 2846 5743; baseline -0.006 -10"><span class='ocrx_word' id='word_1_847' title='bbox 1915 5681 2208 5743; x_wconf 84' lang='lat' dir='ltr'><strong>consortio,</strong></span> <span class='ocrx_word' id='word_1_848' title='bbox 2247 5698 2263 5729; x_wconf 74' lang='grc' dir='ltr'>ι</span> <span class='ocrx_word' id='word_1_849' title='bbox 2303 5679 2515 5729; x_wconf 85' lang='lat' dir='ltr'><strong>videtur</strong></span> <span class='ocrx_word' id='word_1_850' title='bbox 2544 5676 2846 5743; x_wconf 81' lang='lat' dir='ltr'><strong>legendum.</strong></span> 
     </span>
    </p>
   </div>
   <div class='ocr_carea' id='block_1_117' title="bbox 1984 5741 3452 5806">
    <p class='ocr_par' dir='ltr' id='par_1_117' title="bbox 1984 5741 3452 5806">
     <span class='ocr_line' id='line_1_118' title="bbox 1984 5741 3452 5806; baseline -0.007 -1"><span class='ocrx_word' id='word_1_851' title='bbox 1984 5749 2094 5805; x_wconf 58' lang='lat' dir='ltr'><strong>lli)</strong></span> <span class='ocrx_word' id='word_1_852' title='bbox 2130 5741 2392 5801; x_wconf 73' lang='lat' dir='ltr'><strong>[neodem</strong></span> <span class='ocrx_word' id='word_1_853' title='bbox 2412 5741 2616 5806; x_wconf 74' lang='lat' dir='ltr'><strong>codice,</strong></span> <span class='ocrx_word' id='word_1_854' title='bbox 2639 5764 2655 5794; x_wconf 73' lang='grc' dir='ltr'>ι</span> <span class='ocrx_word' id='word_1_855' title='bbox 2685 5744 2827 5797; x_wconf 88' lang='lat' dir='ltr'><strong>illius</strong></span> <span class='ocrx_word' id='word_1_856' title='bbox 2846 5741 3034 5806; x_wconf 88' lang='lat' dir='ltr'><strong>oculis,</strong></span> <span class='ocrx_word' id='word_1_857' title='bbox 3063 5762 3080 5793; x_wconf 71' lang='grc' dir='ltr'><strong><em>ι</em></strong></span> <span class='ocrx_word' id='word_1_858' title='bbox 3104 5742 3252 5797; x_wconf 85' lang='lat' dir='ltr'><strong>nullo</strong></span> <span class='ocrx_word' id='word_1_859' title='bbox 3273 5758 3452 5798; x_wconf 78' lang='lat' dir='ltr'><strong>sensu.</strong></span> 
     </span>
    </p>
   </div>
  </div>
