4118 6350
651 368 674 421 Ι
686 370 784 423 ιδ’]

1653 372 1838 429 ACTA
1879 321 2409 445 nisrorartoivts
2438 373 2493 430 s.
2530 370 2869 428 meum.“

3709 366 3854 421 1468

648 472 798 548 sunt,
833 482 906 537 ita
936 492 985 538 et
1011 482 1096 539 hic
1122 482 1260 540 ferre
1284 498 1390 540 non
1417 485 1559 539 valet
1581 487 1731 553 regni
1763 486 1900 542 lucis
1929 489 2206 556 intuitum,
2237 495 2282 549 Α
2310 498 2391 542 set
2446 490 2626 552 homo,
2674 486 2986 555 priusquam
3031 491 3214 551 pastor
3256 480 3473 535 haberet
3510 497 3757 551 gregem,
3799 485 3850 537 si

649 574 743 627 sed
773 584 951 628 manet
971 589 1182 644 semper
1211 588 1499 630 extraneos
1527 583 1581 629 et
1608 576 1838 630 alienus.

617 647 638 661 ”
717 663 882 717 XXV.
923 664 1109 719 Manes
1135 665 1452 720 dixit:Non
1500 681 1689 722 omnes
1723 669 1945 737 capiunt
1980 668 2198 723 verbum

647 752 761 820 Dei,
789 756 879 810 sed
906 749 1106 826 quibus
1132 760 1315 812 datum
1347 768 1427 813 est
1451 758 1589 813 scire
1622 758 1877 831 mysteria
1912 761 2059 831 regni
2092 776 2201 815 coe-

610 848 611 851 “
647 843 821 898 lorum
849 847 912 899 ³⁸.
944 847 1009 901 Et
1036 848 1146 917 jam
1181 849 1397 917 quidem
1425 850 1535 920 (15)
1561 853 1672 906 scio
1702 850 1793 919 qui
1828 851 1941 913 sint
1976 852 2148 904 nostri
2182 870 2194 904 :

638 932 667 983 ‘t
699 933 826 988 Mem
858 937 1020 1003 enim,
1049 938 1241 1005 inquit,
1274 953 1399 992 oves
1422 954 1605 994 vocem
1639 956 1811 993 meam
1844 940 2147 993 audiunt".
2171 960 2189 992 ι

643 1022 864 1095 Pmpter
907 1038 1119 1082 nostros
1154 1042 1281 1095 ergo
1322 1029 1519 1097 quibus
1550 1030 1709 1085 datus
1737 1040 1819 1085 est
1846 1032 2087 1087 veritatis
2113 1034 2195 1088 in-

645 1117 904 1179 telleetus,
940 1133 1033 1184 per
1067 1118 1445 1173 similitudines
1476 1120 1670 1174 dicam.
1734 1120 1938 1175 Similis
1961 1132 2042 1177 est
2076 1139 2192 1177 ma-

641 1203 819 1274 lignus
846 1205 1005 1267 leoni,
1037 1208 1127 1283 qui
1163 1208 1394 1277 irrepere
1434 1209 1548 1263 vult
1579 1212 1720 1281 gregi
1754 1213 1878 1266 boni
1923 1215 2188 1282 pastoris;

640 1296 783 1363 quod
813 1311 933 1350 cum
963 1308 1144 1366 pastor
1170 1300 1376 1367 viderit,
1401 1301 1534 1356 fodit
1567 1304 1775 1356 foveam
1812 1305 2101 1374 ingentem,
2136 1317 2191 1361 et

638 1385 703 1443 de
732 1402 891 1455 grege
924 1389 1040 1443 tulit
1063 1391 1494 1456 unum’hmdum,
1528 1405 1583 1448 et
1606 1394 1831 1464 jactavit
1859 1396 1911 1449 in
1943 1394 2183 1461 foveam;

582 1546 597 1563 λ
636 1494 793 1548 quem
845 1480 925 1534 leo
969 1482 1218 1550 invadere
1246 1485 1581 1555 desiderans,
1614 1506 1737 1544 cum
1788 1491 1994 1561 ingenti
2044 1492 2185 1547 indi-

634 1570 887 1637 gnatione
927 1571 1090 1625 voluit
1127 1588 1250 1626 eum
1273 1575 1582 1644 absorbere,
1606 1588 1661 1632 et
1686 1596 1978 1636 accurrens
2009 1583 2075 1637 ad
2107 1582 2187 1636 l‘o-

632 1675 807 1726 veam,
835 1661 1031 1715 decidit
1068 1663 1120 1716 iu
1148 1679 1291 1731 eam,
1321 1668 1645 1723 ascendendi
1676 1671 1799 1723 inde
1826 1688 2042 1726 sursum
2076 1690 2184 1727 non

633 1750 838 1804 habens
870 1754 1038 1817 vires;
1076 1769 1235 1822 quem
1275 1766 1457 1825 pastor
1488 1760 1879 1827 apprehensum
1914 1778 2009 1831 pro
2053 1778 2182 1833 pru-

2308 578 2708 647 supervenisset
2736 577 2836 636 leo,
2873 573 3001 642 quid
3031 572 3209 634 liebat,
3241 571 3365 638 quia
3398 586 3505 624 non
3528 582 3644 624 erat
3674 572 3853 625 leonis

2306 684 2428 724 esca
2477 670 2787 738 priusquam
2834 665 3026 719 haedus
3070 662 3248 715 esset?
3286 661 3462 715 Manes
3517 663 3703 717 dixit:
3733 663 3852 718 Leo

2299 760 2511 828 quidem
2536 758 2665 811 nihil
2691 756 3064 816 manducabat,
3082 755 3359 809 exercebat
3382 766 3553 808 tamen
3581 755 3851 808 malitiam

2301 864 2449 905 soam
2496 865 2590 927 per
2627 862 2963 916 quatcuuque
2998 856 3207 915 poterat
3238 848 3494 911 invenire,
3532 849 3854 902 discurrens

2295 958 2388 1012 per
2418 942 2643 995 vertices
2675 941 2937 997 montium
2967 959 2981 1005 ;
3008 942 3149 1010 quod
3191 942 3234 995 si
3278 940 3565 1009 aliquando
3600 942 3647 994 ei
3674 940 3848 994 etiam

2292 1047 2417 1086 esca
2441 1041 2556 1086 erat
2589 1032 2912 1094 necessaria,
2943 1033 3187 1102 capiebat
3219 1047 3279 1085 ex
3313 1032 3495 1085 bestiis
3540 1047 3659 1099 qua:
3685 1041 3882 1083 erant‘

2291 1121 2393 1175 sub
2427 1135 2591 1188 regno
2625 1137 2744 1175 suo.
2794 1124 3080 1177 Archelaus
3115 1123 3249 1175 dixit
3282 1138 3292 1172 :
3337 1120 3473 1191 Ergo
3516 1122 3677 1175 unius
3714 1129 3857 1178 sunt.

2289 1211 2621 1277 substantiae,
2653 1213 2841 1268 bestiae
2887 1231 3005 1283 quae
3052 1224 3177 1269 sunt
3206 1215 3258 1266 in
3305 1229 3469 1279 regno
3510 1213 3748 1281 maligni,
3786 1220 3851 1266 et

2290 1300 2431 1354 btedi
2484 1303 2575 1370 qui
2624 1312 2749 1356 sunt
2797 1304 2850 1357 in
2900 1318 3063 1372 regno
3111 1304 3237 1359 boni
3270 1303 3400 1357 Dei?
3431 1302 3611 1357 Manes
3650 1303 3791 1356 dixit
3832 1320 3847 1355 :

2288 1390 2469 1453 Absit;
2518 1410 2857 1462 nequaquam
2911 1414 2925 1448 :
2980 1396 3113 1448 nihil
3159 1410 3445 1448 commune
3496 1404 3605 1456 est,
3664 1409 3850 1463 neque

2288 1480 2421 1547 ipsis
2460 1481 2525 1535 ad
2572 1483 2821 1548 invicem,
2855 1500 3026 1552 neque
3058 1485 3140 1538 bis
3172 1500 3290 1553 qua:
3320 1500 3416 1538 sua
3448 1494 3593 1537 sunt.
3634 1484 3847 1537 Arche-

2287 1570 2401 1625 laus
2426 1572 2562 1624 dixit
2598 1591 2615 1627 :
2645 1572 2797 1629 Unus
2833 1584 2993 1643 atque
3036 1574 3172 1628 idem
3209 1583 3291 1628 est
3320 1590 3451 1627 usus
3482 1574 3534 1626 iu
3566 1589 3689 1627 esca
3718 1574 3845 1627 leo-

2288 1663 2391 1716 nis.
2426 1661 2481 1716 Si
2511 1665 2652 1716 enim
2690 1680 2751 1718 ex
2784 1664 3015 1733 propriis
3042 1663 3331 1732 aliquando
3361 1664 3543 1717 bestiis
3590 1663 3847 1731 capiebat

2286 1754 2486 1818 cibum,
2533 1754 2821 1822 aliquando
2848 1754 2988 1807 etde
3014 1754 3098 1809 his
3136 1755 3262 1809 boni
3304 1754 3427 1820 Dei;
3460 1754 3604 1806 nulla
3647 1764 3734 1807 est
3777 1754 3843 1808 in

627 1841 810 1896 dentia
856 1857 953 1895 sua
989 1843 1053 1915 in
1090 1860 1251 1899 cavea
1288 1848 1586 1915 concludit,
1630 1859 1791 1919 atque
1830 1852 2048 1906 bardum
2084 1855 2174 1923 qui

2284 1844 2369 1897 his
2419 1842 2738 1907 diﬂerentia,
2791 1854 3049 1912 quantum
3080 1846 3144 1898 ad
3185 1860 3337 1900 escas
3375 1846 3626 1914 pertinet,
3674 1855 3728 1897 et
3762 1860 3842 1897 ex

619 1946 752 1997 _cum
776 1931 897 1998 ipso
930 1930 1093 1985 fuerit
1134 1934 1185 1988 in
1233 1933 1408 2000 fovea,
1445 1936 1770 1993 incolumem
1816 1945 2175 1997 conservavit.

630 2018 706 2072 Ex
752 2019 854 2074 hoc
899 2036 1027 2090 ergo
1075 2024 1380 2080 inlirmatus
1414 2036 1498 2081 est
1569 2029 1855 2099 malignus,
1902 2033 2040 2087 ultra
2067 2034 2176 2102 jam

630 2110 783 2164 leone
835 2114 948 2181 non:
976 2112 1203 2167 habente
1246 2125 1559 2182 potestatem
1596 2118 1823 2175 faciendi
1859 2123 2084 2192 aliquid,
2128 2136 2180 2178 et

629 2201 926 2263 salvabitur
974 2219 1131 2279 (nunc
1179 2206 1480 2262 animarum
1520 2226 1712 2278 genus,
1765 2229 1828 2267 ac
1861 2217 2176 2271 restituetur

629 2292 773 2360 quod
806 2293 1054 2362 perierat,
1083 2297 1304 2364 proprio
1339 2314 1440 2353 suo
1472 2303 1638 2371 gregi.
1668 2306 1975 2360 .Archelaus
2007 2309 2175 2361 dixit:

629 2376 686 2434 Si
717 2382 923 2437 leonem
969 2384 1203 2454 maligno
1247 2402 1549 2456 comparas,
1583 2390 1749 2447 Deum
1786 2412 1912 2452 vero
1954 2402 2173 2468 pastori,

626 2486 756 2527 oves
798 2479 983 2545 atque'
1014 2475 1253 2541 haedum,
1293 2477 1400 2540 dic,
1434 2480 1659 2535 ‘cuinam
1705 2479 2178 2555 Compar-abimus?

628 2562 810 2619 Manes
840 2566 974 2619 dixit
999 2581 1017 2618 :
1038 2565 1177 2621 Oves
1210 2575 1264 2621 et
1312 2568 1505 2624 haedus
1526 2568 1706 2626 'unius
1750 2576 1880 2629 mihi
1930 2580 2176 2639 videntur

624 2669 744 2709 esse
776 2666 1013 2722 naturae;
1040 2656 1091 2710 in
1118 2658 1523 2715 similitudinem
1548 2673 1727 2717 autem
1757 2678 2032 2733 ponuntur
2054 2676 2173 2726 ani-

626 2746 855 2798 marum.
892 2747 1174 2800 Archelaus
1216 2749 1355 2802 dixit
1389 2749 1677 2833 :Animapt
1732 2769 1861 2824 ergo
1910 2759 2173 2826 perditum

624 2834 768 2887 dedit
810 2834 970 2901 Deus,
1016 2838 1278 2907 objiciens
1321 2856 1441 2896 eam
1487 2842 1631 2897 leoni
1678 2844 1731 2898 in
1774 2844 1947 2904 fovea.
1995 2848 2173 2905 Manes

623 2926 758 3003 dixit
790 2941 807 2978 :
839 2925 1206 3000 Nequaquam,
1241 2936 1381 2991 absit
1413 2936 1543 3003 hoc;
1569 2937 1662 2992 sed
1693 2940 2065 3008 apprehensus
2090 2953 2172 2997 est

539 3049 550 3068 .
624 3014 727 3080 hoc
755 3016 988 3093 ingenio,
1020 3020 1074 3072 iu
1109 3021 1348 3079 futurum
1381 3041 1509 3080 vero
1537 3027 1770 3083 salvabit
1806 3046 1949 3085 eam.
1981 3032 2175 3085 Ara/te-

620 3106 739 3161 lmis
769 3106 903 3183 dixit
932 3124 949 3161 :
980 3109 1281 3168 Ridiculum
1310 3120 1421 3185 jam
1443 3118 1583 3176 istud
1611 3130 1713 3186 est,
1750 3122 1852 3176 viri
1878 3124 2167 3189 auditores,

616 3202 665 3256 ei
693 3217 888 3272 agnum
922 3214 1078 3275 quem
1112 3208 1371 3263 retinebat
1399 3211 1450 3265 in
1474 3214 1708 3280 sinibus,
1734 3227 1917 3287 pastor
1938 3222 2166 3273 extime—

618 3304 776 3345 seeos
803 3290 974 3346 leonis
1006 3293 1330 3363 ingressum,
1353 3300 1577 3367 projecit
1600 3320 1723 3359 eum
1760 3307 2181 3374 devorandum,

614 3388 670 3449 et
693 3378 894 3434 dicitur
920 3384 1045 3452 quia
1081 3385 1132 3438 in
1168 3384 1409 3440 futurum
1440 3389 1668 3448 salvabit
1702 3411 1848 3453 eum.
1876 3399 2165 3465 Quomodo

617 3489 723 3528 non
750 3484 917 3531 totum
946 3479 1048 3535 hoc
1083 3482 1312 3538 ridiculo
1341 3482 1555 3551 plenum
1584 3488 1855 3559 est?pNam
1886 3504 1940 3549 et
1984 3497 2035 3549 in
2067 3499 2165 3551 hoc

615 3565 775 3620 etiam
810 3569 1072 3643 judicium
1113 3574 1390 3637 adimitur.
1438 3573 1580 3630 Deus
1618 3580 1758 3631 enim
1796 3583 1902 3649 (16)
1954 3584 2165 3641 Satanae

610 3657 847 3711 animam
884 3662 1120 3727 tradidit,
1167 3666 1220 3719 in
1267 3668 1619 3737 perditionem
1662 3670 1728 3723 ab
1775 3686 1839 3724 eo
1885 3689 2163 3729 assumenv

615 3744 759 3799 dam.
808 3747 1034 3813 Quando
1073 3756 1216 3809 enim
1260 3771 1463 3828 pastor,
1514 3778 1694 3816 nonne
1739 3760 1904 3816 David
1937 3765 2046 3831 (17)
2098 3767 2163 3820 de

615 3852 709 3892 ore
759 3841 962 3908 leonis,
1012 3846 1096 3899 vel
1152 3851 1263 3903 ursi
1315 3853 1459 3907 eruit
1508 3854 1709 3909 ovem?
1770 3853 1880 3907 Hoc
1935 3856 2165 3911 dicimus

614 3940 833 3998 propter
890 3950 977 3987 ore
1043 3937 1248 4004 leonis;
1303 3946 1622 4013 quod‘ait,
1685 3948 1751 4001 de
1822 3936 1914 3999 Ore
1989 3948 2160 4003 leonis

614 4028 709 4071 aut
770 4020 834 4073 de
897 4036 1076 4080 ventre
1121 4031 1237 4099 ejus
1286 4044 1466 4103 potest
1536 4038 1805 4102 educere,
1864 4039 2005 4107 quod
2048 4038 2157 4107 jam

613 4106 702 4161 ille
761 4108 1051 4168 devoravit.
1116 4116 1219 4173 Sed
1282 4123 1427 4179 dices
1489 4128 1618 4181 mihi
1667 4146 1680 4181 :
1728 4106 1889 4183 Deus
1921 4106 2059 4191 est,
2106 4140 2159 4182 ct

612 4199 793 4251 omnia
862 4212 1054 4268 potest.
1114 4207 1249 4262 Audi
1313 4228 1441 4284 ergo
1500 4218 1565 4273 ad
1630 4219 1741 4273 haec
1786 4238 1799 4272 :
1850 4234 1947 4272 cur
1998 4218 2159 4287 igitur

610 4291 753 4358 ηυυδ
785 4293 971 4357 Ροεδὶῐ,
1008 4308 1113 4345 Imn
1165 4297 1293 4351 illud
1340 4307 1518 4371 potius
1564 4310 1783 4374 asseris,
1821 4310 1964 4379 quod
2004 4320 2157 4379 pote-

610 4382 680 4433 rit
719 4381 929 4448 propria
972 4383 1166 4438 virtute
1191 4389 1403 4445 vincere
1446 4395 1676 4461 leonem,
1719 4400 1832 4453 sive
1869 4416 2004 4468 pura
2041 4401 2151 4471 (l8)

2284 1936 2386 1990 hoc
2428 1945 2649 2005 apparet
2688 1937 2847 1989 unius
2882 1954 2974 1991 eas
3014 1954 3134 2004 esse
3169 1939 3498 1992 substantiae.
3544 1938 3648 1992 Sed
3684 1938 3838 1991 aliud

2281 2024 2389 2094 (l9)
2428 2026 2533 2078 alio
2574 2025 2730 2095 longe
2765 2025 2981 2080 differre
3014 2026 3369 2095 ignorantiam
3419 2028 3621 2097 pastori
3656 2029 3837 2081 ascri-

2279 2117 2481 2183 bimus,
2509 2117 2633 2187 quia
2664 2132 2768 2170 non
2801 2108 2976 2187 aptam
3005 2133 3206 2184 escam,
3236 2118 3363 2187 quin
3390 2121 3563 2188 potius
3595 2120 3837 2173 alienam

2277 2202 2487 2268 obtulit,
2538 2204 2619 2257 vel
2652 2203 2876 2272 projecit
2908 2204 3068 2257 leoni.
3107 2205 3214 2259 Aut
3253 2206 3391 2260 forte
3430 2222 3622 2261 rursus
3661 2208 3833 2263 dissi-

2276 2294 2481 2346 mulare
2528 2295 2733 2357 volens,
2776 2294 2922 2348 dices
2955 2294 3108 2360 mihi,
3137 2295 3262 2362 quia
3297 2298 3432 2351 nihil
3487 2298 3567 2352 leo
3599 2299 3692 2352 ille
3740 2316 3833 2353 co-

2275 2382 2543 2437 medebat.
2592 2382 2817 2439 Illumne
2862 2386 3021 2455 igitur
3069 2388 3160 2457 qui
3204 2388 3482 2443 comedere
3528 2390 3833 2451 nesciebat,

2275 2473 2388 2540 ipse
2418 2474 2484 2527 ad
2530 2476 2919 2530 comedendum
2958 2479 3191 2532 animam
3223 2481 3552 2548 provocavit,
3586 2496 3689 2536 nec
3718 2481 3832 2535 sola

2274 2562 2426 2615 fovea
2458 2563 2523 2616 ad
2556 2564 2925 2632 decipiendum
2952 2582 3072 2621 cum
3104 2568 3180 2620 uti
3214 2568 3400 2631 voluit,
3432 2569 3475 2623 si
3509 2579 3692 2621 tamen
3730 2570 3834 2624 hoe

2272 2654 2493 2722 dignum
2532 2664 2614 2709 est
2665 2654 2841 2710 facere
2887 2656 3077 2722 Deum,
3121 2668 3174 2715 ct
3214 2660 3371 2713 dolos
3418 2660 3833 2729 exquirere?Et

2274 2743 2412 2797 sicut
2448 2760 2541 2797 rex
2572 2745 2789 2815 aliquis,
2820 2747 2958 2801 bello
2994 2749 3093 2802 sibi
3126 2751 3293 2814 inlato,
3322 2765 3667 2819 nequaquam
3706 2767 3830 2820 pro-

2271 2833 2385 2901 pria
2409 2834 2604 2887 virtute
2638 2838 2896 2897 conlisus,
2936 2837 3029 2892 sed
3069 2840 3452 2895 imbecillitatis
3488 2856 3603 2895 suae
3636 2842 3829 2896 timore

2274 2926 2611 2990 perterritus,
2645 2926 2815 2978 muris
2847 2928 2959 2994 ipse
2995 2929 3143 2983 urbis
3166 2930 3426 2997 inclusus,
3458 2932 3663 2985 vallum
3692 2934 3824 2985 alia.

2271 3027 2376 3080 que
2420 3004 2753 3067 munimenta
2794 3016 3091 3070 circumdat
3123 3034 3184 3072 ac
3226 3030 3512 3089 praeparat,
3550 3025 3737 3076 manui
3763 3039 3824 3077 ac

2272 3094 2477 3157 viribus
2516 3104 2650 3157 nihil
2696 3105 2894 3171 lidcns;
2943 3107 2986 3161 si
3035 3123 3161 3163 vero
3206 3113 3286 3165 vir
3330 3112 3483 3168 tortis
3527 3115 3621 3178 sit,
3661 3117 3821 3169 etiam

2270 3210 2432 3263 porro
2471 3211 2499 3248 a
2532 3197 2643 3251 suis
2676 3196 2871 3254 liuilms
2900 3202 2951 3253 in
2982 3216 3266 3257 occursum
3297 3206 3437 3260 hosti
3470 3207 3735 3275 procedit.
3763 3216 3818 3260 et

2268 3286 2376 3354 agit
2408 3287 2608 3353 omnia,
2651 3304 2930 3359 usquequo
2974 3294 3153 3348 vincat
3192 3308 3243 3348 et
3264 3297 3526 3376 ‘obtiucat
3566 3298 3812 3351 adversa-

2268 3392 2427 3429 rium.

2336 3489 2519 3542 XXVI.
2555 3488 2765 3546 Iudices
2794 3496 3034 3548 dixerunt
3063 3513 3080 3549 :
3105 3496 3161 3551 Si
3192 3498 3271 3551 ais
3298 3507 3566 3568 pastorem
3594 3499 3810 3555 bardum

2266 3584 2377 3635 sive
2410 3599 2605 3652 agnum
2641 3583 2779 3637 leoni
2821 3584 3124 3653 proiecisse,
3164 3604 3285 3641 cum
3332 3574 3686 3645 illeirrueret
3718 3591 3814 3645 ad-

2263 3689 2476 3727 versum
2522 3675 2839 3744 ingenitum,
2873 3685 3053 3728 actum
3107 3688 3209 3730 est.
3241 3678 3409 3742 Quem
3460 3682 3607 3732 enim
3636 3692 3813 3749 potest

2259 3764 2502 3831 judicare
2534 3777 2717 3833 pastor
2738 3764 3017 3818 hmdornm
3058 3776 3216 3834 atque
3238 3784 3522 3837 agnorum,
3546 3786 3670 3823 cum
3698 3771 3813 3839 ipse

2264 3857 2567 3912 inveniatur
2592 3859 2670 3912 eis
2716 3858 2768 3910 in
2812 3856 3025 3920 delicto,
3068 3857 3113 3909 si
3161 3873 3322 3911 causa
3370 3860 3601 3913 traditus
3646 3863 3807 3915 etiam

2262 3960 2431 4015 agnus
2464 3963 2556 4015 per
2578 3948 2940 4001 inﬁrmitatem
2973 3948 3202 4014 pastoris
3230 3947 3478 4002 resistere
3507 3964 3612 4002 non
3643 3949 3816 4005 valuit

2260 4036 2422 4099 leoni,
2446 4040 2966 4105 etfconsequcnsest,
3001 4046 3056 4089 ut
3086 4038 3440 4107 quodcunque
3473 4037 3638 4094 fuerit
3665 4041 3814 4095 leoni

2261 4124 2490 4187 libitum.
2521 4140 2701 4196 gerat;
2731 4139 2981 4197 tanquam
3009 4131 3051 4183 si
3094 4131 3343 4183 dominus
3370 4147 3534 4183 unum
3571 4147 3602 4186 e
3633 4134 3812 4186 servis

2262 4216 2374 4268 suis
2399 4217 2647 4286 ejectum,
2678 4220 2757 4271 vel
2792 4235 2882 4287 per
2910 4230 3108 4273 metum
3147 4221 3318 4273 tradat
3340 4221 3651 4275 adversario
3684 4237 3814 4284 suo,

2262 4325 2417 4378 quem
2456 4328 2643 4366 rursus
2682 4313 2914 4382 recipere
2947 4315 3062 4367 suis
3114 4315 3317 4369 viribus
3356 4330 3459 4368 non
3502 4314 3715 4368 valeat?
3753 4312 3813 4368 Si

2261 4414 2389 4451 vero
2413 4416 2539 4454 casu
2572 4404 2752 4472 aliquo
2771 4407 3075 4474 provenerit
3094 4422 3214 4460 eum
3247 4406 3429 4474 recipi,
3456 4422 3559 4474 qua
3588 4408 3810 4460 tandem

608 4470 701 4545 Dei
761 4473 1035 4541 potentia,
1081 4484 1134 4528 et
1195 4494 1465 4548 nunquam
1510 4489 1775 4543 machinis
1810 4484 2153 4560 quibusdam,
2188 4500 2229 4554 ι)
2260 4490 2467 4543 ratione
2501 4470 2851 4548 tormenta'ei
2893 4498 3087 4563 poterit
3130 4498 3389 4565 irrogarc,
3431 4496 3475 4548 si
3520 4496 3583 4548 ad
3617 4497 3813 4552 omnia

605 4568 660 4614 et
686 4563 850 4619 fovea:
887 4566 1046 4621 hme
1081 4568 1193 4623 sive
1239 4585 1374 4637 agno
1408 4576 1635 4630 tradito?
1664 4580 1756 4634 Dic
1794 4583 1924 4635 mihi
1977 4584 2138 4636 etiam

606 4654 758 4718 illud,
794 4658 836 4711 si
868 4660 1067 4725 pastori
1099 4662 1439 4728 superveniat
1471 4663 1573 4729 leo,
1607 4684 1711 4721 non
1750 4671 1961 4725 habenti
1994 4689 2147 4737 oves,

604 4746 732 4813 quid
780 4748 904 4801 lict?
940 4749 1211 4819 lngeuitus
1253 4752 1393 4805 enim
1432 4763 1534 4816 est,
1578 4758 1667 4824 qui
1702 4761 1898 4816 dicitur
1944 4775 2146 4833 pastor,

602 4832 874 4904 ingenitus
899 4855 1111 4909 quoque
1144 4843 1303 4895 etiam
1334 4842 1435 4895 leo.
1472 4843 1605 4896 Cum
1632 4862 1757 4916 ergo
1787 4855 2023 4928 nonduin
2060 4872 2147 4911 es-

670 4969 713 5001 ”
736 4969 919 5025 Matth.
956 4989 1068 5036 xui,
1102 4977 1182 5031 Η.
1261 4976 1477 5031 "Joan.
1510 4995 1563 5040 χ,
1594 4980 1681 5033 27.

674 5103 781 5172 (15)
822 5107 877 5190 LII
915 5111 1193 5190 Dasinensi
1242 5115 1425 5190 codice
1463 5116 1736 5190 scribitur,
1772 5138 1789 5167 ς
1822 5124 1980 5179 etiam
2015 5127 2139 5190 qui-

601 5171 741 5254 dem.
772 5196 789 5225 ι
830 5177 931 5254 Sed
970 5181 1249 5254 legendum
1273 5182 1511 5247 ‘videtur,
1545 5204 1561 5235 ι
1596 5195 1648 5238 et
1682 5171 1792 5253 jam
1838 5171 2085 5254 quidem;
2120 5214 2137 5243 ι

603 5253 741 5328 ξὶξξιὶθ
782 5248 943 5328 enim
978 5248 1043 5302 in'
1078 5252 1177 5306 hoc
1228 5254 1411 5307 codice
1452 5248 1753 5325 junguntur
1799 5248 1979 5322 verba,
2026 5248 2143 5328 quae

600 5306 829 5381 disjitngi
864 5317 1073 5371 debent.

626 5379 1082 5461 ,_(10)1Loquitur
1110 5388 1194 5444 hic
1226 5392 1520 5447 Archelaus
1552 5409 1617 5447 ex
1656 5392 1883 5449 Manctis
1926 5410 2141 5451 senten-

599 5454 701 5533 ξιξἐ
731 5454 817 5514 qui
855 5467 1268 5533 cunipastorein
1298 5465 1672 5529 praevideutem
1712 5481 1771 5517 ac
1801 5482 2140 5533 pra’noscrn-

757 5520 1041 5601 Itievitabili
1090 5528 1256 5581 leonis
1281 5520 1611 5586 dctor'ationi
1659 5520 1970 5601 exposuisse.
1996 5520 1999 5521 ν
2027 5538 2139 5591 hm-

586 5580 989 5673 _:dummdiceret,
1046 5580 1817 5673 necessarioconsequebaiur
1872 5616 2135 5673 pastorem

597 5666 778 5746 {diuiti
817 5671 1044 5746 filiisan
1069 5678 1186 5746 esse
1231 5670 1550 5735 perditiOnis
1574 5666 1761 5741 'hmdi,
1792 5666 1947 5746 eique
1995 5677 2136 5732 iliius

596 5739 781 5780 necent
810 5732 928 5791 jure
959 5732 1175 5784 ascribi.

2255 4596 2373 4647 quae
2395 4582 2441 4633 ei
2467 4584 2756 4649 imperabat
2783 4585 3051 4647 inimicus,
3079 4587 3316 4654 parebat,
3343 4601 3463 4637 cum
3480 4582 3604 4638 eum
3627 4586 3809 4653 ipsum

2255 4670 2365 4740 (:20)
2398 4672 2675 4725 tradiderit
2719 4674 2959 4731 inimico.
3005 4677 3144 4728 sicut
3180 4675 3324 4729 leoni
3374 4675 3631 4727 bcedum?
3662 4692 3813 4745 pra:-

2251 4770 2560 4812 uoscentem
2598 4761 2738 4813 enim
2768 4765 2966 4815 asseris
2994 4780 3113 4818 esse
3146 4774 3437 4832 pastorem.
3473 4763 3811 4821 Verberatus

2251 4846 2395 4905 cnim
2440 4866 2630 4919 agnus,
2660 4861 2713 4905 et
2756 4852 3101 4923 interroiganti
3134 4870 3191 4908 se.
3235 4859 3455 4925 pastori,
3494 4874 3591 4913 cur
3622 4859 3676 4913 in
3713 4860 3809 4913 his

2318 5120 2428 5196 tl?)
2465 5118 2561 5172 liic
2587 5118 2785 5196 aliquid
2816 5118 3002 5196 deesse
3033 5119 3262 5196 videtur.
3290 5121 3485 5196 Forte:
3522 5144 3540 5177 ι
3573 5128 3804 5196 quando

2245 5192 2387 5243 enim
2417 5199 2598 5258 pastor
2631 5188 2729 5240 hoc
2763 5187 2924 5258 fecit?
2958 5188 3143 5242 Nonne
3176 5190 3359 5255 David,
3395 5214 3412 5244 ι
3451 5206 3563 5253 etc.

2310 5257 2531 5327 (l8Hta
2572 5258 2765 5325 corrigi
2802 5257 2994 5311 debere
3020 5260 3228 5314 videtur
3254 5263 3409 5317 lectio
3442 5264 3642 5319 codicis
3682 5267 3799 5321 Ca-

2242 5330 2497 5390 sincnsis,
2546 5328 2634 5396 qui
2683 5327 2857 5392 habet,
2896 5346 2913 5377 t
2954 5330 2997 5381 si
3043 5340 3097 5383 et
3141 5347 3301 5399 pura;
3349 5336 3454 5389 nisi
3506 5336 3796 5398 malueris.

2247 5416 2262 5445 ε
2298 5399 2339 5451 si
2371 5411 2451 5453 est
2484 5412 2634 5465 pura.
2668 5415 2685 5446 ι

2314 5469 2437 5543 (19)Δ
2460 5470 2631 5543 Locus
2676 5467 2775 5519 iste
2798 5466 3014 5543 videtur
3056 5474 3365 5543 mendosus,
3400 5490 3499 5527 nec
3527 5476 3652 5543 quid
3679 5476 3791 5528 sibi

2240 5539 2365 5613 velit
2415 5538 2711 5591 Archelaus
2745 5539 2906 5613 __r|a_re
2964 5538 3312 5613 intelligitur,
3365 5546 3465 5597 nisi
3518 5538 3790 5613 legamus,

2245 5624 2262 5653 ι
2298 5605 2396 5657 Sed
2427 5610 2585 5660 alium
2621 5610 2687 5659 ab
2710 5608 2813 5660 alio
2840 5609 2990 5682 longe
3016 5605 3227 5663 dilTei're
3256 5615 3300 5666 si
3330 5605 3596 5679 dicamus:
3628 5615 3800 5682 isllo‘

2240 5678 2463 5728 rantiam
2492 5681 2692 5743 pastori
2727 5678 3068 5730 ast-ribinius.
3106 5697 3124 5727 ι

2310 5746 2419 5815 tuo)
2453 5748 2607 5801 Forte
2647 5751 2945 5819 legendum,
2991 5768 3007 5801 ι
3044 5764 3165 5804 cum
3203 5750 3331 5817 ipse.
3363 5772 3384 5803 ›
