4118 6350
657 413 786 471 ΗἹΙ

1638 410 1820 466 ACTA
1864 396 2385 465 DlSPUTATlONlS
2451 407 2507 460 S.
2544 406 2879 466 ARCIIELAI

3720 400 3875 455 H72

657 544 916 604 posceret,
952 536 1273 600 deritarent,
1319 543 1479 603 atque
1527 535 1761 587 alienum
1798 548 1917 587 esse
1964 547 2204 603 pronun—
2233 535 2278 590 Α
2306 529 2515 583 Patrem
2540 546 2736 593 meum,
2755 540 2807 583 ct
2835 529 2987 583 mitto
3012 528 3159 595 vobis
3178 526 3511 582 Paraeletum
3534 526 3601 589 “,
3630 543 3647 575 ι
3674 524 3873 578 statim

655 632 849 684 tiarent
881 631 1023 698 (35);
1057 645 1189 698 opus
1219 639 1395 683 autem
1434 628 1603 695 magis
1636 626 1808 680 facere
1832 628 2029 679 debere
2054 641 2198 683 cum,

647 723 745 791 .qui
794 723 955 789 recipi
986 724 1139 779 velit-
1158 722 1439 788 Quomodo
1469 735 1599 789 ergo
1645 720 1725 773 his
1770 720 2021 774 omnibus
2066 721 2201 771 bene

655 820 903 879 recteque
945 812 1218 880 dispositis
1252 820 1303 864 et
1342 811 1575 871 statutis,
1606 824 1668 862 ac
1698 809 1930 877 plurimo
1962 819 2203 878 tempore

652 898 706 951 in
727 913 792 953 eo
823 909 964 954 stam
1010 900 1476 969 perseverantibus
1497 941 1510 961 ,
1542 914 1662 952 cum
1697 898 1787 966 qui
1838 907 1958 966 post
1996 907 2203 950 trecen-

652 1000 734 1045 tos
769 990 876 1045 fere
922 1006 1095 1045 annos
1131 991 1358 1052 venerit,
1386 998 1439 1043 et
1465 989 1726 1041 lueredem
1767 1004 1886 1042 esse
1918 1003 1975 1042 se
1998 986 2200 1041 confiro

650 1091 777 1146 met,
814 1098 917 1135 non
947 1083 1284 1150 abjicietnus,
1323 1096 1429 1132 non
1451 1080 1593 1145 ju.~te
1617 1080 1851 1131 alienum
1883 1078 2201 1146 pronuntia—

648 1188 789 1237 mus,
823 1173 915 1241 qui
952 1188 1049 1225 nec
1075 1172 1139 1224 de
1185 1169 1502 1238 propinquis
1551 1184 1614 1236 se
1656 1184 1774 1222 esse
1821 1168 2073 1233 ostendit,
2106 1171 2197 1237 qui

647 1261 905 1317 defuncto
958 1250 1145 1313 nostro
1197 1275 1303 1312 non
1363 1259 1597 1312 adfuerit
1641 1258 1941 1326 :egrotanti,
2006 1260 2098 1327 qui
2147 1260 2199 1312 in

647 1354 930 1420 exsequias
955 1367 1059 1404 non
1091 1351 1210 1404 ierit
1235 1350 1520 1426 Cruciﬂxo,
1550 1349 1639 1417 qui
1661 1350 1905 1417 sepulcro
1938 1342 2202 1405 nonasti-

648 1446 794 1509 terit,
828 1443 919 1510 qui
971 1443 1193 1494 omnino
1243 1442 1468 1503 neseiat,
1513 1442 1791 1508 quomodo
1834 1451 1925 1494 aut
1966 1441 2200 1509 qualiter

648 1536 932 1591 defunctus
954 1545 1056 1603 est,
1082 1535 1187 1603 qui
1219 1532 1461 1601 denique
1480 1533 1792 1587 thesaurum
1836 1531 2089 1586 frumenti
2118 1533 2201 1586 in-

624 1627 795 1698 .gredi
828 1627 1031 1694 eupiat,
1082 1626 1229 1678 nullo
1261 1626 1458 1679 indicio
1504 1624 1680 1677 delato
1720 1625 1788 1677 ab
1822 1639 1887 1677 eo
1923 1626 2015 1692 qui
2046 1625 2198 1678 obsio

580 1711 587 1717 ’
646 1718 925 1789 gnaverit?
949 1714 1137 1771 Nonne
1165 1730 1311 1779 eum,
1346 1722 1600 1785 tanquam
1642 1715 1905 1769 latronem
1941 1727 1993 1769 et
2024 1715 2195 1769 furem

646 1810 985 1877 abjiciemus.
1027 1822 1089 1862 ac
1141 1807 1316 1861 modis
1362 1808 1614 1861 omnibus
1673 1807 2041 1875 expellemus?
2074 1805 2197 1860 Haec

632 1890 811 1971 igitur
850 1898 1023 1967 signa,
1073 1912 1193 1966 qute
1252 1898 1303 1949 in
1360 1897 1632 1965 pt'aztlictis
1687 1898 2196 1965 comprehendimus

643 1987 928 2054 exemplis,
960 1987 1058 2040 iste
1105 2003 1211 2040 non
1252 1984 1499 2039 deferens
1538 1986 1706 2049 adest,
1742 1986 1928 2039 dicens
1973 2002 2031 2039 se
2077 2004 2196 2042 esse

643 2060 985 2134 Paracletum
1027 2078 1117 2145 qui
1154 2076 1223 2128 ab
1256 2073 1379 2127 Jesu
1414 2076 1768 2144 przesignatus
1809 2083 1892 2129 est
1925 2077 2094 2141 mitti;
2140 2078 2191 2130 in

643 2186 755 2243 quo
788 2171 1100 2225 mendacem
1134 2168 1269 2237 (35),
1307 2168 1563 2238 ignorans
1603 2168 1833 2223 fortasse
1870 2182 2074 2226 asserct
2104 2170 2194 2225 Jeo

643 2278 798 2326 sum;
820 2263 912 2333 qui
939 2262 1081 2315 enim
1110 2261 1317 2313 dixerat
1348 2276 1403 2313 se
1435 2276 1538 2313 non
1564 2261 1731 2313 multo
1757 2272 1877 2329 post
1902 2263 2192 2317 missurum

638 2369 762 2410 esse
788 2352 1143 2414 Paracletutn,
1180 2351 1451 2404 invenitur
1484 2350 1592 2421 (36)
1620 2363 1735 2420 post
1764 2363 2031 2408 trecentos
2056 2350 2107 2408 et
2131 2371 2195 2408 eo

641 2442 870 2512 amplius
897 2424 1316 2496 annos'misisse
1364 2440 1527 2503 hunc,
1577 2441 1717 2493 sicut
1748 2442 1860 2509 ipse
1906 2426 2007 2495 sibi
2046 2446 2194 2497 testi-

642 2538 882 2589 monium
923 2535 1182 2603 perhibet.
1215 2532 1353 2598 Quid
1385 2531 1565 2588 dicent
1603 2530 1727 2585 Jesu
1781 2534 1831 2585 in
1878 2534 1963 2587 die
2005 2535 2191 2602 judicii

640 2625 736 2689 illi,
761 2626 851 2694 qui
872 2624 984 2691 jam
1014 2624 1119 2676 vita
1144 2628 1493 2676 excesserunt
1523 2636 1587 2671 ex
1622 2622 1711 2673 illo
1750 2631 1987 2690 tetnpme
2020 2642 2193 2694 usque

640 2716 821 2769 nunc?
848 2715 1030 2769 Nonne
1059 2716 1170 2770 haec
1210 2712 1351 2782 apud
1382 2728 1506 2765 eum
1553 2714 1860 2782 allegahunt
1894 2736 1904 2768 :
1940 2715 2058 2771 Noli
2095 2736 2194 2773 nos

640 2809 903 2872 cruciare,
932 2808 977 2861 si
1007 2821 1168 2874 opera
1199 2815 1289 2858 tua
1338 2819 1444 2857 non
1473 2802 1698 2857 fecimus
1724 2822 1737 2867 ;
1770 2822 1866 2858 cur
1892 2809 2033 2859 enim
2069 2825 2191 2861 runt

640 2898 951 2966 promiseris
982 2900 1081 2952 sub
1128 2896 1345 2949 Tiberio
1389 2894 1601 2948 Ctesare
1652 2896 1945 2949 missurum
1994 2909 2043 2952 te
2076 2914 2195 2953 esse

637 2988 995 3053 l’aracletnm,
1026 2989 1117 3058 qui
1148 2998 1394 3057 argueret
1433 3002 1531 3039 nos
1560 2987 1625 3039 de
1673 2999 1892 3055 peccato
1921 3001 1973 3043 et
1999 2991 2067 3043 de
2105 2991 2195 3059 ju-

640 3078 787 3132 stitia
823 3078 887 3142 ³ο,
931 3080 1030 3131 sub
1080 3076 1252 3133 Probo
1303 3080 1518 3133 domum
1576 3074 1819 3129 Romano
1872 3079 2193 3148 imperatore

2310 622 2477 686 misit,
2505 622 2769 685 dividens,
2798 621 3005 675 donans
3028 620 3308 689 discipulis
3328 619 3471 684 suis;
3496 616 3878 670 abundantius

2306 728 2431 765 vero
2466 712 2749 765 conferens
2778 711 2942 765 Paulo
2974 713 3103 780 (58).

2376 802 2609 857 XXVIII.
2647 802 2827 855 Manes
2852 804 2985 855 dixit
3013 821 3029 857 :
3058 802 3269 856 Tuimet
3298 800 3466 861 ipsius
3495 799 3687 853 indicio
3706 813 3879 853 com-

2305 897 2605 964 prehensus
2656 911 2734 949 es.
2783 894 2904 950 [hec
2957 896 3098 947 enim
3152 895 3437 947 adversum
3495 903 3546 945 te
3607 892 3871 957 locutus,

2306 989 2544 1057 ignoras,
2592 986 2718 1055 quia
2760 986 2886 1039 dum
2939 985 2991 1038 in
3040 1001 3123 1038 me
3171 986 3251 1038 vis
3303 985 3496 1052 probra
3550 982 3880 1052 conjicere,

2305 1076 2499 1144 majori
2530 1077 2699 1145 culpa:
2717 1075 3058 1140 succumbis.
3098 1074 3191 1127 Dic
3237 1092 3333 1141 age
3366 1075 3519 1139 mihi,
3559 1075 3627 1139 si,
3651 1084 3710 1128 ut
3746 1075 3874 1138 ais,

2303 1168 2395 1236 qui
2425 1184 2454 1220 τι
2487 1168 2705 1220 Tiberio
2737 1182 2904 1235 usque
2955 1168 3019 1219 ad
3053 1166 3282 1221 Probum
3319 1166 3557 1221 defuncti
3591 1176 3735 1231 sunt,
3768 1164 3877 1219 di-

2303 1268 2426 1312 cent
2452 1260 2515 1312 ad
2562 1258 2742 1312 Jesum
2776 1275 2787 1309 :
2830 1256 2944 1319 Noli
2980 1274 3075 1312 nos
3113 1258 3378 1328 judicare,
3415 1258 3539 1327 quia
3570 1274 3729 1328 opera
3758 1250 3905 1312 tua

2307 1364 2411 1400 non
2461 1348 2720 1411 fecimus;
2750 1362 2854 1404 non
2891 1346 3034 1398 enim
3076 1347 3269 1400 misisti
3309 1346 3463 1401 nobis
3497 1346 3875 1405 I'aracletum.

2306 1454 2427 1490 cum
2461 1439 2660 1491 dixeris
2709 1449 2759 1490 te
2799 1436 3091 1490 missurum
3123 1437 3231 1505 (Z9)
3266 1453 3277 1487 :
3314 1452 3419 1489 non
3472 1437 3635 1491 multo
3677 1436 3879 1507 magis

2304 1528 2377 1580 illi
2411 1528 2521 1581 haec
2553 1528 2752 1592 tﬂccnt,
2783 1528 2924 1595 quia
2960 1527 3136 1597 Moyse
3166 1543 3334 1595 usque
3363 1529 3429 1580 ad
3452 1528 3732 1581 adventum
3763 1528 3877 1597 ip-

2304 1619 2416 1672 sius
2438 1618 2563 1672 .Iesu
2593 1618 2791 1672 Christi
2820 1621 2925 1672 vita
2958 1628 3327 1681 excesserunt,
3361 1627 3415 1672 et
3445 1634 3515 1672 eo.
3540 1620 3738 1673 rectius
3763 1620 3883 1674 dio

2302 1720 2422 1763 cent
2458 1727 2469 1762 :
2502 1708 2620 1762 Noli
2669 1725 2767 1764 nos
2825 1712 3035 1766 tradere
3087 1712 3369 1765 tormentis
3414 1709 3545 1779 (40),
3591 1712 3874 1779 quoniam

2300 1802 2630 1870 agnitionem
2684 1803 2759 1854 tui
2792 1817 2894 1854 non
2944 1803 3287 1871 accepimus?
3324 1800 3387 1854 Et
3432 1816 3534 1853 non
3573 1801 3783 1869 solum.
3804 1800 3874 1855 hi

2298 1893 2389 1959 qui
2434 1898 2557 1946 ante
2608 1893 2778 1961 ipsius
2826 1895 3109 1948 adventum
3161 1895 3527 1953 decesserunt,
3568 1892 3690 1961 jure
3736 1892 3878 1949 hate

2298 1968 2527 2053 allegare
2553 1978 2907 2049 videbuntur;
2942 2000 3123 2038 verum
3150 1985 3313 2037 etiam
3342 1981 3438 2047 illi,
3467 1981 3555 2050 qui
3582 1981 3649 2034 ab
3678 1981 3872 2035 Adam

2300 2090 2473 2144 usque
2522 2076 2591 2129 ad
2624 2076 2911 2130 adventum
2954 2075 3080 2131 Jesu
3124 2074 3414 2128 obierunt?
3458 2072 3638 2141 Neque
3688 2072 3876 2127 Para-

2296 2168 2420 2222 cleti
2468 2168 2609 2221 enim
2666 2169 2946 2223 scientiam
2997 2167 3269 2222 consecuti
3319 2175 3465 2231 sunt,
3513 2182 3687 2235 neque
3719 2163 3868 2220 Jesu

2296 2247 2539 2313 doctrina
2572 2260 2765 2325 eruditi
2810 2269 2955 2314 sunt.
2986 2258 3090 2312 Sed
3146 2258 3247 2312 hoc
3281 2257 3455 2311 solum
3480 2258 3727 2313 ultimum
3753 2272 3869 2327 ge-

2297 2369 2397 2405 nus
2430 2336 2727 2416 hominum,
2775 2360 2834 2404 ut
2865 2352 2964 2414 ais,
2990 2349 3131 2420 quod
3162 2364 3191 2402 a
3244 2347 3457 2404 Tiberio
3495 2358 3597 2416 est,
3632 2350 3868 2402 salven-

2298 2451 2382 2495 tur
2412 2444 2555 2512 (tl);
2586 2445 2697 2511 ipse
2725 2444 2868 2497 enim
2899 2461 2916 2492 ι
2948 2457 3039 2495 eos
3059 2439 3309 2496 Christus
3328 2441 3395 2495 de
3410 2440 3697 2495 maledicto
3720 2431 3871 2511 logia

2299 2536 2527 2588 redemit
2568 2534 2646 2601 ⁸³,
2700 2553 2719 2586 ι
2777 2535 2917 2589 sicut
2968 2532 3168 2591 Paulus
3217 2533 3583 2589 testimonium
3638 2532 3795 2593 dedit
3846 2549 3865 2589 :

2300 2645 2318 2675 ς
2358 2625 2493 2691 Quia
2529 2626 2703 2681 littera
2734 2626 2951 2691 occidit,
2986 2641 3085 2681 nec
3107 2640 3431 2697 quemquam
3465 2625 3705 2677 vivitlcat
3730 2622 3807 2687 ⁸⁸,
3835 2642 3858 2676 ι

2295 2725 2348 2769 et
2378 2736 2397 2766 ι
2436 2717 2588 2782 Quod
2626 2718 2706 2771 lex
2754 2718 3113 2771 ministerium
3152 2718 3346 2771 mortis
3374 2716 3535 2776 est“,
3568 2715 3868 2784 virtusque

2301 2794 2503 2875 peccati
2531 2809 2598 2861 “.
2638 2826 2656 2858 ι
2690 2807 2975 2860 Archelaus
3006 2808 3185 2863 dixit:
3220 2806 3386 2863 Erras
3421 2806 3671 2860 nesciens
3705 2804 3868 2860 Scri-

2297 2898 2565 2966 pturas“,
2588 2914 2760 2967 neque
2784 2898 3031 2951 virtutem
3060 2897 3156 2952 Dei
3179 2916 3193 2964 ;
3222 2896 3372 2952 multi
3385 2896 3525 2950 enim
3549 2897 3718 2950 etiam
3738 2906 3865 2967 post

2296 2988 2583 3043 adventum
2613 2987 2813 3041 Christi
2852 3002 3023 3055 usque
3041 3000 3183 3041 nunc
3216 2990 3493 3056 perierunt
3514 2996 3566 3041 et
3598 2998 3860 3065 pereunt;

2296 3083 2351 3149 hi
2390 3080 2616 3140 scilicet,
2662 3080 2755 3147 qui
2796 3080 3049 3148 operibus
3082 3079 3303 3147 iustitia:
3344 3079 3614 3134 deservire
3655 3078 3853 3134 nolneo

638 3168 860 3232 misisti,
894 3169 1168 3236 orphanos
1214 3170 1565 3239 dereliquisti,
1603 3170 1729 3223 dum
1781 3170 1893 3239 ipse
1938 3174 2139 3227 dixeris
2171 3192 2180 3224 :
2217 3199 2261 3254 ρ
2297 3183 2452 3237 runt;
2487 3171 2564 3225 illi
2594 3186 2718 3225 vero
2747 3170 2872 3235 soli,
2898 3170 2990 3239 qui
3020 3179 3372 3240 susceperunt
3401 3184 3524 3225 eum
3572 3178 3628 3226 et
3670 3172 3857 3225 susci-

643 3279 663 3313 c
702 3258 818 3313 Non
866 3258 1235 3327 derelinquam
1294 3276 1391 3313 vos
1435 3262 1707 3329 orphanos
1731 3262 1795 3325 ⁸⁸,
1839 3280 1856 3312 t
1901 3278 2023 3316 eum
2075 3265 2189 3333 ipse

636 3351 839 3408 dixeris
878 3362 949 3413 te,
994 3366 1119 3404 mox
1162 3351 1286 3415 ires,
1335 3354 1627 3411 missurum
1667 3373 1786 3413 esse
1814 3356 2191 3412 Paracletum?
2236 3420 2251 3429 ἢ

643 3442 781 3521 Quid
816 3452 1125 3511 poteramus
1152 3443 1378 3509 orphani
1407 3443 1601 3509 facere,
1632 3460 1735 3499 non
1768 3448 2023 3503 habentes
2049 3458 2190 3503 tuto-

638 3534 793 3589 rem?
816 3534 945 3587 nihil
974 3551 1070 3589 nos
1100 3535 1428 3603 deliquinus,
1464 3544 1519 3588 ιιι
1550 3551 1647 3589 nos
1678 3536 1927 3592 fefellisti.
1959 3539 2061 3593 Sed
2090 3541 2182 3593 ali-

638 3627 711 3679 sit
757 3624 867 3693 (57)
904 3626 1005 3678 hoc
1034 3641 1063 3677 a
1112 3622 1339 3677 Domino
1378 3635 1565 3679 nostro
1600 3623 1726 3679 Jesu
1755 3627 1971 3679 Christo
2001 3628 2189 3682 Salva-

638 3729 756 3775 tore
794 3717 973 3772 omnis
1002 3717 1213 3770 animas.
1255 3715 1370 3771 Non
1405 3718 1548 3770 enim
1590 3726 1831 3772 moratus
1860 3727 1941 3770 est
1970 3720 2020 3771 in
2062 3735 2190 3787 pro-

641 3812 992 3866 niissionibus
1036 3809 1174 3873 suis,
1230 3811 1323 3864 sed
1372 3827 1494 3866 cum
1544 3812 1816 3865 dixisset:
1870 3828 1887 3860 ι
1932 3808 2076 3865 Vado
2126 3816 2188 3865 ad

2294 3266 2466 3334 piunt,
2502 3270 2873 3331 «potestatem
2920 3273 3243 3332 acceperunt
3288 3262 3380 3316 lllii
3418 3260 3520 3316 Dei
3568 3262 3684 3316 fieri
3718 3262 3785 3315 δ’.
3825 3279 3850 3313 ι

2292 3357 2411 3411 Νοη
2444 3349 2587 3410 enim
2633 3369 2821 3408 omnes
2857 3352 3153 3421 dixit;sed
3198 3369 3371 3423 neque
3411 3362 3621 3424 tempus
3658 3353 3853 3407 termi-

2293 3449 2477 3505 navit:
2508 3466 2526 3498 ι
2556 3445 2876 3514 Quicunque
2900 3446 3065 3509 enim,
3094 3446 3287 3515 inquit,
3318 3458 3632 3513 acceperunt
3654 3460 3838 3499 eum.)

2292 3543 2457 3597 Adest
2489 3550 2667 3594 autem
2700 3552 2908 3605 semper
2928 3536 3090 3605 justis
3120 3538 3269 3601 viris,
3292 3552 3323 3590 a
3354 3545 3600 3592 creatura
3631 3536 3848 3603 mundi,

2296 3649 2395 3689 nec
2432 3641 2609 3687 cessat
2650 3628 2923 3698 inquirere
2971 3620 3288 3696 sanguinem
3334 3627 3577 3696 ipsorum
3622 3642 3690 3680 ex
3720 3641 3852 3680 san-

2298 3726 2457 3794 guine
2486 3723 2619 3777 Abel
2640 3721 2795 3791 justi,
2824 3734 2995 3788 usque
3025 3719 3089 3771 ad
3127 3718 3445 3787 sanguinem
3478 3716 3850 3771 Zacltarize“.

2300 3811 2451 3867 Unde
2480 3822 2610 3878 ergo
2636 3807 2767 3861 Abel
2792 3806 2991 3876 justus,
3027 3812 3082 3857 et
3105 3803 3179 3856 illi
3200 3818 3393 3859 omnes
3417 3805 3610 3873 reliqui
3637 3820 3735 3874 per
3759 3820 3859 3859 or-

712 3948 754 3978 "
783 3946 937 3999 Juno.
968 3962 1073 4005 XVI,
1110 3946 1161 3999 8.
1234 3912 1407 4001 ια’]οιι
1434 3967 1538 4011 xlv,
1582 3950 1666 4004 ts.
1744 3952 1784 3980 ιι
1823 3949 1956 4002 "till.
1995 3950 2078 4011 l6,
2110 3950 2194 4001 28;

2298 3953 2317 3981 ³
2349 3949 2521 4003 GaIat.
2558 3962 2639 4009 In,
2669 3945 2771 3999 '13.
2845 3942 2966 3998 “sil
2995 3910 3120 3998 Cor.
3164 3958 3246 4009 ut,
3272 3941 3326 3997 6.
3401 3941 3447 3973 “
3478 3940 3519 3995 ιι
3534 3942 3663 3998 Cor.
3692 3943 3855 4011 "1,7.

640 4016 873 4070 “ICor.
900 4032 985 4077 xv,
1043 4014 1131 4070 56.
1205 4018 1607 4085 "Manium",
1638 4022 1726 4074 '29.
1802 4020 1845 4052 "
1877 4018 2034 4073 Joan.
2073 4034 2112 4085 t,
2148 4020 2194 4071 ‘Ii

2309 4022 2353 4051 "
2374 4018 2559 4073 Matth.
2594 4031 2756 4079 xxm,
2785 4016 2872 4069 55.

713 4172 824 4243 (55)
851 4172 953 4225 Aut
979 4175 1125 4243 nihil
1152 4177 1323 4240 viden,
1373 4186 1464 4231 aut
1493 4179 1564 4233 ita
1601 4181 1965 4235 restituendus
1992 4190 2073 4234 est
2105 4180 2191 4233 hic

636 4244 792 4316 locus
824 4242 1101 4316 manifeste
1143 4258 1453 4316 corruptus;
1488 4266 1609 4302 nam
1641 4252 1692 4301 in
1738 4250 1921 4303 codice
1956 4252 2029 4309 ita
2050 4252 2183 4303 scri-

638 4314 784 4387 hitur
815 4330 827 4364 :
862 4330 878 4358 ι
909 4310 999 4363 Sin
1026 4310 1499 4387 autemconderem
1538 4336 1593 4371 se
1627 4320 1830 4381 dicens,
1851 4329 2185 4387 exposceret,

638 4384 940 4457 deﬂerent
968 4384 1235 4457 persequi,
1270 4387 1498 4439 alienum
1527 4404 1645 4442 esse
1672 4384 2063 4457 pronunti—aret.
2099 4407 2116 4438 ι

713 4452 824 4519 (55)
847 4450 973 4525 _|_l.oc
1006 4452 1190 4525 eodem
1213 4466 1524 4525 argumento
1548 4450 1810 4511 adversus
1841 4456 2195 4525 Montanistas

2302 4180 2517 4235 Christo
2554 4180 2833 4233 Salvatore
2864 4192 3023 4231 omne
3055 4174 3265 4230 anime.
3302 4194 3320 4225 ι

2302 4257 2329 4317 97
2375 4246 2486 4317 (38‘)
2520 4250 2653 4302 Mire
2689 4249 2777 4301 hic
2805 4258 2857 4301 et
2901 4248 2955 4300 in
3001 4260 3153 4317 seqq.
3192 4245 3514 4317 depravatus
3552 4253 3638 4317 est
3676 4245 3858 4301 codex

2304 4313 2639 4381 Casinensis,
2689 4318 2740 4369 in
2786 4331 2894 4386 quo
2938 4313 3149 4386 legitur,
3206 4313 3679 4386 t_Abundanl_ibus
3725 4331 3858 4386 vero

2302 4391 2562 4440 conlltcns
2596 4387 2782 4455 Paulq.
2805 4381 3015 4439 ’Μαηεῐ
3030 4384 3166 4437 dixit
3196 4381 3410 4455 :Tuum
3458 4392 3513 4437 et
3545 4383 3723 4455 ipsius
3766 4385 3852 4439 itt-

2301 4457 2441 4509 dicio
2466 4453 2885 4524 comprehensus
2914 4470 3002 4519 es;
3042 4455 3152 4506 haec
3189 4454 3331 4524 enim
3364 4467 3579 4524 versum
3618 4462 3672 4524 te
3685 4453 3857 4524 locn-

641 4506 819 4595 ,διηυτί
847 4517 1166 4595 Theodorus
1220 4506 1521 4595 μεςεςιροι.
1550 4506 1639 4578 1;.
1659 4506 1807 4595 si:
1841 4506 2194 4593 sirenis:
2229 4506 2270 4559 ο
2304 4506 2881 4594 i’..g.i.g.;.;s;;s;sua
2916 4506 3280 4595 autimas.
3318 4506 3519 4595 probra
3531 4506 3854 4595 conjicere,

641 4589 820 4646 Ιυειη..
858 4605 999 4641 vers.
1035 4588 1118 4651 17,
1153 4605 1272 4643 cum
1306 4592 1477 4658 inquit
1505 4613 1517 4646 :
1550 4614 1565 4642 ι
1604 4588 1806 4649 Num-si
1844 4596 1949 4650 illis
1979 4611 2085 4649 non
2117 4588 2191 4647 di-

641 4660 928 4732 ligentibus
963 4660 1159 4732 solum,
1194 4659 1283 4710 sed
1319 4670 1370 4710 ct
1400 4677 1495 4727 pro
1537 4664 1642 4717 Deo
1675 4673 1899 4719 mortem
1934 4676 2192 4732 Oppeten-

640 4730 805 4791 tibus.
839 4745 943 4781 non
986 4731 1241 4788 misisset,
1276 4742 1432 4795 quem
1480 4736 1801 4797 promiserat
1829 4730 2188 4798 ParacIetum,

641 4800 939 4868 secundum
978 4798 1333 4868 Phrygiorum
1370 4799 1715 4868 impietatem,
1756 4806 2097 4857 mendacium
2136 4805 2188 4856 in

642 4865 967 4941 Evangeliis
992 4865 1342 4941 reperiretur.
1370 4866 1521 4941 Quod
1548 4869 1590 4922 si
1624 4887 1769 4934 vero,
1815 4890 1936 4927 cum
1975 4874 2045 4926 sit
2077 4874 2190 4941 ipsa

642 4939 859 5000 Veritas,
902 4935 1107 4990 miserit
1148 4938 1212 4989 iis
1256 4935 1513 5001 Spiritum
1560 4950 1829 5001 sanctum.
1866 4952 2065 4996 temere
2096 4935 2191 4996 er-

641 5007 809 5059 rando
844 5008 1353 5066 comminiscuntur,
1396 5007 1635 5057 dicentes
1668 5025 1758 5072 per
1796 5010 2103 5064 Montanum
2139 5022 2193 5064 et

643 5072 939 5127 Priscillam
994 5078 1215 5130 missum
1260 5090 1379 5127 esse
1409 5072 1742 5145 Paracletum
1781 5090 1900 5145 post
1930 5083 2193 5135 ducentos

641 5150 691 5194 et
724 5145 937 5206 triginta
972 5160 1142 5199 annos
1172 5147 1240 5197 ali
1269 5144 1565 5210 apostolica
1601 5146 1771 5210 gratia
1805 5158 2128 5203 transactos.
2170 5170 2187 5200 ι

714 5214 821 5277 (56)
851 5215 1219 5268 Contentionis
1250 5225 1381 5267 aestu
1425 5223 1578 5265 actus
1624 5214 1832 5266 videtur
1863 5217 1948 5269 hic
1991 5219 2193 5272 dixisse

643 5278 956 5345 Archelaus,
988 5294 1103 5351 post
1134 5294 1400 5337 trecentos
1422 5292 1471 5335 ct
1502 5282 1732 5349 amplius
1754 5299 1925 5336 annos
1945 5300 1973 5336 a
1990 5286 2190 5340 Christi

645 5360 813 5402 morte
856 5352 1115 5407 Manetem
1160 5355 1493 5406 emersisse:
1528 5368 1650 5404 nam
1702 5367 1729 5403 a
1767 5352 1969 5405 Christi
2024 5368 2195 5409 morte

642 5432 813 5484 usque
842 5424 905 5475 ad
942 5423 1132 5475 habita:
1158 5440 1278 5476 cum
1310 5421 1517 5474 Manete
1544 5421 1929 5491 disputationis
1960 5433 2209 5491 tempus,

642 5493 764 5538 anni
804 5492 1011 5547 circiter
1046 5508 1230 5546 ccxux
1265 5494 1622 5545 intercedunt.
1656 5490 1785 5545 Vide
1826 5491 2192 5559 praefationem

642 5565 879 5609 nostram
907 5562 957 5611 in
998 5562 1274 5619 Archelao.

714 5625 823 5690 (37)
858 5626 1023 5681 Parva
1058 5633 1353 5685 mutatione
1401 5633 1545 5685 hunc
1581 5634 1754 5685 locum
1802 5641 1966 5693 recte,
2003 5632 2057 5684 ni
2094 5631 2194 5683 fal—

640 5695 743 5769 l_or_,
776 5697 1199 5769 entend_av_imus.
1237 5702 1327 5769 qui
1374 5702 1424 5753 in
1463 5703 1649 5755 codice
1700 5705 1977 5758 (lasineusi
2029 5704 2099 5754 ita
2139 5716 2196 5755 se

644 5765 842 5819 habet:
881 5781 898 5815 ι
948 5763 1051 5819 Sed
1084 5768 1223 5822 absit
1256 5763 1416 5825 'hanc
1446 5787 1475 5824 a
1529 5770 1755 5826 Domino
1815 5784 2001 5828 nostro
2067 5770 2193 5825 Jesu

2297 4591 2492 4661 majori
2527 4596 2693 4662 culpae
2738 4591 2795 4647 se
2837 4592 3155 4662 succumbit.
3184 4592 3279 4646 Dic
3299 4607 3405 4662 age
3449 4591 3581 4644 mihi
3612 4592 3856 4657 studias,

2292 4659 2400 4731 qua
2436 4659 2655 4731 Tiberio
2689 4680 2861 4731 usque
2892 4663 2958 4717 ad
3000 4661 3235 4715 Probum
3279 4659 3519 4731 defuncti
3564 4671 3713 4725 sunt,
3758 4662 3854 4715 di—

2291 4728 2413 4785 cent
2446 4733 2508 4785 ad
2532 4730 2737 4794 Iesum,
2764 4728 2925 4786 nolite
2950 4732 3323 4800 nosjudicare.
3351 4749 3368 4800 ι
3394 4728 3503 4782 Nos
3530 4731 3854 4789 totmenda.

2292 4810 2553 4869 quantum
2588 4816 2681 4868 per
2724 4799 3273 4872 conjecturaslicuit,
3314 4799 3620 4868 abstergere
3658 4800 3857 4853 conati

2292 4887 2498 4926 sumus.
3377 4922 3387 4931 ,

2366 4942 2474 5009 (39)
2514 4936 2743 5009 Verbum
2797 4960 2813 4989 ι
2854 4940 3173 4998 missurum,
3206 4955 3225 4988 ν
3266 4944 3447 4991 nostra
3486 4937 3852 5009 estiadditio,

2293 5006 2413 5063 cum
2448 5012 2499 5061 in
2544 5006 2821 5061 Casinensi
2853 5012 3016 5073 desit;
3047 5018 3102 5062 et
3136 5020 3264 5061 sane
3310 5020 3493 5059 vocem
3544 5006 3714 5071 illam,
3763 5008 3859 5062 vel

2296 5081 2422 5147 quid
2459 5077 2633 5131 simile
2665 5078 2734 5129 ibi
2774 5078 2999 5132 deﬁcere
3023 5078 3140 5145 ipsa
3166 5073 3429 5129 orationis
3466 5077 3633 5131 series
3657 5086 3860 5131 osten—

2293 5152 2389 5203 dit.
2514 5192 2524 5199 .

2363 5217 2474 5286 (40)
2507 5215 2562 5268 In
2602 5213 2997 5286 Casinensiest.
3026 5235 3044 5267 ι
3074 5215 3181 5271 noli
3204 5224 3386 5270 nostra
3408 5214 3473 5269 de
3502 5215 3857 5283 tormentis,»

2294 5284 2658 5345 nullo'scnsu,
2692 5285 2797 5337 nisi
2825 5295 2884 5337 ut
2905 5284 3114 5338 editum
3148 5295 3246 5345 est,
3276 5286 3594 5353 corrigatur.

2366 5358 2478 5427 (Η)
2522 5354 2807 5427 Ιηνροιιίςε
2830 5354 3109 5427 Casinensi
3142 5354 3219 5427 sic
3256 5354 3450 5425 legitur
3488 5372 3500 5407 :
3536 5374 3553 5404 ι
3602 5353 3709 5406 Sed
3744 5355 3864 5427 hoc

2295 5422 2470 5480 solum
2515 5426 2760 5477 ultimum
2802 5438 2971 5491 genus
3010 5422 3330 5487 hominutnf
3356 5432 3414 5476 nt
3452 5439 3567 5486 cas,
3614 5422 3763 5490 quod
3821 5438 3857 5476 a

2298 5496 2513 5549 Tiberio
2540 5506 2641 5553 est,
2667 5493 2973 5545 salventun-
2997 5512 3015 5543 ι
3040 5491 3147 5546 Nos
3171 5503 3349 5547 autem
3382 5495 3543 5545 verba
3575 5492 3688 5552 illa,
3725 5508 3746 5540 ι
3788 5501 3859 5545 ut

2296 5580 2407 5626 eas,
2442 5584 2459 5615 ›
2495 5564 2827 5631 interpretati
2860 5577 3069 5631 sumus,
3100 5580 3118 5612 ο
3150 5572 3208 5615 ιιι
3245 5564 3343 5623 ais,
3380 5582 3398 5616 ι
3432 5562 3679 5630 exemplo
3708 5561 3860 5631 alte.

2296 5634 2410 5700 rius
2444 5635 2543 5687 loei
2572 5630 2709 5686 infra
2738 5646 2854 5699 cap.
2875 5630 2963 5688 50.
2997 5632 3084 5685 ubi
3116 5648 3136 5681 ι
3166 5641 3223 5685 ut
3245 5647 3323 5694 as,
3353 5651 3371 5682 ι
3404 5646 3521 5700 pro,
3551 5649 3568 5679 ι
3604 5639 3657 5681 ut
3681 5630 3789 5690 ais,
3828 5648 3851 5679 ι

2296 5697 2400 5763 vel,
2437 5721 2454 5751 ι
2489 5714 2543 5754 ιιι
2572 5697 2842 5765 τιςςθτίδξ»
2878 5716 2906 5753 a
2938 5701 3157 5755 librario
3188 5697 3444 5771 scriptum
3474 5699 3658 5763 fuisse,
3678 5712 3856 5752 se...

2298 5773 2413 5837 ipso
2443 5784 2714 5841 poscente,
2742 5771 3088 5839 conjecimus.
3268 5775 3271 5778 ’
