4118 6350
320 449 460 506 N73

1403 446 1545 503 CUM
1578 446 1856 502 MANETE
1899 445 2425 501 "EBESIARCHA.
2471 491 2478 494 .
2657 492 2659 496 .
2806 499 2813 505 ,
2860 453 2869 478 ¹

3367 447 3504 502 HN

249 613 252 616 .
313 555 521 642 dinem,
546 562 643 631 qui
670 561 807 616 inter
829 561 1006 632 justos
1035 571 1423 616 enumerantur
1452 564 1586 631 (Β),
1619 579 1739 617 cum
1778 564 1860 617 lex
1893 571 1935 624 Α
1965 565 2175 636 piamus
2200 578 2262 617 ex
2299 564 2402 628 his,
2425 577 2608 616 eorum
2633 577 2750 631 qua?
2778 562 2973 618 habere
2995 570 3046 614 te
3067 561 3224 634 dicis;
3257 566 3375 618 utsi
3404 566 3532 619 lucc

316 669 429 710 non
449 665 591 711 esset
610 651 798 723 Moysi,
833 667 955 707 cum
988 654 1262 726 prophetae
1291 654 1477 706 oborti
1521 668 1625 707 non
1661 665 1865 719 essent,

263 772 270 777 -
317 740 422 798 nec
445 744 735 815 prOphetia:
763 758 961 798 munus
987 743 1333 811 implessent?
1354 742 1539 799 Nonne
1567 745 1699 812 justi
1741 745 1868 798 eﬂe-

315 834 393 888 cti
423 830 640 889 suntex
669 847 733 886 eo
753 833 896 902 quod
927 834 1093 901 legem
1131 834 1422 902 implebant
1456 853 1470 888 :
1513 853 1530 886 ι
1570 833 1866 890 Ostendens

318 921 701 989 unusquisque
728 935 914 974 eorum
933 927 1068 988 opits
1093 921 1227 990 legis
1255 925 1511 998 scriptum
1541 923 1650 993 (45)
1679 925 1730 978 in
1755 941 1870 978 eor-

315 1009 478 1064 dibus
517 1010 659 1074 suis,
713 1010 1076 1072 testimonium
1118 1011 1372 1066 reddente
1413 1014 1492 1081 eis
1535 1015 1866 1069 conscientia

317 1088 418 1153 Sua
447 1098 528 1154 "‘l
562 1118 580 1151 ι
615 1093 749 1153 Cum
781 1102 922 1154 enim
950 1101 1071 1170 quis
1100 1101 1266 1171 legem
1298 1118 1401 1154 non
1433 1104 1664 1170 habens,
1707 1117 1866 1158 natu-

293 1188 522 1251 _raliter,
556 1203 675 1258 quae
713 1189 844 1258 legis
876 1199 1020 1256 sunt,
1058 1190 1222 1257 facit;
1265 1191 1351 1245 hic
1398 1192 1564 1262 legem
1613 1209 1720 1246 non
1768 1193 1866 1246 ba-

317 1278 472 1342 bens,
500 1280 613 1348 ipse
643 1280 744 1344 Sibi
780 1289 862 1335 est
894 1281 996 1335 lex.
1030 1280 1094 1334 Et
1123 1282 1329 1335 intuere
1362 1283 1753 1336 multitudinem
1790 1284 1865 1337 le-

320 1383 447 1437 gum
478 1383 571 1437 per
592 1368 830 1438 singulos
868 1371 1044 1438 justos
1069 1409 1085 1432 ,
1117 1373 1209 1439 qui
1261 1371 1392 1425 bene
1427 1373 1652 1442 agebant
1699 1375 1863 1426 vitam

320 1472 500 1523 suam,
528 1475 671 1536 nunc
699 1476 763 1512 ex
798 1462 1099 1530 semetipsis
1144 1459 1478 1529 profereutcs
1522 1463 1574 1514 in
1611 1464 1865 1517 cordibus

299 1549 436 1602 suis
466 1550 681 1627 insitam
717 1549 808 1603 Dei
841 1552 1031 1621 legem,
1065 1567 1207 1605 nunc
1235 1567 1263 1604 a
1293 1553 1522 1621 propriis
1556 1555 1866 1622 parentibus

319 1639 652 1708 inquirentes
682 1682 697 1706 ,
742 1639 1033 1710 aliquando
1076 1643 1337 1696 etiamab
1374 1643 1769 1711 antiquioribus
1809 1653 1867 1697 et

317 1729 625 1784 senioribus
653 1731 1010 1785 addiscetttes.
1047 1730 1244 1784 Verum
1271 1733 1397 1800 quia
1421 1733 1574 1800 pauci
1606 1747 1699 1800 per
1725 1733 1868 1785 hunc

318 1818 541 1872 modum
575 1819 684 1888 (44)
709 1827 954 1888 poterant
981 1820 1042 1873 ad
1068 1819 1288 1888 iustitiae
1317 1821 1527 1873 culmen
1558 1822 1864 1886 ascendere,

321 1904 377 1959 id
411 1914 522 1971 est,
555 1922 649 1976 per
694 1915 970 1976 parentum
1013 1907 1362 1972 traditiones,
1407 1909 1550 1961 nulla
1594 1909 1647 1961 in
1683 1908 1869 1963 litteris
1904 1895 1940 1948 Β

318 1994 434 2064 lege
459 1997 759 2065 conscripta
787 2013 801 2061 ;
837 1997 1122 2051 miseratus
1154 2006 1235 2052 est
1275 1997 1415 2052 Deus
1445 1999 1735 2052 humanum
1784 2016 1872 2067 ge-

320 2100 444 2147 nus,
466 2095 520 2139 et
547 2087 799 2154 scriptam
825 2087 992 2155 legem
1016 2103 1109 2158 per
1128 2087 1342 2158 Moysen
1372 2090 1537 2143 voluit
1564 2091 1871 2145 hominibus

319 2173 470 2236 dare,
509 2177 761 2243 quoniam
811 2177 1026 2244 quidem
1078 2193 1182 2232 non
1230 2179 1471 2247 apprime
1518 2179 1570 2232 in
1619 2179 1871 2232 cordibus

319 2279 509 2318 eorum
542 2265 803 2318 naturalis
831 2264 964 2335 legis
995 2267 1220 2336 aequitas
1246 2268 1592 2321 retinebatur.
1620 2267 1870 2322 Consona

318 2357 482 2425 igitur
515 2355 700 2424 prima:
727 2357 984 2423 creatioui
1015 2357 1261 2411 humanae
1310 2358 1369 2411 llt
1404 2359 1456 2410 in
1483 2359 1672 2420 litteris
1713 2360 1873 2428 legis-

321 2446 450 2499 latio
474 2484 490 2509 ,
532 2461 651 2514 quae
679 2460 772 2515 per
796 2444 1012 2516 Moysen
1039 2448 1198 2500 datur
1221 2447 1408 2500 salutis
1434 2462 1595 2501 causa
1622 2449 1873 2516 plurimo-

317 2527 459 2590 rum.
492 2533 565 2608 Si
589 2538 732 2589 enim
779 2537 1110 2590 aestimamus
1149 2537 1420 2590 hominem
1461 2537 1576 2602 sine
1621 2537 1872 2606 operibus

319 2627 454 2696 legis
484 2622 787 2695 justiﬁcari,
827 2636 883 2680 ct
921 2627 1190 2680 Abraham
1239 2638 1513 2696 reputatus
1551 2637 1633 2681 cst
1669 2627 1869 2696 justus;

317 2724 525 2783 quanto
552 2714 724 2782 magis
757 2712 791 2766 ii
812 2715 904 2783 qui
939 2713 1342 2781 adimpleverint
1370 2714 1564 2782 legem,
1596 2712 1873 2765 continen-

321 2815 429 2862 tem
457 2820 519 2860 ea
549 2820 668 2874 quae
695 2803 1004 2858 hominibus
1036 2803 1344 2870 expediunt,
1372 2801 1635 2871 justitiam
1668 2813 1853 2854 conse-

319 2893 592 2964 quentur?
626 2891 690 2947 Et
721 2891 974 2961 quoniam
1003 2891 1164 2958 trium
1194 2892 1532 2945 solummodo
1559 2904 1867 2944 sermonum

321 2983 648 3037 mentionem
702 2981 916 3046 fecisti,
958 2965 1023 3034 de
1076 2982 1271 3049 quibus
1316 2970 1603 3049 Apostolus
1653 2981 1787 3033 dixit
1857 2999 1868 3033 :

317 3092 348 3126 ιι
382 3073 727 3130 Iinisterium
760 3074 948 3127 mortis
978 3087 1096 3127 esse
1117 3073 1284 3142 legem
1316 3073 1382 3134 ⁵⁸,
1419 3089 1436 3122 ι
1469 3081 1522 3124 et.
1553 3089 1571 3120 ι
1601 3069 1872 3124 Christum

324 3164 616 3218 redemisse
646 3179 743 3217 nos
789 3165 853 3217 de
897 3162 1182 3216 maledicto
1237 3162 1372 3230 legis
1409 3162 1485 3226 ⁸⁸,
1524 3170 1578 3215 et
1616 3163 1870 3230 quoniam

260 3298 262 3300 .
330 3275 360 3330 t
393 3254 566 3309 Virtus
596 3256 797 3324 peccati
825 3264 908 3309 est
940 3255 1024 3308 lex
1059 3255 1142 3320 ";
1195 3273 1232 3305 »ν
1259 3256 1394 3310 adde
1439 3256 1613 3308 adhuc
1642 3295 1656 3318 ,
1698 3266 1751 3308 et
1791 3257 1876 3310 dic

290 3349 739 3414 ‘quantacuuque
782 3345 875 3399 tibi
925 3345 1171 3397 videntur
1217 3345 1471 3399 adversus
1530 3346 1696 3415 legem
1760 3362 1879 3401 esse

322 3436 671 3505 conscripta-

303 3571 306 3574 λ
396 3525 586 3579 XXIX.
621 3525 798 3578 Manet
823 3526 958 3602 dixit
995 3543 1014 3578 :
1049 3513 1239 3579 Annon
1270 3525 1406 3578 idem
1439 3534 1547 3590 est,
1593 3525 1735 3595 quod
1787 3524 1871 3578 Je-

324 3631 424 3670 sus
445 3616 512 3670 ad
533 3616 821 3684 discipulos
843 3615 1039 3681 aiebat,
1063 3617 1378 3678 incredulos
1401 3628 1494 3670 eos
1515 3631 1632 3671 esse
1656 3618 1846 3668 dcmon
1863 3644 1877 3654 -

323 3708 509 3760 st'rans
541 3723 555 3759 :
593 3723 612 3755 ι
654 3705 759 3759 V’os
783 3721 847 3759 ex
876 3715 1023 3775 patre
1067 3708 1280 3762 diabolo
1313 3708 1475 3772 estis,
1522 3716 1575 3760 et
1616 3706 1874 3759 desideria

326 3796 498 3865 patris
540 3797 700 3849 vestri
732 3794 906 3849 lacere
936 3797 1097 3851 vultis
1129 3797 1201 3866 "‘i
1247 3815 1265 3848 ι
1318 3780 1428 3850 lloc
1478 3798 1659 3863 utique
1705 3794 1874 3860 dicit,

329 3884 462 3952 quia
491 3888 691 3952 quanta
717 3876 1232 3956 volucrit'malignus
1259 3889 1503 3956 princeps
1532 3884 1694 3952 hujus
1721 3900 1880 3938 mun-

332 3978 412 4044 di,
431 3988 484 4034 et
501 3987 697 4048 quanta
724 3979 1123 4041 desideraverit,
1150 3995 1242 4049 per
1266 3979 1478 4049 Moysen
1515 3977 1808 4045 scripserit,
1826 3987 1878 4031 et

330 4066 543 4122 dederit
579 4066 884 4123 hominibus
910 4066 1169 4121 facienda.
1227 4084 1245 4117 ι
1293 4067 1384 4121 llle
1424 4066 1566 4119 enim
1610 4065 1876 4120 homicida

335 4166 424 4210 est
447 4157 514 4210 ab
533 4156 708 4220 initio,
720 4166 773 4210 et
798 4159 851 4210 in
885 4158 1103 4211 veritate
1129 4171 1232 4210 non
1265 4157 1432 4222 stetit,
1455 4156 1708 4224 quoniam
1734 4157 1878 4209 veri-

268 4242 271 4243 ⁷
328 4256 417 4298 tas
449 4246 501 4298 in
547 4260 612 4299 eo
647 4261 753 4300 non
791 4245 904 4312 est;
949 4262 1069 4301 cum
1111 4238 1347 4316 loquitur
1387 4243 1764 4327 mendacium,
1811 4247 1879 4302 de

330 4337 449 4392 suis
477 4339 706 4406 prppriis
744 4338 980 4408 loquitur
1014 4340 1271 4408 quoniam
1304 4340 1532 4411 mendax
1565 4349 1686 4403 est,
1739 4341 1878 4396 sicut

327 4436 388 4482 et
418 4413 570 4496 pater
593 4427 710 4496 ejus
735 4427 801 4493 '5.
833 4446 851 4480 ι
882 4430 1159 4483 Archelaus
1181 4430 1315 4482 dixit
1343 4444 1361 4481 :
1390 4427 1595 4482 Suliicit
1618 4430 1710 4483 tibi
1740 4431 1874 4495 haec,

1969 663 2110 707 recte
2137 655 2310 722 posita
2342 652 2542 706 iuerint
2564 653 2798 715 inventa,
2836 653 2995 704 etiam
3035 653 3239 722 reliqua
3272 668 3394 706 cum
3431 654 3515 708 his

1966 752 2428 797 anuumereutur:
2463 745 2549 796 sin
2585 742 2791 806 minus,
2832 758 2928 795 cro
2954 757 3054 809 ego
3087 743 3353 796 obnoxius
3393 759 3516 797 sen-

1967 833 2145 886 tentiae
2171 832 2437 900 judicum,
2473 832 2524 884 id
2552 832 2808 896 est,,victi
2838 830 3180 897 ignominiam
3208 822 3392 884 feram.
3423 831 3519 886 Ais

1967 938 2094 992 ergo
2122 923 2477 976 ministerium
2511 923 2696 976 mortis
2724 936 2842 976 esse
2884 921 3051 989 legem
3072 963 3085 986 ,
3128 930 3180 972 et
3217 921 3514 990 principem

1968 1012 2130 1081 hujus
2166 1013 2350 1065 mundi
2377 1022 2623 1072 mortem,
2664 1027 2886 1079 regnare
2913 1013 2981 1064 ab
3027 1011 3190 1064 Adam
3239 1027 3406 1079 usque
3449 1010 3516 1064 ad

1969 1100 2222 1170 Moysen;
2251 1102 2508 1169 scriptum
2537 1109 2622 1154 est
2647 1101 2788 1154 enim
2831 1121 2841 1153 :
2873 1120 2888 1150 ι
2925 1102 2980 1152 lu
3007 1117 3097 1153 eos
3124 1103 3214 1169 qui
3257 1117 3359 1155 non
3403 1101 3514 1170 (45)

1966 1200 2320 1257 peccaverunt
2349 1191 2414 1241 ⁵³.
2455 1209 2473 1240 ι
2509 1188 2687 1241 Manes
2721 1191 2856 1242 dixit
2883 1205 2900 1241 :
2936 1189 3072 1258 Ergo
3105 1205 3248 1243 mors
3277 1188 3523 1260 regnavit

1967 1280 2082 1332 sine
2115 1280 2298 1344 dubio,
2331 1281 2456 1348 quia
2492 1281 2720 1333 dualitas
2746 1290 2848 1346 est,
2877 1297 2974 1334 nec
3000 1283 3171 1341 aliter,
3209 1283 3307 1334 nisi
3337 1288 3518 1335 essent

1968 1368 2224 1437 ingenita.
2282 1369 2564 1421 Archelaus
2614 1371 2750 1423 dixit
2806 1388 2821 1423 :
2865 1371 2934 1425 Et
2970 1373 3237 1437 quomodo
3284 1373 3518 1440 ingenita

1969 1473 2114 1510 mors
2147 1468 2293 1512 certo
2325 1474 2387 1512 ex
2424 1469 2660 1527 tempore
2705 1461 2859 1527 regni
2894 1463 3056 1514 sumit
3097 1459 3416 1513 exordium?
3451 1460 3517 1515 ab

1965 1547 2133 1600 Adam
2166 1549 2328 1612 enim,
2360 1541 2552 1616 inquit.
2588 1559 2768 1602 etnon
2796 1549 2929 1602 dixit
2963 1559 3085 1601 ante
3112 1549 3300 1601 Alam.
3335 1548 3516 1602 Mane;
3579 1542 3581 1544 ’

1966 1639 2102 1689 dixit
2131 1653 2147 1690 :
2178 1636 2459 1702 Quomodo
2491 1653 2637 1697 vero,
2677 1646 2729 1690 ct
2750 1639 3051 1706 justorum,
3083 1647 3135 1691 et
3178 1650 3518 1706 peccatorum
3598 1662 3603 1665 -

1967 1726 2262 1782 obtinuerit
2306 1745 2527 1798 regnum
2573 1729 2756 1783 dicito.
2802 1729 3086 1781 Archelaus
3135 1730 3268 1781 dixit
3310 1746 3327 1782 :
3376 1730 3512 1785 Cun‘.

1967 1820 2115 1886 prius
2146 1819 2428 1874 confessus
2456 1818 2642 1881 fueris,
2665 1820 2788 1888 quia
2816 1835 2845 1872 a
2881 1833 3004 1886 teat;
3023 1835 3130 1878 ore.
3159 1832 3208 1874 ct
3229 1836 3332 1874 non
3359 1831 3508 1877 :eterv

1971 1909 2133 1963 nitate
2165 1910 2421 1978 regnavit,
2457 1918 2566 1962 tum
2599 1905 2793 1962 dicam.
2829 1909 3007 1961 Manes
3034 1911 3168 1961 dixit
3201 1929 3217 1964 :
3249 1911 3512 1980 Scriptum

1969 2000 2202 2062 esthoc,
2231 1999 2414 2067 quiat
2467 1999 2535 2052 ab
2575 1999 2744 2052 Adam
2788 2016 2954 2065 usque
2992 2001 3054 2052 ad
3100 2000 3281 2055 Mosen
3325 2018 3515 2074 regna:

1971 2091 2044 2142 vit
2068 2092 2130 2140 5“.
2173 2110 2190 2141 ι
2229 2091 2510 2143 Archelaus
2542 2091 2674 2143 dixit
2708 2107 2724 2142 :
2754 2089 2891 2158 Ergo
2912 2102 2956 2144 et
2986 2092 3142 2144 tinem
3171 2094 3347 2160 habet,
3377 2095 3520 2163 quod

1979 2178 2141 2245 cmpit
2168 2193 2232 2232 ex
2265 2187 2500 2248 tempore
2532 2177 2664 2248 (46);
2689 2187 2742 2232 et
2771 2196 2955 2233 verum
2985 2191 3065 2233 est
3097 2181 3223 2236 illud
3246 2187 3394 2253 quod
3434 2185 3519 2240 di-

1971 2277 2114 2325 ctum
2147 2276 2249 2331 est,
2289 2271 2414 2336 quia
2457 2288 2474 2319 ι
2511 2271 2760 2336 absorpta
2788 2279 2869 2323 est
2898 2281 3040 2328 mers
3065 2272 3115 2324 in
3150 2254 3370 2329 victoria
3398 2275 3463 2328 '~'.
3494 2294 3515 2327 ι

1972 2359 2143 2412 Etiam
2207 2360 2447 2427 ingenita
2478 2376 2584 2412 non
2625 2362 2764 2429 erit,
2817 2376 2934 2427 quae
2972 2370 3023 2412 et
3062 2363 3270 2415 initium
3326 2356 3527 2420 habere

1972 2457 2324 2510 monstratur,
2355 2439 2613 2503 et‘ﬁncm.
2652 2447 2830 2499 Mones
2858 2450 2993 2500 dixit
3015 2465 3033 2502 .'
3065 2449 3205 2502 Deus
3240 2442 3365 2521 ergo
3401 2463 3518 2506 eam

1972 2537 2115 2590 fecit.
2154 2537 2437 2589 Archelaus
2472 2538 2606 2589 dixit
2641 2554 2658 2588 :
2687 2536 3057 2606 Nequaquam,
3093 2539 3230 2592 absit
3272 2557 3284 2591 :
3321 2558 3339 2592 ί
3379 2537 3522 2594 Deus

1969 2625 2114 2680 enim
2145 2636 2370 2682 mortem
2407 2642 2513 2680 non
2547 2627 2688 2691 fecit,
2735 2644 2830 2682 nec
2877 2630 3084 2683 lwtatur
3123 2630 3176 2682 in
3220 2629 3518 2697 perditione

1971 2717 2214 2769 vivorum
2240 2718 2306 2769 ⁸³.
2350 2735 2367 2766 ι
2405 2716 2584 2770 Manet
2625 2719 2762 2772 dixit
2804 2733 2820 2769 :
2858 2716 2998 2772 Deus
3038 2731 3153 2770 eam
3203 2733 3308 2771 non
3360 2710 3530 2784 fecit;

1973 2809 2111 2862 facta
2141 2817 2316 2862 tamen
2345 2817 2443 2872 est,
2476 2818 2534 2861 ut
2563 2809 2644 2862 ais
2677 2827 2692 2863 :
2723 2826 2753 2863 a
2787 2826 2894 2878 quo
2925 2810 3188 2878 acceperit
3213 2810 3521 2880 imperium,

1971 2901 2053 2953 vel
2081 2901 2239 2968 a'quo
2265 2908 2444 2952 creata
2477 2901 2564 2963 sit,
2599 2901 2780 2953 dicito.
2815 2901 3096 2970 Archelaus
3121 2902 3255 2953 dixit
3283 2917 3300 2954 :.
3333 2900 3389 2955 Si
3418 2903 3520 2956 hoc

1975 2982 2282 3056 plenissime
2335 2989 2652 3048 ostendero,
2699 2990 2837 3056 quod
2872 2973 3227 3043 substantiam
3274 2991 3522 3060 ingenita:
3568 3033 3570 3035 ›

1974 3087 2179 3132 natura:
2205 3072 2349 3131 mors
2382 3078 2574 3130 habere
2608 3093 2712 3129 non
2745 3079 2930 3145 possit,
2965 3084 3142 3133 ndnne
3184 3081 3522 3136 conﬁteberis

1978 3185 2142 3223 unum
2177 3170 2339 3225 Deum
2372 3185 2508 3233 esse,
2540 3178 2592 3221 et
2627 3168 2766 3221 hunc
2794 3169 3112 3237 ingenitum?
3140 3169 3313 3224 Mune:
3335 3173 3522 3235 dixit:

1979 3260 2241 3328 Loquere,
2276 3260 2542 3313 subtiliter
2567 3259 2706 3310 enim
2733 3260 2811 3311 vis
2846 3261 3051 3313 discere
3083 3260 3213 3329 (l7).
3241 3264 3520 3316 Archelaus
3545 3256 3554 3261 ’

1974 3349 2154 3402 dixit:
2201 3349 2335 3412 Quia
2371 3356 2428 3400 tu
2464 3349 2623 3402 verba
2674 3349 2759 3402 illa
2803 3350 2873 3402 ita
2921 3351 3226 3419 protulisti,
3267 3361 3519 3420 tanquam

1977 3440 2068 3492 tibi
2118 3440 2434 3507 proﬁcerent
2483 3441 2547 3494 ad
2597 3443 2958 3495 ostensionem
2999 3443 3243 3510 ingeniun
3278 3444 3515 3508 radicis;

1978 3529 2247 3582 suilieiunt
2266 3540 2438 3583 tamen
2469 3532 2624 3586 nobis
2640 3543 2690 3585 et
2712 3549 2772 3585 ea
2802 3547 2917 3599 quae
2945 3547 3104 3598 supra
3132 3541 3349 3584 tractata
3369 3543 3516 3596 sunt,

1976 3620 2028 3670 iu
2059 3620 2259 3686 quibus
2285 3622 2592 3689 plenissime
2626 3623 2994 3681 ostendimus,
3030 3621 3360 3689 impossibile
3397 3638 3517 3676 esse

1963 3709 2202 3764 duarum
2233 3723 2548 3767 naturarum
2572 3714 2926 3784 ingenitarum
2943 3711 3199 3766 exsistere
3215 3727 3371 3780 posse
3393 3714 3524 3765 sub-

1975 3800 2220 3857 stautias.
2553 3843 2556 3845 λ

2043 3889 2209 3943 XXX.
2237 3890 2448 3944 Iudices
2477 3893 2726 3944 dixerunt
2766 3908 2783 3944 :
2812 3889 2905 3945 D'c
2939 3892 3002 3945 ad
3053 3908 3112 3945 ea
3143 3908 3325 3961 ,nqua:
3357 3908 3525 3962 nuper

1976 3983 2295 4049 proposuit,
2343 3982 2621 4035 Archelae.
2669 3982 2954 4035 Archelaus
2985 3984 3118 4035 dixit
3169 4000 3187 4035 :
3224 3979 3524 4052 Principem

1978 4071 2181 4135 mundi,
2213 4077 2266 4122 et
2299 4071 2610 4139 malignum,
2637 4085 2688 4125 et
2719 4065 2986 4137 tenebras,
3007 4082 3063 4124 et
3102 4083 3327 4125 mortem
3352 4089 3524 4126 unum

1975 4161 2329 4229 eumdcmque
2352 4178 2470 4214 esse
2499 4162 2652 4234 dicit,
2677 4165 2951 4231 legemque
2981 4164 3046 4212 ab
3081 4179 3142 4214 eo
3169 4163 3370 4227 datam,
3395 4179 3520 4232 pro-

1977 4263 2092 4320 pter
2123 4253 2401 4320 hoc-quod
2433 4254 2689 4321 scriptum
2734 4260 2816 4304 est
2869 4268 2881 4302 :
2926 4268 2944 4299 ι
2992 4250 3343 4304 Ministerium
3381 4270 3524 4306 mor-

1979 4343 2048 4398 tis
2075 4341 2141 4406 ",
2179 4361 2197 4393 ι
2233 4351 2286 4395 ct
2329 4343 2531 4411 reliqua
2566 4358 2684 4411 qua:
2723 4340 2935 4408 objecit.
2963 4338 3252 4406 Quoniam,
3281 4342 3520 4410 inquam,

1979 4434 2133 4504 (48),
2196 4437 2336 4488 sicut
2393 4436 2637 4502 superius
2688 4431 2960 4494 diximus,
3016 4431 3280 4484 malorum
3331 4442 3525 4504 memo-

327 4521 608 4604 “lﬂ'.”
639 4517 803 4572 b31185
825 4527 878 4571 ει
900 4519 1157 4587 aliaalia?
1183 4519 1355 4573 dicas?
1376 4517 1556 4584 Halm
1585 4519 1742 4573 άίιτὲιε
1777 4520 1951 4602 lia-,1)
1976 4526 2070 4579 riae
2118 4526 2198 4580 lex
2240 4540 2346 4577 non
2393 4525 2671 4592 diligenter
2717 4521 2979 4585 haerebat,
3021 4523 3217 4591 scripta
3267 4527 3523 4578 naturali-

329 4608 437 4674 beo
461 4609 673 4678 quidem
693 4609 879 4678 multa,
900 4619 953 4662 et
981 4610 1170 4664 horum
1190 4611 1526 4690 majora;sed
1550 4611 1635 4673 bis
1653 4620 1874 4667 conten-

335 4709 426 4758 tus
456 4702 877 4758 ero.'Archelaus
901 4703 1036 4755 dixit
1061 4717 1080 4756 :
1125 4701 1448 4772 Exemplum,
1485 4704 1687 4758 scilicet
1733 4707 1875 4760 acci-

405 4819 636 4873 δ⁹Ἰζοιιι.
669 4836 726 4883 ιι,
755 4819 840 4874 iii.
883 4796 886 4798 Ὺ
959 4821 1008 4866 ⁵ο.
1045 4817 1084 4871 ll
1119 4818 1243 4872 Cor.
1273 4817 1439 4882 m,.7.

1537 4806 1588 4858 ’⁸³
1629 4821 1743 4876 Gal.
1802 4821 2001 4886 "1,15.

1979 4625 2059 4669 ter
2087 4615 2151 4687 in
2183 4615 2433 4670 cordibus
2465 4628 2646 4665 eorum
2689 4612 2754 4688 ‘9;
2787 4627 2959 4680 neque
2992 4614 3128 4680 apud
3155 4615 3391 4668 seniores
3412 4627 3525 4669 erat

1980 4698 2114 4759 satis
2133 4703 2288 4758 ﬁrma
2318 4689 2551 4764 traditio,
2590 4717 2711 4754 cum
2741 4704 2818 4756 eis
2847 4703 3059 4757 inimica
3091 4718 3298 4772 semper
3320 4720 3525 4758 memo-
3583 4691 3588 4693 λ

2108 4821 2153 4852 ⁸¹
2182 4817 2200 4869 1
2231 4817 2350 4880 Cur.
2378 4833 2466 4877 xv,
2497 4817 2583 4870 56.
2618 4816 2626 4826 ’
2688 4819 2740 4849 ⁸³
2767 4817 2923 4872 Joan.
2958 4835 3075 4880 vm,
3099 4820 3186 4872 44.
3293 4818 3339 4849 ⁸⁸
3390 4817 3519 4874 ibid.

335 4877 761 4955 “ttom.v,‘ii.
835 4888 1046 4942 "Ibid.
1114 4877 1629 4954 ".1'Coi.xv,54.
1705 4891 1872 4960 “Sa;

1974 4931 1988 4955 ,
2031 4889 2123 4941 l3.
2184 4889 2229 4918 ⁶⁹
2257 4877 2305 4936 ΙΙ
2335 4884 2461 4942 Cor.
2504 4902 2583 4950 ιιι,
2619 4887 2669 4939 7.
2745 4890 2788 4918 ⁶⁰
2837 4889 2990 4942 Rom.
3031 4877 3091 4950 ιι,
3140 4889 3217 4940 Ιὸ.
3259 4893 3272 4896 ’

407 5027 518 5096 (42)
550 5025 608 5079 in
642 5026 822 5082 codice
853 5024 1156 5079 Casinensi.
1190 5042 1208 5074 ι
1239 5025 1329 5094 qui
1362 5041 1456 5096 per
1490 5029 1754 5094 ordinem,
1786 5029 1877 5097 qui

269 5131 272 5134 ~
332 5097 693 5164 inter'justos.
728 5115 745 5146 ι
795 5137 799 5141 .

408 5160 519 5234 (45)
566 5164 622 5218 ιιι
643 5166 828 5220 eodem
857 5162 1036 5218 codice
1069 5160 1339 5227 scribitur,
1380 5181 1399 5214 ι
1433 5180 1566 5235 opus
1593 5167 1722 5238 legis
1747 5166 1878 5235 scri-

375 5242 514 5286 tura.
551 5252 569 5283 ›
641 5239 646 5245 ’
1233 5244 1236 5246 ⁷
1889 5251 1891 5253 ‘

551 5252 628 5354 ita
662 5302 872 5355 videtur
915 5299 1220 5371 legendum,
1247 5299 1370 5353 licet
1411 5301 1464 5354 in
1511 5304 1692 5356 codice
1725 5297 1876 5355 Casi-

333 5371 497 5438 §Iicnsi
521 5371 802 5438 scribatur,
835 5390 852 5421 ι
897 5387 990 5438 per
1019 5371 1159 5422 hunc
1189 5371 1467 5438 mundum.
1511 5391 1526 5421 ι
1638 5422 1640 5424 τ

282 5480 284 5482 τ
313 5482 323 5486 -
350 5506 364 5509 _
388 5507 394 5509 Α
414 5437 521 5504 (45)
560 5436 790 5492 ιι-θιιειειιε
813 5435 1027 5509 quoque
1055 5439 1146 5491 lib.
1186 5435 1246 5509 ni
1284 5439 1430 5509 Adv.
1457 5441 1674 5509 hereses
1694 5453 1867 5509 ,_cap.

414 5456 521 5504 too;
560 5456 790 5492 irenqu
853 5456 1027 5509 noque
1056 5456 1146 5491 no.
1186 5456 1246 5491 ιιι
1284 5456 1409 5491 Ασυ.
1457 5456 1707 5503 hereses,
1752 5456 1867 5506 cap.

340 5506 434 5566 20,
461 5521 582 5560 cum
621 5456 877 5577 particu£ia
921 5508 1162 5577 negativa
1192 5508 1371 5561 laudat
1421 5508 1565 5563 hunc
1610 5507 1690 5577 Da
1721 5505 1873 5559 Pauli

278 5583 282 5586 ’
343 5578 519 5629 locum
557 5575 745 5646 :‘unde
769 5586 911 5646 patet
941 5574 1380 5646 DIAugustinum
1415 5577 1466 5630 in
1498 5579 1634 5630 libro
1661 5576 1734 5627 De
1755 5591 1873 5641 pec-

341 5653 448 5699 cat.
468 5644 741 5712 meritisket
769 5642 995 5709 rendam,
1027 5642 1167 5708 iib.l,
1195 5647 1313 5712 cap.
1347 5646 1431 5708 Η,
1463 5657 1604 5699 recte
1628 5646 1872 5696 censuis-

343 5730 422 5776 se,
449 5713 521 5766 ita
553 5713 616 5764 ad
645 5709 948 5781 Graecorum
982 5715 1225 5768 codicum
1250 5709 1404 5767 fidem
1431 5714 1707 5781 legendum
1733 5727 1871 5775 esse,

345 5782 470 5839 licet
499 5782 550 5835 in
584 5781 770 5848 majori
799 5779 1109 5834 Latinorum
1141 5784 1382 5836 codicum
1409 5779 1557 5850 parte
1590 5783 1703 5834 sine
1750 5796 1872 5849 par-

1977 5024 2134 5077 ticula
2167 5023 2411 5091 negativa
2460 5025 2743 5092 legeretur.
2785 5025 2934 5082 llauc
2974 5033 3154 5092 tamen?
3202 5034 3521 5090 postremam

1975 5095 2253 5145 lectionem
2280 5093 2462 5145 multis
2501 5091 2773 5149 contendit
2802 5112 2979 5148 veram
3003 5109 3119 5144 esse
3142 5091 3374 5147 Hilarius
3408 5097 3528 5147 Alia-

1972 5177 2142 5214 comts
2186 5163 2237 5212 in
2291 5166 2690 5217 commentariis
2736 5166 2799 5218 ad
2850 5180 2968 5215 eum
3023 5161 3170 5212 Pauli
3225 5163 3396 5215 locum
3439 5166 3522 5217 in—

1974 5242 2052 5283 tcr
2080 5229 2147 5281 Ι).
2183 5229 2451 5283 Ambrosii
2488 5234 2658 5300 Opera
2691 5251 2703 5285 :
2729 5233 2817 5285 sed
2848 5233 2962 5296 ejus
2986 5231 3312 5296 Opinionem,
3346 5245 3526 5300 utpote

1972 5300 2216 5367 originali
2272 5311 2490 5368 peccato
2537 5299 2912 5353 adversantem
2942 5339 2953 5356 ,
3011 5299 3197 5356 reiemt
3243 5299 3476 5353 Ecclesia
3506 5341 3521 5364 ,

1973 5386 2090 5438 qua:
2130 5369 2505 5438 probatantD.
2546 5369 2843 5438 Augustino
2885 5369 3165 5438 lectioni-tn
3216 5373 3266 5421 in
3320 5370 3524 5424 Latinis

1973 5437 2186 5508 Quoque
2208 5452 2376 5492 sacra:
2410 5437 2696 5507 Scriptura:
2721 5437 2995 5490 codicibus
3035 5439 3139 5490 huc
3181 5453 3349 5506 usque
3394 5438 3521 5492 reti-

1973 5509 2111 5560 nuit.

2045 5576 2155 5646 (46)
2195 5577 2248 5630 In
2279 5578 2460 5631 codice
2487 5575 2764 5629 Casiuensi
2794 5574 3076 5628 manifesto
3105 5589 3286 5629 errore
3326 5572 3520 5628 scribi-

1976 5656 2084 5714 tur,
2129 5666 2146 5695 ι
2178 5647 2418 5714 exemplo
2443 5662 2515 5697 re.
2549 5662 2566 5694 ι

2047 5713 2159 5782 (47)
2189 5715 2456 5777 Fortasse,
2493 5731 2510 5763 ι
2546 5713 2739 5765 dicere.
2786 5730 2802 5762 ι

2047 5782 2158 5851 (48)
2195 5783 2248 5834 lu
2282 5785 2463 5836 codice
2493 5782 2764 5836 Casinensi
2793 5787 2947 5843 male,
2991 5799 3007 5830 ι
3046 5781 3304 5850 iniquam.
3350 5798 3373 5832 ι
