4118 6350
618 540 620 543 .
692 470 829 527 ms

1617 501 1620 509 ~
1665 478 1847 534 ACTA
1898 476 2419 537 DISPUTATIONIS
2452 483 2508 537 S.
2549 481 2892 539 ARCHELAI
2965 485 2968 488 ’

3725 474 3879 536 ’1476

687 590 781 646 riae
812 592 1111 649 inhaesisset
1138 593 1507 665 oblivio'(49);
1545 604 1597 650 et
1627 573 1781 653 aliter
1814 599 1937 668 quis
1983 599 2223 654 eruditur
2250 606 2295 661 Α
2323 600 2416 667 qui
2438 600 2588 653 missi
2619 608 2774 653 erant
2802 618 2831 653 a
2865 599 2972 654 Deo
2999 615 3169 669 usque
3200 600 3265 653 ad
3299 598 3613 653 Zachariam
3645 617 3658 651 :
3692 596 3879 651 Domi-

685 697 718 736 ιι
749 685 1021 753 magistro.
1068 685 1221 740 aliter
1258 701 1289 740 a
1332 688 1617 760 semetipso
1651 707 1663 742 :
1699 691 2036 758 perveniebat
2076 685 2231 745 facile

686 771 819 842 legis
846 776 1164 831 naturaliter
1192 778 1402 847 scriptze
1439 781 1809 847 transgressio,
1838 793 1891 834 et
1928 797 1989 835 ex
2031 796 2233 851 praeva-

685 863 940 941 ricatione
980 868 1347 920 mandatorum
1386 883 1613 935 regnum
1657 885 1802 923 mors
1834 870 1886 922 in
1924 871 2231 925 hominibus

681 953 974 1020 obtinebat;
1008 957 1374 1025 hujuscemodi
1400 970 1484 1013 est
1519 960 1662 1013 enim
1707 977 1879 1024 genus
1922 962 2226 1023 hominum,

682 1040 823 1108 quod
859 1046 1003 1115 virga
1039 1047 1209 1101 ferrea
1245 1050 1356 1118 regi
1396 1050 1627 1119 indigeat
1669 1068 1697 1103 a
1740 1050 1865 1103 Deo.
1915 1032 2228 1104 E‘xsultabat

676 1150 806 1204 ergo
832 1151 996 1199 mors,
1027 1146 1079 1190 et
1118 1152 1238 1190 eum
1268 1138 1413 1191 omni
1449 1148 1708 1208 potestate
1756 1142 2012 1209 regnabat
2058 1157 2227 1209 usque

677 1224 743 1276 ad
772 1223 1006 1294 Moysen,
1038 1226 1197 1280 etiam
1229 1227 1280 1279 in
1316 1242 1409 1281 eos
1436 1229 1525 1297 qui
1558 1245 1660 1282 non
1692 1240 2044 1299 peceaverant
2067 1272 2081 1295 ,
2124 1232 2226 1285 hoc

677 1314 836 1366 modo
866 1329 974 1382 quo
999 1315 1253 1378 diximus;
1283 1332 1442 1384 super
1459 1329 1762 1385 peccatores
1790 1320 2031 1387 quidem,
2063 1321 2224 1374 veluti

676 1403 921 1470 proprios
947 1404 1153 1472 sibique
1186 1406 1476 1474 subjectos,
1508 1409 1647 1461 sicut
1678 1408 1773 1461 fuit
1802 1408 1931 1461 Cain
1973 1420 2026 1463 et
2059 1408 2217 1475 Juda;

675 1482 834 1559 super
856 1492 1033 1559 justas
1073 1510 1198 1547 vero
1224 1504 1436 1563 propter
1473 1497 1595 1558 hoc,
1630 1498 1770 1565 quod
1801 1512 1906 1551 non
1945 1502 2221 1553 consenti-

606 1579 610 1591 '
673 1584 881 1644 rentei,
916 1585 1043 1652 quin
1077 1586 1250 1652 potius
1290 1588 1626 1653 resisterent,
1680 1589 2054 1644 abseindentes
2086 1606 2117 1643 a
2163 1606 2220 1644 se

671 1672 948 1726 libidinum
999 1675 1120 1727 vitia
1154 1684 1207 1728 et
1247 1679 1740 1745 eoneupiseentias,
1784 1682 1947 1733 v'cluti
2000 1680 2089 1743 hi,
2126 1681 2216 1748 qui

672 1762 879 1815 fuerant
902 1764 967 1816 ab
996 1752 1147 1831 Abel,
1174 1774 1226 1817 ct
1255 1782 1424 1834 usque
1449 1767 1512 1819 ad
1547 1767 1862 1823 Zachariam
1913 1772 1954 1812 9‘
1978 1810 1992 1835 ,
2041 1781 2217 1823 trans-

669 1849 846 1904 ferens
893 1867 1101 1920 semper
1149 1868 1317 1921 usque
1348 1855 1412 1907 ad
1455 1865 1662 1927 tempus
1707 1860 1759 1911 ia
1808 1860 2009 1913 similes
2051 1860 2211 1913 illius.

2334 707 2435 745 nus
2468 699 2643 766 autem
2669 706 2820 744 meus
2839 690 3018 752 Jesus,
3048 691 3309 758 justitiam
3338 690 3501 760 Moysi
3528 690 3658 759 legis
3692 700 3878 743 custo-

2330 780 2505 845 diens,
2539 774 2843 846 indignatus
2875 782 3129 835 adversus
3156 792 3377 834 mortem
3424 796 3521 849 pro
3552 780 3879 848 pracvarica-

2328 870 2473 924 tione
2497 870 2635 939 pacti
2673 869 2804 937 (52),
2832 878 2884 922 et
2918 871 3076 923 totius
3113 871 3255 923 illius
3286 872 3585 931 ministerii,
3612 872 3875 924 advenire

2328 964 2577 1032 dignatus
2608 972 2689 1015 est
2723 963 2773 1014 in
2812 960 3042 1014 hominis
3074 976 3316 1029 corpore,
3350 962 3724 1015 vindicaturus
3763 976 3871 1013 non

2327 1049 2693 1115 semetipsum,
2718 1047 2808 1101 sed
2844 1046 3079 1116 Moysen,
3107 1058 3157 1099 et
3178 1063 3271 1099 eos
3304 1048 3391 1116 qui
3419 1063 3481 1101 ex
3528 1048 3715 1101 Ordine
3751 1058 3876 1116 post

2328 1134 2500 1203 ipsum
2536 1134 2746 1187 fuerant
2780 1134 3028 1187 violentia
3079 1136 3267 1188 mortis
3299 1136 3558 1205 oppressi.
3600 1135 3871 1204 Malignus

2322 1240 2449 1278 vero
2476 1225 2728 1293 ignorans
2752 1222 3117 1291 hujuscemodi
3144 1224 3616 1292 dispensatimiem,
3661 1225 3873 1292 ingres-

2320 1329 2412 1369 sus
2437 1326 2517 1368 est
2538 1313 2741 1372 Iudam,
2765 1324 2821 1367 ut
2850 1330 2942 1382 per
2971 1314 3144 1382 ipsum
3174 1315 3490 1368 interfici-ret
3518 1330 3638 1366 eum
3660 1357 3675 1377 ,
3725 1316 3870 1367 sicut

2321 1416 2478 1459 antea
2502 1407 2631 1460 Abel
2669 1406 3007 1459 interfecerat
3029 1406 3255 1472 justum.
3308 1405 3406 1457 Sed
3438 1421 3558 1457 eum
3609 1407 3870 1458 intrasset

2324 1494 2377 1546 in
2412 1494 2625 1557 Judam,
2662 1496 2972 1563 paenitentia
3006 1496 3231 1557 ductus,
3278 1511 3335 1549 sc
3379 1496 3489 1562 ipse
3536 1497 3864 1563 suspendit:

2321 1593 2532 1651 Drepter
2560 1585 2699 1652 quod
2728 1584 2802 1637 ait
2833 1578 3007 1638 sermo
3036 1583 3246 1637 divinus
3279 1603 3290 1635 :
3332 1604 3349 1633 ι
3397 1584 3495 1638 Ubi
3531 1594 3642 1647 est,
3692 1603 3866 1649 mors,

2316 1671 2537 1724 victoria
2568 1671 2701 1724 tua?
2734 1672 2821 1723 ubi
2855 1679 3174 1733 cst,mors,
3222 1671 3438 1725 aculeus
3483 1674 3641 1727 tuus?
3683 1696 3702 1724 ρ
3740 1672 3807 1727 Et
3850 1692 3865 1727 :

2321 1778 2338 1809 ι
2370 1759 2629 1829 Absorpta
2662 1769 2745 1814 est
2786 1776 2931 1813 mors
2964 1762 3015 1814 in
3047 1762 3265 1815 victoria
3306 1764 3369 1814 δ’.
3407 1782 3423 1811 ι
3471 1761 3579 1815 llac
3625 1779 3751 1832 ergo
3798 1779 3865 1818 ex

2317 1865 2479 1903 causa
2528 1851 2871 1902 ministerium
2910 1853 3090 1904 mortis
3135 1852 3394 1920 appellata
3438 1862 3517 1906 est
3568 1855 3685 1918 leX,
3737 1856 3863 1922 quia

668 1938 805 1991 Cum
842 1955 966 1992 vero
999 1940 1257 1995 adfuisset
1286 1940 1521 2013 Moyses,
1548 1956 1599 2000 et
1625 1947 1791 2016 legem
1827 1948 2058 2002 dedisset
2090 1950 2212 2002 filiis
2248 1935 2288 1989 Β
2314 1952 2592 2009 peccantes
2626 1944 3032 2010 prmvaricantes
3058 1945 3213 1997 metti
3250 1946 3523 2010 tradebat;
3572 1958 3860 2002 servantes

672 2029 856 2094 Israel,
892 2040 942 2084 et
967 2047 1265 2087 revocasset
1287 2036 1369 2091 eis
1399 2038 1447 2089 in
1474 2040 1784 2113 memoriam
1831 2055 2017 2093 omnes
2057 2041 2216 2108 justi—

669 2123 944 2177 ticationes
964 2124 1112 2193 legis,
1127 2141 1458 2196 qumcunque
1476 2130 1760 2183 observare
1776 2131 2050 2198 oportebat
2068 2142 2117 2184 et
2137 2131 2218 2183 fa-

648 2226 807 2276 ccre,
826 2226 917 2265 eos
935 2228 1058 2267 vero
1075 2214 1219 2266 solus
1234 2215 1323 2281 qui
1355 2217 1830 2284 praevaricarcutur
1844 2229 2029 2286 legem,
2055 2215 2215 2270 morti

665 2306 914 2368 traderet;
938 2301 1183 2355 intercisa
1200 2312 1283 2356 est
1298 2319 1460 2366 mors,
1480 2319 1544 2357 ne
1562 2318 1720 2371 super
1732 2318 1918 2357 omnes
1932 2316 2176 2374 regnaret
2200 2324 2213 2358 :

665 2391 924 2461 regnabat
974 2393 1114 2445 enim
1169 2407 1329 2462 super
1362 2402 1665 2463 peccatores
1695 2394 1858 2459 solos,
1887 2393 2093 2449 dicente
2113 2397 2213 2451 sibi

665 2481 798 2549 lege:
824 2478 898 2534 Ne
920 2481 1208 2549 contigeris
1234 2487 1328 2538 bos
1350 2486 1439 2551 qui
1467 2498 1581 2537 mea
1605 2492 1863 2552 praecepta
1886 2483 2210 2538 custodiunt.

665 2567 835 2637 llnjus
859 2585 985 2639 ergo
1012 2571 1160 2626 verbi
1191 2564 1546 2626 ministerium
1577 2572 1785 2642 Moyses
1812 2573 2003 2627 detulit
2033 2575 2209 2639 morti,

666 2656 903 2728 reliquos
934 2674 1123 2715 omnes
1173 2664 1603 2729 praevaricatores
1644 2661 1775 2730 legis
1815 2662 2053 2716 interitui
2104 2672 2213 2716 tra-

662 2750 793 2801 dens
821 2747 927 2817 (50)
961 2765 974 2799 :
1008 2764 1114 2802 non
1155 2750 1295 2803 enim
1330 2765 1425 2817 pro
1452 2759 1617 2813 eo,‘ut
1652 2750 1872 2803 omnino
1902 2767 2047 2805 mors
2072 2753 2211 2807 nulla

661 2855 725 2891 ex
759 2848 908 2907 parte
928 2847 1199 2910 regnaret,
1231 2837 1440 2910 Moyses
1464 2838 1700 2900 advenit,
1729 2854 1850 2891 cum
1885 2840 2065 2907 utique
2092 2842 2210 2908 plu-

658 2930 780 2983 rimi
812 2934 971 2986 etiam
1000 2941 1118 3000 post
1147 2930 1361 3001 Moysen
1400 2930 1499 2983 sub
1528 2932 1714 2982 mortis
1739 2930 1939 2984 ditione
1966 2940 2209 2985 teneren-

664 3032 770 3075 tur.
821 3022 895 3075 Ex
940 3024 1041 3077 hoc
1082 3023 1429 3076 ministerium
1480 3021 1660 3073 mortis
1714 3022 2031 3089 appellatum
2082 3034 2205 3085 est,

664 3114 917 3182 quoniam
952 3114 1046 3168 soli
1077 3123 1499 3183 transgressores
1526 3110 1665 3181 legis"
1692 3112 2047 3179 puniebantur
2078 3113 2208 3183 (5|),

667 3219 769 3256 non
805 3203 963 3256 etiam
991 3215 1409 3266 conservatores,
1445 3204 1584 3257 sicut
1608 3202 1738 3255 Abel
1766 3201 1969 3256 faciens
1993 3218 2052 3256 ea
2088 3219 2207 3271 qua:

2316 2040 2491 2084 autem
2524 2047 2612 2093 se,
2649 2030 2965 2084 defendebat
3006 2047 3034 2083 a
3076 2043 3277 2095 morte,
3322 2043 3374 2086 et
3413 2036 3772 2089 constituebat
3813 2040 3864 2091 in

2315 2122 2502 2190 gloria,
2530 2137 2630 2190 ope
2666 2132 2827 2190 atque
2864 2122 3060 2175 auxilio
3093 2121 3300 2175 Domini
3332 2125 3500 2177 nostri
3536 2123 3663 2179 Jesu
3703 2126 3861 2181 Chri-

2314 2211 2405 2265 sti.

2384 2298 2569 2352 XXXI.
2604 2299 2739 2352 Audi
2776 2293 2956 2363 etiam,
2986 2309 3038 2353 et
3071 2300 3135 2352 de
3178 2315 3261 2365 eo,
3308 2303 3447 2370 quod
3489 2304 3692 2357 dictum
3731 2314 3812 2357 est
3847 2322 3860 2361 :

2321 2407 2339 2440 r
2375 2389 2475 2454 Qui
2505 2388 2724 2443 redemit
2749 2405 2845 2443 nos
2868 2390 2931 2443 de
2954 2393 3232 2447 maledicto
3260 2393 3389 2461 legis
3434 2394 3684 2447 Christus
3734 2396 3798 2447 ⁸³.
3836 2416 3855 2448 ι

2315 2476 2426 2532 Hoc
2478 2479 2529 2530 in
2588 2478 2706 2532 loco
2750 2478 3038 2545 pervideo,
3092 2482 3431 2549 magniﬁcum
3479 2480 3568 2534 Dei
3598 2481 3859 2537 famulum

2310 2567 2523 2635 Moysen
2556 2568 2923 2637 imaginariam
2954 2569 3062 2638 (55)
3096 2570 3259 2641 legem
3284 2572 3386 2634 bis,
3416 2572 3505 2634 qui
3538 2583 3683 2645 recte
3706 2575 3863 2627 velint

2316 2661 2495 2715 videre
2527 2660 2638 2729 (54)
2664 2660 2962 2725 tradidisse,
2995 2670 3047 2714 et
3086 2662 3250 2732 legem
3281 2677 3481 2715 veram.
3518 2660 3674 2717 Sicut
3718 2666 3860 2717 enim

2314 2751 2453 2805 Deus
2486 2767 2607 2805 cum
2656 2750 2871 2808 fecisset
2909 2752 3166 2805 mundum
3191 2790 3205 2813 ,
3242 2762 3293 2805 et
3329 2755 3504 2805 omnia
3538 2769 3660 2821 qua:
3695 2756 3752 2806 in
3798 2770 3861 2808 eo

2309 2842 2530 2904 sunt,‘in
2562 2856 2653 2895 sex
2683 2842 2891 2903 diebus,
2922 2842 3180 2909 requievit
3211 2844 3263 2893 iu
3285 2842 3368 2895 die
3396 2843 3620 2909 septima
3650 2844 3721 2896 ab
3749 2858 3862 2895 om-

2310 2932 2470 2984 nibus
2488 2931 2738 2999 operibus
2766 2932 2899 2995 suis;
2929 2946 3031 2984 non
3064 2930 3203 2995 dico,
3237 2932 3359 2998 quia
3398 2931 3721 2998 requieverit
3751 2933 3857 3001 (55)

2310 3021 2594 3090 fatigatus,
2645 3021 2735 3075 sed
2785 3022 3037 3088 quoniam
3102 3020 3166 3073 ad
3209 3019 3498 3087 perfectum
3558 3021 3853 3075 adduxerat

2308 3124 2520 3163 omnem
2550 3114 2709 3179 quam
2745 3109 2919 3163 facere
2938 3112 3293 3177 disposuerat,
3320 3120 3624 3163 creaturam
3664 3131 3676 3163 :
3707 3114 3855 3165 deni-

2310 3215 2413 3267 que
2444 3202 2517 3252 ait
2543 3219 2555 3251 :
2594 3218 2611 3249 ι
2644 3198 2799 3252 Pater
2825 3214 2974 3252 meus
3006 3213 3172 3265 usque
3200 3201 3357 3252 modo
3379 3210 3653 3267 Operatnr,
3682 3214 3851 3272 etego

664 3295 796 3362 legis
827 3301 951 3347 sunt
983 3304 1035 3346 et
1062 3294 1369 3346 custodiens
1392 3334 1407 3358 ,
1449 3309 1608 3362 quem
1655 3294 1785 3347 Cain
1807 3334 1822 3359 ,
1854 3309 1946 3347 vas
1986 3294 2203 3361 maligni
2229 3266 2275 3321 ο
2310 3304 2496 3357 operor
2528 3290 2590 3340 “.
2642 3307 2658 3337 ι
2684 3286 3059 3356 Nunquidnam
3092 3291 3285 3365 coelum
3327 3289 3485 3352 facit,
3528 3302 3625 3344 aut
3661 3293 3843 3353 solem,

661 3385 912 3447 enectus,
950 3383 1235 3439 interemit.
1278 3380 1472 3435 Verum
1505 3385 1663 3436 etiam
1709 3394 1829 3452 post
1876 3386 1988 3438 inec
2031 3385 2201 3439 voluit

662 3485 807 3528 mors
839 3483 1049 3544 pactum
1082 3473 1223 3541 quod
1258 3472 1429 3526 fuerat
1458 3490 1549 3540 per
1579 3474 1792 3545 Moysen
1822 3477 2078 3543 positum,
2114 3491 2190 3529 rc-

660 3565 922 3627 scindere,
947 3573 999 3617 et
1030 3577 1253 3631 regnare
1278 3563 1453 3615 denuo
1492 3578 1651 3631 super
1689 3565 1862 3631 justos
1910 3583 1922 3617 :
1959 3575 2011 3617 et
2045 3566 2201 3617 irruit

2306 3388 2398 3432 aut
2424 3379 2714 3441 hominem,
2738 3388 2828 3430 aut
2859 3378 3107 3431 animalia
3128 3422 3141 3441 ,
3183 3390 3274 3434 aut
3302 3380 3525 3449 virgulta
3547 3420 3562 3442 ,
3620 3393 3703 3433 aut
3740 3382 3840 3433 tale

2310 3468 2504 3536 aliquid
2529 3469 2551 3520 ?
2582 3466 2681 3521 Sed
2711 3467 2794 3528 his
2826 3468 3039 3535 quidem
3068 3469 3370 3521 visibilibus
3400 3485 3478 3537 per
3498 3468 3668 3527 lectis,
3699 3484 3727 3520 a
3752 3470 3845 3519 tali

2298 3574 2455 3627 opere
2480 3558 2822 3627 conquievit;
2868 3558 3153 3612 invisibilia
3191 3568 3404 3623 autem,
3429 3570 3483 3611 et
3530 3560 3851 3613 intrinsecus

660 3654 873 3723 quidem
918 3653 971 3705 in
1018 3652 1339 3721 prophetas,
1382 3650 1705 3704 interlicicns
1739 3660 1792 3705 et
1839 3653 2076 3721 lapidans
2107 3669 2199 3708 eos
2290 3648 2409 3719 (56)
2440 3664 2611 3717 usque
2655 3649 2811 3701 modo
2849 3663 3076 3717 operatus
3103 3690 3117 3713 ,
3163 3650 3351 3703 salvat.
3408 3649 3485 3703 Ita
3524 3664 3653 3717 ergo
3690 3650 3846 3702 etiam

726 3789 768 3819 “
826 3789 1005 3843 Matth.
1039 3804 1195 3851 χχιιι,
1222 3788 1309 3841 55.
1384 3788 1427 3818 ⁶²
1457 3786 1476 3839 l
1508 3786 1632 3841 Cor.
1663 3802 1747 3849 xv,
1776 3787 1861 3839 54.
1939 3789 1982 3818 ⁸³
2005 3787 2175 3841 Galat.
2211 3806 2218 3842 ι

2318 3789 2400 3840 15.
2478 3787 2521 3817 εί
2565 3785 2718 3843 Joan.
2748 3800 2801 3854 γ,
2830 3786 2913 3839 t7.

731 3954 840 4020 (49)
869 3954 946 4007 lta
989 3954 1289 4007 necessario
1328 3954 1657 4008 emendanda
1690 3955 1807 4007 visa
1851 3963 1935 4007 est
1969 3955 2208 4022 ejusdem

659 4025 860 4078 codicis
890 4023 1064 4083 lectio,
1096 4024 1280 4090 inquo
1314 4025 1581 4083 scribitur,
1628 4043 1645 4074 ‹
1694 4041 1814 4077 cum
1854 4038 1947 4077 eas
1996 4025 2209 4077 inimica

660 4107 869 4158 semper
898 4093 1165 4144 memoria:
1191 4092 1414 4144 ineresis
1446 4093 1535 4145 sed
1570 4094 1783 4145 oblivio.
1825 4112 1841 4141 ι

730 4163 841 4230 (50)
876 4161 928 4214 In
954 4161 1229 4214 (Iasinensi
1265 4162 1466 4221 codice,
1520 4178 1536 4209 ι
1580 4163 1757 4215 interit
1795 4171 1854 4214 ut
1897 4159 2132 4225 tradens,
2174 4179 2193 4212 ι

660 4234 974 4285 manifestus
1005 4232 1204 4282 librarii
1234 4245 1402 4285 error.
1872 4236 1875 4245 ‘

726 4302 836 4368 (51)
869 4301 1008 4352 Scite
1038 4301 1293 4351 adversus
1315 4296 1655 4368 Manichmos.
1686 4306 1743 4348 ut
1771 4297 2001 4359 videtur,
2031 4296 2186 4351 Joan.

660 4369 1074 4436 Clirysostomus
1108 4369 1157 4419 in
1197 4369 1334 4421 hunc
1368 4367 1425 4418 υ.
1462 4367 1605 4419 l'anli
1636 4368 1830 4436 locum,
1859 4368 2088 4436 Ιιοιιιίιίει⁸
2110 4368 2137 4417 7
2177 4386 2189 4419 :

666 4456 685 4485 ε
736 4434 833 4487 Per
869 4437 1052 4487 mortis
1087 4446 1260 4487 autem
1315 4437 1665 4487 ministerium
1718 4435 1881 4497 legem
1932 4434 2192 4501 intelligit.

2314 3954 2472 4005 modo
2514 3952 2602 4005 hic
2646 3967 2859 4018 quoque
2888 3966 2989 4003 non
3022 3950 3268 4013 lexierat,
3298 3964 3415 4016 quae
3456 3964 3639 4001 necem
3668 3948 3833 4001 all‘ere

2314 4023 2422 4086 bat;
2452 4022 2540 4073 sed
2574 4026 2847 4087 peccatum
2884 4021 3054 4087 ipsqu
3094 4020 3395 4087 erat,;quod
3421 4028 3473 4070 et
3506 4019 3844 4070 internitebat

2312 4100 2365 4144 et
2401 4090 2804 4141 condemnabat.
2851 4108 2869 4137 ι

2375 4158 2484 4227 (5:2)
2521 4158 2576 4210 in
2603 4158 2785 4227 codice
2812 4156 3086 4209 Casincnsi
3110 4164 3211 4227 est,
3245 4171 3264 4227 ι
3300 4154 3425 4217 acti,
3466 4172 3484 4202 ι
3517 4155 3658 4221 quod
3688 4157 3844 4207 etiam

2301 4224 2589 4280 manifeSIa
2616 4233 2698 4278 est
2724 4226 2925 4277 librarii
2964 4224 3325 4277 liallucinatio.

2374 4297 2484 4364 (55)
2513 4294 2909 4363 Imaginariam.
2943 4294 3231 4347 Archelaus
3258 4301 3408 4344 vocat
3434 4291 3599 4364 legem
3625 4333 3638 4355 ,
3663 4290 3844 4364 ﬁctus

2301 4361 2747 4432 'l‘e'stamenttim,
2788 4368 2949 4432 quod
2973 4373 3125 4432 typus
3160 4372 3313 4432 esset
3341 4371 3415 4432 et?
3442 4362 3618 4432 imago
3657 4361 3843 4413 futura:

2302 4450 2451 4485 novae
2478 4433 2637 4501 legis.
2698 4429 2881 4485 Sic—et
2928 4429 3138 4484 Petrum
3170 4432 3234 4482 de
3275 4429 3448 4501 Vincis
3505 4430 3553 4479 in
3604 4433 3841 4496 epistulis

659 4505 831 4571 Atque
861 4504 1068 4554 interim
1096 4504 1430 4575 vide,__qnam
1470 4504 1656 4575 sedulo
1694 4503 1744 4553 in
1786 4502 1884 4553 ista
1915 4500 2196 4575 compara-
2228 4517 2273 4575 ο
2298 4503 2413 4571 suis
2442 4500 2751 4575 uouisemel,
2783 4519 2800 4550 ι
2842 4502 3274 4575 imaginarium)
3309 4500 3842 4575 tinnunculum-asse

662 4575 803 4625 tione
837 4581 1045 4633 caveat,
1092 4586 1157 4636 ne
1200 4572 1654 4625 ullamslnereticis
1700 4584 1888 4623 auSam
1936 4574 2190 4636 praebeat.

657 4640 772 4693 Non
805 4643 943 4693 enim
970 4634 1240 4701 dixit,Lex
1266 4652 1485 4692 mortem
1502 4641 1675 4701 eflicit,
1697 4640 1816 4700 sed,
1841 4634 2196 4692 Mortismiui-

661 4711 845 4763 stratio
875 4718 974 4762 est.
1007 4708 1224 4761 Mortem
1251 4709 1389 4759 enim
1438 4709 1774 4760 ministrabat
1802 4749 1816 4770 ,
1866 4722 1970 4758 non
2017 4716 2191 4757 autem

662 4780 917 4847 pariebat.
954 4779 1080 4830 Nam
1120 4786 1393 4845 peccatum
1421 4776 1475 4847 id
1498 4787 1631 4847 erat,
1660 4778 1801 4847 quod
1830 4785 2049 4827 mortem
2077 4773 2185 4825 elli-

660 4844 849 4901 ciebat.
880 4847 981 4899 Lex
1014 4858 1187 4900 autem
1218 4855 1436 4897 mortem
1467 4844 1773 4911 invehebat,
1817 4861 1879 4897 ac
1918 4851 2191 4911 peccatum

662 4918 949 4979 indicabat;
977 4931 1077 4969 non
1109 4926 1282 4967 autern
1311 4912 1551 4966 faetebat.
1580 4910 1770 4962 Malum
1794 4914 1933 4964 enim
1960 4913 2193 4977 apertius

660 4986 937 5051 detegebat
979 5000 1039 5036 ac
1086 4986 1364 5051 plectebat.
1401 4996 1503 5032 non
1540 4988 1712 5051 autem
1744 4981 1807 5030 ad
1852 4982 2047 5033 malum
2094 4980 2195 5051 im-

662 5048 908 5121 pellebat.
942 5048 1118 5118 Neque
1148 5053 1208 5102 ad
1245 5053 1291 5103 id
1324 5049 1680 5121 ministrabat,
1719 5055 1774 5097 ut
1806 5058 2076 5121 peccaturi]
2104 5048 2194 5121 ίιυτ

664 5116 762 5181 ret,
796 5132 887 5174 aut
918 5116 1060 5172 mors
1089 5122 1381 5181 exsisteret;
1410 5120 1497 5171 sed
1534 5125 1590 5168 ut
1620 5129 1803 5182 pinnas
1833 5116 1979 5166 daret
2003 5117 2068 5176 i5,
2098 5117 2189 5182 (ιυί

663 5200 951 5258 peccasset;
980 5204 1040 5240 ac
1073 5189 1291 5258 proinde
1326 5189 1421 5239 hac
1451 5200 1659 5253 quoque
1689 5186 2193 5258 ratjoiicnpeceatum

662 5250 886 5311 ilelebat.
914 5257 1042 5308 Nam
1071 5250 1194 5307 dum
1236 5257 1345 5320 ipsa
1391 5250 1661 5321 peccatum
1717 5252 1847 5302 adeo
1898 5250 2191 5321 formidan-

664 5329 788 5379 dum
816 5343 933 5380 esse
971 5318 1289 5383 ostenderei,
1319 5318 1498 5387 procul
1528 5323 1689 5375 dubio
1718 5321 1815 5370 boc
1840 5319 2003 5387 etiam
2034 5318 2195 5370 faeie-

668 5396 772 5457 bat,
806 5404 859 5445 ut
905 5397 1075 5462 ipsum
1108 5386 1411 5463 fugiendum
1448 5407 1564 5463 esse
1609 5391 1894 5441 videretur.
1928 5386 2192 5463 Quemad-

669 5466 882 5515 modum
922 5460 1078 5530 igitur
1120 5461 1164 5513 is
1191 5460 1280 5525 qui
1308 5472 1503 5530 ‘enseiu
1549 5460 1598 5509 in
1651 5472 1851 5530 manus
1890 5460 2091 5530 sumit,
2134 5470 2195 5505 ac

668 5534 805 5583 sonti
839 5524 994 5599 caput
1020 5524 1276 5599 amputat,
1303 5526 1464 5593 judiei
1492 5526 1855 5599 pronuntianti
1882 5524 2189 5599 ministrum

670 5613 733 5667 se
756 5592 964 5667 praebet,
999 5592 1167 5665 neque
1199 5597 1310 5667 ipse
1345 5604 1425 5646 est
1460 5592 1849 5667 qui_in_teriinit
1872 5631 1885 5653 ,
1939 5592 2098 5643 etiam
2144 5593 2187 5667 si

672 5660 863 5735 alitiqui
894 5660 1002 5736 ipSe
1028 5660 1096 5720 sit
1120 5660 1396 5736 quiieaput
1437 5660 1695 5716 abscindit
1727 5680 1739 5714 :
1792 5676 1887 5736 nec
1930 5675 2118 5712 rursus
2151 5660 2195 5736 is

671 5737 761 5801 qui
785 5731 1090 5789 sententiam
1116 5731 1335 5802 profert,
1371 5746 1432 5784 ac
1468 5743 1673 5802 sontem
1703 5732 2047 5802 condemnat;
2094 5731 2194 5802 sed

670 5797 787 5874 ejus
809 5807 869 5858 de
889 5822 991 5874 quo
1014 5797 1325 5873 Supplicium
1360 5802 1605 5865 sumitur,
1636 5800 1976 5868 improbitas:
2008 5797 2191 5850 eodem

2302 4570 2547 4623 nuntium
2577 4586 2668 4623 seu
2689 4571 2917 4637 legatum
2938 4566 3434 4628 observattjangius
3468 4566 3521 4617 in
3554 4566 3839 4627 Cluasario,

2299 4642 2443 4703 quod
2479 4640 2623 4689 illum
2643 4654 2671 4690 a
2699 4654 2805 4705 quo
2835 4638 3031 4689 missus
3050 4637 3249 4705 fuerat,
3274 4645 3706 4705 i'epi':eseiitct,i-t
3732 4639 3841 4700 ejus

2300 4702 2443 4757 velut
2476 4702 2759 4772 imaginem
2799 4704 3013 4757 referat.
3050 4702 3226 4756 Utitur
3246 4714 3295 4756 et
3332 4706 3429 4755 bac
3456 4719 3592 4772 voce,
3633 4704 3837 4770 Evagrii

2300 4775 2545 4826 monachi
2589 4770 2739 4825 vetus
2774 4776 3030 4839 interpres
3072 4775 3124 4825 in
3157 4775 3517 4840 Disputatione
3560 4770 3841 4837 Theopniti

2298 4841 2531 4908 episcopi
2581 4842 2917 4893 Alexandrini
2963 4855 3081 4893 cum
3118 4842 3331 4893 Simone
3371 4840 3554 4891 .ludaeo
3600 4855 3716 4905 cap.
3760 4840 3838 4899 l3,

2302 4910 2386 4977 ubi
2422 4909 2654 4961 Sabbata
2688 4928 2705 4958 ι
2747 4911 3109 4976 imaginariam
3134 4912 3363 4977 requiem
3390 4928 3406 4957 ι
3430 4918 3586 4958 vorat
3606 4910 3838 4973 septimm

2299 4975 2440 5031 illius
2465 4979 2589 5037 diei,
2624 4980 2673 5028 in
2705 4993 2813 5043 qua
2848 4975 3030 5041 Deum,
3060 4975 3239 5031 mundi
3276 4978 3836 5043 creationeabsolnta,

2301 5046 2624 5113 requievisse
2656 5042 2842 5114 pagina
2875 5063 3023 5099 sacra
3059 5057 3301 5100 testatur.
3330 5046 3503 5107 Quare
3533 5042 3832 5114 Archelaus

2300 5115 2351 5165 in
2400 5113 2743 5181 reSponsione
2790 5118 2851 5166 ad
2902 5115 3188 5167 Diodorum
3244 5121 3606 5180 presbyterum
3636 5151 3649 5173 ,
3701 5113 3838 5166 infra

2298 5200 2413 5249 cap.
2451 5185 2536 5245 41,
2568 5192 2707 5249 totus
2736 5196 2816 5235 est
2846 5185 2894 5235 in
2927 5184 3361 5240 demonstrando,
3402 5195 3505 5230 non
3547 5192 3665 5231 esse
3715 5184 3838 5248 reji—

2298 5248 2543 5303 eiendum
2582 5248 2741 5303 Vetus
2783 5252 3203 5311 'l‘estamentum,
3250 5251 3375 5315 quia
3422 5261 3673 5313 tanquam
3714 5264 3834 5315 spe-

2297 5322 2474 5372 culum
2513 5334 2685 5371 veram
2720 5323 2872 5372 nobis
2905 5321 3151 5386 etprimit
3183 5332 3330 5369 nova:
3361 5318 3490 5383 legis
3524 5319 3831 5385 imaginem.

2367 5389 2477 5455 (54)
2508 5387 2735 5452 Εὀηρ,,‹
2771 5393 2932 5441 velint
2956 5392 3149 5439 vivere.
3186 5404 3203 5434 ι

2368 5451 2473 5524 (55)
2506 5456 2561 5508 ln
2595 5451 2871 5509 CaSiuensi
2902 5474 3001 5517 est,
3040 5474 3055 5503 r
3098 5452 3278 5524 requie
3305 5451 3643 5524 requieverit;
3686 5472 3703 5503 ι
3740 5453 3829 5507 sed

2298 5522 2546 5577 ea‘leetio
2588 5528 2741 5578 nobis
2768 5527 2878 5577 visa
2911 5534 2989 5576 est
3028 5524 3184 5575 unius
3210 5522 3555 5588 ejusdemque
3584 5526 3732 5575 vocis
3755 5538 3832 5574 re-

2300 5595 2501 5661 petitio,
2533 5595 2834 5661 nisipotius
2865 5592 3180 5661 Grazcismus
3209 5593 3295 5643 sit.

2375 5652 2822 5729 (b6)'Casi'n-ensis
2849 5661 3021 5721 habet,
3056 5678 3073 5708 ι
3111 5659 3360 5713 invisibili
3386 5666 3561 5712 autem
3601 5667 3653 5711 et
3698 5658 3826 5729 trinf

2299 5725 2477 5782 secus.
2507 5749 2524 5778 ι
2558 5730 2665 5782 Sed
2698 5730 2978 5795 legendum
3007 5729 3231 5792 videtur,
3258 5738 3315 5780 ut
3345 5730 3544 5781 editum
3579 5738 3695 5788 est,
3746 5725 3824 5777 vel

2305 5816 2321 5846 ι
2355 5798 2636 5851 invisibilia
2666 5808 2841 5851 autem
2874 5797 3215 5852 intrinsecus.
3255 5817 3272 5848 ι
3305 5798 3444 5852 Deus
3466 5798 3631 5862 enim,
3663 5807 3719 5848 ut
3739 5795 3823 5847 in-
