4118 6350
303 477 442 533 ηπ

1369 471 1510 526 cum
1547 448 1821 525 nime
1862 455 2384 558 timaEsuRcus.

3220 434 3222 437 ’
3303 472 3470 545 ms

301 597 740 654 unumquemque
771 592 1032 646 nostrum,
1061 578 1197 636 sicut
1233 581 1343 650 ipse
1371 581 1509 635 Deus
1535 589 1648 644 est,
1684 580 1833 632 inde-
1860 594 1904 644 Α
1937 581 1956 632 i
1986 582 2154 635 virtus
2183 581 2383 649 peccati
2407 576 2543 635 dicta
2570 577 2638 634 sit
2665 581 2748 636 lex
2775 561 2841 644 ”,
2869 599 2887 632 ι
2923 561 3021 651 pro
3043 580 3248 637 viribus
3271 589 3472 639 nostris

299 684 539 730 smenter
569 675 692 728 huic
720 673 866 741 operi
904 673 1171 741 legislator
1207 672 1320 724 vult
1361 685 1478 724 esse
1511 669 1836 734 devinctum;

301 782 332 819 a
352 767 697 820 saecularibus
719 766 868 833 jubet
899 765 1144 833 protinus
1167 763 1565 830 conquiescere,
1594 772 1645 813 et
1666 761 1840 813 omni-

303 869 377 906 no
396 855 597 908 nullum
623 869 756 921 opus
781 868 962 921 gerere
983 854 1394 917 mundanum;et
1421 852 1521 904 hoc
1546 849 1858 928 appellatur,

303 941 616 997 Sabbatuut.
645 943 858 996 Addidit
888 944 1046 1001 etiam
1079 943 1178 995 hoc
1207 943 1258 995 in
1300 944 1432 1010 lege,
1465 941 1597 992 nihil
1648 940 1838 993 absur-

301 1031 432 1083 dunt
459 1031 570 1084 Iieri
602 1030 813 1093 debere;
845 1031 938 1082 sed
971 1031 1251 1083 observare
1271 1044 1389 1089 nos,
1427 1037 1478 1081 et
1506 1027 1735 1093 dirigere
1759 1028 1836 1078 vi-

301 1129 414 1174 tam
443 1129 680 1173 nostram
706 1123 772 1171 ex
802 1134 954 1186 aequo
990 1127 1043 1171 et
1068 1119 1234 1186 justo.
1271 1119 1332 1170 Et
1380 1119 1690 1174 imminebat
1728 1124 1836 1174 Itzee

287 1202 410 1274 'lex,
437 1209 690 1263 acerrime
715 1209 1048 1260 maledictum
1077 1207 1310 1261 inferens
1334 1209 1416 1262 his
1442 1210 1530 1276 qui
1556 1218 1672 1263 eam
1705 1211 1835 1264 fuis-

267 1306 275 1312 '
300 1311 423 1355 sent
447 1303 796 1367 transgressi;
825 1300 914 1352 scd
943 1301 1192 1367 quoniam
1219 1301 1460 1354 homines
1487 1310 1636 1354 erant
1667 1313 1715 1356 et
1739 1305 1833 1369 illi,

301 1400 357 1444 et
384 1390 522 1444 sicut
549 1390 705 1442 etiam
733 1389 887 1442 nobis
921 1388 1221 1456 frequenter
1259 1390 1485 1452 accidit,
1529 1401 1836 1444 controver-

303 1480 398 1533 siae
425 1480 751 1544 oriebantur,
778 1488 830 1532 et
854 1479 1223 1547 irrogabantur
1263 1480 1502 1546 injuri-.e;
1539 1491 1591 1534 et
1614 1482 1695 1535 lex
1725 1494 1835 1536 sta-

301 1569 402 1622 tim
431 1569 876 1623 districtissimam
901 1570 1154 1622 ultionem
1190 1585 1348 1635 quam
1384 1569 1578 1624 fecerat
1600 1613 1614 1636 ,
1663 1581 1834 1625 retor-
1867 1622 1870 1626 ί

299 1659 501 1726 quebat
541 1658 682 1726 (57);
720 1659 791 1711 ita
834 1667 892 1712 ut
935 1659 979 1710 si
1014 1660 1134 1726 quis
1166 1675 1451 1726 pauperum
1481 1662 1735 1716 voluisset
1781 1663 1833 1714 in

304 1749 538 1802 Sabbalo
569 1743 763 1804 fascem
799 1750 925 1818 ligni
952 1750 1220 1816 colligere.
1252 1750 1352 1803 sub
1390 1751 1671 1805 maledicto
1703 1753 1833 1821 legis

301 1840 540 1901 cﬂectus,
574 1841 729 1893 morti
772 1839 1024 1891 continuo
1061 1839 1430 1904 subjicerctur.
1477 1840 1830 1895 Arctabantur

299 1942 432 1997 ergo
446 1927 1186 1996 coercitiouelcgishomines,
1207 1928 1293 1995 qui
1313 1928 1707 1998 cumEgyptiis
1729 1931 1841 1997 rue-
1871 1903 1915 1958 Β
1940 1920 2170 1973 cundum
2196 1921 2476 1988 pristinum
2507 1935 2704 1994 morem
2739 1936 2844 1988 quo
2891 1919 3129 1974 coluerat
3160 1921 3462 1983 simulacra,
3501 1919 3505 1922 ’
3575 1995 3581 2002 .

303 2027 424 2070 tant
441 2018 645 2070 educati
670 2018 842 2081 “,nce
862 2026 1103 2084 poterant
1127 2033 1309 2085 punias
1326 2020 1454 2086 legis
1486 2030 1538 2072 ct
1560 2023 1835 2075 maledicta

298 2107 547 2160 tolerare.
587 2104 817 2158 Rursum
850 2113 1026 2158 autem
1080 2108 1169 2159 ille
1202 2109 1288 2174 qui
1335 2124 1542 2177 semper
1592 2110 1836 2163 Salvator

299 2193 403 2257 est,
427 2193 582 2247 Jesus
613 2193 870 2248 Dominus
902 2203 1080 2248 noster
1105 2199 1390 2250 adveniens
1410 2239 1425 2263 ,
1461 2199 1702 2252 liberavit
1743 2215 1837 2254 eos

299 2301 367 2339 ex
394 2284 758 2352 hujuscemodi
795 2286 1124 2340 cruciatibus
1157 2288 1286 2355 legis
1313 2297 1470 2356 atque
1518 2292 1834 2355 maledictis,

299 2375 506 2428 donans
531 2374 878 2441 eisinjurias.
912 2375 1043 2437 Nec,
1077 2375 1216 2429 sicut
1265 2376 1470 2446 Moyses
1496 2419 1508 2443 ,
1557 2381 1836 2432 severitate

301 2481 438 2519 usus
465 2472 547 2518 est
575 2465 726 2532 legis,
761 2467 891 2518 nulli
938 2466 1258 2534 indulgendo
1300 2468 1586 2535 injuriam;
1623 2470 1712 2521 sed
1751 2470 1836 2521 hic

299 2549 456 2619 dixit,
486 2554 529 2608 si
556 2556 676 2622 quis
702 2571 892 2624 passus
916 2557 1074 2610 fuerit
1102 2574 1130 2611 a
1160 2559 1405 2626 proximo
1429 2573 1528 2610 suo
1561 2560 1831 2626 injutiam,

297 2647 573 2715 indulgeat
596 2661 700 2699 non
731 2649 892 2700 semel
933 2656 1169 2712 tantum,
1206 2648 1297 2702 sed
1344 2658 1394 2700 et
1432 2663 1528 2701 nec
1577 2650 1831 2713 secundo,

300 2750 402 2789 nec
427 2735 600 2796 tertio,
635 2748 731 2786 nec
757 2735 927 2787 solum
963 2732 1175 2801 septies,
1226 2735 1317 2788 sed
1363 2738 1717 2803 septuagcsics
1752 2751 1834 2788 se-

301 2823 440 2896 pties
472 2825 517 2855 ⁶⁸
545 2843 557 2877 :
583 2823 723 2892 quod
751 2825 794 2876 si
824 2833 938 2891 post
964 2823 1071 2878 haec
1103 2824 1350 2899 injuriam
1385 2827 1734 2893 permanserit
1759 2827 1831 2877 ir-

206 2949 222 2956 ι
299 2912 562 2983 rogando,
602 2919 732 2966 tunc
759 2912 972 2970 demum
1001 2913 1099 2981 legi
1128 2929 1248 2966 eum
1275 2914 1466 2966 debere
1489 2916 1834 2968 succumbere

304 3003 492 3073 Moysi,
518 3017 616 3056 nec
645 3003 786 3055 ultra
814 3005 1021 3056 veniam
1054 3004 1168 3056 dari
1206 3005 1250 3056 ei
1274 3004 1365 3072 qui
1397 3005 1447 3056 in
1479 3004 1686 3071 injuriis
1716 3020 1833 3071 per-

1937 672 2168 724 breviter
2199 685 2547 738 exponemus.
2595 671 2975 740 Scriptumest
3025 674 3208 739 enim:
3261 693 3282 726 t
3334 663 3470 740 Quia

1933 759 2080 825 justo
2108 758 2192 811 lex
2231 774 2336 811 non
2368 770 2451 812 est
2482 759 2674 828 posita,
2705 761 2797 814 sed
2829 761 3062 828 injustis,
3093 770 3147 814 et
3180 779 3286 816 non
3336 765 3458 817 sub.
3521 793 3525 796 -

1936 846 2081 911 ditis,
2129 847 2307 915 impiis
2336 858 2388 903 et
2425 831 2665 905 scelestis
2690 853 2761 903 -'°.
2800 870 2819 903 ι
2874 852 2987 906 Non
3025 869 3153 922 ergo
3176 863 3307 912 era-ti
3343 865 3478 924 tunc

1937 937 2018 990 lex
2081 937 2268 991 littera:
2315 939 2486 1006 posita
2552 941 2986 1009 delinquentibus
3041 951 3162 996 ante
3210 943 3465 1016 Moysen,

1938 1027 2076 1080 unde
2107 1034 2160 1080 et
2197 1025 2405 1104 Pharao
2441 1026 2696 1096 ignorans
2732 1031 2975 1086 virtutem
3014 1032 3214 1100 peccati
3245 1070 3259 1094 ,
3292 1033 3466 1088 delin-

1936 1117 2133 1184 qucbat
2163 1117 2398 1185 afﬂigens
2429 1118 2642 1188 injustis
2674 1121 3083 1174 oneribuslilios
3113 1123 3295 1185 Israel,
3318 1105 3465 1175 Divi?

1937 1208 2103 1261 nitate
2131 1209 2369 1276 neglecta
2395 1248 2409 1270 ,
2438 1225 2543 1263 non
2578 1211 2915 1278 solum-ipse,
2946 1212 3035 1285 sed
3064 1221 3118 1265 et
3143 1228 3328 1266 omnes
3372 1212 3467 1280 qui

1935 1311 2056 1349 cum
2101 1312 2164 1349 eo
2192 1307 2363 1350 erant.
2411 1296 2630 1361 Verum,
2683 1315 2748 1352 ne
2777 1309 2896 1353 utar
2929 1301 3164 1369 longiore
3205 1303 3465 1366 circuitu,

1934 1388 2145 1440 brevius
2177 1387 2370 1441 dicam.
2399 1388 2564 1444 Erant
2587 1391 2805 1457 quidam
2847 1390 3218 1460 JEgyptiorum
3254 1393 3462 1446 admisti

1935 1493 2055 1530 cum
2097 1479 2287 1546 popqu
2320 1477 2508 1548 Moysi,
2534 1495 2654 1531 cum
2677 1480 2744 1532 ab
2771 1494 2834 1532 eo
2868 1490 3134 1549 regeretur
3160 1483 3384 1551 populus
3411 1487 3462 1536 itt
3507 1515 3511 1520 ι

1933 1570 2174 1631 deserto;
2210 1576 2263 1620 et
2288 1567 2413 1629 cum
2439 1568 2646 1638 Moyses
2676 1569 2880 1636 positus
2901 1580 3041 1623 esset
3072 1572 3122 1623 itt
3149 1584 3346 1640 monte,
3373 1588 3468 1641 pro

1933 1669 1997 1708 eo
2024 1662 2078 1707 ut
2115 1655 2377 1718 acciperet
2415 1655 2605 1728 legem.
2655 1655 2936 1722 impatiens
2964 1658 3209 1725 populus,
3243 1675 3342 1711 non
3380 1663 3466 1713 ille

1933 1743 2023 1811 qui
2057 1759 2178 1797 vere
2223 1752 2336 1795 erat
2386 1743 2621 1797 Israelita
2665 1744 2795 1813 (58),
2824 1746 2912 1797 sed
2948 1747 3038 1813 qui
3088 1762 3150 1798 ex
3202 1746 3465 1816 AEgyptiis
3513 1792 3518 1801 .

1939 1833 2110 1886 fuerat
2137 1835 2418 1898 admistus,
2447 1833 2670 1887 vitulum
2701 1835 2799 1887 sibi
2831 1836 3103 1888 constituit
3131 1835 3330 1900 Deum,
3375 1853 3464 1890 se—
3515 1852 3519 1854 ·

1937 2012 1987 2062 in
2019 2025 2125 2078 quo
2155 2026 2250 2064 nec
2287 2010 2547 2064 scelerum
2580 2025 2765 2077 poenas
2796 2010 3085 2078 aliquando
3121 2012 3464 2078 rependeret;

1936 2105 1987 2150 ct
2016 2099 2134 2150 ideo
2178 2099 2435 2152 virtutem
2473 2098 2673 2166 peccati
2722 2097 2803 2149 Siti
2863 2100 3070 2165 penitus
3105 2098 3416 2165 ignorabant
3447 2098 3484 2166 :D'

1935 2202 2052 2254 quat
2084 2203 2203 2240 cum
2256 2201 2529 2255 regressus
2573 2187 2876 2253 agnovisset
2927 2177 3171 2254 Moyses,
3222 2187 3468 2254 praecepit
3538 2234 3560 2254 ._

1934 2292 2026 2332 eos
2048 2277 2237 2346 gladiis
2260 2275 2536 2336 trucidari,
2561 2291 2623 2327 ex
2653 2290 2760 2343 quo
2789 2275 2996 2326 initium
3021 2275 3229 2350 factum
3243 2284 3324 2328 est
3345 2266 3483 2329 sen-I

1936 2369 2034 2421 tire
2069 2383 2161 2422 cos
2198 2368 2443 2422 virtutem
2477 2365 2674 2432 peccati
2710 2378 2800 2430 pcr
2828 2365 2991 2429 legem
3022 2363 3208 2432 Moysi,
3242 2375 3295 2417 et
3335 2377 3465 2433 pro-

1933 2467 2112 2526 pterea
2164 2474 2181 2505 ι
2217 2456 2385 2507 virtus
2415 2453 2614 2522 peccati
2653 2453 2966 2520 Lappellata
3014 2454 3228 2528 estylex.

2002 2562 2211 2615 XXXII.
2242 2562 2315 2615 De
2353 2578 2417 2614 eo
2446 2575 2591 2620 vero.
2620 2561 2761 2628 quod
2797 2561 2847 2611 in
2882 2559 3164 2629 Evangelio
3209 2559 3463 2629 scriptum

1932 2661 2046 2704 est:
2085 2670 2100 2700 ι
2140 2649 2246 2704 Vos
2289 2650 2352 2702 de
2382 2659 2530 2717 patre
2573 2649 2786 2701 diabolo
2817 2649 2945 2702 estis
2986 2649 3050 2711 7‘,
3087 2667 3104 2698 ι
3130 2643 3185 2702 et
3239 2650 3464 2717 reliqua,

1933 2742 2160 2793 breviter
2214 2739 2473 2804 dicimus,
2510 2740 2633 2807 quia
2674 2749 2755 2792 est
2787 2738 3032 2792 diabolus
3079 2738 3364 2804 inoperans
3409 2738 3464 2790 itt
3522 2761 3526 2765 -

1932 2831 2104 2894 nobis,
2135 2830 2223 2897 qui
2254 2832 2335 2882 sui
2365 2829 2571 2882 arbitrii
2610 2837 2868 2896 potestate
2916 2828 3046 2880 tales
3102 2842 3222 2879 esse
3272 2810 3484 2881 voluit.'

1934 2922 2072 2976 Dens
2102 2923 2241 2973 enim
2274 2922 2452 2973 omnia
2478 2935 2595 2988 quas
2623 2921 2764 2982 I'ecit,
2802 2919 2939 2970 bona
2965 2917 3112 2970 valde
3135 2915 3277 2982 fecit,
3311 2917 3463 2971 liberi

1933 3011 2140 3064 arbittii
2173 3025 2388 3064 sensum
2417 3008 2701 3076 unicuique
2726 3007 2888 3069 dedit,
2934 3022 3038 3074 qua
3069 3006 3274 3061 ratione
3301 3008 3461 3060 etiam

302 3104 512 3149 several
535 3137 550 3161 ,
600 3111 720 3150 cum
775 3096 875 3150 sibi
922 3096 1279 3164 septuagesies
1321 3096 1514 3164 septies
1565 3096 1720 3148 fuerit
1754 3096 1831 3146 in-
1859 3085 1899 3140 C
1933 3102 2099 3171 legem
2118 3101 2302 3168 judicii
2326 3096 2770 3168 posuit.'Peccare
2800 3105 3041 3148 nostrum
3069 3105 3180 3157 est;
3208 3105 3264 3149 ut
3285 3105 3460 3150 autem
3516 3130 3519 3133 -

303 3187 532 3247 dultum.
563 3187 678 3241 Non
707 3189 875 3242 solum
909 3198 1084 3240 autent
1115 3188 1272 3252 huic,
1308 3189 1400 3240 sed
1445 3186 1604 3240 etiam
1635 3187 1678 3239 si
1713 3187 1834 3255 quis

291 3277 964 3344 Filiohominisintulisset
978 3277 1458 3345 injuriam,veniam
1473 3275 1631 3329 dedit.
1643 3276 1696 3327 Si
1711 3290 1836 3327 vero

280 3367 529 3440 Spiritui
558 3378 764 3430 sancto,
791 3369 1001 3421 duobus
1024 3383 1144 3421 cum
1170 3368 1406 3421 subdidit
1429 3368 1744 3428 maledictis,
1784 3367 1836 3418 id

299 3467 388 3512 est
403 3456 566 3525 Moysi
581 3458 727 3525 legis,
752 3466 802 3509 et
819 3471 950 3517 suae;
969 3454 1130 3523 Moysi
1146 3456 1354 3523 quidem
1380 3456 1431 3507 itt
1449 3457 1709 3524 praasenti,
1729 3471 1838 3508 sua:

275 3548 433 3602 vero
458 3547 511 3600 in
534 3546 715 3616 judicii
741 3556 1007 3612 tempore;
1033 3547 1105 3599 ait
1127 3547 1267 3599 enim
1291 3545 1360 3598 ita
1389 3564 1429 3598 τι
1460 3545 1637 3613 Neque
1659 3547 1709 3598 in
1740 3548 1837 3597 hoc

229 3644 233 3646 ⁷
259 3630 261 3632 ’
302 3637 521 3700 seculo,
557 3651 725 3705 neque
748 3637 802 3688 in
821 3637 997 3689 futuro
1018 3637 1312 3689 remittetur
1328 3637 1377 3689 ei
1395 3637 1458 3688 ‘7.
1492 3655 1509 3684 ι
1529 3635 1690 3703 Moysi
1713 3650 1836 3699 ergo

218 3787 220 3789 ,
304 3730 391 3783 lex
427 3735 509 3781 est
531 3767 546 3788 ,
587 3741 703 3794 quae
733 3729 782 3779 in
812 3728 1057 3796 praesenti
1091 3728 1287 3781 saeculo
1337 3727 1464 3779 nulli
1499 3727 1703 3789 veniam
1744 3725 1838 3775 tri-

308 3820 456 3882 buit;
494 3817 691 3872 Christi
743 3834 869 3873 vero
919 3828 1032 3882 est,
1078 3833 1197 3887 qua:
1239 3817 1471 3870 vindicat
1521 3817 1574 3867 in
1633 3815 1833 3866 futuro.

305 3905 385 3959 Ex
411 3907 511 3960 l'toc
532 3908 734 3960 intuere
756 3907 1201 3975 quemadmodum
1224 3904 1501 3958 confirmat
1519 3902 1706 3969 legem,
1730 3917 1832 3953 non

257 4033 264 4038 -
306 3995 484 4048 solum
509 4011 613 4049 non
641 3999 855 4050 solvens
882 4012 1025 4060 eam,
1053 3997 1143 4049 sed
1172 3995 1414 4062 impletis.
1447 3992 1687 4045 Redemit
1712 4009 1836 4062 ergo

301 4098 402 4137 eos
426 4084 492 4137 ab
513 4098 597 4148 eo,
625 4085 766 4152 quod
795 4086 847 4136 in
874 4084 1116 4152 praesenti
1142 4083 1371 4150 positum
1395 4088 1531 4143 erat,
1554 4075 1836 4135 maledicto

306 4174 464 4244 legis,
487 4190 550 4228 ex
572 4191 678 4242 quo
705 4191 722 4220 ι
755 4173 1086 4225 maledictum
1111 4171 1240 4239 legis
1274 4190 1295 4222 ι
1323 4171 1642 4238 appellatum
1670 4181 1750 4224 est
1773 4174 1833 4226 6“.

303 4263 435 4319 Hac
473 4265 649 4318 omnis
696 4255 856 4329 Imjus
887 4260 1152 4314 sermonis
1200 4269 1284 4313 est
1324 4262 1480 4314 ratio.
1515 4264 1624 4318 Cur
1657 4275 1834 4318 autem

390 4372 434 4403 ⁸⁸
453 4373 609 4426 Num.
639 4389 726 4433 xv,
760 4373 847 4425 5:2.
919 4373 964 4402 “
1011 4371 1194 4426 Matth.
1245 4390 1373 4428 xvttt
1401 4416 1415 4439 ,
1458 4376 1546 4427 21.

309 4444 358 4474 ’θ
405 4440 423 4493 I
457 4441 594 4495 Tim.
625 4457 661 4505 I,
692 4441 744 4494 9.

1637 4379 1678 4408 ⁶⁷
1706 4377 1890 4429 Matth.
1946 4393 2038 4441 xu,
2096 4375 2180 4428 52.

849 4442 892 4471 ⁷¹
926 4440 1080 4495 Joan.
1114 4459 1228 4506 vttt,
1259 4445 1345 4497 44.
1389 4475 1392 4479 ~
1454 4447 1498 4475 ⁷²
1523 4446 1706 4498 Matth.
1740 4463 1848 4509 XIX,
1885 4445 1966 4496 I7.

1938 3208 2041 3245 non
2072 3206 2369 3260 peccemus,
2396 3189 2484 3243 Dei
2513 3188 2708 3240 donum
2735 3195 2836 3247 est,
2868 3201 2932 3239 ex
2952 3173 3015 3237 eo
3037 3187 3175 3253 quod
3198 3187 3249 3251 in
3280 3195 3462 3240 nostro

1939 3283 2007 3334 sit
2033 3280 2253 3334 arbitrio
2285 3264 2628 3332 constitutum
2672 3291 2891 3344 peccare
2913 3317 2927 3341 ,
2954 3276 3034 3328 vel
3065 3292 3167 3330 non
3212 3291 3462 3343 peccare;

1941 3375 2076 3425 sicut
2108 3371 2264 3423 etiam
2292 3378 2344 3421 tu
2378 3368 2492 3420 sine
2521 3366 2682 3420 dubio
2714 3367 2884 3428 nosti,
2916 3381 2949 3417 o
2981 3353 3179 3430 Manes,
3205 3367 3249 3420 si
3289 3354 3501 3420 tamen.

1942 3457 2347 3528 congregansjn
2377 3472 2541 3509 unum
2567 3456 2857 3524 discipulos
2878 3465 3021 3516 tuos,
3053 3466 3104 3509 et
3124 3471 3213 3509 eos
3237 3470 3466 3508 commo-

1940 3561 2069 3602 neas
2099 3549 2205 3614 (59)
2232 3562 2296 3600 ne
2322 3547 2648 3614 delinquant,
2675 3562 2802 3600 neve
2824 3548 3020 3615 aliquid
3043 3547 3235 3612 injurte
3256 3557 3460 3614 gerant,

1933 3638 2116 3705 judicii
2170 3638 2334 3704 legem
2377 3637 2745 3704 unusquisque
2797 3651 2976 3689 eorum
3024 3636 3189 3702 posSit
3215 3635 3459 3690 evadere.

1940 3729 2000 3779 Et
2026 3735 2163 3780 ccrte
2199 3727 2289 3794 qui
2322 3726 2608 3790 voluerint,
2634 3732 2917 3778 ottservaut
2961 3725 3204 3776 mandata
3249 3726 3326 3788 7';
3364 3726 3460 3793 qui
3527 3757 3534 3760 ›

1937 3832 2063 3873 vero
2089 3817 2502 3884 contempserint
2528 3824 2579 3868 et
2609 3815 2659 3865 in
2697 3829 2997 3879 perversum
3050 3814 3458 3874 declinaveriut.

1940 3907 2053 3960 sine
2085 3908 2247 3960 dubio
2275 3907 2438 3974 legem
2466 3903 2649 3971 judicii
2695 3902 2881 3954 ferent.
2915 3901 2986 3954 Ex
3042 3904 3141 3958 hoc
3175 3905 3332 3957 etiam
3366 3920 3454 3957 an-

1940 3999 2178 4066 gelorum
2204 3998 2439 4064 quidam,
2472 3993 2715 4054 mandato
2742 3991 2830 4043 Dei
2872 4007 2973 4045 non
3022 3995 3240 4059 subditi,
3270 3997 3463 4048 volun-

1940 4088 2032 4142 tati
2064 4088 2179 4153 ejus
2210 4075 2552 4136 restitcrunt:
2596 4091 2648 4133 et
2691 4083 2885 4150 aliquis
2933 4085 3144 4152 quidem
3187 4087 3251 4138 de
3283 4089 3417 4140 ccelo
3442 4127 3458 4144 .
3532 4068 3534 4071 ν

1942 4187 2190 4244 tanquam
2217 4173 2389 4240 fulgur
2417 4171 2551 4240 ignis
2581 4171 2646 4237 ⁷³,
2677 4173 2865 4225 cecidit
2907 4189 3063 4241 super
3108 4185 3332 4237 terram;
3371 4179 3458 4228 alii

1939 4281 2065 4317 vero
2094 4265 2145 4314 in
2173 4261 2422 4314 felicitate
2472 4261 2744 4314 hominum
2777 4262 2982 4314 ﬁliabus
3007 4261 3215 4317 admisti
3246 4265 3355 4333 (60)
3381 4301 3397 4329 ,
3428 4283 3457 4319 a

2291 4377 2332 4406 σε
2368 4375 2539 4429 Galat.‘
2599 4392 2678 4441 ιιι,
2736 4377 2822 4428 is.
2929 4374 3166 4431 "lCor.
3225 4394 3310 4444 xv,
3369 4378 3456 4436 561

2073 4446 2115 4475 τ³
2147 4445 2274 4498 Luc.
2311 4461 2363 4508 x,
2401 4446 2481 4498 18.

308 4582 428 4653 quit
459 4571 880 4653 Daattgustinus
906 4583 960 4636 itt
990 4583 1126 4638 libro
1154 4583 1226 4637 De
1256 4583 1439 4638 Gratia
1479 4583 1690 4653 Christi,
1715 4597 1828 4650 cap.
1865 4588 1907 4639 D
1935 4592 1986 4635 et
2016 4583 2100 4637 isti
2154 4583 2428 4653 fecerunt,
2475 4592 2527 4635 et
2556 4581 2796 4653 injc‘ausa
2829 4579 3075 4653 inerunt,
3127 4588 3184 4630 ttt
3231 4584 3457 4649 pupultts

249 4695 252 4698 .
308 4650 402 4712 24,
435 4665 538 4702 non
567 4650 677 4718 lege
711 4660 870 4718 atque
897 4653 1134 4708 doctrina
1181 4655 1460 4707 insonante
1501 4651 1832 4716 forinsecus;

311 4721 406 4775 sed
431 4719 634 4770 interna
665 4728 824 4787 atque
848 4723 1049 4774 occulta
1085 4722 1313 4774 mirabili
1343 4737 1403 4773 ac
1453 4719 1700 4772 ineliabili
1743 4735 1836 4787 po-

311 4797 506 4842 testate
533 4797 782 4853 operatur
820 4789 880 4856 _in
911 4792 1160 4844 cordibus
1201 4791 1471 4841 hominum
1508 4803 1610 4839 non
1663 4789 1836 4856 solum

309 4870 468 4910 veras
494 4855 858 4918 revelationes,
893 4859 981 4910 sed
1015 4861 1170 4911 etiam
1208 4859 1374 4910 bonas
1402 4858 1720 4910 voluntates.
1752 4855 1837 4909 Si-

313 4925 461 4980 milia
489 4925 715 4994 inculcat
751 4926 935 4978 tumin
972 4929 1141 4994 capite
1161 4928 1368 4979 decimo
1393 4926 1547 4978 tertio
1594 4925 1835 4994 ejusdem

312 4996 508 5062 aperis,
524 4991 668 5062 _tuttf
675 4994 798 5045 alibi
831 4991 1047 5061 passim.

386 5062 494 5129 (57)
523 5060 577 5114 ln
606 5059 883 5117 Casinen’si
916 5059 1116 5126 codice,
1153 5079 1171 5111 ι
1223 5061 1474 5114 ultionem
1523 5059 1717 5115 fecerat
1747 5077 1835 5114 re-

311 5131 616 5206 torquebat.
644 5150 660 5180 t
695 5131 795 5182 Sed
827 5133 1124 5206 necessaria
1156 5132 1268 5183 visa
1298 5140 1376 5182 cst
1396 5133 1595 5184 relativi
1623 5132 1830 5184 articuli

313 5197 629 5266 additiolne
652 5212 839 5254 sensus
866 5201 970 5252 ulla
997 5217 1059 5251 ex
1087 5209 1231 5266 parte
1263 5209 1487 5251 nutaret.

389 5264 498 5332 (58)
531 5263 644 5316 Non
678 5280 842 5332 pauca
869 5263 1146 5334 primitivis
1175 5267 1420 5321 Ecclesiae
1444 5266 1623 5321 Patres
1648 5283 1707 5322 ex
1739 5265 1835 5318 Ju-

314 5334 552 5387 dacorum
586 5337 843 5386 sententia
879 5339 1244 5403 loquebantur,
1274 5345 1329 5386 ιιι
1352 5349 1415 5388 ex
1445 5337 1528 5389 his
1553 5338 1639 5403 qui
1669 5337 1719 5386 in
1752 5351 1832 5386 ca-

314 5403 425 5471 pite
453 5404 774 5471 sequctttiwet
807 5405 868 5454 ad
903 5403 1181 5471 Theophili
1221 5403 1562 5456 Alexandrini
1592 5406 1829 5469 disputa-

318 5469 516 5539 tionem
546 5484 666 5521 cum
697 5469 912 5539 Simone
964 5469 1146 5526 Judaeo
1181 5487 1296 5539 cap.
1328 5471 1391 5523 15
1429 5474 1794 5539 annotavimus
1815 5509 1828 5529 ,

317 5538 492 5609 lucide
523 5548 766 5609 apparet.
801 5537 970 5609 llujus
1003 5542 1209 5609 generis
1236 5537 1391 5592 etiam
1440 5550 1522 5609 est
1553 5543 1699 5609 quod
1749 5538 1832 5589 hic

295 5611 385 5663 'de
426 5603 696 5676 Egyptiis
720 5603 1051 5676 vituli'auréi
1078 5607 1533 5676 constructoribus
1560 5603 1612 5658 et
1641 5607 1830 5676 adora-

318 5672 726 5730 toribus'iradit
763 5674 1084 5739 Archelaus;
1120 5692 1240 5730 nam
1279 5677 1330 5728 in
1365 5675 1607 5728 Scemoth
1653 5672 1832 5724 Rabba

480 5743 598 5824 157,
628 5743 730 5824 col.
765 5739 831 5824 (ις
870 5761 889 5824 t_
921 5744 986 5796 Et
1017 5745 1348 5824 isti.(nen.tp_e
1386 5741 1616 5824 Aigypiii
1653 5755 1824 5824 prose-

288 5809 460 5882 _ij‘ti)
489 5813 726 5867 fecerunt
762 5812 1007 5879 vitulum,
1039 5809 1164 5881 quia
1194 5809 1434 5866 colebant
1461 5809 1829 5873 idololatriam,

1935 4663 2192 4721 peccaret.
2226 4651 2352 4705 Vide
2381 4652 2504 4720 quid
2532 4651 2782 4721 scriptum
2801 4650 2876 4721 sit
3112 4646 3454 4721 xxxn,_'vers.

1933 4715 1984 4773 3.
2017 4721 2129 4773 Non
2168 4729 2248 4774 est
2284 4715 2533 4786 scriptum
2571 4718 2692 4786 hic:
2725 4716 2824 4786 Isti
2864 4726 2988 4786 sunt
3021 4715 3091 4786 dii
3121 4717 3320 4786 nostri,
3362 4721 3456 4771 sed

1933 4791 2021 4841 isti
2055 4800 2170 4840 sunt
2199 4790 2274 4839 dii
2310 4783 2421 4838 tm":
2468 4785 2607 4851 quod
2639 4783 2899 4853 ,proselyti
2923 4823 2936 4846 ,
2969 4783 3058 4849 qui
3110 4784 3229 4834 cum
3277 4783 3457 4853 Moyse

1932 4859 2298 4912 ascenderant,
2325 4856 2419 4920 ipsi
2449 4854 2684 4905 fecerunt
2705 4851 2873 4912 illum,
2897 4862 2948 4915 et
2968 4853 3214 4904 dixerunt
3237 4851 3413 4905 Israeli
3439 4873 3451 4907 :

1936 4925 2036 4977 Isti
2081 4932 2198 4975 sunt
2233 4925 2305 4973 dii
2340 4922 2432 4972 tui.
2492 4921 2691 4973 Idcirco
2726 4920 2863 4984 Deus
2907 4930 3121 4972 sanctus
3142 4922 3457 4975 benedictus

1936 4994 2071 5046 dixit
2097 4991 2259 5056 Moysi
2286 5008 2296 5040 :
2329 4987 2487 5052 Vade,
2514 4990 2791 5056 descende,
2819 4989 3200 5055 quiacorrupit
3222 4990 3454 5056 populus

1939 5076 2080 5114 tuus.
2109 5079 2124 5108 ι
2153 5055 2281 5111 Vide
2299 5057 2634 5109 Salontonetn
2661 5055 2840 5110 Jarelti
2865 5059 2916 5110 in
2944 5055 3361 5108 cumdemEdei
3381 5057 3455 5106 lo-

1937 5144 2055 5180 cum
2075 5142 2210 5188 vers.
2241 5125 2464 5188 8;Abeu
2495 5124 2628 5178 Ezra
2651 5126 2777 5178 ibid.
2803 5141 2940 5178 vers.
2963 5124 3453 5189 ‘22,etAbarbanel-

1938 5197 2042 5247 lum
2068 5192 2202 5259 ibid.
2239 5208 2378 5246 vers.
2401 5193 2498 5258 ~II.
2531 5197 2599 5246 At
2626 5195 2705 5247 Vel
2730 5210 2794 5247 ex
2816 5196 2951 5246 nuda
2984 5191 3120 5246 sacri
3149 5200 3318 5242 textus
3343 5190 3450 5243 lec-

1937 5266 2096 5324 tione,
2127 5271 2178 5314 et
2206 5276 2271 5330 ex
2320 5260 2453 5312 LXX
2490 5264 2832 5330 interpretum
2859 5261 3114 5330 versione
3146 5259 3279 5310 hanc
3313 5259 3454 5311 rabi-
3522 5270 3526 5275 ‘

1934 5345 2122 5382 norum
2148 5329 2509 5396 conjecturam
2533 5327 2681 5384 valde
2714 5333 2968 5388 incertam
3001 5327 3308 5392 I'utilemque
3332 5341 3450 5380 esse

1933 5399 2072 5452 clare
2097 5398 2380 5465 colligitur.
3025 5464 3035 5465 ί
3261 5461 3270 5465 _

1995 5468 2103 5535 (Sil)
2142 5461 2623 5519 Ita'restituendam
2654 5465 2968 5535 censuimus
3009 5461 3273 5535 depravati
3304 5463 3451 5515 codi-

1928 5531 2339 5587 cis'Casinettsis
2371 5535 2671 5594 lectionem,
2711 5536 2761 5583 in
2791 5548 2896 5598 quo
2930 5533 3005 5582 sic
3031 5531 3312 5593 scribitur,
3342 5549 3362 5580 ί
3398 5542 3451 5584 et

1926 5603 2225 5668 communis
2256 5617 2341 5667 ne,
2383 5620 2402 5652 t
2433 5613 2555 5668 etc.,
2580 5604 2680 5655 nisi
2713 5601 2830 5667 quis
2857 5600 3118 5660 maluerit,
3156 5615 3174 5649 ε
3207 5613 3448 5654 commu-

1927 5685 2095 5723 nlellS.
2129 5687 2147 5720 ι
3432 5689 3439 5699 ι
3514 5684 3517 5686 -

1997 5738 2106 5807 (60)
2142 5737 2216 5790 En
2264 5737 2395 5791 alter
2418 5737 2660 5807 Archelai
2696 5734 2866 5796 locus,
2894 5748 2957 5786 ex
2991 5747 3096 5807 quo
3131 5734 3181 5807 id
3215 5735 3357 5802 quod
3393 5735 3444 5807 in

1929 5803 2238 5876 praecedenti
2269 5808 2436 5874 capite
2456 5807 2520 5859 de
2561 5803 2898 5857 Hebraeorum
2923 5803 3261 5871 opinionibus
3283 5820 3312 5856 a
3339 5806 3446 5871 pri-
