4118 6350
686 426 821 493 ητθ

1651 428 1830 486 ACTA
1868 428 2388 486 DISPUTATIONIS
2427 430 2485 485 S.
2526 429 2866 485 ARCHELAI

3754 428 3900 483 “30

682 546 922 603 dracone
954 547 1159 615 afflicti,
1192 550 1332 619 ignis
1363 550 1551 604 aeterni
1582 565 1795 621 parram
1829 552 2099 621 suscipere
2129 567 2242 604 me-
2271 555 2311 609 Α
2341 566 2527 605 omnes
2554 559 2813 604 creatur-a3
2850 550 3086 605 visibiles
3120 531 3226 603 sint
3263 564 3479 604 necesse
3502 556 3586 603 est
3607 590 3622 612 ,
3652 550 3860 603 cretum
3879 585 3897 602 .

683 649 931 695 ruerunt.
958 639 1050 695 ille
1078 641 1237 710 igitur
1260 632 1535 695 in'terram
1554 641 1804 697 decidens
1831 658 1929 696 nec
1955 642 2087 696 ultra
2110 629 2233 696 coeli

685 732 996 800 regionibus
1027 733 1318 796 admissus,
1350 733 1491 785 inter
1525 732 1771 787 homines
1816 734 2105 798 volutatur,
2136 733 2231 785 de-

684 820 889 890 cipiens
936 836 1033 874 eos
1060 861 1075 885 ,
1115 817 1275 887 atque
1327 820 1659 887 persuadens
1714 820 1814 873 sibi
1870 808 2073 873 similes
2099 818 2232 872 edici

686 919 1135 981 transgressores,
1172 919 1225 963 et
1254 926 1426 979 usque
1466 912 1519 965 in
1551 911 1865 965 hodiernum
1896 910 2235 963 adversarius

684 1012 766 1056 est
815 1002 1083 1056 mandatis
1136 1003 1247 1056 Dei.
1288 1002 1391 1056 Sed
1430 1018 1534 1055 non
1586 1018 1772 1056 omnes
1804 1002 2009 1069 lapsum
2067 1001 2235 1053 ruina:

687 1092 805 1161 ejus
826 1101 1141 1161 sequentur,
1167 1107 1265 1161 pro
1286 1106 1352 1144 eo
1380 1093 1523 1160 quod
1548 1092 1835 1161 unicuique
1863 1093 2079 1145 libertas
2096 1090 2237 1145 arbi-

686 1184 771 1236 trii
798 1193 882 1236 est
906 1200 919 1236 :
954 1198 1021 1237 ex
1053 1183 1156 1235 hoc
1178 1183 1320 1235 enim
1364 1193 1416 1235 et
1445 1176 1742 1252 appellatus
1768 1192 1850 1235 est
1881 1183 2143 1246 diabolus,
2170 1196 2233 1236 eo

683 1274 826 1343 quod
874 1274 1161 1327 transitum
1200 1272 1387 1341 fecerit
1415 1273 1480 1325 de
1528 1273 1838 1326 cmlestibus
1870 1313 1881 1335 ,
1914 1274 2125 1341 etquod
2179 1273 2232 1324 in

683 1368 839 1419 terris
868 1365 1120 1417 mandato
1165 1363 1256 1417 Dei
1283 1364 1605 1416 obtrectator
1638 1364 1935 1417 exsisteret.
1970 1361 2104 1427 Quia
2134 1377 2233 1417 au-

684 1464 792 1510 tem
826 1455 965 1510 Deus
993 1456 1063 1509 sit
1087 1455 1177 1525 qui
1209 1456 1357 1524 prius
1384 1456 1690 1509 mandatum
1717 1454 1881 1519 dedit,
1914 1470 2029 1523 ipse.
2055 1454 2233 1506 Domi-

682 1562 788 1601 nus
808 1545 964 1601 Jesus
994 1547 1069 1600 ait
1091 1548 1157 1600 ad
1194 1548 1502 1601 diabolum:
1535 1566 1552 1596 r
1586 1546 1731 1599 Vade
1758 1554 1898 1616 post
1931 1563 2033 1607 me,
2081 1544 2236 1597 Sata-

683 1652 751 1691 na
782 1639 867 1704 7‘;
909 1657 928 1689 ι
966 1648 1020 1692 et
1052 1640 1167 1693 sine
1196 1639 1362 1692 dubio
1396 1639 1474 1691 ire
1505 1648 1621 1706 post
1649 1641 1836 1699 Deum,
1872 1636 2010 1689 servi
2039 1645 2149 1700 est;
2185 1642 2239 1687 et

684 1724 878 1780 iterum
904 1728 1046 1793 quod
1101 1728 1175 1780 ait
1202 1727 1267 1780 ad
1300 1729 1422 1780 eum
1452 1745 1463 1778 :
1502 1746 1519 1775 r
1556 1726 1841 1778 Dornirrnrn
1875 1725 2038 1777 Deum
2086 1735 2233 1777 tnurn

682 1818 931 1870 adorabis
959 1826 1012 1869 et
1042 1818 1139 1885 ipsi
1169 1816 1269 1870 soli
1309 1817 1509 1871 servies
1534 1817 1601 1869 ".
1638 1835 1656 1866 ι
1686 1814 1949 1879 QuOuiam
1982 1830 2108 1883 ergo
2134 1808 2234 1867 Vob-

2335 649 2476 692 terra
2503 677 2517 701 ,
2568 655 2717 693 mare
2742 680 2756 703 ,
2789 639 3037 699 homines
3056 677 3070 700 ,
3097 639 3299 705 angeli,
3347 633 3654 707 archangeli
3682 653 3698 689 :
3745 635 3898 687 Deus

2334 743 2482 793 vero,
2515 740 2636 783 cutn
2670 744 2709 783 ea
2742 730 2890 782 nullo
2937 744 3195 798 unquam
3220 730 3368 795 visus
3414 731 3518 793 sit,
3552 728 3687 797 quid
3713 727 3759 780 ei
3804 740 3900 792 po-

2336 828 2439 872 test
2487 836 2550 873 ex
2600 822 2719 874 istis
2752 821 3013 874 creaturis
3058 834 3177 874 esse
3219 820 3581 875 homousion?
3633 819 3793 875 Unde
3842 828 3899 870 et

2334 909 2542 978 singula
2571 925 2795 979 quaeque
2826 912 3124 967 secundum
3157 912 3396 989 ordinem
3425 928 3583 968 suum
3609 917 3896 984 propriam

2334 999 2565 1053 dicimus
2603 1000 3211 1059 habere'substantiam.
3237 1004 3314 1058 Tu
3340 1022 3467 1061 vero
3495 1024 3558 1060 ex
3588 1023 3697 1060 uno
3724 1023 3899 1061 omne

2334 1089 2531 1142 animal
2561 1092 2702 1159 quod
2744 1094 3007 1157 movetur,
3043 1093 3244 1148 factum
3273 1097 3427 1161 dicis,
3453 1110 3506 1150 et
3526 1099 3897 1152 substantiam

2334 1193 2363 1230 a
2389 1176 2495 1232 Deo
2518 1181 2787 1247 accepisse
2812 1182 2947 1235 dicis
2968 1178 3217 1249 similem,
3241 1196 3291 1237 et
3317 1202 3473 1253 posse
3493 1203 3610 1239 earn
3636 1204 3897 1256 peccare,

2334 1278 2496 1336 atque
2522 1271 2586 1323 ad
2616 1270 2878 1338 judicium
2905 1272 3120 1335 venire;
3154 1281 3207 1325 et
3242 1288 3361 1327 eum
3395 1291 3500 1327 non
3533 1276 3615 1330 vis
3646 1279 3837 1345 recipe
3868 1292 3900 1331 e

2335 1371 2637 1409 sermonem
2662 1359 2948 1421 dicentem,
2977 1360 3244 1412 diabolunr
3268 1362 3512 1426 angelum
3539 1363 3723 1427 fuisse,
3747 1375 3815 1417 et
3840 1366 3898 1417 in

2334 1444 2771 1515 praevaricatione
2803 1449 3096 1516 decidisse,
3120 1462 3174 1505 et
3208 1467 3311 1505 non
3341 1469 3459 1507 esse
3485 1454 3723 1521 ejusdem
3752 1470 3896 1508 cum

2337 1526 2445 1589 Deo
2461 1537 2791 1592 substantiae.
2808 1540 3119 1595 interimere
3143 1542 3500 1611 deLesjudicii
3525 1547 3726 1598 ratione
3745 1545 3812 1613 (6
3824 1547 3851 1598 ί
3865 1555 3897 1609 ι,

2338 1636 2397 1679 ιιι
2424 1628 2545 1696 quis
2575 1640 2815 1683 nostrum
2844 1630 2993 1684 fallat
3026 1643 3294 1701 appareat.
3323 1635 3375 1687 Si
3404 1636 3543 1687 enim
3575 1651 3679 1687 non
3710 1647 3901 1703 potest

2340 1722 2487 1787 quia
2520 1721 2629 1775 Deo
2657 1733 2872 1779 creatus
2916 1735 2998 1779 est
3052 1727 3301 1795 angelus,
3360 1728 3413 1780 in
3453 1732 3899 1797 transgressione

2335 1809 2601 1877 deeidere,
2637 1815 2905 1881 quomodo
2938 1825 3114 1882 potest
3146 1831 3269 1883 pars
3292 1814 3382 1869 Dei
3412 1817 3587 1869 anima
3619 1820 3895 1884 peccare?

684 1908 1053 1975 temperabant
1078 1908 1295 1975 quidam
1327 1907 1603 1961 hominum
1643 1907 2011 1961 voluntatibus
2042 1905 2230 1972 ipsius,
2266 1893 2306 1947 Β
2337 1900 2391 1953 Si
2421 1917 2547 1955 vero
2567 1903 2829 1973 judicium
2877 1920 2995 1959 esse
3022 1906 3157 1959 dicis
3181 1908 3513 1974 peccantium
3549 1908 3891 1971 animarum,

668 1998 969 2061 audierunt
993 2014 1021 2051 a
1047 1998 1323 2051 Salvatore
1351 2016 1363 2050 :
1398 2014 1415 2048 ι
1447 1996 1554 2051 Vos
1579 2013 1640 2049 ex
1673 2008 1818 2065 patre
1843 1996 2053 2051 diabolo
2075 1996 2230 2057 estis,

681 2098 737 2144 et
765 2089 1026 2144 desideria
1060 2090 1226 2157 patris
1250 2088 1415 2141 vestri
1445 2087 1619 2141 facere
1646 2088 1806 2139 vultis
1830 2087 1893 2137 ⁵⁸⁸.
1927 2105 1944 2137 ι
1975 2085 2231 2153 Denique,

679 2195 805 2236 cum
844 2180 1043 2236 faciant
1072 2165 1372 2234 voluntates
1414 2172 1559 2247 ejus,
1591 2178 1853 2231 audiunt:
1895 2195 1915 2225 ‹
1950 2176 2235 2229 Generatio

682 2256 1011 2340 viperarum,
1038 2271 1160 2338 quis
1188 2269 1338 2325 vobis
1361 2268 1595 2322 ostendit
1638 2266 1820 2337 fugere
1844 2266 1917 2319 ab
1942 2266 2019 2319 ira
2048 2272 2237 2327 ventu-

683 2363 781 2417 ra?
816 2361 996 2415 Facite
1037 2376 1164 2431 ergo
1210 2361 1445 2414 fructum
1476 2358 1699 2427 dignum
1745 2358 2070 2428 paenitentiae
2098 2356 2163 2409 τ’.
2208 2373 2228 2407 ι

682 2450 761 2506 Ex
796 2453 898 2521 hoc
938 2469 1063 2522 ergo
1091 2453 1305 2522 pervide
1337 2444 1539 2521 quanta
1570 2452 1649 2505 vis
1684 2451 1754 2504 sit
1780 2450 2050 2504 hominem
2080 2449 2232 2504 liberi

681 2557 802 2597 esse
827 2544 1069 2597 arbitrii:
1122 2543 1265 2596 dicat
1295 2552 1473 2595 tamen
1518 2541 1677 2593 etiam
1716 2542 1849 2609 ipse,
1886 2541 1930 2592 si
1964 2550 2045 2595 est
2089 2540 2234 2609 judi-

679 2635 825 2688 cium
855 2635 1064 2703 piorum
1112 2634 1493 2701 etimpiorum.
1529 2624 1874 2685 Manes-dixit
1912 2648 1928 2684 :
1962 2630 2056 2685 Est
2085 2631 2232 2700 judi-

682 2727 853 2780 cium.
902 2723 1188 2777 Arclrelaars
1226 2724 1397 2775 dixit:
1454 2721 1590 2776 Puto
1628 2737 1747 2791 quas
1771 2738 1801 2775 a
1832 2722 1985 2777 nobis
2017 2722 2127 2790 (61)
2169 2723 2233 2776 de

683 2814 900 2870 diabolo
927 2815 1069 2869 dicta
1100 2823 1248 2875 sunt,
1282 2830 1388 2868 non
1436 2829 1625 2881 parum
1678 2813 1903 2866 rationis
1934 2818 1985 2865 ct
2019 2812 2232 2881 pietatis

684 2908 950 2963 obtinent.
984 2905 1155 2961 Habet
1182 2906 1322 2960 enim
1354 2914 1406 2960 et
1441 2920 1775 2975 unaquaeque
1804 2914 2052 2959 creatura
2083 2906 2231 2959 ordi-

682 3012 807 3051 nem
832 3009 1028 3051 suum:
1083 3006 1136 3052 et
1166 2997 1305 3052 alius
1349 2997 1565 3067 quidem
1600 2996 1732 3049 ordo
1753 3003 1834 3049 est
1882 2993 2102 3048 humani
2143 3011 2235 3065 ge-

684 3089 853 3151 neris,
895 3098 947 3141 et
968 3088 1106 3143 alius
1142 3088 1455 3142 animalium
1489 3083 1607 3151 est,
1660 3096 1820 3155 atque
1851 3085 1986 3138 alius
2011 3084 2231 3154 angelo-

2333 2002 2383 2045 et
2412 1992 2571 2050 unius
2598 2008 2688 2046 eas
2718 2010 2839 2047 cum
2889 1994 2995 2049 Deo
3024 1996 3159 2050 dicis
3183 2013 3301 2051 esse
3333 1997 3669 2062 substantiae,
3713 2007 3771 2051 et
3810 2007 3894 2051 ta-

2334 2094 2455 2134 men
2484 2098 2605 2136 cum
2629 2084 2694 2137 de
2713 2084 2890 2138 divina
2904 2102 2995 2139 cas
3019 2102 3230 2141 asseras
3257 2103 3375 2141 esse
3405 2098 3617 2152 natura,
3636 2089 3778 2142 dicrs
3812 2091 3895 2142 ni-

2336 2175 2626 2229 hilominus
2652 2175 2743 2229 Dei
2774 2192 2879 2230 non
2912 2192 3125 2231 scrvare
3148 2180 3395 2231 mandata
3430 2178 3537 2248 (65)
3564 2168 3779 2244 ;etiarn
3817 2182 3895 2234 sic

2325 2262 2625 2330 plurimum
2665 2279 2815 2317 meus
2858 2280 3033 2341 sermo
3062 2267 3293 2333 procedit
3324 2266 3451 2336 (66),
3492 2269 3679 2321 dicens
3711 2270 3893 2335 primo

2333 2352 2631 2419 diabolum,
2660 2370 2725 2408 eo
2751 2357 2892 2424 quod
2921 2358 3227 2411 mandatum
3252 2374 3357 2412 non
3388 2363 3700 2425 servaverit,
3733 2364 3890 2415 deci-

2332 2444 2515 2509 disse;
2571 2460 2679 2499 non
2725 2448 2866 2499 enim
2910 2458 3025 2501 erat
3054 2463 3116 2501 ex
3176 2447 3267 2501 Dei
3317 2452 3653 2517 suLstantia;
3686 2456 3892 2507 deciuit

2333 2551 2439 2590 non
2467 2544 2573 2590 tam
2606 2547 2663 2589 ut
2689 2536 2901 2593 laederet
2927 2538 3219 2591 humanum
3252 2555 3417 2609 genus
3439 2580 3453 2602 ,
3487 2542 3577 2595 sed
3614 2552 3673 2594 ut
3722 2545 3797 2597 ab
3828 2561 3889 2597 en

2332 2627 2512 2695 potius
2534 2625 2847 2680 illuderetur
2876 2643 2887 2677 :
2918 2628 3062 2681 dedit
3086 2629 3228 2681 enim
3256 2629 3412 2684 nobis
3434 2639 3755 2698 potestatem
3789 2636 3892 2686 cal-

2331 2717 2489 2770 candi
2524 2732 2685 2796 super
2715 2727 2990 2785 serpentes
3016 2728 3067 2772 et
3086 2721 3416 2788 scorpiones,
3451 2731 3502 2776 et
3530 2736 3753 2776 omnem
3790 2728 3892 2775 vir-

2335 2816 2499 2861 tutem
2536 2810 2739 2863 inimici
2769 2809 2835 2861 ".

2400 2896 2637 2951 XXXIII.
2667 2896 2879 2953 Iudices
2900 2898 3177 2952 dixerunt:
3210 2885 3541 2955 Suﬂicieriter
3560 2904 3804 2957 ostendit
3824 2906 3885 2957 de

2332 2993 2537 3061 origine
2570 2986 2791 3045 diaboli.
2822 2989 2957 3045 Cum
2990 2991 3129 3065 enim
3168 3000 3390 3059 utraque
3428 3006 3552 3055 pars
3573 2993 3876 3049 conﬁtetur

2332 3079 2573 3134 futurum
2628 3095 2750 3133 esse
2777 3079 3039 3147 judicium
3066 3120 3081 3144 ,
3114 3082 3418 3133 necessario
3465 3081 3615 3134 liberi
3672 3084 3875 3136 arbitrii

685 3196 844 3236 rum:
880 3194 987 3233 una
1036 3194 1160 3231 vero
1201 3189 1253 3231 et
1292 3179 1403 3231 sola
1451 3176 1874 3232 inconvertibilis
1925 3184 2007 3228 est
2046 3174 2229 3227 divina
2261 3207 2301 3263 ο
2335 3170 2707 3237 unusquisque
2740 3164 3112 3234 “monstratur;
3163 3183 3270 3236 quo
3298 3169 3571 3222 evidenter
3616 3181 3877 3233 ostenso,

685 3269 986 3326 substantia
1006 3308 1021 3331 ,
1046 3276 1243 3321 aeterna
1280 3277 1333 3320 et
1376 3268 1688 3331 invisibilis,
1732 3268 1872 3321 sicut
1901 3272 1953 3318 et
1984 3264 2234 3317 omnibus

685 3368 873 3412 natum
915 3366 1033 3423 est,
1081 3356 1376 3410 secundum
1423 3356 1553 3409 illud
1602 3356 1744 3424 quod
1800 3354 2058 3422 scripturn
2113 3360 2232 3405 est:

692 3468 711 3503 ι
737 3450 1017 3503 Dominum
1046 3446 1154 3517 (62)
1179 3462 1337 3499 nemo
1362 3446 1490 3498 vidit
1516 3462 1773 3513 unquam,
1799 3445 1901 3498 nisi
1932 3443 2238 3511 unigenitus

685 3537 856 3593 Filius
895 3540 986 3607 qui
1014 3547 1097 3592 est
1124 3538 1180 3589 in
1211 3536 1330 3590 sinu
1354 3533 1529 3588 Patris
1552 3535 1611 3585 ⁷⁸.
1646 3553 1663 3584 ι
1696 3534 1931 3604 Reliquae
1968 3534 2096 3605 ergo
2124 3531 2235 3602 (63)

754 3692 801 3723 τι
827 3689 1015 3745 Matth.
1039 3706 1111 3757 IV,
1148 3691 1234 3744 to.
1322 3690 1367 3722 τι
1401 3688 1533 3743 lbid.

685 3854 887 3907 mitivte
917 3852 1167 3907 Ecclesiae
1192 3843 1436 3909 Patribus
1469 3853 1732 3908 interdum
1768 3854 2121 3922 propugnatis
2139 3852 2191 3905 di
2210 3880 2223 3892 -

688 3926 867 3976 ximus
891 3960 905 3983 ,
953 3933 1134 3988 aperte
1160 3922 1525 3979 conﬁrmatur.
1572 3923 1722 3989 Quod
1756 3924 1896 3977 enirn
1929 3927 1994 3976 de
2024 3923 2227 3990 angelis

688 4008 812 4045 curn
847 3990 1061 4043 feminis
1085 3992 1561 4053 concurnbcntihus
1595 3994 1752 4046 tradit
1780 3992 2092 4055 Archelaus,
2114 3994 2225 4058 jam

690 4075 863 4129 usque
891 4075 921 4111 a
956 4058 1194 4112 Philonis
1222 4058 1424 4115 Hebraei
1453 4068 1505 4112 et
1533 4060 1748 4130 Josephi
1779 4063 2107 4129 temporibus
2128 4059 2225 4112 Ju-

688 4132 925 4185 daeorutn
950 4130 1131 4199 opinio
1159 4139 1256 4191 est,
1294 4144 1451 4194 quam
1500 4132 1658 4199 etiam
1690 4143 1987 4199 sequuntur
2018 4130 2228 4184 Tertul-

689 4199 869 4253 lianus
891 4240 905 4263 ,
940 4198 1183 4252 Justinus
1213 4240 1226 4263 ,
1259 4198 1505 4252 Cierrrens
1531 4198 1921 4255 Alexandrinus
1950 4240 1965 4265 ,
1994 4201 2231 4253 Athena-

691 4284 868 4335 goras,
909 4268 1226 4333 MelitOrltus,
1257 4270 1587 4336 Cyprianus,
1626 4266 1935 4323 Lactantius
1960 4309 1974 4331 ,
2028 4280 2088 4323 ut
2124 4269 2229 4321 late

692 4340 879 4404 probat
898 4336 1163 4389 Parnelius
1191 4339 1241 4389 in
1264 4336 1577 4389 Tertulliani
1604 4338 1875 4404 paradoxo
1905 4353 1921 4389 ι
1950 4348 2003 4391 et
2029 4338 2229 4391 Feuar—

692 4406 905 4456 dentius
929 4406 978 4455 in
1006 4408 1145 4457 notis
1171 4410 1234 4457 ad
1268 4407 1520 4458 Irenaeum
1558 4407 1797 4474 ejusdem
1847 4408 2114 4474 opinionis
2144 4423 2231 4460 as-

694 4474 890 4525 seciam
923 4474 1012 4524 hb.
1045 4489 1117 4537 iv,
1145 4491 1260 4542 cap.
1288 4476 1370 4526 70.
1405 4473 1603 4526 llornnr
1642 4484 1816 4527 tamen
1852 4473 2068 4529 Patrum
2101 4492 2233 4528 non-

696 4542 1020 4613 trullibonos
1053 4559 1082 4593 a
1102 4547 1256 4613 malis
1282 4546 1482 4612 angelis
1503 4546 1769 4613 deceptos,
1796 4545 2032 4613 nonnulli
2060 4546 2229 4599 titulos
2263 4552 2305 4605 D

696 4610 915 4677 angelos
958 4626 1078 4661 eum
1126 4610 1394 4665 hominum
1442 4610 1650 4666 liliabus
1698 4612 2028 4666 commistos'
2062 4613 2231 4669 fuisse

694 4680 1002 4751 credidere;
1037 4679 1434 4751 sedrutrarrrque
1464 4684 1767 4751 opinionem
1817 4683 2089 4733 communi
2122 4683 2231 4736 cai-

694 4749 816 4799 culo
839 4748 1085 4814 rejiciunt
1107 4750 1192 4801 alii
1210 4748 1413 4815 Patres,
1436 4748 1832 4805 et’reeentiores
1854 4765 2043 4809 omnes
2064 4756 2231 4803 saetae

698 4815 989 4885 Scriptura:
1043 4818 1351 4883 interpretes
1378 4859 1393 4882 ,
1417 4836 1645 4887 quorum
1685 4822 1984 4887 catalogqu
2033 4830 2229 4883 texere,

692 4900 816 4940 cuni
852 4901 935 4956 res
959 4887 1321 4953 vulgatissima
1344 4891 1431 4951 sit,
1458 4891 1931 4956 praetermittimus.

766 4957 875 5023 (61)
899 4955 955 5007 In
986 4956 1265 5009 Casinensi
1290 4955 1475 5023 legitur
1506 4964 1772 5011 contrario
1800 4973 1959 5010 sensu
1984 4998 1996 5020 ,
2027 4975 2045 5006 ε
2078 4973 2105 5009 a
2140 4972 2231 5010 vo-

696 5022 809 5093 bis,
834 5022 862 5093 ι
888 5027 1027 5091 quod
1066 5035 1238 5077 tamen
1268 5026 1320 5074 in
1349 5033 1488 5077 hunc
1522 5028 1695 5079 locum
1724 5044 1826 5079 non
1856 5028 2101 5093 quadrat.

728 5122 731 5127 ν
768 5092 876 5155 (62)
911 5094 1062 5147 [tunc
1105 5094 1279 5145 locum
1336 5094 1521 5145 iisdem
1552 5097 1728 5148 verbis
1773 5092 1955 5147 laudat
1996 5094 2229 5148 Irenazus

694 5163 825 5215 Adv.
848 5167 1051 5225 bern,
1074 5162 1173 5227 iib.
1196 5178 1273 5226 ιιι,
1291 5177 1341 5216 c.
1369 5163 1453 5229 11,
1475 5161 1599 5216 licet
1624 5165 1747 5216 alibi
1772 5163 2007 5233 Vulgata:
2032 5168 2229 5217 versi..—

701 5244 820 5280 tteut
858 5241 1126 5294 sequatur.

771 5296 881 5365 (65)
914 5301 1201 5353 Archelaus
1233 5300 1317 5352 hic
1345 5307 1578 5351 veterum
1632 5299 1981 5365 quorumdam
2013 5299 2227 5353 Patrum

700 5375 1017 5419 sententiain
1047 5370 1379 5434 amplectitur
1402 5409 1415 5431 ,
1448 5371 1539 5435 qui
1570 5371 1739 5421 solum
1773 5365 1937 5420 Deum
1986 5372 2231 5436 incorpo-

699 5449 873 5496 reum,
910 5437 1114 5505 requua
1140 5452 1260 5487 vero
1288 5450 1461 5490 creata
1485 5440 1663 5495 omnia
1704 5450 1956 5505 corporea
1987 5452 2106 5489 esse
2136 5454 2229 5505 pu-

701 5514 875 5557 tarunt
913 5545 927 5567 ,
962 5503 1105 5573 quod
1142 5519 1323 5571 nempe
1352 5510 1466 5560 loco
1504 5503 1926 5572 circumscripta,
1955 5505 2005 5556 in
2036 5503 2225 5573 seipsis

702 5576 1077 5643 subsisterent;
1107 5573 1229 5625 licet
1276 5577 1443 5625 nostri
1477 5586 1712 5643 respectu
1743 5614 1756 5634 ,
1807 5576 1898 5642 qui
1951 5588 2131 5626 crassa
2180 5574 2232 5628 et

699 5642 869 5712 densa,
894 5657 1115 5711 corpora
1149 5644 1425 5707 habemus,
1455 5642 1793 5712 incorporcos
1828 5644 1930 5696 dici
1962 5652 2226 5711 putarent.

702 5708 833 5783 Vide
856 5708 1163 5783 Dionysium
1196 5712 1465 5783 Petaviui.)
1489 5708 1632 5766 tomo
1655 5717 1809 5767 tertio
1832 5708 2230 5783 theologicam":

700 5780 1016 5851 dogmatum',
1051 5784 1143 5836 lib.
1186 5798 1221 5847 r,
1257 5796 1372 5850 cap.
1404 5780 1454 5846 2,
1519 5789 1569 5835 et
1612 5785 1976 5853 sequentibus,
2010 5780 2117 5836 ubi
2148 5781 2227 5834 la-

1624 3689 1669 3719 "
1693 3687 1970 3753 Joan.vnr,
1999 3684 2086 3742 14.
2162 3689 2204 3719 '"
2227 3686 2415 3742 Hatth.
2444 3700 2526 3743 tu.
2568 3682 2618 3736 7.

2332 3259 2462 3311 nulli
2494 3259 2714 3312 dubium
2736 3269 2836 3325 est,
2858 3258 3000 3327 quod
3028 3260 3394 3327 unusquisque
3419 3263 3468 3312 in
3495 3276 3881 3331 quamcunque

2332 3352 2549 3420 elegerit
2581 3362 2784 3419 partem
2812 3393 2826 3418 ,
2863 3352 3079 3420 propria
3115 3368 3247 3409 usus
3289 3351 3450 3405 fuerit
3483 3356 3685 3408 arbitrii
3719 3366 3876 3423 potr-

2336 3450 2472 3493 state
2499 3440 2628 3508 (67).
2664 3439 2840 3492 Manes
2869 3442 3045 3492 dixit:
3074 3440 3123 3495 Si
3153 3457 3182 3495 a
3211 3441 3319 3495 Deo
3345 3441 3541 3507 burrus,
3570 3455 3621 3497 ut
3649 3436 3873 3507 asseris,

2337 3530 2649 3586 mendacem
2680 3544 2797 3582 esse
2829 3529 3010 3583 dixisti
3028 3529 3210 3585 Jesum
3236 3532 3366 3604 (68).
3398 3535 3679 3588 Archelaus
3702 3535 3879 3590 dixit:

2726 3681 2770 3713 ’⁸
2795 3680 2951 3734 Joan.
2980 3697 3018 3745 t,
3052 3680 3139 3753 18.
3244 3684 3289 3714 ⁷⁹
3320 3682 3447 3736 Luc.
3480 3701 3532 3749 ι,
3567 3685 3653 3739 19.

2330 3852 2539 3905 tissime
2577 3846 2819 3903 omnium
2872 3846 3091 3899 Patrum
3138 3862 3198 3899 ea
3248 3847 3314 3899 de
3361 3863 3416 3900 re
3460 3850 3761 3905 sententias
3786 3868 3885 3906 ex-

2368 3922 2529 3975 endit.

2329 3937 2573 4057 υθξὲῗῖιτ
2578 3996 2693 4041 orte
2723 4004 2741 4037 ι
2774 3986 3058 4057 rationem,
3098 4002 3115 4033 ι
3154 3994 3213 4037 ut
3237 4000 3428 4040 sensus
3454 3986 3522 4039 sit
3544 4002 3650 4041 non
3687 3990 3886 4045 delmre

2331 4055 2590 4111 Manetcm
2620 4056 2880 4125 judicium
2910 4055 3214 4116 admittere,
3247 4069 3366 4106 cum
3395 4056 3511 4119 ejus
3530 4059 3791 4124 dogmata
3822 4065 3889 4114 de.

2332 4128 2549 4180 homine
2590 4135 2637 4178 et
2667 4124 2868 4193 angelis
2912 4125 3117 4191 judicro
3165 4126 3527 4177 adversentur.
3590 4126 3647 4178 In
3696 4128 3887 4183 ϐαίνω

2331 4198 2473 4249 enim
2505 4204 2651 4248 textu
2708 4195 2872 4262 hujus
2900 4194 3305 4261 disputationis,
3338 4197 3596 4261 ἀναιρεῖν,
3648 4196 3885 4253 fortasse

2334 4269 2590 4333 scriptum
2613 4272 2759 4325 erat;
2783 4264 2924 4331 quod
2946 4278 3067 4317 cum
3093 4264 3333 4333 occidere
3359 4275 3554 4329 pariter
3579 4279 3643 4317 ac
3667 4269 3883 4321 auferre

2290 4343 2387 4385 σει
2417 4330 2481 4387 de
2513 4335 2686 4387 medio
2719 4334 2901 4386 tollere
2950 4330 3229 4401 signiticet,
3262 4347 3492 4399 priorem
3532 4350 3760 4390 sensum
3802 4354 3878 4391 5c-

2306 4448 2307 4451 η
2333 4411 2490 4473 cutus
2517 4413 2599 4457 est
2632 4418 2735 4455 non
2770 4405 2901 4455 satis
2923 4410 3226 4469 accuratus,
3258 4417 3357 4454 nec
3374 4408 3516 4456 satis
3546 4404 3777 4473 elegans
3797 4424 3878 4460 auo

2337 4472 2514 4539 tiquus
2542 4473 2730 4539 interpr
2744 4485 2821 4524 es.

2405 4534 2511 4609 (65)
2546 4534 2723 4594 Seriés
2755 4549 2808 4592 et
2836 4534 3513 4609 consequentia_sermor.is
3538 4546 3775 4597 omnino
3807 4546 3885 4597 vi-

2333 4605 2783 4675 detur'pzistulare
2810 4618 2868 4661 ut
2900 4605 3123 4675 legatur,
3159 4627 3175 4656 ε
3206 4605 3296 4659 Dei
3326 4624 3432 4661 non
3462 4626 3685 4665 servare
3732 4629 3889 4671 uian-

2332 4680 2481 4750 data,
2514 4701 2532 4727 »
2570 4680 2689 4731 hcet
2721 4680 2773 4730 in
2797 4678 3077 4750 Casiuensi
3107 4678 3289 4750 codice
3316 4680 3455 4731 desit
3486 4686 3735 4750 negativa
3764 4698 3889 4750 par-

2333 4749 2525 4809 ticula;
2563 4751 2660 4799 nisi
2683 4751 2803 4816 quis
2837 4748 3011 4815 potius
3058 4746 3334 4813 legendum
3367 4758 3533 4814 putet,
3570 4767 3591 4809 η(
3646 4748 3739 4802 [rei
3764 4746 3888 4803 ser-

2334 4830 2477 4875 vare,
2507 4816 2585 4866 VL‘i
2614 4832 2715 4867 non
2749 4832 2959 4870 servare
2986 4820 3234 4868 mandata
3256 4855 3271 4879 ,
3309 4834 3327 4865 ι
3364 4832 3460 4883 pro
3489 4818 3703 4870 arbitrii
3733 4824 3886 4873 scili-

2332 4894 2414 4937 Cet
2448 4886 2707 4935 libertate.

2402 4956 2512 5020 (uti)
2541 4952 2595 5003 ln
2630 4953 2929 5017 Casiuensi,
2955 4970 2974 5001 ι
3007 4953 3272 5019 praecedit.
3307 4971 3326 5003 ι

2404 5018 2511 5089 (67)
2562 5020 2619 5071 In
2666 5024 2850 5073 eodem
2879 5018 3063 5077 Codice
3106 5023 3338 5089 legitur:
3399 5038 3416 5069 ε
3454 5018 3576 5083 Quo
3627 5022 3889 5076 videntur

2330 5102 2547 5145 ostenso
2577 5090 2705 5141 nulli
2741 5093 2953 5144 dubium
2984 5100 3066 5143 est
3096 5092 3460 5158 unusquisque
3493 5108 3544 5140 in
3575 5107 3888 5156 quamcun-

2332 5178 2435 5227 que
2459 5160 2674 5227 elegerit
2704 5169 2901 5225 partem
2926 5164 3141 5228 propria
3164 5173 3293 5210 usus
3315 5159 3519 5209 arbitrii
3550 5171 3845 5225 potestate.
3862 5182 3879 5210 ι

2329 5228 2438 5285 Nos
2466 5246 2531 5281 an
2559 5240 2699 5281 recte
2730 5230 2901 5282 locum
2936 5235 3081 5281 hunc
3124 5228 3589 5281 erncudaverrurus
3609 5268 3625 5290 ,
3660 5234 3889 5284 Videant

2330 5301 2547 5353 eruditi.
3928 5340 3931 5343 ,

2402 5371 2508 5438 (68)
2533 5367 2709 5419 Codex
2748 5365 3056 5438 Casinensis
3086 5364 3172 5415 hic
3201 5363 3271 5415 ita
3305 5379 3362 5417 se
3400 5364 3601 5438 habet:
3632 5385 3669 5438 ,μ
3709 5367 3805 5423 Sic
3857 5385 3885 5421 a

2332 5434 2441 5491 Deo
2485 5442 2655 5489 bonus
2703 5444 2759 5488 ut
2798 5453 2857 5489 as
2903 5436 3210 5489 mendacem
3241 5446 3359 5486 esse
3406 5436 3585 5487 dixisti
3627 5434 3818 5490 J--sus.
3864 5457 3885 5488 ι

2332 5508 2661 5559 Abutebatur
2694 5513 2871 5559 autem
2912 5502 3093 5555 Manes
3118 5542 3132 5565 ,
3190 5512 3246 5553 ut
3292 5518 3448 5555 suum
3481 5505 3549 5556 de
3590 5508 3737 5559 malo
3772 5507 3891 5562 Deo

2330 5578 2522 5644 dogma
2544 5573 3059 5644 statuereyloanuis
3082 5569 3354 5639 Evangelii
3382 5574 3501 5625 loco
3518 5574 3577 5644 in
3602 5588 3721 5641 cap.
3762 5591 3888 5644 vin,

2330 5646 2364 5697 5
2393 5640 2444 5701 et
2463 5644 2550 5705 44.
2578 5646 2631 5696 in
2662 5656 2768 5711 quo
2794 5643 2877 5708 sic,
2895 5640 3199 5711 Pharisaeos
3215 5644 3485 5709 redarguit
3508 5640 3707 5695 Jesus’:
3739 5642 3889 5697 cV’us

2331 5728 2395 5766 ex
2422 5728 2568 5781 patre
2592 5708 2803 5767 diabolo
2828 5708 3046 5773 estis,et
3061 5708 3321 5781 desideria
3337 5708 3506 5780 patr-is
3532 5711 3894 5764 vestrivuttis

2330 5780 2540 5849 facere;
2573 5782 2659 5838 ille
2703 5780 2969 5835 homicida
3008 5786 3122 5832 erat
3169 5780 3237 5832 ab
3273 5781 3449 5847 initio,
3485 5790 3539 5834 et
3570 5781 3619 5833 iu
3658 5781 3835 5833 verita
