4118 6350
230 345 395 410 1481

1240 316 1243 319 ’
1318 351 1463 409 cun
1499 306 1777 407 usus“:
1814 350 2346 411 HERESIARCBA.
2387 308 2392 312 ’

3198 414 3201 417 λ
3307 300 3447 423 πίει

240 471 516 533 Conﬁtere
562 471 736 541 primo
761 511 776 536 ,
813 471 939 541 quia
968 485 1090 524 vera
1125 470 1214 528 sit
1262 468 1400 524 ratio
1431 483 1620 524 eorum
1647 482 1795 539 qua:
1822 476 1865 530 Α
1894 470 1986 537 qui
2022 484 2145 523 enm
2178 469 2232 521 in
2262 476 2415 521 utero
2441 467 2693 535 concepit
2710 475 2762 520 et
2784 468 2966 537 genuit
2993 478 3154 537 atque
3183 467 3239 521 in
3261 460 3467 537 lucem,

162 562 165 565 ⁷
243 577 395 617 nunc
416 563 759 627 adduximus,
785 570 839 615 et
869 571 997 616 tunc
1010 560 1285 616 ostendam
1309 560 1403 614 tibi
1431 568 1637 629 patrem
1658 561 1795 629 ejus.

245 652 432 707 lem
458 653 595 707 dixit
614 670 632 705 :
673 651 731 708 Si
762 652 893 721 mihi
928 650 1227 705 ostenderis
1258 646 1466 720 patrem
1494 650 1611 721 ejus
1644 665 1798 721 men-

240 744 455 807 daeem,
486 744 540 797 et
571 741 680 797 Deo
705 726 1067 796 horumxnihil
1088 742 1425 811 ascripseris,
1457 750 1586 795 tunc
1614 740 1705 794 tibi
1735 742 1799 793 de

241 833 499 886 omnibus
547 832 1043 887 accommodabitur
1087 832 1243 890 fides.
1280 832 1575 893 Archelaus
1606 833 1751 885 dixit
1782 849 1800 884 .·

238 922 407 975 Omni
425 924 633 978 ratione
658 924 725 978 de
761 922 975 979 diabolo
992 923 1275 992 diligenter
1304 924 1571 992 exposita.
1602 932 1657 977 et
1688 923 1800 977 dis~

180 1030 191 1039 ι
239 1013 559 1081 pensatione
590 1014 793 1082 prolata
821 1052 838 1078 ,
875 1014 1015 1067 sicut
1056 1014 1335 1070 hominum
1380 1015 1521 1082 viget
1572 1006 1797 1079 sensus,

235 1102 407 1156 etiam
449 1104 597 1170 apud.
615 1104 852 1172 seipsum
876 1112 1050 1173 potest
1070 1102 1347 1172 diligenter
1369 1102 1798 1173 adverterequis

240 1190 348 1249 iste
373 1192 465 1257 sit,
499 1194 590 1262 qui
613 1194 813 1249 diaboli
833 1194 1128 1267 appellatus
1153 1203 1234 1249 est
1255 1202 1426 1264 pater.
1454 1192 1557 1247 Sed
1590 1208 1712 1249 cum
1746 1202 1797 1246 te

237 1288 300 1334 tu
323 1279 658 1337 Paracletum
682 1298 801 1339 esse
824 1281 1005 1348 dicas,
1030 1284 1320 1354 plurimum
1340 1318 1355 1336 .
1375 1282 1468 1336 tibi
1516 1282 1676 1336 etiam
1729 1280 1797 1335 ab

178 1384 185 1388 ‘
235 1371 479 1426 humana
499 1374 648 1429 deest
668 1374 975 1443 prudentia.
1024 1372 1289 1440 Quoniam
1341 1389 1467 1444 ergo
1514 1373 1797 1444 prodidisti

236 1462 599 1533 ignorantiam
634 1472 806 1528 tuam,
838 1464 1012 1521 dicam
1054 1473 1152 1535 ego
1185 1465 1312 1535 quid
1342 1465 1431 1519 ille
1457 1466 1528 1521 sit
1555 1465 1665 1535 (69)
1698 1483 1792 1537 pa-

234 1560 322 1604 ter
339 1552 559 1607 diaboli.
585 1546 765 1608 Manes
786 1555 919 1608 dixit
943 1571 960 1609 :
984 1596 997 1610 .
1026 1594 1039 1607 .
1060 1594 1073 1608 .
1100 1595 1114 1609 .
1146 1555 1298 1619 dico;
1324 1564 1375 1612 et
1404 1556 1635 1626 adjecit:
1662 1557 1791 1611 0m-

232 1639 325 1696 nis
359 1641 452 1711 qui
485 1643 729 1721 conditor
758 1652 860 1706 est,
890 1643 972 1698 vel
1012 1654 1226 1699 creator
1250 1646 1551 1715 aliquorum
1578 1686 1592 1711 ,
1646 1656 1795 1715 pater

232 1743 426 1784 eorum
458 1769 471 1782 .
499 1770 512 1781 .
536 1770 550 1784 .
573 1769 588 1784 .
613 1770 626 1783 .
660 1732 957 1788 condiderit
988 1733 1284 1803 appellatur
1328 1732 1473 1805 (70).
1506 1736 1791 1789 Archelaus

221 1913 545 1980 'sponderis,
574 1927 674 1968 nec
703 1914 962 1970 celaveris
995 1920 1261 1972 sermonis
1286 1918 1448 1989 hujus
1488 1919 1790 1991 intelligen-

232 2000 369 2054 tiam
397 2002 778 2065 vel‘natnram.
808 2005 945 2058 Audi
982 2006 1092 2075 jam
1123 2022 1190 2060 ex
1234 2007 1337 2063 hoc
1387 2008 1511 2077 quis
1546 2010 1616 2064 sit
1642 2022 1792 2079 pater

231 2090 375 2159 ejus.
407 2090 546 2145 Cum
571 2107 637 2147 ex
663 2094 919 2148 cmlorum
950 2112 1115 2166 regno
1139 2098 1442 2162 cecidisset,
1492 2109 1606 2153 erat
1631 2115 1792 2169 super

232 2188 431 2244 terras,
459 2181 743 2237 intendens
762 2192 815 2237 et
840 2184 1119 2253 inquirens
1145 2188 1232 2240 cui
1283 2202 1342 2241 se
1387 2198 1568 2257 posset
1596 2189 1790 2259 adjun-

202 2322 209 2327 .
234 2282 382 2341 gere,
418 2286 578 2342 quem
609 2287 675 2327 ex
700 2276 973 2329 consortio
997 2276 1081 2329 sui
1112 2277 1423 2346 participem
1450 2291 1664 2348 quoque
1697 2295 1791 2335 ne-

196 2392 199 2393 ν
235 2350 422 2432 ςιιὶιὶω
444 2377 557 2417 suae
581 2363 781 2418 valeret
806 2363 1032 2419 ellicere.
1068 2365 1132 2419 Et
1178 2366 1407 2436 quidem
1426 2367 1599 2424 donec
1627 2368 1791 2425 homo

234 2469 345 2509 non
379 2460 518 2519 erat,
548 2467 722 2523 neque
748 2454 837 2509 ille
882 2455 1251 2523 appellabatur
1276 2456 1541 2511 homicida
1562 2496 1585 2519 .,
1616 2474 1790 2527 neque

230 2558 360 2602 cum
384 2553 530 2615 patre
552 2544 809 2610 mendax;
836 2553 956 2614 post
985 2545 1099 2600 haec
1118 2560 1269 2611 vero,
1294 2560 1418 2601 cum
1450 2546 1623 2602 factus
1646 2558 1786 2604 esset

121 2681 141 2692 κ
231 2638 420 2704 homo,
449 2651 514 2691 ac
538 2630 821 2707 mendacio
849 2635 968 2711 ejus
998 2635 1191 2691 fuisset
1240 2645 1294 2691 et
1316 2624 1787 2697 circumventione

230 2729 511 2797 deceptus,
543 2741 669 2783 cum
694 2739 813 2801 sese
833 2726 1149 2782 inseruisset
1168 2728 1380 2797 corpori
1409 2728 1674 2798 serpentis
1701 2741 1789 2786 sa-

229 2819 513 2888 pientioris
547 2818 791 2873 omnium
830 2818 1124 2873 bestiarum
1146 2825 1321 2881 ,‘tunc
1373 2818 1669 2889 appellatus
1704 2832 1789 2877 est

232 2911 483 2973 mendax,
521 2924 629 2964 una
671 2924 800 2964 cum
829 2918 981 2978 patre
1032 2924 1151 2973 suo,
1181 2918 1236 2965 et
1265 2908 1393 2982 '(7l)
1431 2909 1678 2966 effectum
1706 2922 1789 2969 est

124 3018 125 3021 η
229 3010 341 3054 non
367 2998 543 3052 solum
574 3010 738 3067 super
767 2998 943 3067 ipsum
992 2997 1259 3052 mendacii
1298 2997 1661 3069 maledictum,
1692 3002 1787 3057 sed

148 3148 155 3157 ,
214 3099 289 3143 et
337 3096 499 3157 super
524 3098 729 3157 patrem
760 3090 895 3159 ejus.
926 3088 1062 3144 Cum
1088 3104 1218 3160 ergo
1246 3104 1470 3160 serpens
1494 3074 1787 3163 recepisset

180 3290 183 3293 ι
231 3284 406 3339 gnatis
428 3267 651 3329 euectus
677 3277 779 3335 est,
801 3270 1032 3339 ingentis
1054 3266 1274 3323 malitia:
1298 3269 1500 3325 fascem
1528 3282 1778 3341 portans;

158 3373 162 3376 '
227 3371 285 3419 et
315 3368 433 3416 erat
463 3363 604 3418 sicut
636 3353 895 3430 puerpera
924 3374 1043 3431 qua:
1089 3368 1505 3437 partuqurgetur
1526 3400 1542 3427 ,
1592 3355 1781 3425 volens

229 3466 483 3523 evomere
535 3451 784 3520 maligna:
840 3451 1204 3522 suggestionis
1236 3446 1355 3520 ejus
1391 3453 1605 3531 agitata,
1640 3446 1797 3527 (1!).

130 3528 135 3537 ί
232 3540 394 3596 Primi
439 3541 584 3597 enim
634 3540 869 3597 hominis
914 3540 1137 3611 gloriam
1186 3540 1416 3612 graviter
1445 3528 1626 3599 ferens
1662 3557 1778 3598 ser-

230 3650 361 3701 pens
381 3676 395 3700 ,
437 3635 715 3704 ingressus
755 3634 1092 3703 paradisum,
1120 3641 1175 3687 et
1207 3634 1478 3702 conceptis
1506 3633 1560 3688 in
1591 3649 1651 3691 se
1677 3635 1777 3689 do—

227 3722 768 3786 loribus,mendaces
788 3722 951 3805 coepit
969 3730 1224 3793 generare
1247 3734 1545 3787 sermones,
1566 3732 1621 3778 et
1640 3737 1779 3780 mor-

227 3823 337 3868 tem
369 3827 558 3881 parere
589 3812 901 3875 hominibus
924 3810 1059 3882 ,‘qui
1083 3825 1114 3865 a
1146 3810 1256 3864 υθο
1281 3806 1482 3864 fuerint
1528 3810 1739 3881 ﬁgurati
1759 3853 1774 3878 ,

224 3915 280 3960 et
302 3913 622 3974 acceperant
672 3904 857 3959 vitam.
896 3901 1101 3971 Verum
1154 3896 1263 3955 non
1290 3902 1469 3971 potuit
1520 3911 1690 3957 totum
1719 3917 1815 3957 se

228 3994 579 4051 manifestum
606 3993 785 4061 facere
826 4010 924 4066 per
967 4002 1309 4062 serpentem;
1347 3993 1443 4048 sed
1486 3992 1776 4069 reservavit

200 4063 610 4156 perfectionem
641 4063 1021 4154 suampquam
1052 4081 1443 4139 demenstraret
1464 4070 1523 4135 in
1539 4063 1692 4145 Cain,
1743 4095 1773 4134 a

225 4191 339 4246 quo
370 4185 652 4247 generatus
676 4188 760 4231 est
791 4186 953 4231 totus.
986 4174 1051 4228 Et
1091 4189 1187 4243 per
1211 4184 1511 4251 serpentem
1558 4172 1773 4243 quidem

217 4265 543 4341 'hypocrises
568 4278 621 4322 et
650 4267 891 4323 fallacias
940 4268 1004 4321 ad
1037 4264 1203 4320 Evam
1232 4263 1646 4328 demonstravit;
1681 4277 1775 4332 per

176 4376 177 4379 ‘
224 4360 361 4414 Cain
398 4373 527 4412 vero
560 4357 833 4422 homicidii
882 4354 1161 4412 exordium
1194 4355 1380 4419 dedit,
1430 4354 1677 4409 inserens
1718 4370 1775 4409 se

227 4448 282 4503 in
308 4448 574 4517 primitias
610 4446 822 4515 frugum
849 4488 864 4512 ,
914 4448 1051 4514 qdas
1078 4443 1165 4497 ille
1191 4444 1335 4497 male
1362 4443 1652 4521 distribuit.
1696 4442 1775 4496 Ex
1806 4456 1819 4521 "

1902 558 2067 612 edidit
2095 574 2348 627 serpens;
2383 557 2800 623 se‘cundusvcro
2824 558 2978 628 Cain,
3003 558 3099 627 qui
3122 573 3217 628 per
3243 556 3443 628 iniqui-
3531 614 3535 617 _

1899 660 2035 705 tates
2069 659 2397 717 conceptas,
2444 648 2657 704 dolores
2688 657 2741 703 et
2800 636 3147 725 parricidium
3203 648 3439 719 peperit;
3517 718 3522 731 ι

1900 741 2197 797 interfectio
2227 732 2427 795 etenim
2480 733 2814 812 iniquitatem
2843 782 2866 806 ,
2911 739 3227 811 iniustitiam
3282 750 3442 810 atque

1900 820 2227 904 impietatem
2277 832 2479 903 pariter
2530 831 2871 903 perpetravit.
2904 830 3007 886 Sed
3054 840 3108 887 et
3136 832 3443 905 quicunque

1899 939 2022 980 eum
2053 923 2395 992 suscipiunt,
2440 932 2492 977 et
2525 921 2731 976 faciunt
2766 922 2882 991 ejus
2917 912 3200 988 desideria,
3248 920 3441 995 fratres

1898 1015 2016 1083 ejus
2049 1006 2369 1068 elﬁciuntur.
2406 1011 2564 1067 Pater
2606 1012 2724 1082 ejus
2753 1011 3018 1081 perfectus
3066 1022 3149 1097 est
3192 1010 3440 1097 Phi-49’;

1897 1114 2049 1174 pater
2079 1104 2197 1173 ejus
2221 1103 2521 1175 efﬁciuntur
2552 1104 2920 1172 unusquisque
2945 1094 3259 1173 impiorum;
3293 1094 3443 1173 pater

1895 1195 2021 1263 ejus
2042 1194 2263 1249 eﬂ'ectus
2285 1204 2367 1248 est
2398 1192 2583 1259 Judas,
2620 1194 2747 1260 quia
2781 1180 3023 1266 concepit
3052 1191 3267 1263 quidem
3292 1178 3451 1263 eum,

1895 1283 1988 1357 sed
2018 1283 2242 1338 abortus
2262 1292 2344 1339 est
2363 1300 2377 1347 ;
2396 1274 2505 1336 non
2530 1284 2670 1337 enim
2702 1283 2995 1361 perfectum
3023 1284 3188 1339 edidit
3209 1275 3440 1359 partum,

1895 1375 2020 1445 quia
2050 1376 2307 1449 majorem
2334 1391 2614 1444 personam
2654 1372 2939 1453 aggressus
2970 1384 3051 1430 est
3076 1391 3169 1445 pcr
3215 1375 3403 1441 Jndam
3423 1414 3439 1440 ,

1892 1472 1946 1517 et
1977 1462 2098 1518 ideo
2128 1465 2379 1519 abortum
2413 1465 2611 1521 factum
2639 1480 2759 1520 esse
2785 1466 2936 1529 dico;
2964 1465 3086 1533 quia
3110 1475 3365 1535 tanquam
3393 1467 3439 1521 si
3468 1520 3473 1526 ,
3499 1497 3506 1505 -

1895 1560 2090 1614 mulier
2132 1550 2315 1616 semen
2350 1561 2451 1614 viri
2485 1550 2767 1629 concipiat,
2804 1568 2966 1628 atque
3010 1560 3061 1612 in
3108 1573 3226 1614 sese
3254 1560 3477 1628 quoti»

1894 1644 2084 1701 dianos
2110 1648 2339 1717 accipiat
2368 1648 2659 1717 profectus,
2689 1645 2837 1701 itaet
2862 1646 3027 1701 Iudas
3054 1647 3289 1717 quotidie
3316 1662 3447 1717 pros.

107 1814 119 1821 ι
210 1743 512 1821 eorum
536 1770 550 1784 .
573 1769 588 1784 .
613 1770 626 1783 .
660 1738 957 1788 condiderit
988 1738 1284 1803 appellatur
1328 1738 1473 1805 (70).
1506 1738 1791 1789 Archelaus
1894 1738 2107 1793 flciehat
2136 1738 2191 1794 in
2222 1740 2376 1808 pejus
2409 1738 2546 1809 (75),
2580 1738 2955 1809 occasionibus
2988 1739 3089 1794 sibi
3117 1753 3147 1792 a
3182 1738 3437 1808 maligno.
3494 1742 3522 1769 “

232 1820 413 1874 dixit:
443 1820 606 1876 Miror
634 1824 903 1890 quomodo
933 1825 1120 1879 saltem
1155 1826 1260 1880 hoc
1289 1832 1433 1891 rect'a
1452 1828 1671 1883 ratione
1706 1844 1789 1883 re-
1822 1828 1861 1883 B
1889 1829 2045 1898 quasi
2077 1828 2393 1891 seminibus,
2426 1829 2585 1883 datis.
2614 1827 2679 1881 Et
2707 1829 2939 1897 primum
2972 1827 3191 1898 quidem
3241 1828 3341 1884 fuit
3386 1830 3439 1884 ei

1892 1936 2072 1977 semen
2098 1919 2337 1988 pecunia:
2356 1918 2639 1987 cupiditas,
2664 1919 3050 1973 incrementum
3070 1934 3196 1974 vero
3218 1904 3441 1988 furtum,

1893 2008 1917 2062 f
1919 2000 2176 2067 iurabatur
2201 2007 2343 2062 enim
2372 2021 2433 2061 ca
2458 2021 2577 2076 quae
2603 2005 2948 2060 mittebantur
2970 2006 3022 2057 in
3050 2004 3285 2070 loculum
3306 2022 3320 2071 ;

1889 2100 2032 2159 iores
2062 2114 2189 2153 vero
2214 2094 2399 2168 partus
2430 2095 2664 2162 fuerunt,
2696 2106 2748 2151 et
2776 2097 3067 2163 collocutio
3088 2092 3212 2154 cum
3249 2085 3440 2151 Phari-

1888 2189 2029 2254 θεῖε,
2054 2197 2107 2243 et
2133 2186 2287 2258 pretii
2313 2188 2567 2243 scelerata
2588 2188 2903 2261 conventio;
2941 2188 3159 2242 abortus
3186 2196 3266 2242 est
3290 2203 3439 2251 vero,
3502 2188 3503 2191 “

1878 2276 1998 2335 που
2028 2290 2235 2351 partus,
2285 2280 2509 2350 laqueus
2547 2282 2736 2333 mortis
2766 2277 3029 2337 informis.
3067 2275 3255 2337 Sedet
3283 2286 3358 2343 tu,
3390 2279 3438 2331 si
3454 2326 3465 2335 ,ν

1892 2372 2186 2440 malignum
2214 2387 2279 2427 ex
2305 2380 2359 2425 te
2403 2369 2709 2440 protuleris,
2738 2377 2790 2423 et
2819 2368 2985 2422 [δοῦλε
3014 2368 3132 2445 ejus
3176 2369 3445 2438 concupis
3487 2439 3491 2443 ἴ

1886 2463 2122 2516 scentias
2141 2500 2156 2524 ,
2185 2460 2417 2530 genuisti
2443 2474 2563 2514 eum
2584 2498 2599 2522 ,
2626 2469 2678 2511 et
2714 2468 2862 2526 pater
2901 2457 3019 2527 ejus
3052 2470 3173 2512 esse
3202 2457 3397 2511 diceris
3417 2476 3461 2523 ;.

1887 2552 1935 2607 si
1968 2564 2094 2605 vero
2125 2549 2488 2620 paenitentiam
2537 2547 2767 2617 gesseris
2814 2554 2867 2600 et
2900 2546 3157 2615 ahjeceris
3186 2542 3435 2615 pondus,

1887 2641 2031 2695 velut
2056 2622 2343 2708 parturies.
2380 2634 2447 2690 Ut
2494 2634 2639 2691 enim
2688 2635 2740 2689 in
2774 2634 2913 2690 ludis
2962 2622 3339 2701 scholarihus,
3388 2636 3453 2690 si.

1886 2727 2151 2798 acceperit
2198 2727 2321 2798 quis
2381 2740 2411 2780 a
2488 2725 2742 2796 magistro
2797 2727 3071 2781 materiam
3112 2766 3128 2793 ,
3169 2727 3433 2801 reliquum

1888 2806 2083 2891 corpus
2106 2818 2373 2878 orationis
2402 2833 2467 2871 ex
2479 2806 2488 2887 λ
2515 2816 2801 2886 mmetipso
2838 2825 3055 2886 generet
3075 2832 3138 2875 ac
3168 2828 3433 2888 procreet,

1886 2926 2075 2968 eorum
2106 2927 2228 2983 qua
2258 2900 2501 2982 genuerit
2548 2908 2793 2977 conditor
2842 2909 2955 2978 ipse
2976 2910 3295 2978 dicitur;i_ta
3343 2912 3435 2981 qui

1886 2988 1955 3059 ex
2002 3018 2217 3060 summa
2289 2999 2491 3056 malitia
2542 3014 2731 3068 parum
2788 2999 2917 3068 quid
2975 2995 3223 3055 fermenti
3278 3008 3434 3076 acce-

1867 3091 2063 3163 -perit,
2115 3099 2266 3161 pater
2294 3099 2346 3143 et
2404 3084 2613 3156 genitor
2648 3078 2873 3140 dicatur
2903 3101 3122 3144 necesse
3154 3097 3234 3143 est
3269 3074 3437 3154 illius;

184 3176 187 3181 ’
231 3192 358 3233 eum
390 3179 443 3231 in
470 3192 608 3244 sese,
627 3188 682 3233 et
702 3178 988 3249 recepisset
1013 3179 1346 3251 universum,
1372 3189 1623 3251 tanquam
1648 3197 1779 3251 pra-
1808 3173 1851 3232 Ο
1885 3179 1975 3250 qui
2003 3179 2071 3233 ab
2103 3176 2257 3232 initio
2278 3175 2478 3231 restitit
2500 3175 2732 3230 veritati.
2766 3172 2917 3240 Quod
2949 3177 3109 3231 simili
3134 3177 3292 3232 modo
3315 3193 3435 3246 pru-
3530 3206 3531 3209 η

1885 3269 2068 3325 venire
2096 3274 2273 3336 potest
2318 3265 2480 3319 etiam
2522 3263 2606 3319 his
2664 3260 2754 3335 qui
2798 3266 2978 3318 virtuti
3015 3266 3260 3329 student;
3306 3264 3433 3323 nam
3506 3270 3509 3271 ⁷

1882 3360 2062 3415 audivi
2101 3356 2425 3413 fortissimos
2457 3356 2604 3411 viros
2646 3356 2822 3410 dicere
2851 3355 2915 3431 ad
2949 3353 3115 3407 Deum
3154 3377 3165 3409 :
3203 3351 3433 3425 Propter

1883 3454 2131 3509 timorem
2158 3459 2309 3505 tuum
2338 3448 2620 3504 Dominum
2647 3445 2754 3514 (74)
2783 3443 2850 3498 ὶηι
2865 3454 3020 3514 utero
3050 3446 3426 3524 concepimus:

1828 3576 1837 3581 ,
1881 3552 1937 3598 ει
1962 3540 2270 3605 doluimus,
2298 3548 2352 3597 et
2378 3536 2680 3608 peperimus
2711 3534 2956 3609 spiritum
2986 3533 3209 3600 salutis;
3267 3535 3340 3590 ita
3378 3547 3432 3591 et
3516 3548 3517 3551 ‘

1880 3625 2191 3702 quicunque
2222 3630 2287 3684 de
2312 3628 2500 3685 timore
2526 3622 2742 3691 maligni
2772 3622 3099 3691 concipiunt,
3130 3632 3185 3676 et
3212 3624 3430 3693 pariunt
3478 3678 3479 3681 η
3522 3638 3523 3641 ‘
3554 3690 3557 3693 _

1883 3721 2131 3792 spiritum
2163 3714 2457 3787 iniquitatis
2478 3754 2494 3781 ,
2543 3712 2644 3781 ipsi
2677 3720 2857 3781 patres
2902 3713 3021 3781 ejus
3044 3714 3309 3780 ,dicautur‘
3331 3730 3429 3768 ne-

1881 3825 2034 3866 cesse
2058 3817 2171 3874 est;
2194 3806 2290 3860 lilii
2315 3803 2456 3865 enim
2482 3802 2752 3867 dicuntur,
2778 3802 2905 3856 dum
2933 3802 3108 3857 adhuc
3131 3802 3429 3859 ministerio

1880 3902 2246 3970 ejulpareut;
2274 3904 2453 3965 patres
2478 3900 2628 3961 vero,
2652 3895 2743 3964 qui
2773 3893 2839 3949 ad
2864 3893 3249 3971 perfectionem
3274 3896 3429 3951 mali-

1880 3990 1969 4042 tiae
1996 3985 2371 4056 pervenerunt.
2407 3984 2486 4040 Ita
2508 3992 2824 4057 namqueet
2850 3981 3113 4036 Dominus
3142 3976 3325 4040 noster
3351 3985 3427 4037 ait

1880 4079 1947 4133 ad
1972 4078 2269 4143 Pharisteos
2295 4095 2308 4133 :
2342 4095 2361 4129 ι
2389 4075 2499 4132 Vos
2521 4075 2587 4131 de
2613 4081 2759 4144 patre
2778 4071 2989 4126 diabolo
3008 4073 3137 4149 estis
3155 4072 3223 4133 ",
3245 4090 3265 4122 ι
3288 4074 3425 4126 ﬁlios

1877 4174 1971 4233 eos
2000 4170 2205 4228 faciens
2234 4170 2399 4237 illius,
2434 4170 2601 4223 donec
2641 4165 2814 4219 adhuc
2839 4161 3144 4219 conturbari
3170 4162 3427 4219 videban-

1878 4271 1987 4327 tur,
2029 4273 2083 4317 et
2118 4262 2425 4334 cogitabant
2450 4263 2505 4316 in
2539 4257 2790 4314 cordibus
2818 4255 2931 4310 suis
2966 4254 3104 4309 mala
3133 4267 3229 4323 pro
3265 4254 3421 4310 bonis

1879 4354 2165 4407 adversum
2206 4354 2401 4422 justos.
2446 4350 2585 4421 Ergo
2609 4347 2751 4418 apud
2795 4361 2855 4402 se
2888 4344 3016 4402 talia
3036 4346 3433 4421 cogitantibus,
3518 4364 3532 4423 '_

1877 4441 2153 4513 translatis
2186 4440 2241 4494 in
2275 4455 2332 4495 se
2356 4437 2603 4513 malignis
2628 4432 2813 4491 eorum
2846 4434 3286 4506 cogitationibus,
3320 4432 3420 4488 Ju-

228 4509 333 4593 boc
364 4537 633 4591 homicida
658 4509 949 4613 appellatus
976 4545 1058 4591 est
1083 4535 1151 4587 ab
1180 4533 1365 4597 initio;
1397 4512 1625 4588 mendax
1650 4548 1777 4587 vero
1806 4509 1850 4566 Ῐ)
1878 4512 1974 4587 das
1997 4530 2261 4593 malorum
2289 4536 2467 4595 caput,
2495 4512 2549 4581 et
2576 4528 2652 4589 ad,
2673 4524 2967 4597 perfectum
2995 4514 3289 4595 perducens
3308 4523 3423 4597 vini:-
3536 4594 3541 4599 .

224 4629 486 4698 quoniam
517 4612 727 4691 fefellit,
750 4629 970 4683 dicens:
1003 4644 1021 4675 ι
1054 4623 1215 4677 Eritis
1240 4632 1501 4692 tanquam
1536 4624 1609 4677 dii
1631 4623 1709 4687 “;
1752 4642 1772 4674 ι
1873 4636 1981 4690 qua
2007 4618 2253 4677 consilia,
2278 4615 2498 4670 effectus
2526 4625 2609 4677 est
2634 4617 2850 4671 sceleris
2873 4623 3040 4684 pater,
3072 4612 3420 4667 immanitatis
3485 4653 3491 4657 -

224 4719 384 4787 ejecti
408 4718 539 4772 lsunt
570 4704 723 4773 enim
747 4728 931 4788 postea
960 4717 1024 4770 de
1058 4714 1305 4784 paradiso
1358 4716 1431 4768 illi
1475 4710 1611 4783 quos
1650 4714 1777 4768 deos
1876 4725 1987 4764 suae
2022 4707 2242 4777 praemio
2286 4706 2355 4759 ab
2404 4704 2484 4759 eis
2528 4705 2746 4774 triginta
2791 4703 3415 4775 argenteis'honoralus;

228 4804 444 4865 futuros
477 4824 597 4863 esse
615 4808 851 4865 fallebat.
887 4806 1124 4861 Emcitur
1145 4796 1275 4875 ergo
1304 4806 1450 4874 prior
1468 4814 1618 4874 pater
1640 4807 1777 4873 ejus,
1875 4810 2021 4855 totus
2038 4798 2179 4853 enim
2214 4815 2232 4847 ι
2260 4795 2313 4849 in
2341 4808 2464 4849 eum
2495 4804 2614 4866 post
2634 4797 2928 4852 buccellam
2955 4793 3111 4862 panis
3145 4793 3419 4863 ingressus

331 4904 377 4936 ⁸⁸
406 4902 543 4957 Gen.
576 4918 655 4966 tu,
681 4903 733 4957 5.
841 4902 883 4933 ⁸¹
914 4901 1065 4955 Joan.
1095 4912 1206 4960 .Vlll,
1236 4896 1325 4951 M.

228 4993 532 5055 nonstetit,
563 4994 687 5062 quia
708 5010 823 5047 non
848 5003 929 5048 est
955 4991 1152 5063 veritas
1182 4989 1235 5042 in
1260 5004 1358 5063 eo;
1390 5003 1511 5043 cum
1535 4987 1772 5063 loquitur
2089 4979 2268 5063 F0118.
2306 4999 2324 5031 ε
2349 4981 2484 5063 fluis
2508 4978 2720 5063 Enen“!-
2740 4995 2891 5063 1,“,
2942 4988 3096 5063 ιω,

228 5044 691 5132 iiiéiia'éc'iiiin‘,"éi
710 5044 950 5132 propriis
970 5044 1228 5128 loquitur,
1254 5044 1380 5126 quia
1411 5044 1641 5132 menda};
1671 5064 1771 5117 est,
1903 5124 1915 5132 _
1942 5044 2057 5132 5‘70)
2092 5044 2321 5117 Lacunte
2347 5044 2463 5132 istae
2506 5044 2895 5132 facileitnp‘lfl‘j
2933 5044 3415 5132 msse_vitlentnr,

1091 5111 1403 5203 argu'm‘ento
1452 5111 1770 5203 Archelaum
1873 5124 1918 5203 si
1941 5111 2273 5203 ilalegatuus
2298 5139 2311 5172 :
2342 5139 2363 5203 ι
2388 5111 3161 5203 Μηιιεεᾲςξπξι-ᾎΙῆῐξιώτξὶειῖξι

229 5179 907 5269 ἧῖοἝξειἸΙῖιιξεῖ-Ῐῇ
929 5179 1227 5269 ἱῦἒόέὁῖιι
1259 5179 1577 5264 promanant
1610 5192 1769 5269 bona,
1874 5179 2243 5257 0mnis,vetc.,
2280 5199 2430 5258 pater
2461 5200 2645 5239 eorum
2677 5197 2795 5250 quae
2833 5179 3149 5247 condiderit,
3183 5186 3435 5269 appella»

136 5290 139 5291 ν
228 5259 452 5341 ipseque
481 5266 690 5341 summe
712 5259 1339 5341 bonusestnnendacem
1373 5259 1773 5341 9_p0rleli0i556
1875 5271 2045 5341 ηυξ-ξ
2081 5330 2102 5341 _
2162 5320 2165 5323 ,
2251 5326 2284 5341 ν
2332 5317 2648 5341 inurunt
2718 5336 2730 5341 _
2880 5337 2895 5341 _
3313 5266 3320 5279 '

258 5320 547 5408 Eii‘nquiii
572 5337 622 5389 in
644 5320 1196 5408 Joannishiva'ngelio,
1219 5320 1638 5408 d_iaboli'_patrem
1662 5342 1770 5381 non
1942 5320 2673 5408 (11).;codicecagsi‘uensi,
2712 5336 2732 5369 ί
2764 5326 2842 5373 ut.
2879 5337 2900 5373 ι

227 5394 394 5465 modo
416 5394 999 5477 mendacemuesseagd
1030 5394 1085 5477 Et
1107 5394 1376 5460 mendacis
1397 5394 1593 5475 diaboli
1613 5411 1767 5449 creao
1946 5394 2065 5477 αξ)
2086 5394 2317 5477 licita“:
2343 5394 2673 5477 cogitataLL
2860 5476 2869 5477 ί
2901 5453 3085 5477 “AM

226 5453 1421 5544 {3:861Hiiitiégéiiiéiiiininé'aﬁéiisite;
1437 5482 1542 5544 no_n
1570 5466 1769 5544 impm-
1950 5453 2065 5537 Z7537
2104 5467 2157 5517 In
2191 5453 2373 5517 codice
2397 5453 2675 5512 Casinensi
2707 5466 2789 5512 est
2808 5496 2821 5520 ,
2851 5476 2871 5509 ι
2901 5453 3214 5527 proficiebat
3242 5454 3417 5527 impe-

226 5547 460 5602 bandam
486 5560 604 5600 esse
626 5542 1053 5613 emendationem
1084 5536 1321 5613 nostram
1363 5552 1466 5606 qua
1498 5536 1765 5613 legimus;
1879 5549 2001 5613 tus._
2017 5556 2052 5613 _»_
2096 5601 2135 5613 _
2210 5610 2218 5613 Α
2359 5597 2399 5613 ﬁ
2472 5594 2509 5613 ί,

184 5630 191 5634 ·
227 5597 540 5670 I'Si'ibéé
559 5597 760 5675 bonus,
780 5619 836 5662 ut
861 5597 1092 5679 asseris,’
1111 5597 1416 5666 mendacem
1447 5597 1574 5658 esse
1586 5601 1769 5657 dixisti

1947 5605 2057 5677 (7‘)
2096 5601 2273 5666 Forte,
2310 5618 2327 5649 ‹
2359 5597 2598 5651 Domine.
2641 5613 2659 5645 ι

225 5682 430 5739 Iesum.
475 5705 495 5736 ι

500 5776 771 5837 PATuOL.
812 5770 929 5829 Gn.
970 5771 1048 5831 Χ.

2980 5746 3055 5805 87
