4118 6350
662 497 796 568 itas

1639 497 1820 552 ACTA
1860 496 2383 574 DlSPUTATlQNlS
2422 497 2479 549 S.
2515 495 2855 557 ARCHELAI

3725 493 3888 549 1484

657 626 740 672 est
765 615 1099 696 diabolus".
1138 637 1155 670 ι
1191 618 1396 700 Sed,ut
1424 619 1679 682 diximus,
1709 615 1992 688 postquam
2025 630 2209 674 uterus
2237 624 2282 680 Α
2310 627 2485 688 portet
2534 633 2726 678 nomen
2777 631 2953 671 meum
3006 616 3060 669 in
3113 625 3400 684 conspectu
3434 629 3621 684 regum
3647 621 3706 669 et
3730 629 3886 683 gen-

580 721 582 724 '
661 693 934 772 intumuit,
965 691 1025 762 et.
1049 707 1288 765 dolorum
1316 693 1532 778 tempus
1560 709 1809 775 advenit,
1857 711 2099 764 abortum
2130 710 2209 764 fa-

654 785 805 876 scem
836 800 1030 878 iniqure
1066 803 1433 872 conceptionis
1466 803 1672 868 eﬂ‘udit,
1720 809 1773 854 et
1808 801 1927 855 ideo
1965 817 2063 854 nec
2095 816 2211 869 per-

653 877 986 959 fecté'patcr‘
1009 894 1409 962 appellabatur,
1457 895 1563 949 nisi
1603 910 1668 948 eo
1713 902 1920 946 tantum
1970 903 2210 961 tempore

655 974 768 1048 quo
810 990 1096 1052 conceptus
1137 983 1418 1053 gerebatur
1474 984 1528 1038 in
1594 994 1784 1047 utero;
1844 992 2029 1052 postea
2082 997 2211 1035 vero

659 1073 821 1140 quam
853 1073 1096 1143 confugit
1122 1074 1201 1138 ad.
1224 1060 1475 1145 laqueum
1497 1115 1510 1139 ,
1559 1091 1664 1150 non
1702 1077 1967 1146 integrum
1999 1073 2211 1130 videtur

659 1164 891 1220 edidisse
921 1163 1133 1233 partum
1151 1155 1320 1236 {quia
1349 1167 1659 1236 pmnitentia
1689 1177 1975 1221 suasecuta
2001 1173 2102 1219 est.

594 1326 598 1334 '
729 1253 964 1308 XXXIV.
1002 1252 1252 1324 ignorare
1313 1240 1406 1312 vos
1461 1272 1566 1311 non
1623 1258 1892 1318 arbitror,
1957 1255 2209 1326 quoniam

623 1349 807 1411 ,pate‘r
854 1359 1022 1396 unum
1075 1344 1286 1411 quidem
1333 1347 1401 1399 sit
1447 1363 1684 1414 nomen,
1744 1350 1984 1403 diversos
2031 1358 2220 1402 tamen.

661 1430 822 1486 habet
855 1431 1154 1485 intellectus
1188 1450 1200 1483 :
1241 1433 1382 1488 alius
1407 1436 1548 1492 enim
1585 1446 1734 1507 pater
1763 1439 1959 1491 dicitur
2002 1453 2208 1502 eorum,

658 1540 798 1595 quos
836 1526 1148 1580 naturaliter
1184 1527 1423 1597 genuerit
1462 1526 1727 1597 ﬁliorunr;
1773 1527 1909 1582 alius
1952 1543 2080 1581 vero
2120 1543 2212 1581 eo-

659 1631 805 1680 rum,
841 1631 978 1685 quos
1018 1618 1389 1672 tantummodo
1439 1618 1753 1683 enutrierit;
1796 1619 2039 1672 nonnulli
2082 1636 2212 1674 vero

661 1706 916 1773 temporis
945 1713 1105 1775 atque
1142 1708 1311 1761 aetatis
1349 1706 1627 1776 privilege
1662 1726 1675 1761 :
1707 1708 1849 1762 unde
1873 1721 1923 1763 et
1951 1708 2210 1764 Dominus

655 1806 846 1851 noster
873 1794 1030 1851 Jesus
1066 1798 1324 1866 plurimos
1358 1805 1536 1866 patres
1565 1798 1763 1853 habere
1805 1800 2037 1866 dicitur;
2084 1818 2210 1855 natu

658 1894 712 1940 et
744 1885 907 1941 David
937 1897 1083 1957 pater
1111 1890 1227 1958 ejus
1256 1873 1550 1958 appellatus
1582 1899 1695 1954 est,
1729 1899 1784 1944 et
1827 1890 2019 1960 Joscph
2061 1876 2212 1962 pater

2313 710 2442 763 tium
2470 710 2534 762 ⁸⁸.
2577 729 2593 760 ι
2631 708 2748 778 lpse
2777 720 2993 776 quoque
3043 707 3096 760 in
3149 706 3322 776 prima
3351 704 3592 775 Epistola
3635 719 3734 758 sua
3773 710 3892 771 po—

2310 797 2417 849 suit
2444 834 2457 858 ,
2510 795 2692 849 dicens
2724 813 2738 849 :
2777 813 2795 845 (
2832 794 3135 848 Secundum
3180 788 3411 863 gratiam
3437 864 3439 866 η
3464 810 3587 863 quae
3625 795 3748 847 data
3791 799 3892 846 est

2309 887 2439 941 mihi
2468 901 2495 939 a
2532 887 2637 940 Deo
2660 925 2675 951 ,
2724 895 2782 939 ut
2819 885 2920 938 sim
2970 885 3216 939 minister
3241 873 3443 938 Christi
3477 885 3530 938 in
3566 884 3836 956 gentibus
3871 920 3888 945 ε

2309 991 2630 1030 consecratis
2661 975 3007 1046 Evangelium
3041 974 3136 1028 Dei
3175 976 3239 1028 ".
3295 974 3582 1030 Veritatem
3624 975 3773 1041 dico.
3823 974 3889 1026 in

2308 1065 2542 1130 Christo,
2577 1061 2684 1120 neu
2710 1052 2962 1130 mentior,
2991 1066 3356 1119 testimonium
3387 1065 3515 1119 mihi
3549 1066 3894 1134 perhibente

2309 1155 2636 1211 conscientia
2683 1171 2800 1210 mea
2844 1157 2897 1210 in
2929 1155 3130 1225 Spiritu
3160 1165 3348 1210 sancto
3379 1156 3445 1209 ⁸⁷.
3483 1174 3502 1207 ι
3533 1155 3598 1209 Et
3644 1168 3894 1208 rursum
3951 1146 3954 1147 ⁷

2309 1248 2385 1301 ait
2412 1265 2424 1302 :
2458 1265 2475 1299 ι
2507 1247 2621 1302 Non
2647 1247 2788 1303 enim
2821 1248 2993 1302 audeo
3019 1247 3308 1317 quidquam
3337 1247 3482 1316 loqui
3507 1257 3714 1308 comm,
3748 1261 3899 1315 qua:

2311 1354 2402 1407 per
2431 1355 2515 1393 me
2547 1355 2653 1394 non
2687 1339 2862 1394 eﬂecit
2887 1337 3136 1394 Christus
3173 1339 3337 1393 verbo
3374 1347 3428 1392 et
3457 1337 3612 1392 factis
3643 1338 3709 1393 ⁸³³.
3756 1336 3896 1406 Ego

2309 1415 2451 1482 enim
2497 1445 2613 1482 sum
2663 1429 2989 1506 novissimus
3022 1429 3133 1504 (π)
3161 1427 3400 1482 omnium
3453 1428 3839 1496 apostolorum
3876 1465 3896 1488 ,

2310 1519 2398 1586 qui
2437 1534 2540 1572 non
2570 1534 2688 1572 sum
2723 1519 2916 1589 dignus
2943 1519 3122 1586 vocari
3150 1518 3445 1587 apostolus.
3471 1515 3651 1570 Gratia
3673 1524 3893 1569 autem

2311 1609 2402 1663 Dei
2431 1625 2549 1685 sum
2574 1609 2794 1685 idquod
2826 1625 2943 1664 sum
2965 1609 3029 1662 ”.
3052 1627 3071 1660 ι
3099 1607 3163 1660 Et
3193 1623 3286 1662 eos
3314 1607 3404 1677 qui
3437 1607 3895 1674 expet-inuentum

2312 1684 2783 1770 quaerebant'ejus,
2819 1700 2909 1769 qui
2942 1701 2994 1754 in
3035 1715 3100 1754 eo
3116 1691 3442 1769 loquebatur
3460 1698 3726 1754 Christus,
3760 1697 3899 1749 vult

2279 1801 2588 1861 propterea
2633 1792 2863 1854 habere,
2913 1791 3039 1860 quia
3068 1803 3207 1846 esset
3249 1790 3302 1843 in
3340 1788 3458 1858 ipso
3508 1775 3844 1841 Paracletus
3873 1825 3895 1849 ,

2313 1880 2469 1951 cuius
2521 1882 2761 1935 mUneris
2810 1882 3033 1950 gratiam
3069 1879 3427 1950 consecutus,
3479 1888 3532 1950 et
3583 1877 3894 1948 magnifico

607 1975 610 1978 ’
658 1950 1019 2049 ejus'putalus
1052 1950 1155 2045 est;
1188 1950 1519 2036 cuni-nullus
1549 1950 1740 2036 horum
1775 1992 1927 2052 pater
1951 1950 2214 2052 ejusfue-
2245 1950 2283 2004 Β
2316 1975 2516 2028 honore
2546 1971 2654 2044 (73)
2698 1972 2922 2052 (multis,
2944 1974 3016 2026 ait
3046 1991 3060 2027 ε
3095 1992 3113 2024 ι
3147 1971 3249 2052 [ἶνο
3300 1988 3407 2041 quo
3456 1981 3537 2026 181³
3578 1971 3895 2024 Dominum

658 2071 732 2124 rit
759 2071 980 2126 veritate
1025 2081 1252 2127 naturm.
1298 2073 1431 2129 Nam
1473 2074 1818 2144 Davidpater
1855 2073 1972 2144 ejus
2014 2077 2212 2130 dicitur

659 2160 832 2214 relatis
860 2154 925 2215 ac
953 2163 1210 2229 temporis
1240 2163 1549 2232 privilegio,
1579 2161 1790 2232 ’Joscph
1821 2178 1948 2216 vero
1970 2158 2084 2231 lege
2114 2179 2214 2216 nu-

659 2252 852 2306 triendi
875 2269 894 2316 ;.
937 2253 1086 2306 solus
1139 2263 1315 2306 autem
1363 2253 1502 2307 Deus
1540 2253 1698 2307 Pater
1732 2255 1848 2322 ejus
1880 2266 2070 2310 natura
2097 2267 2213 2323 est,

659 2342 754 2412 qui
784 2341 963 2396 omnia
995 2357 1088 2410 per
1125 2341 1352 2397 Verbum
1384 2361 1548 2406 suam.
1573 2345 1830 2398 velociter
1857 2345 2212 2400 nobis'maui-

655 2431 856 2499 {estate
880 2435 1127 2503 dignatus
1157 2445 1259 2490 est.
1308 2435 1414 2492 Nec
1450 2438 1500 2491 in
1551 2438 1732 2505 aliquo
1778 2448 2076 2493 remoratus
2105 2438 2214 2492 Do-

661 2523 842 2587 minus
881 2533 1062 2578 noster
1086 2523 1266 2588 Jesus,
1295 2528 1434 2581 intra
1464 2528 1573 2597 (75)
1611 2529 1770 2581 unius
1811 2530 1935 2582 anui
1981 2530 2211 2598 spatium

658 2611 1024 2683 languentium
1053 2617 1420 2675 multitudines
1447 2618 1676 2672 reddidit
1702 2618 1938 2682 sanitati,
1972 2630 2213 2676 mortuos

657 2703 797 2772 luci;
824 2707 914 2775 qui
954 2707 1102 2761 verbi
1126 2709 1207 2761 sui
1235 2717 1497 2776 potestate
1521 2710 1773 2764 universa
1803 2712 2080 2778 amplexus
2110 2722 2210 2776 est,
2296 2760 2299 2762 .

660 2795 717 2848 in
743 2810 851 2865 quo
881 2795 1094 2868 tandem
1122 2805 1421 2850 remoratus
1458 2805 1560 2860 est,
1598 2807 1657 2850 ut
1690 2798 1742 2850 in
1787 2797 2059 2852 Paraeleto
2087 2793 2212 2852 mit-

660 2888 822 2938 tendo
851 2884 1033 2937 tandiu
1063 2899 1186 2938 eum
1229 2891 1557 2936 remoratum
1595 2884 1896 2939 credamus.
1938 2886 2076 2951 Quin
2115 2901 2212 2952 po-

657 2973 791 3036 tius,
824 2983 882 3027 ut
902 2973 1145 3043 superius
1168 2973 1369 3028 dictum
1393 2982 1495 3035 est,
1528 2973 1699 3029 adfuit
1723 2976 1900 3028 statim
1924 2975 2213 3044 plurimum

647 3051 892 3122 Idili‘usus
922 3069 976 3120 in
1010 3056 1271 3132 Paulum,
1313 3067 1468 3136 cujus
1498 3058 1658 3127 etiam
1695 3067 2008 3120 testimonio
2040 3067 2216 3120 credi-

663 3161 850 3215 dimus
886 3162 1079 3215 dicenti
1113 3177 1124 3216 τ
1164 3160 1345 3237 «Mihi
1386 3172 1564 3216 autem
1611 3163 1709 3221 soli
1756 3163 1880 3215 data
1920 3171 2002 3216 est
2046 3162 2214 3231 gratia

655 3254 779 3308 haec
808 3252 927 3306 “.‘i
965 3252 1065 3318 Qui
1098 3255 1245 3322 prius
1275 3256 1488 3323 quidem
1525 3255 1628 3308 luit
1677 3253 2213 3331 persecutor‘Eccle-
2239 3265 2282 3327 ο

665 3346 758 3399 size
789 3343 900 3404 Dei.
929 3345 1021 3398 sed
1055 3359 1268 3398 rursum
1300 3341 1667 3400 manifestatus
1691 3353 1774 3399 est
1795 3345 2065 3410 omnibus,
2088 3343 2215 3413 quia

662 3416 808 3489 esset
845 3435 1014 3488 ﬁdelis
1046 3433 1309 3488 Paracleti
1341 3435 1612 3499 minister;
1641 3435 1734 3503 per
1759 3444 1916 3504 quem
1951 3433 2216 3489 universis

666 3527 900 3582 innotuit
937 3527 1239 3596 singularis;
1275 3526 1392 3594 ejus
1421 3525 1732 3588 clementia,
1777 3527 1920 3596 quod
1961 3537 2013 3580 et
2049 3540 2218 3594 usque
2272 3563 2275 3569 -

665 3616 731 3669 ad
761 3630 859 3669 nos
909 3617 997 3684 qui
1049 3615 1334 3684 aliquando
1381 3617 1499 3668 sine
1542 3629 1636 3682 spe
1679 3629 1911 3678 eramus,
1949 3615 2215 3684 donorum

664 3703 783 3771 ejus
829 3703 1038 3772 largitio
1086 3704 1346 3771 pervenit.
1378 3702 1510 3769 Quis
1543 3702 1686 3756 enim
1729 3712 1970 3754 nostrum
2004 3717 2217 3770 sperare

664 3803 875 3863 poterat
920 3805 1314 3863 persecutorem
1365 3793 1590 3849 Paulum
1621 3793 1980 3848 et‘inimicum
2030 3792 2216 3847 Eccle-

668 3887 782 3947 siae,
815 3885 1154 3939 defensorem
1185 3888 1302 3954 ejus
1339 3892 1404 3941 tie
1434 3896 1661 3941 tutorem
1693 3883 1974 3939 futurum?
2008 3881 2073 3936 Et
2109 3897 2215 3935 non

668 3976 842 4028 solum
871 3976 993 4037 hoc,
1018 3992 1200 4028 verum
1225 3977 1383 4030 etiam
1414 3986 1466 4032 et
1496 3977 1830 4046 magistrum,
1860 3974 2217 4028 Ecclesiarum

665 4068 997 4122 conditorem
1049 4077 1102 4121 et
1150 4068 1582 4124 architectonem.
1630 4067 1758 4123 Post
1806 4068 1950 4124 hunc
1977 4080 2133 4138 ergo,
2168 4073 2220 4117 et

666 4169 787 4228 post
813 4174 906 4212 eos
938 4161 1027 4227 qui
1064 4174 1184 4213 cum
1219 4160 1335 4228 ipso
1363 4158 1593 4220 fuerant,
1627 4159 1678 4212 id
1713 4163 1794 4213 est
1840 4163 1962 4227 poSt
1986 4155 2220 4223 discipu-

663 4250 772 4315 los,
807 4248 1008 4302 nullum
1034 4250 1196 4302 alium
1227 4250 1407 4302 venire
1432 4249 1726 4303 secundum
1755 4247 2065 4315 Scripturas
2096 4257 2217 4310 spc-

666 4339 892 4394 ra-ndum
925 4348 1038 4402 est;
1070 4340 1144 4391 ait
1171 4340 1312 4391 enim
1343 4337 1605 4393 Dominus
1633 4346 1814 4392 noster
1842 4334 2001 4390 Jesus
2028 4333 2092 4402 de
2116 4331 2219 4385 Pa-

663 4430 868 4484 racleto
898 4448 912 4483 :
954 4449 970 4481 I
1006 4429 1144 4494 Quia
1188 4439 1242 4483 et
1277 4432 1340 4484 de
1383 4446 1502 4483 meo
1548 4430 1861 4500 accipiet“.
1900 4447 1918 4480 ι
1954 4425 2061 4480 Vas
2091 4438 2219 4493 ergo

666 4520 944 4589 probabile
989 4521 1145 4589 elegit
1183 4521 1326 4573 hunc
1371 4523 1576 4588 virum,
1622 4537 1782 4591 quem
1817 4521 1965 4574 misit
2007 4519 2072 4572 ad
2121 4532 2218 4569 nos

2313 2064 2517 2133 rogavi,
2556 2072 2616 2117 ut
2646 2050 2941 2118 discederet
2964 2079 2994 2118 a
3024 2050 3246 2129 -me;"et
3281 2064 3414 2118 dixit
3448 2063 3591 2125 .mihi
3652 2074 3669 2138 ς
3745 2059 3896 2115 Suf-

2312 2155 2422 2208 ﬁcit
2454 2153 2546 2206 tibi
2575 2152 2741 2222 gratia
2765 2167 2914 2218 mea;
2942 2167 3065 2206 nam
3095 2152 3264 2207 virtus
3293 2151 3685 2206 in'inlirmitate
3712 2153 3895 2220 perli-

2312 2241 2452 2296 citur
2477 2242 2544 2295 ".
2581 2261 2599 2292 ι
2629 2230 2886 2306 Rursum,
2929 2241 3054 2310 quia
3105 2257 3230 2296 vere
3286 2242 3399 2310 ipse
3441 2243 3510 2296 sit
3558 2241 3894 2296 Paraetetu:

2292 2326 2547 2400 quierat
2589 2331 2640 2384 in
2672 2329 2859 2397 Paulo,
2890 2329 2964 2384 ait
2996 2330 3252 2386 Dominus
3304 2342 3485 2386 noster
3522 2331 3692 2388 Jesus
3713 2333 3893 2386 Chri-

2313 2431 2428 2475 stus
2452 2421 2502 2473 in
2536 2419 2825 2490 Evangelio
2855 2438 2867 2474 :
2906 2438 2925 2471 c
2962 2416 3017 2472 Si
3048 2420 3269 2490 diligitis
3318 2437 3422 2484 me,
3461 2423 3719 2477 mandata
3756 2437 3890 2476 mea

2313 2505 2538 2568 servate.
2595 2509 2656 2565 Et
2700 2526 2798 2584 ego
2848 2511 3050 2580 rogabo
3097 2509 3306 2566 Patrem
3354 2523 3653 2576 meum,’et
3705 2515 3888 2567 alium

2311 2599 2644 2654 Paracletum
2674 2597 2824 2652 dabit
2866 2600 3018 2654 vobis
3040 2595 3108 2652 δι.
3146 2618 3163 2664 p
3220 2598 3277 2654 ln
3312 2617 3417 2670 quo
3444 2604 3684 2656 ostendit
3711 2605 3889 2656 etiarn

2314 2687 2546 2754 seipsum
2587 2685 2919 2740 Paracletum
2946 2728 2962 2754 ,
3004 2704 3124 2742 cum
3175 2689 3301 2744 dicit
3335 2691 3518 2743 alium.
3570 2691 3728 2746 Unde
3766 2708 3888 2761 crte

2312 2776 2509 2829 dentes
2528 2773 2715 2840 Paulo,
2741 2777 3042 2832 audivimus
3057 2793 3176 2832 eum
3204 2778 3463 2858 dicentem
3487 2799 3500 2834 :
3520 2798 3538 2831 ‹
3575 2783 3688 2834 Aut
3715 2797 3890 2849 cape

2312 2865 2601 2919 rimentum
2647 2867 2888 2936 quzeritis
2925 2867 3062 2945 ejus,
3094 2868 3189 2936 qui
3224 2869 3276 2922 in
3317 2884 3402 2923 me
3439 2871 3684 2939 loquitur
3718 2870 3888 2925 Cirri-

2313 2966 2426 3011 stus
2453 2957 2529 3023 ’,’;
2559 2975 2578 3008 ι
2620 2967 2672 3011 et
2716 2958 2906 3012 horum
2938 2959 3158 3020 similia,
3194 2950 3265 3014 de
3289 2960 3486 3027 quibus
3512 2963 3776 3029 superius
3805 2963 3881 3016 di-

2312 3046 2528 3117 ximus;
2586 3045 2728 3105 unde
2782 3046 3405 3120 et't'anquam‘lidelibus
3440 3048 3596 3104 nobis
3644 3050 3910 3105 heredi—-

2313 3135 2415 3190 bus
2443 3137 2556 3190 suis
2587 3136 2869 3204 consignat
2909 3142 3308 3196 testamentum,
3335 3149 3430 3191 sua
3452 3139 3523 3193 ad
3557 3138 3883 3198 Corinthios

2315 3225 2574 3296 Epistola,
2601 3227 2747 3279 velut
2785 3235 2939 3294 pater
2963 3223 3188 3291 dicens:
3229 3228 3493 3296 «Tradidi
3530 3234 3675 3286 enim
3717 3234 3905 3289 vobis

2317 3316 2370 3369 in
2409 3317 2616 3385 primis,
2648 3317 2789 3384 quod
2823 3324 2876 3369 et
2933 3317 3145 3386 accepi,
3187 3317 3311 3386 quia
3344 3318 3589 3375 Christus
3622 3332 3882 3377 mortuus

2306 3416 2398 3462 est
2443 3422 2541 3476 pro
2596 3405 2828 3470 peccatis
2876 3409 3076 3462 nostris
3109 3411 3402 3465 secundum
3443 3411 3782 3483 Seripturas;
3816 3425 3881 3469 et

2315 3499 2440 3570 quia
2472 3499 2711 3567 sepultus
2752 3506 2853 3562 est,
2896 3506 2950 3552 et
2973 3499 3097 3568 quia
3139 3505 3432 3557 resurrexit
3470 3506 3619 3571 tertia
3656 3505 3743 3558 die
3786 3519 3887 3558 se-

2315 3615 2548 3670 cundum
2577 3602 2909 3680 Scripturas;
2935 3621 2988 3666 et
3016 3613 3139 3683 quia
3166 3617 3410 3684 apparuit
3435 3614 3649 3686 Ceplue,
3679 3617 3890 3671 deinde

2314 3707 2561 3762 undecim
2593 3707 2868 3774 apostolis,
2901 3716 3083 3775 postea
3119 3709 3350 3773 amplius
3373 3723 3531 3778 quam
3558 3707 3890 3775 quingentis

2316 3799 2570 3854 fratribus
2615 3798 2681 3852 de
2727 3798 2890 3853 semel
2936 3798 3044 3862 (79)
3069 3837 3082 3860 ,
3113 3813 3176 3853 ex
3214 3799 3410 3867 quibus
3437 3797 3653 3866 plurimi
3692 3797 3892 3854 adhuc

2318 3897 2541 3942 manent
2587 3903 2759 3957 usque
2823 3903 3002 3952 nunc;
3051 3890 3270 3958 quidam
3320 3897 3494 3942 autem
3538 3894 3592 3940 et
3632 3888 3894 3942 dormie-

2317 3987 2458 4031 runt.
2503 3977 2692 4031 Postea
2716 3985 2894 4049 autem
2927 3977 3074 4032 visus
3102 3987 3181 4033 est
3209 3977 3408 4030 Jacobo
3431 3995 3445 4042 ;
3470 3962 3666 4030 deinde
3695 3979 3893 4031 omni-

2316 4065 2416 4119 bus
2469 4067 2759 4134 apostolis;
2795 4056 3088 4123 novissime
3116 4078 3289 4121 autem
3312 4067 3573 4127 omnium.
3609 4076 3888 4137 tanquam

2315 4155 2584 4225 abortivo,
2615 4156 2766 4230 visus
2787 4163 2871 4208 est
2911 4164 2963 4210 et
2997 4156 3127 4208 mihi
3158 4175 3169 4209 :
3203 4168 3301 4224 ego
3325 4153 3465 4206 enim
3496 4169 3613 4208 sum
3645 4160 3893 4211 novissi-

2316 4261 2438 4300 mus
2483 4246 2720 4300 omnium
2762 4247 3128 4316 apostolorum
3163 4244 3231 4297 ⁸³.
3284 4243 3406 4315 Sive
3437 4258 3562 4312 ergo
3598 4260 3728 4314 ego,
3765 4248 3888 4304 sive

2317 4338 2414 4401 illi,
2442 4338 2512 4391 ita
2539 4337 2980 4392 annuntiavimus
3007 4336 3072 4390 ".
3111 4354 3129 4386 ι
3164 4334 3227 4386 Εῑ
3254 4348 3468 4401 rursum
3505 4327 3730 4392 tradens
3773 4339 3883 4394 har

2315 4428 2533 4483 redibus
2575 4442 2693 4481 eam
2739 4443 2900 4496 quam
2956 4429 3069 4497 ipse
3121 4425 3476 4479 hareditatem
3526 4428 3884 4497 promeruit,

2317 4514 2447 4567 dicit
2484 4533 2495 4567 ε
2548 4535 2563 4566 ι
2607 4514 2791 4571 Timeo
2837 4525 3014 4570 autem
3048 4507 3322 4580 neil'orte,
3357 4514 3497 4570 sicut
3523 4533 3755 4588 serpens
3803 4538 3894 4577 5c-

664 4611 892 4668 Paulum
927 4614 978 4666 in
1014 4613 1248 4682 spiritus
1279 4612 1486 4664 ίιιοιιχῑι
1528 4590 1756 4681 spiritus
1791 4613 1901 4683 (7(3)
1933 4653 1947 4677 ,
1982 4620 2034 4665 ει
2078 4610 2217 4662 sicut
2251 4590 2291 4642 υ
2319 4606 2471 4659 duxit
2513 4607 2675 4661 Evam
2721 4608 2916 4662 astutia
2947 4622 3074 4669 sua,
3119 4606 3190 4658 ita
3231 4620 3642 4677 corrumpantur
3677 4627 3895 4669 sensus

668 4718 776 4757 non
809 4720 967 4773 super
997 4721 1186 4760 omnes
1218 4705 1464 4760 homines
1500 4704 1731 4772 Spiritus
1781 4704 2023 4758 habitare
2066 4710 2216 4769 pote-

663 4804 768 4860 rat,
799 4796 1092 4864 nisi.super
1115 4813 1236 4851 cum
1273 4797 1364 4866 qui
1395 4795 1457 4865 de
1481 4794 1754 4867 Maria'Dei
1778 4783 2034 4866 genitrice
2062 4801 2218 4846 natus

665 4896 767 4945 est,
812 4887 882 4940 ita
919 4898 970 4940 et
1007 4890 1057 4942 in
1091 4886 1294 4941 nullum
1325 4889 1489 4940 alium
1520 4885 1753 4953 Spiritus
1780 4887 2091 4941 Paracletus
2126 4899 2219 4936 ve-

669 4976 782 5027 nire
815 4988 1046 5044 poterat,
1094 4981 1192 5033 nisi
1221 4996 1382 5048 super
1410 4978 1708 5045 apostolos,
1737 4987 1790 5030 et
1820 4994 1977 5046 super
1998 4977 2220 5030 beatum

666 5063 909 5119 Paulum.
952 5088 968 5118 ‹
1011 5070 1114 5125 Vas
1141 5072 1282 5124 enim
1315 5072 1611 5135 electionis,
1642 5068 1834 5136 inquit,
1867 5069 1997 5120 mihi
2031 5077 2130 5129 est,
2168 5075 2227 5118 ut
2319 5070 2412 5115 aut
2442 5057 2586 5113 aliud
2614 5052 2957 5127 Evangelium
2980 5099 2996 5123 ,
3041 5059 3184 5126 quod
3218 5074 3322 5111 non
3356 5063 3635 5131 accepistis
3664 5083 3678 5125 ;

2315 4697 2513 4758 vestri,
2555 4707 2605 4750 et
2637 4699 2883 4752 excidant
2915 4713 2946 4749 a
2979 4695 3319 4765 simplicitate
3363 4697 3472 4768 (80)
3510 4711 3562 4755 et
3598 4705 3892 4764 castitate.

2315 4802 2434 4855 quae
2465 4785 2518 4838 in
2548 4785 2759 4841 Christo
2802 4794 2900 4840 est.
2951 4785 3005 4840 Si
3049 4787 3189 4838 enim
3239 4786 3284 4839 is
3334 4787 3424 4855 qui
3477 4792 3663 4853 venit,
3705 4795 3894 4848 alium

2315 4877 2592 4931 Christum
2643 4877 2893 4944 pra-dicat
2929 4891 3088 4946 quem
3135 4891 3238 4929 non
3286 4879 3735 4944 przedicarimus:
3792 4895 3898 4938 aut

2321 4969 2579 5039 Spiritum
2628 4967 2787 5020 alium
2823 4967 3136 5037 acceperitis
3183 4982 3340 5034 quem
3387 4985 3492 5023 non
3542 4975 3895 5042 accepistis;

3740 5066 3898 5121 bene

802 5199 957 5275 Joan.
986 5220 1102 5275 xui.
1139 5205 1225 5258 27.
1302 5207 1345 5236 ⁸³
1379 5206 1568 5275 liphes.
1597 5220 1675 5269 ιιι,
1695 5203 1746 5255 8.
1777 5198 2047 5275 “3:10am
2077 5215 2184 5275 xvi,
2213 5217 2218 5226 λ

2329 5265 2341 5275 _
2368 5195 2412 5224 ⁸³⁵
2432 5195 2546 5244 Act.
2574 5189 2754 5275 lxxiii.
2809 5191 3061 5275 filiam.
3090 5208 3178 5253 IV,
3213 5191 3293 5275 isi,
3317 5193 3399 5275 lt}:
3430 5264 3444 5275 .
3477 5198 3520 5275 3:
3548 5195 3680 5251 lbid.
3723 5215 3812 5262 rx,
3843 5205 3898 5260 Ι.

665 5270 710 5304 ⁸⁸
741 5271 868 5322 lbid.
903 5287 986 5335 xv,
1020 5259 1102 5325 i8.
1175 5275 1262 5327 391
1295 5259 1434 5329 Cor:
1459 5293 1544 5341 xv,
1571 5277 1622 5328 9.
1664 5259 1813 5326 ’νου
1843 5270 1970 5324 Cor.
2005 5285 2100 5329 xu,
2129 5259 2180 5321 9.

2318 5265 2475 5318 Joan.
2505 5275 2614 5321 xiv,
2653 5259 2734 5311 16.
2809 5262 2852 5292 ⁹²
2884 5262 2924 5314 ll
2950 5262 3198 5323 Commi,
3231 5261 3280 5316 5.
3355 5264 3448 5316 ⁸³1
3483 5265 3605 5319 Cor.
3634 5284 3724 5333 xv,
3762 5259 3895 5325 3—9,

665 5342 710 5373 “
733 5341 863 5393 lbid.
905 5342 985 5392 11.

733 5454 842 5524 (75)
883 5455 937 5504 ln
972 5453 1292 5524 eodicer‘est,
1339 5476 1354 5505 ι
1394 5457 1547 5508 inter.
1603 5475 1620 5506 ι
1664 5455 1764 5509 Sed
1799 5470 1964 5508 unum
2012 5467 2213 5524 annum

662 5523 861 5576 Christi
900 5523 1281 5591 praedicationi,
1312 5541 1371 5576 ac
1401 5526 1672 5577 miraculis
1707 5526 1912 5578 videtur
1949 5523 2217 5591 ascribere

664 5596 957 5664 Archelaus
988 5608 1107 5664 cum
1140 5592 1256 5644 aliis
1279 5594 1529 5664 _antiqttis
1571 5595 1820 5647 Patribus
1869 5612 1881 5646 :
1937 5604 2102 5664 quare
2140 5593 2216 5643 le-

660 5662 887 5726 gendum
915 5703 927 5723 ,
963 5681 978 5711 ι
1024 5663 1181 5713 intra.
1222 5680 1238 5710 ›
1279 5659 1581 5714 νὶιιείηιῑιτι
1612 5681 1728 5730 cap.
1763 5665 1850 5716 49.

737 5732 842 5800 (7b)
884 5731 1055 5784 Locus
1085 5739 1387 5797 corruptus.
1431 5731 1607 5794 Forte,
1651 5752 1667 5783 ι
1701 5738 1751 5785 in
1785 5733 2007 5800 Spiritu.
2053 5731 2214 5785 Inﬂu-

667 5801 744 5852 ait
775 5799 1022 5865 Spiritus,
1059 5819 1075 5849 ι
1108 5810 1209 5855 ωε.

733 5867 843 5935 (77)
882 5868 1068 5923 Melius
1101 5870 1348 5938 Vulgata,
1384 5889 1399 5919 ι
1443 5870 1732 5937 minimus,
1772 5891 1786 5922 ι
1821 5873 2002 5928 Graece
2033 5873 2172 5926 enim
2198 5911 2210 5930 ,

2313 5450 2439 5510 ὲλὰγ
2451 5464 2611 5510 ιστος.

2387 5469 2406 5501 ι
2451 5468 2611 5499 ιστον.

2387 5468 2496 5588 (ξὸ)
2538 5479 2826 5588 lireodice
2877 5517 3158 5570 Casinensi
3196 5527 3307 5582 est,
3366 5539 3385 5569 ‹
3440 5522 3727 5588 magniﬁco
3777 5525 3902 5580 km

2315 5585 2434 5646 ore;
2482 5585 2503 5636 i
2539 5585 2629 5639 sed
2663 5587 2939 5654 legentium
2975 5588 3156 5638 censui
3190 5611 3205 5636 ι
3247 5588 3465 5642 honore.
3501 5609 3518 5640 ι

2386 5657 2494 5720 (79)
2537 5656 2712 5716 Forte,
2769 5674 2785 5704 ‹
2831 5656 3069 5708 insimul.
3110 5676 3126 5705 ι
3164 5657 3406 5725 Vulgata,
3445 5678 3462 5708 ‹
3501 5657 3686 5711 simul.
3727 5678 3743 5708 ι

2385 5727 2493 5794 (80)
2533 5729 2588 5778 in
2615 5726 2913 5787 Casiuensi,
2944 5744 2968 5775 ι
2989 5738 3402 5795 curmmpantur
3431 5743 3623 5780 sensus
3661 5730 3834 5782 vestri
3866 5743 3900 5784 tl

2313 5796 2675 5863 simplicitate.
2722 5814 2738 5844 ι
2780 5795 2880 5848 Sed
2917 5812 3015 5850 nos
3041 5812 3101 5872 et
3142 5796 3360 5866 Vulgata
3390 5799 3788 5866 supplevimus.
