4118 6350
593 1514 607 1533 ,η
694 1474 750 1519 et
776 1463 949 1532 qualis
986 1463 1054 1516 sit
1082 1462 1304 1532 legitimi
1344 1463 1497 1532 regis.
1534 1462 1705 1516 virtus
1747 1477 1811 1530 ac
1852 1460 2041 1530 populi
2074 1479 2088 1515 :
2119 1462 2265 1531 ipse.

669 403 839 501 ius!
1294 448 1317 489 ‘.
1438 412 1441 417 ’
1679 424 1852 505 ACTA
1893 445 2409 501 DlSPUTATlONlS
2447 445 2503 502 s.
2545 447 2879 503 ARCHEL’AI
3481 512 3483 516 λ
3733 459 3876 518 uss

703 560 833 625 cies,
886 575 983 613 nec
1004 560 1073 614 ita
1122 577 1218 625 nos
1274 560 1560 614 transferes
1608 560 1718 630 (92)
1760 577 1802 641 la
1848 557 1948 615 ﬁde
1999 560 2305 626 ChristirA
2334 560 2522 616 Nonne
2571 570 2801 632 oportet
2832 573 2899 641 te
2936 564 3277 633 multiplicari
3322 548 3575 639 tanquam
3632 572 3877 639 zizania,

701 649 913 702 etiamsi
956 648 1106 717 signa
1138 657 1191 702 et
1234 649 1472 719 prodigia
1516 646 1719 711 facias,
1760 647 1965 701 etiamsi
1997 655 2236 701 mortuos
2336 654 2609 720 usqumuo
2662 653 2749 706 ille
2793 654 2906 721 ipse
2951 663 3373 733 magnusfp‘ater
3418 667 3543 714 tuus
3591 663 3879 727 adveniat.

705 738 956 804 suscites,
994 739 1202 807 etiamsi
1226 738 1515 808 imaginem
1559 738 1711 791 nobis
1740 736 1888 790 Pauli
1915 736 2083 806 ipsius
2110 736 2237 791 alle-
2335 741 2600 794 suscitans
2632 750 2891 809 mortuos,
2925 758 3061 812 pene
3113 748 3283 812 usque
3320 745 3383 800 ad
3416 749 3711 816 gehennam
3753 766 3880 806 om-

701 843 814 894 ras,
835 830 1114 883 anathema
1132 843 1211 894 es,
1234 826 1432 883 Satana
1453 826 2075 897 (93);pr:escriptum.est
2093 827 2233 880 enim
2336 846 2429 884 nes
2463 846 2796 901 persequens
2841 834 2935 902 qui
2987 834 3089 887 sibi
3149 835 3516 905 obtemperare
3568 839 3879 907 noluerint,

699 920 769 975 de
795 930 874 986 te;
902 920 1199 988 praemoniti
1219 926 1272 973 et
1293 912 1591 987 praestructi
1620 932 1802 997 sumus
1823 932 1853 1003 a
1875 918 2075 972 sanctis
2098 915 2238 970 Scri—
2333 920 2591 988 plurimos
2624 923 2898 983 deterrens
2946 924 3266 992 arrogantia:
3286 913 3453 980 "metu
3494 942 3602 996 quo
3631 938 3716 982 est
3760 931 3883 999 ipse

701 1011 887 1080 pturis.
925 1006 1031 1064 Vas
1052 1025 1111 1064 es
1138 1008 1470 1071 Antichristi,
1491 1014 1547 1061 et
1574 1021 1742 1076 neque
1766 1008 1966 1061 bonum
1995 1022 2111 1070 vas,
2141 1007 2236 1061 sed
2332 1011 2713 1078 circumdatus,
2747 1013 2866 1067 aliis
2889 1014 3156 1068 adhibens
3181 1014 3375 1077 minas,
3406 1016 3585 1071 vultus
3618 1004 3707 1071 sui
3739 1033 3879 1073 con-

700 1099 970 1153 sordidum
998 1107 1051 1153 et
1076 1098 1376 1168 indignum,
1416 1097 1557 1177 quod
1585 1096 1673 1151 ille
1701 1097 1841 1152 sicut
1877 1096 2081 1165 aliquis
2107 1095 2234 1150 bar.
2331 1102 2577 1156 versione
2620 1110 2674 1155 et
2716 1103 3177 1158 circumductione
3217 1104 3499 1159 ludiﬁcans
3540 1124 3553 1159 :
3596 1107 3689 1160 sed
3736 1108 3882 1161 ultra

698 1189 864 1242 barus
884 1188 965 1241 vel
992 1197 1271 1258 tyrannus,
1303 1182 1509 1265 cum-in
1536 1200 1631 1241 eos
1651 1185 1743 1255 qui
1785 1186 1886 1261 sub
1918 1185 2089 1255 legum
2124 1186 2233 1255 (94)
2333 1204 2437 1244 non
2467 1190 2766 1259 proiiciet’;
2799 1192 3105 1261 insipientia
3136 1194 3277 1251 enim
3309 1194 3425 1264 ejus
3464 1196 3718 1251 omnibus
3753 1210 3884 1265 per»

693 1284 901 1353 justitia
943 1283 1179 1351 degunt,
1225 1283 1447 1337 conatur
1488 1282 1733 1348 irruere,
1780 1281 2038 1349 praemisit
2081 1284 2232 1350 prius
2332 1281 2543 1350 vulgata
2573 1282 2695 1346 erit,
2734 1284 2873 1338 sicut
2902 1282 3119 1337 Jamnes
3145 1294 3197 1337 et
3229 1284 3514 1339 Mambres.
3547 1284 3760 1339 Iudices
3789 1286 3884 1338 di-

659 1397 662 1401 ·
695 1362 952 1441 tanquam
984 1371 1140 1425 morti
1161 1359 1504 1435 deStinatum,
1522 1374 1597 1425 ad
1623 1360 2003 1440 explorandum
2032 1381 2233 1440 quanta
2329 1381 2514 1424 xerunt
2541 1371 2744 1426 :‘Sicut
2770 1387 2832 1426 ex
2861 1380 2915 1427 te
2940 1374 3318 1441 comperimus,
3348 1379 3601 1443 tanquam
3630 1375 3884 1443 apostolo

2330 1459 2495 1515 Paulo
2535 1462 2777 1523 dicente,
2809 1463 3043 1531 [insuper
3085 1462 3245 1534 etiam
3292 1462 3360 1515 ab
3407 1460 3694 1530 Evangelia
3735 1477 3883 1529 pra-

679 1549 836 1610 .enim
872 1549 1178 1617 inopinatus
1209 1548 1411 1603 irruere
1430 1549 1721 1620 pertimuit,
1751 1549 1841 1602 sed
1867 1544 2038 1617 neque
2069 1550 2233 1609 alium
2278 1543 2304 1570 ⁸
2331 1550 2599 1605 scribente
2631 1552 2761 1606 nulli
2792 1551 2883 1605 alii
2913 1567 3063 1620 aeque
3096 1553 3148 1604 in
3175 1561 3443 1620 posterum
3466 1551 3580 1619 (99)
3609 1554 3884 1619 praebetur

682 1635 759 1692 ex
806 1638 1121 1693 necessariis
1160 1638 1291 1694 viris
1330 1637 1540 1692 mittere
1583 1638 1747 1691 ullum
1796 1653 1961 1699 ausus
2002 1647 2119 1702 est,
2167 1653 2235 1692 ne
2332 1638 2605 1709 ingressus
2637 1642 2703 1694 ad
2743 1643 3160 1710 praedicandum,
3192 1643 3271 1696 vel
3315 1642 3636 1719 docendum,
3678 1641 3760 1693 vel
3811 1640 3883 1693 ad

693 1728 818 1800 quid
883 1736 1153 1797 pateretur
1208 1728 1435 1781 adversi.
1507 1726 1712 1781 Talem'
1754 1736 1807 1781 te
1878 1729 2073 1793 nobis,
2135 1728 2235 1782 sub
2331 1719 2822 1799 eiangeliaandum,
2845 1732 2928 1785 vel
2954 1733 3378 1801 prophetandum
3405 1731 3454 1784 in
3481 1733 3577 1783 liae
3602 1729 3884 1782 vita'dun-

691 1806 834 1873 bono
878 1828 931 1872 et
968 1825 1152 1871 sancto
1196 1832 1316 1885 rege
1352 1804 1575 1887 positis,
1612 1817 1755 1870 velut
1790 1809 1959 1885 morti
1997 1817 2233 1872 destina-
2266 1880 2304 1897 η
2334 1828 2504 1880 taxat,
2539 1819 2639 1872 nisi
2673 1818 2809 1871 forte
2840 1819 3008 1875 falsus
3037 1822 3293 1889 prepheta
3324 1821 3603 1897 habeatur,
3631 1825 3727 1870 aut
3772 1817 3881 1869 fal-

684 1913 832 1973 tum,
878 1897 968 1961 rex
1003 1917 1125 1961 tuus
1155 1880 1820 1975 prm—misit'Antichristus.
1862 1905 1927 1974 Et
1970 1907 2082 1960 hac
2118 1907 2232 1975 qui-
2266 1880 2307 1933 Β
2334 1922 2429 1961 sus
2463 1905 2727 1960 Christus.
2777 1903 2927 1960 Unde
2976 1880 3097 1961 cum
3138 1880 3340 1961 dixeris
3386 1890 3443 1959 in
3496 1880 3664 1973 Paulo
3705 1902 3884 1959 fuisse

596 2042 599 2043 ν
686 1996 814 2067 dem
854 2012 959 2050 non
1002 1997 1335 2066 inexplorata
1374 1998 1701 2071 proloquor;
1754 1997 1851 2053 sed
1886 2012 1958 2057 .ex
1995 2010 2059 2050 eo
2090 1996 2232 2065 quod

613 2070 625 2083 ²
690 2087 891 2145 nullam
937 2086 991 2148 te
1038 2087 1192 2140 video
1218 2070 1432 2140 "facere
1454 2086 1725 2151 virtutem,
1761 2086 1833 2139 ita
1857 2086 1923 2139 de
1949 2094 2003 2138 te
2036 2086 2227 2138 sentio.

671 2174 843 2231 'lllum
890 2176 1034 2236 enim
1078 2184 1133 2229 et
1177 2176 1230 2227 in
1282 2174 1526 2243 angelum
1555 2175 1690 2229 lucis
1721 2173 2230 2239 transformandum,

626 2256 635 2325 ί
690 2256 753 2326 et
774 2271 1052 2347 ministros
1079 2270 1196 2338 ejus
1230 2270 1363 2323 tales
1390 2268 1711 2323 adventuros
1744 2264 2147 2337 praenoscimu's',
2179 2277 2231 2322 et

691 2362 844 2433 signa
964 2361 1200 2431 prodigia
1242 2360 1511 2423 facturos,
1566 2360 1635 2414 ita
1672 2364 1746 2421 ut,
1780 2360 1824 2414 si
1852 2360 2103 2428 possibile
2138 2360 2230 2426 sit,

690 2454 850 2509 etiam
882 2452 1040 2523 'electi
1090 2452 1411 2507 seducantur
1452 2452 1495 2504 '.
1550 2450 1681 2516 Quis
1728 2466 1856 2519 ergo
1895 2465 1954 2504 es
2000 2457 2054 2503 tu
2079 2490 2094 2516 ,
2136 2451 2229 2520 qui

692 2560 865 2613 neque
886 2544 1245 2609 necessarium
1273 2542 1504 2611 aliquem
1536 2542 1709 2596 locum
1747 2532 1974 2597 sortitus
1998 2556 2057 2595 es
2084 2556 2112 2593 a
2136 2556 2230 2609 pa-

688 2640 774 2688 tre
827 2643 920 2688 tuo
962 2632 1193 2701 Satana?
1241 2631 1373 2685 Nam
1429 2643 1601 2701 quem
1644 2639 1915 2685 mortuum
1967 2625 2233 2685 sus'citas?

692 2724 834 2793 quod
881 2706 1197 2792 proﬂuvium
1242 2721 1519 2791 sanguinis
1564 2720 1739 2775 sistis?
1778 2718 1925 2784 Quos
1970 2722 2082 2774 luto
2120 2718 2230 2791 (95)

845 2811 1030 2865 oculos
1058 2810 1280 2863 illinitos
1307 2808 1486 2862 videre
1516 2805 1688 2861 facis?
1722 2805 1948 2871 Quando
1988 2808 2232 2863 esurien-

668 2906 798 2952 .tem
824 2898 1030 2949 turbam
1052 2896 1238 2964 paucis
1267 2894 1494 2964 panibus
1522 2886 1734 2948 reﬁcis?
1763 2892 1859 2948 Ubi
1888 2910 2046 2964 super
2063 2910 2232 2965 aquas

692 2984 915 3050 incedis,
946 2992 1038 3036 aut
1065 2984 1185 3051 quis
1229 2992 1281 3037 te
1326 2984 1456 3038 vidit
1497 2998 1563 3037 ex
1605 2983 1689 3036 his
1720 2984 1811 3051 qui
1845 2983 1897 3036 in
1934 2982 2231 3038 Jerusalem

692 3072 973 3129 habitant?
1013 3070 1175 3124 Persa
1212 3072 1470 3132 barbare.
1513 3086 1620 3125 non
1668 3069 1973 3125 Graecorum
2015 3072 2231 3143 lingua,

694 3158 801 3220 non
829 3161 1221 3233 Egyptiorum,
1252 3176 1359 3213 non
1402 3161 1788 3245 Romanorum,
1820 3178 1925 3215 non
1966 3163 2125 3216 ullius
2154 3162 2232 3216 al-
2255 3191 2299 3247 ο

666 3253 859 3322 terius
887 3253 1081 3321 lingua:
1113 3248 1390 3303 scientiam
1424 3244 1616 3305 habere
1652 3250 1904 3320 potuisti;
1937 3252 2031 3306 sed
2065 3250 2229 3306 Chal-
2259 3244 2271 3301 εἷ

690 3342 928 3395 dzcorum
958 3339 1066 3410 (96)
1099 3337 1295 3401 solum,
1338 3352 1458 3406 qua:
1500 3354 1567 3391 ne
1604 3338 1658 3391 in
1688 3353 1967 3396 numerum
2012 3342 2229 3411 quidem

692 3429 922 3495 aliquem
956 3429 1198 3505 ducitur;
1247 3428 1452 3482 nullum
1499 3426 1661 3481 alium
1697 3429 2001 3498 loquentem
2044 3432 2230 3488 audire

692 3530 866 3591 potes.
897 3519 1011 3573 Non
1047 3520 1119 3573 ita
1152 3518 1378 3587 Spiritus
1412 3527 1647 3583 sanctus,
1686 3518 1823 3572 absit
1856 3522 1958 3575 hoc
1993 3523 2225 3588 malum!

692 3610 785 3662 sed
824 3595 1071 3675 omnibus
1114 3606 1329 3672 dividit,
1378 3614 1431 3659 et
1482 3606 1661 3658 omnia
1705 3604 2003 3674 linguarum
2036 3622 2229 3676 genera

609 3760 613 3767 .
696 3696 861 3761 novit,
893 3707 944 3749 et
973 3696 1212 3765 agnoscit
1243 3697 1507 3757 universa,
1542 3704 1597 3747 et
1630 3692 1880 3746 omnibus
1912 3695 2090 3747 omnia
2118 3693 2230 3751 eiii-

698 3788 858 3850 citur,
887 3788 957 3839 ita
984 3797 1040 3839 ut
1067 3802 1188 3840 eum
1217 3787 1378 3839 etiam
1411 3784 1589 3847 cordis
1613 3772 1843 3853 Cogitata
1877 3798 1982 3835 non
2008 3776 2223 3837 lateant.

696 3874 835 3940 Quid
863 3876 1001 3927 enim
1029 3876 1159 3928 dicit
1197 3864 1507 3943 Scriptura?
1533 3875 1659 3945 quia
1694 3874 2057 3942 unusquisque
2102 3865 2229 3944 pro-

698 3962 814 4031 pria
853 3977 947 4016 sua
982 3961 1163 4031 lingua
1203 3960 1454 4014 audiebat
1484 3973 1576 4026 per
1608 3959 1939 4013 Paracletum
1974 3957 2227 4028 Spiritum

620 4037 975 4121 ,loquentes
1025 4051 1293 4121 apostolos
1316 4036 1369 4104 ’⁸.
1418 4048 1522 4103 Sed
1564 4049 1691 4118 quid
1742 4049 2231 4119 amplius'dicabo?

626 4127 635 4133 ’
696 4143 867 4197 Barba
894 4142 1005 4213 (97)
1035 4143 1285 4198 sacerdos
1316 4140 1541 4201 Mithrae,
1567 4150 1621 4192 et
1641 4140 1889 4207 collusor,
1920 4140 2084 4195 solem
2112 4151 2233 4195 tan-

698 4245 808 4287 tum
844 4234 986 4288 coles
1023 4232 1271 4287 Mithram
1302 4232 1543 4286 locorum
1576 4230 1923 4297 mysticorum
1960 4229 2230 4283 illumina-

698 4326 867 4373 torem
898 4320 1026 4394 (98),
1064 4329 1122 4373 ut
1156 4319 1415 4387 opinaris,
1445 4325 1499 4370 et
1531 4315 1831 4380 conscium,
1854 4315 1955 4369 hoc
1984 4325 2066 4369 est
2088 4317 2229 4385 quod

695 4411 834 4477 apud
864 4424 958 4462 eos
982 4410 1153 4490 ludes,
1186 4419 1240 4463 et
1279 4402 1532 4476 tanquam
1562 4406 1779 4473 elegans
1808 4404 1985 4458 minus
2012 4413 2232 4474 perages

2327 1996 2688 2059 Paraclctum,
2746 2004 2798 2049 et
2844 1997 3013 2065 ipsum
3066 1998 3247 2051 omnia
3296 1998 3667 2072 consignasse,
3705 2008 3882 2063 quare

2328 2087 2462 2141 dixit
2487 2105 2499 2138 :
2532 2105 2549 2136 ι
2580 2086 2655 2139 Ex
2691 2086 3086 2169 parte'scim‘us,
3114 2095 3166 2139 et
3189 2101 3251 2139 ex
3278 2097 3425 2155 parte
3448 2081 3881 2154 prepbeta'mus;

2328 2168 2466 2230 cum“
2484 2185 2662 2230 autem
2702 2174 2908 2228 venerit
2941 2175 3082 2242 quod
3128 2175 3420 2245 perfectum
3464 2185 3585 2239 est,
3633 2175 3684 2229 id
3730 2175 3882 2244 quod

2293 2319 2296 2322 .
2329 2282 2395 2321 ex
2428 2275 2580 2335 parte
2609 2274 2691 2321 est
2730 2266 3037 2319 destruetur
3079 2264 3123 2295 “
3153 2283 3167 2319 :
3200 2281 3220 2314 ο
3264 2279 3426 2333 quem
3472 2266 3636 2317 alium
3686 2279 3884 2333 exSpe-

2327 2364 2499 2429 ctans,
2534 2355 2637 2409 hoc
2667 2354 2835 2409 dixit?
2861 2353 3015 2419 Quod
3048 2355 3093 2408 si
3117 2350 3230 2423 ipse
3252 2354 3534 2416 conﬁtetur
3562 2364 3885 2422 exspectare

2328 2461 2387 2500 se
2421 2442 2655 2513 aliquem
2678 2443 3006 2512 perfectum;
3038 2450 3092 2496 et
3112 2442 3165 2496 si
3194 2443 3375 2496 venire
3401 2442 3884 2514 aliquem-necessc

2326 2543 2439 2597 est,
2470 2534 2693 2588 ostende
2720 2526 2967 2587 nobisde
2994 2546 3102 2601 quo
3131 2531 3310 2586 dicat?
3349 2547 3417 2585 ne
3459 2531 3598 2584 forte
3640 2531 3695 2583 in
3736 2530 3884 2583 hunc

2326 2623 2571 2678 videatur
2595 2623 2696 2678 iste
2724 2612 2903 2678 sermo
2930 2612 3229 2687 recurrere,
3253 2629 3345 2675 aut
3369 2621 3421 2674 in
3449 2635 3571 2674 eum
3604 2619 3697 2689 qui
3731 2616 3884 2695 misit

2324 2714 2499 2778 illum,
2530 2711 2804 2778 Satanam,
2830 2712 2971 2769 sicut
3018 2720 3074 2768 tu
3120 2708 3275 2767 dicis.
3319 2709 3377 2765 Si
3426 2712 3570 2765 enim
3603 2707 3885 2782 conﬁteris

2330 2809 2609 2855 venturum
2636 2815 2756 2855 esse
2777 2802 2922 2871 quod
2953 2800 3247 2869 perfectum
3278 2808 3381 2865 est,
3407 2813 3514 2853 non
3545 2807 3725 2867 potest
3757 2811 3879 2851 esse

2329 2890 2593 2957 Satanas;
2624 2892 2670 2947 si
2708 2900 2888 2946 autem
2931 2889 3187 2967 Satanam
3230 2878 3531 2959 exspectas,
3559 2901 3668 2940 non
3707 2895 3876 2956 potest

2332 2996 2452 3037 esse
2486 2981 2807 3051 perfectum.
2892 2979 2939 2994 "
3002 3010 3007 3015 ι
3262 2972 3265 2975 ’
3843 3008 3859 3015 ~
3932 3014 3933 3017 η

2397 3069 2657 3124 XXXVII.
2692 3060 2977 3127 Archelaus
2997 3067 3133 3124 dixit
3156 3084 3176 3123 :
3198 3068 3469 3135 Quoniam
3497 3084 3601 3125 non
3626 3067 3748 3124 sine
3768 3065 3874 3122 Deo

2330 3158 2471 3213 dicta
2505 3166 2773 3233 suntquae
2805 3172 2835 3210 a
2868 3154 3025 3212 beato
3058 3156 3223 3211 Paulo
3248 3148 3456 3227 prolata
3483 3167 3625 3221 sunt,
3666 3165 3877 3214 certum

2328 3256 2431 3312 est,
2460 3248 2601 3317 quod
2632 3244 2915 3300 Dominum
2951 3256 3195 3305 nostrum
3226 3244 3407 3302 Jesum
3425 3245 3698 3302 Christum
3718 3245 3878 3299 dixe-

2330 3334 2402 3389 rit
2420 3335 2835 3405 exspectandum
2865 3350 2986 3389 esse
3008 3334 3322 3405 perlectum,
3356 3336 3449 3405 qui
3476 3335 3616 3390 solus
3644 3332 3870 3393 Patrem

2328 3425 2506 3488 novit,
2531 3432 2584 3478 et
2627 3424 2712 3478 cui
2752 3423 2982 3478 voluerit
3007 3424 3246 3478 revelare
3274 3425 3337 3491 η,
3380 3424 3518 3479 sicut
3544 3436 3754 3493 possum
3796 3435 3874 3475 ex

2329 3513 2506 3568 verbis
2526 3514 2706 3583 ipsius
2736 3514 3128 3571 demonStrare.
3165 3512 3268 3567 Sed
3302 3514 3448 3583 quia,
3493 3527 3611 3567 cum
3661 3511 3878 3565 venerit

2327 3601 2473 3672 quod
2503 3602 2795 3672 perfectum
2828 3612 2932 3669 est,
2964 3600 3268 3658 destruetur
3319 3602 3383 3671 id_
3422 3602 3562 3672 quod
3606 3617 3673 3655 ex
3721 3610 3882 3670 parte

2328 3702 2440 3760 est;
2478 3693 2578 3747 iste
2603 3690 2730 3747 vero
2762 3709 2880 3748 sese
2914 3703 3189 3748 asseverat
3210 3707 3330 3747 esse
3364 3692 3694 3761 perfectum;
3739 3690 3880 3758 quid

2328 3782 2591 3836 destruxit
2631 3786 2876 3838 ostendat
2915 3803 2929 3838 :
2965 3783 3117 3853 quod
3159 3783 3303 3837 enim
3348 3782 3674 3847 destruetur,
3723 3781 3885 3850 igno-

2333 3872 2506 3925 rantia
2535 3881 2618 3926 est
2652 3864 2773 3941 qua:
2803 3874 2858 3942 in
2892 3874 3047 3927 nobis
3070 3881 3171 3942 est.
3205 3870 3356 3926 Dicat
3381 3871 3560 3941 igitur,
3603 3872 3737 3942 quid
3783 3872 3883 3928 de-

2329 3960 2545 4024 struxit,
2593 3961 2723 4033 quid
2765 3962 2821 4016 in
2853 3954 3097 4023 notitiam
3134 3960 3401 4035 protulit?
3432 3960 3487 4017 Si
3528 3964 3659 4033 quid
3702 3963 3885 4020 facere

2328 4057 2520 4121 potest,
2552 4048 2730 4115 faciat,
2759 4063 2817 4135 ut
2852 4056 2999 4110 credi
3029 4056 3079 4110 ei
3107 4054 3314 4133 possit?
3343 4053 3530 4108 Sermo
3576 4068 3711 4107 vero
3751 4054 3881 4119 iste,

2311 4149 2584 4209 quantam
2616 4140 2809 4195 habeat
2836 4144 3109 4207 virtutem,
3157 4143 3200 4197 si
3229 4142 3460 4211 potuerit
3486 4141 3771 4213 diligenter
3800 4143 3884 4195 in-

2327 4230 2516 4300 telligi,
2547 4230 2620 4284 ita
2650 4230 2863 4284 demum
2890 4233 3036 4287 credi
3064 4233 3257 4303 poterit
3297 4232 3382 4287 his
3407 4244 3527 4305 qun
3560 4247 3590 4286 a
3624 4247 3717 4287 me
3758 4232 3877 4286 fue-

2334 4322 2447 4375 rint
2471 4329 2697 4375 asserta.
2726 4319 2892 4389 igitur
2922 4322 2975 4375 in
3007 4324 3177 4391 prima
3206 4321 3271 4374 ad
3298 4319 3606 4377 Corinthios
3630 4320 3869 4392 Epistoia

2276 4476 2277 4479 η
2318 4390 2449 4463 haec
2495 4408 2625 4463 dicit
2666 4408 2867 4464 Paulus
2890 4410 2969 4492 de
2992 4390 3265 4480 perfecto,
3296 4411 3405 4478 qui.
3444 4390 3704 4465 venturus
3748 4420 3873 4463 est:

703 4499 976 4569 mysteria.
1010 4496 1201 4551 Verum
1225 4498 1351 4568 quid
1380 4512 1479 4566 ego
1505 4497 1619 4551 haec
1642 4495 1983 4564 indignanter
2002 4495 2236 4563 accipio?
2265 4494 2309 4546 D
2342 4516 2362 4548 ι
2392 4497 2516 4551 Sive
2554 4499 2847 4567 prophetia:
2887 4498 3246 4562 destruentur,
3293 4499 3406 4552 sive
3447 4498 3645 4569 lingua:
3693 4513 3882 4555 cessa-

725 4630 728 4633 “
770 4632 792 4665 ⁷
820 4627 1006 4685 Matth.
1044 4647 1185 4694 xxiv,
1215 4632 1303 4684 Ἡ.
1378 4631 1399 4662 ⁸
1437 4632 1552 4686 Act.
1584 4591 1725 4695 “,6.
1800 4634 1820 4665 ’
1859 4629 1901 4682 ll
1929 4628 2067 4683 Tim.
2101 4631 2242 4701 111,8

2323 4639 2347 4686 ν.
2424 4632 2467 4662 ⁸⁸
2501 4629 2521 4683 1
2552 4614 2674 4686 cor.
2720 4650 2837 4697 xm,
2871 4634 2924 4698 9,
2955 4634 3042 4701 10,
3115 4610 3153 4665 ίί
3192 4632 3376 4712 Matth.
3416 4648 3502 4699 xl,
3536 4634 3623 4701 27.

768 4748 879 4815 (92)
916 4747 973 4798 lu
1000 4745 1187 4799 eodem
1218 4746 1397 4801 codice
1419 4746 1817 4815 corruptissime
1834 4746 2044 4815 legitur,
2080 4764 2100 4796 α
2129 4744 2233 4800 Ga-

700 4814 861 4869 latam
905 4815 1067 4868 facies
1096 4816 1221 4866 vicit
1247 4854 1261 4874 .
1314 4829 1347 4867 o
1374 4814 1593 4869 nostras
1614 4814 1772 4868 feras.
1821 4833 1839 4865 ι
1888 4814 1996 4868 Nos
2022 4817 2229 4869 modica

704 4885 991 4937 mulatione
1011 4884 1185 4935 locum
1215 4883 1355 4935 hunc
1377 4886 1656 4937 restituere
1681 4884 1856 4937 conati
1884 4898 2089 4937 sumus.

775 4953 884 5015 (9‘5)
922 4952 983 5005 Et
1025 4952 1111 5004 hic
1150 4951 1283 5004 mire
1306 4950 1624 5017 depravatus
1652 4962 1733 5005 est
1777 4952 1915 5004 idem
1951 4952 2136 5016 codex,
2176 4951 2230 5003 in

704 5034 811 5088 quo
842 5020 1048 5087 legitur,
1092 5038 1110 5069 ‹
1157 5020 1437 5072 anathema
1462 5033 1579 5072 esse
1614 5034 1739 5088 ana.
1781 5037 1799 5069 ι
1838 5019 2099 5088 An__recte
2133 5033 2232 5072 nos

705 5085 1159 5142 enitendaverimus
1178 5089 1456 5142 doctorum
1476 5087 1882 5155 estojudicium.
1916 5085 2040 5139 Vide
2070 5088 2230 5140 etiam

705 5171 772 5210 an
801 5156 1167 5221 corrigendum
1196 5157 1283 5219 sit,
1320 5174 1338 5205 ‹
1375 5154 1655 5208 anathema
1693 5164 1751 5206 es
1782 5156 2183 5221 et'maranatha.
2212 5172 2230 5203 ι

778 5224 887 5290 (9t)
928 5224 1054 5292 Vide
1082 5239 1168 5287 an,
1204 5243 1221 5274 ί
1259 5239 1462 5292 regum.
1500 5224 1551 5292 »

758 5288 889 5361 ’(95)
924 5290 979 5361 ln
1013 5288 1360 5361 (lapsinensifc
1393 5290 1534 5360 quod
1563 5288 1698 5361 luto.
1734 5306 1750 5337 ι

784 5354 892 5427 (96)
930 5354 1305 5414 Chaldaaorum
1327 5354 1584 5427 siquidem
1608 5354 2105 5427 linguamSyri‘acae
2126 5354 2238 5406 dia—

712 5423 901 5506 lectum
938 5444 1057 5483 esse
1094 5428 1252 5506 tr_a_dit
1291 5423 1658 5495 Abulfaragius
1687 5423 1757 5506 fin
1790 5423 2029 5476 Historia
2073 5423 2238 5489 dyna-

610 5546 612 5553 ,
713 5498 951 5566 uiarum,
980 5514 1097 5566 pag.
1132 5496 1215 5566 ii.

786 5565 892 5633 (97)
922 5558 997 5618 n5
1019 5558 1076 5618 in
1092 5564 1273 5620 codice
1294 5561 1595 5619 Casinensi,
1625 5562 1765 5633 quod
1790 5571 1966 5629 tamen
1996 5558 2234 5633 nonnulli

714 5628 943 5689 fortasse
986 5634 1367 5689 emendandum
1418 5628 1661 5699 putarent
1703 5630 1803 5699 hoc
1844 5638 2021 5699 pacto.
2064 5646 2082 5677 ι
2110 5628 2237 5699 quid

716 5703 943 5780 amplius
970 5701 1171 5753 dicam?
1190 5700 1439 5780 Barbare.
1470 5716 1494 5778 ξ
1519 5696 1755 5780 ξςάηιὶᾳῂἱ
1774 5696 2057 5780 Ρςιῇεξμξῃ
2079 5696 2239 5780 verbo

654 5792 663 5803 ν
717 5764 947 5830 (αἴθει-ε
977 5786 994 5821 ι
1035 5784 1163 5823 usus
1190 5769 1260 5824 sit
1295 5768 1446 5823 rudis
1482 5766 1739 5833 interpres
1769 5778 1867 5836 pro
1898 5764 2236 5829 contendere,

2338 4745 2511 4799 dicam
2546 4744 2777 4811 trahere,
2811 4747 2893 4801 vel
2922 4746 3156 4802 dicarem
3189 4760 3325 4799 esse.
3384 4781 3387 4785 -

2402 4814 2527 4884 (98)
2551 4812 2679 4878 Quae
2704 4817 3016 4884 sequuntur,
3050 4817 3243 4869 nOstris
3268 4813 3589 4881 coniecturis
3615 4817 3885 4871 emenda-

2284 4896 2287 4899 ‘
2332 4884 2538 4955 vimus;
2575 4896 2696 4955 nam
2728 4883 2779 4934 in
2810 4884 3091 4938 Gasinensi
3128 4883 3308 4955 codice
3336 4884 3426 4955 hic
3454 4886 3587 4955 mire
3610 4897 3885 4955 corrupto

2286 4956 2289 4961 ’
2332 4952 2601 5022 scribitur,
2638 4967 2655 4999 ι
2682 4951 2917 5022 iocorum
2959 4954 3330 5022 mysteriorum
3366 4951 3822 5022 illuminatorcni.
3860 4974 3879 5005 ι

2331 5020 2473 5084 Mox,
2504 5037 2522 5069 ι
2558 5020 2696 5086 apud
2728 5033 2822 5074 eos
2867 5017 3030 5073 ludis:
3058 5040 3077 5071 ι
3108 5018 3169 5071 Et
3216 5017 3371 5081 inira,
3402 5039 3418 5068 ι
3447 5021 3729 5074 adveniat?
3779 5038 3885 5077 su-

2334 5090 2531 5144 scitans
2566 5087 2841 5141 mortuos?
2869 5103 3004 5154 pene
3052 5102 3219 5156 usque
3256 5088 3322 5142 ad
3352 5090 3648 5156 gehennam
3680 5107 3885 5145 omnes

2335 5170 2678 5225 persequens,
2710 5156 2803 5222 qui
2835 5157 2878 5210 si
2925 5167 2983 5207 ut
3012 5157 3376 5225 obtemperare
3408 5158 3655 5219 noluerit,
3696 5162 3883 5225 pluri-

2340 5222 2454 5278 inos
2484 5227 2759 5293 detentus
2782 5227 3100 5293 arrogantiae
3128 5232 3290 5293 metu.
3316 5222 3466 5286 Quod
3493 5236 3575 5277 est
3614 5222 3729 5293 ips'e
3768 5230 3883 5280 εῖτ-

2340 5292 2639 5357 cumdatns.
2676 5289 2795 5343 aliis
2826 5292 3033 5357 adhibet
3078 5292 3249 5357 minas
3295 5295 3469 5346 vultus
3505 5297 3587 5346 sui
3636 5289 3886 5348 conver-

2340 5361 2489 5413 sione
2514 5354 2858 5412 cireumdatio
2878 5356 3129 5409 ludiﬁcat.
3157 5354 3280 5419 Sed,
3309 5375 3327 5407 ›
3353 5368 3455 5413 etc.
3481 5360 3664 5415 Manes
3686 5375 3887 5418 autem

2304 5482 2307 5483 ν
2341 5435 2597 5497 tanquam
2621 5424 2826 5497 Mithrae
2868 5425 3644 5497 sacerdos-traducituraqnia
3694 5436 3885 5487 solem

2340 5490 2727 5548 venerabantur
2756 5490 3045 5550 Mani‘bci,
3076 5498 3133 5542 ut
3160 5491 3283 5543 alibi
3316 5490 3557 5550 ostendo".

2376 5626 2377 5629 η
2408 5561 2521 5629 (99)
2556 5562 2611 5615 in
2658 5556 2927 5635 Casineml
2973 5564 3129 5635 εει.)
3160 5559 3291 5635 nulli
3325 5560 3434 5613 alio
3471 5572 3635 5635 atque
3678 5576 3888 5635 poste.

2340 5627 2549 5709 rumpi
2596 5646 2754 5700 quem
2801 5627 2997 5689 locum,
3038 5627 3121 5676 uti
3172 5627 3373 5711 editum
3414 5638 3497 5683 est
3544 5627 3885 5702 degendam

2327 5712 2542 5750 (ξοηδυι.
2778 5732 2783 5737 -
3314 5724 3315 5727 ‘
