4118 6350
284 424 425 478 1439

1359 420 1502 476 CUM
1543 416 1816 473 usus“:
1854 392 2376 485 umnssmacua,

3336 372 3471 475 mo

283 536 444 609 bunt,
479 536 592 590 sive
610 533 852 588 fscientia
885 532 1221 606 destruetur;
1252 547 1316 587 ex
1358 542 1510 605 parte
1545 531 1687 585 enim
1733 531 1838 585 sci-
1868 534 1913 589 Δ
1984 501 2291 587 ⁴ΧῊΚἯΙΙ.
2335 531 2400 584 Ει
2445 547 2541 601 ego
2586 532 2799 601 quidem
2833 533 3075 590 beatiﬁco
3126 533 3504 604 Marcionemh

284 641 433 686 mus,
458 635 511 678 et
541 639 603 677 cx
637 631 785 692 parte
825 608 1227 692 prophetamus.
1257 620 1392 675 Cum
1427 630 1603 674 autem
1634 620 1836 673 venerit

283 716 429 783 quod
460 712 751 783 perfectum
790 721 900 778 est,
934 713 985 767 id
1016 712 1159 781 quod
1184 727 1249 767 ex
1274 722 1422 781 parte
1449 720 1549 775 est,
1593 710 1836 765 destrue-

278 811 378 858 tur
402 807 464 859 η.
496 823 514 856 ι
544 802 675 858 Vide
700 814 828 874 ergo
851 815 1107 874 quantam
1138 803 1192 857 in
1223 816 1343 857 sese
1371 800 1561 853 habeat
1588 800 1834 853 virtutem

285 894 433 962 quod
461 891 756 962 perlectum
804 902 919 959 est,
956 902 1008 947 et
1039 894 1196 961 cujus
1242 892 1311 946 sit
1338 890 1543 944 ordinis
1578 890 1677 944 ista
1721 906 1839 958 per—

285 979 468 1033 fectio.
507 980 656 1036 Dicat
702 990 877 1035 autem
916 982 1017 1036 iste
1045 997 1205 1051 quam
1240 979 1569 1051 (destruxerit
1610 980 1837 1056 propheé

285 1070 417 1121 tiam
446 1068 751 1124 Iudaeorum
781 1088 843 1125 ac
867 1070 1235 1133 Hebraeorum,
1264 1086 1355 1125 seu
1385 1070 1459 1140 (i)
1488 1070 1695 1138 linguas
1724 1083 1839 1122 ces-

285 1173 411 1212 sare
440 1157 561 1215 fecit
591 1159 921 1223 Graecorum,
951 1171 1045 1214 aut
1076 1176 1261 1215 eorum
1303 1160 1395 1228 qui
1439 1159 1577 1213 idola
1625 1159 1835 1223 colunt,

284 1250 371 1302 vel
416 1266 534 1319 qua:
574 1252 675 1306 alia
715 1251 963 1321 dogmata
1008 1253 1295 1314 destruxit,
1340 1250 1716 1315 Valentiniani,-
1748 1260 1838 1302 aut

284 1335 596 1402 Marcionis,
638 1349 730 1393 aut
770 1338 1014 1402 Tatiani.
1043 1351 1136 1393 aut
1161 1340 1377 1394 Sabellii
1421 1348 1839 1406 caeterorumque

282 1428 383 1494 qui
416 1431 682 1497 propriam
716 1430 1068 1498 sibimetipsis
1092 1431 1371 1485 scientiam
1400 1435 1834 1498 composuerunt.

282 1515 459 1578 Quem
496 1518 688 1569 horum
723 1518 1005 1583 destruxit,
1035 1518 1196 1579 dicat,
1224 1529 1316 1572 aut
1340 1518 1554 1587 quando
1581 1518 1835 1582 destruet,

281 1605 442 1672 quasi
475 1604 779 1672 perfectus?
812 1606 1061 1661 Inducias
1092 1608 1337 1663 fortassis
1370 1610 1576 1678 aliquas
1615 1609 1842 1677 quaerit?

280 1693 403 1748 Non
430 1697 608 1763 plane,
642 1711 749 1750 non
781 1707 888 1750 tam
924 1696 999 1767 (2)
1030 1700 1261 1753 obscure
1301 1710 1355 1753 et
1400 1699 1705 1769 ignobiliter
1743 1699 1847 1752 ad-‘

240 1854 243 1855 ν
281 1786 464 1840 veniet
489 1788 591 1851 ille,
628 1788 719 1857 qui
755 1787 1023 1856 perfectus
1047 1799 1129 1844 est
1152 1833 1166 1857 ,
1197 1792 1249 1845 id
1282 1801 1364 1845 est
1402 1791 1557 1846 Jesus
1593 1791 1840 1847 Christus

1936 634 1988 673 et
2018 619 2446 676 Valentinianum
2472 622 2570 692 (5),
2610 638 2673 676 ac
2714 622 2999 679 Basilidem
3037 624 3276 695 aliosque
3306 622 3490 687 here-ﬂ

1938 712 2095 773 ticos,
2138 711 2217 765 sic
2252 720 2310 765 ut
2332 712 2489 765 istius
2529 712 2923 781 comparatione
2956 713 3052 783 (6),
3087 714 3178 783 qui
3212 713 3355 767 velut
3392 714 3475 766 iu-

1937 802 2146 856 tellectu
2178 802 2359 871 aliquo
2403 803 2486 857 usi
2520 812 2663 867 sunt,
2709 804 2799 871 qui
2832 804 3078 857 videntur
3117 803 3220 858 sibi
3262 819 3474 861 omnem

1937 889 2267 958 Scripturam
2318 904 2478 958 posse
2531 891 2852 960 intelligere,
2901 900 2954 944 et
3003 890 3074 944 ita
3127 906 3185 945 se
3230 892 3476 945 ductores

1937 987 2237 1033 statuerunt
2268 979 2335 1033 iis
2365 979 2455 1047 qui
2506 979 2582 1047 (‘7)
2619 994 2676 1034 se
2712 980 2895 1032 audire
2931 981 3256 1043 voluissent;
3298 980 3476 1032 nullus

1938 1078 2114 1123 tamen
2145 1070 2380 1138 ipsorum
2413 1085 2577 1123 ausus
2613 1080 2695 1124 est
2737 1070 2900 1124 Deum
2947 1085 3003 1123 se
3044 1069 3351 1138 praedicare,
3397 1069 3498 1135 vel,

1937 1158 2234 1225 Christum,
2266 1162 2345 1214 vel
2373 1150 2730 1225 Paracletum,
2760 1161 2899 1215 sicut
2931 1161 3049 1221 iste,
3078 1160 3167 1229 qui
3192 1159 3477 1227 aliquando

1937 1249 2151 1317 quidem
2208 1250 2275 1303 de
2319 1238 2525 1303 saeculis
2578 1248 2833 1318 disputat,
2886 1249 3175 1317 aliquando
3218 1247 3283 1301 de
3339 1248 3473 1312 sol‘e,

1937 1332 2213 1406 quomodo
2236 1338 2371 1392 facta
2404 1338 2530 1400 sint,
2550 1346 2801 1405 tanquam
2827 1339 2997 1405 major
3022 1338 3134 1407 ipse
3160 1338 3230 1391 sit
3251 1350 3435 1391 eorum
3459 1354 3474 1399 ;

1938 1428 2285 1482 omnisenim
2318 1430 2413 1498 qui
2455 1427 2519 1481 de
2555 1428 2733 1496 aliquo
2754 1429 2970 1494 exponit
3000 1427 3267 1494 quomodo
3309 1426 3478 1479 factus

1938 1518 2025 1578 sit,
2058 1504 2316 1584 majorem
2348 1532 2407 1575 se
2438 1524 2492 1571 et
2519 1514 2871 1583 antiquiorem
2896 1515 3124 1568 ostendit
3158 1529 3296 1577 esse,
3320 1510 3478 1584 quam
3556 1556 3560 1561 .

1937 1613 2020 1658 est
2058 1604 2161 1657 ille‘
2184 1603 2250 1657 de
2289 1618 2398 1671 quo
2438 1604 2586 1657 dicit.
2628 1602 2758 1668 Quis
2790 1612 2965 1655 autem
3004 1611 3054 1655 et
3089 1602 3155 1654 de
3184 1601 3482 1655 substantia

1940 1692 2032 1747 Dei
2061 1693 2238 1747 dicere.
2269 1693 2480 1758 audeat,
2513 1695 2615 1747 nisi
2644 1694 2783 1747 forte
2818 1694 2964 1747 solus
3007 1691 3260 1744 Dominus
3301 1700 3485 1745 noster

1938 1784 2097 1838 Jesus
2124 1784 2406 1839 Christus?
2442 1782 2572 1847 Quae
2604 1784 2821 1851 quidem
2848 1799 2947 1853 ego
2976 1798 3078 1836 non
3112 1796 3177 1835 ex
3206 1782 3337 1834 meis
3358 1797 3480 1835 ver-

287 1874 555 1931 Dominus
581 1886 781 1931 noster.
821 1878 924 1933 Sed
953 1880 1091 1933 sicut
1114 1896 1206 1935 rex
1236 1881 1525 1935 adveniens
1551 1881 1615 1934 ad
1648 1880 1830 1933 urbem
1869 1865 1903 1917 Ιῖ
1933 1875 2017 1928 bis
2041 1880 2246 1938 astruo,
2276 1873 2366 1926 sed
2398 1869 2685 1939 Scriptura:
2711 1887 2829 1940 quae
2848 1872 2959 1939 fnos
2991 1871 3225 1932 edocuit,
3250 1871 3484 1923 auctori-

284 1981 464 2029 suam,
497 1967 771 2035 praemittit
804 1970 978 2036 primo
1013 1981 1340 2040 protectores
1372 1986 1499 2026 suos
1539 1970 1638 2039 (5),
1663 1970 1833 2036 signa,

284 2054 572 2123 dracones,
597 2047 855 2123 'labaros,
898 2059 1081 2127 duces,
1128 2063 1413 2131 principes,
1448 2060 1743 2129 pmfectos,
1786 2069 1839 2115 et

285 2148 540 2200 universa
591 2148 848 2204 continuo
895 2162 1330 2216 commoventur,
1371 2153 1490 2205 aliis
1536 2167 1665 2205 vero
1727 2166 1841 2205 me—

283 2239 579 2303 tuentibus,
614 2240 733 2294 aliis
763 2257 892 2295 vero
934 2242 1293 2312 gaudentibus
1310 2258 1407 2311 pro
1440 2243 1840 2313 exspectatione

283 2328 427 2399 regis
454 2347 467 2382 :
500 2328 572 2383 ita
595 2339 649 2383 et
674 2329 933 2386 Dominus
967 2324 1119 2386 meus
1146 2331 1303 2387 Jesus
1340 2333 1431 2401 qui
1458 2343 1536 2385 est
1573 2348 1696 2386 vere
1717 2348 1840 2401 per-

293 2417 491 2483 fectus,
521 2421 809 2475 adveniens
839 2422 1112 2490 praemittit
1138 2423 1189 2474 in
1217 2423 1391 2491 primo
1414 2423 1634 2489 gloriam
1665 2436 1837 2483 suam,

287 2511 702 2565 incontaminati
746 2520 906 2581 atque
935 2513 1261 2567 immaculati
1292 2514 1441 2581 regni
1471 2514 1843 2581 praedicatores

284 2610 569 2667 sacratos;
598 2610 651 2654 et
680 2610 809 2656 tunc
841 2603 1091 2655 universa
1123 2610 1373 2655 creatura
1399 2600 1841 2663 commovebitur,

282 2686 789 2754 etcenturbabitur,
807 2689 1120 2759 supplicans
1138 2698 1298 2757 atque
1320 2688 1630 2753 obsecrans,
1648 2702 1844 2758 usque-

280 2794 393 2849 quo
415 2796 531 2835 eam
560 2780 810 2835 servitute
834 2780 1034 2833 liberet.
1064 2766 1365 2833 Humanum
1391 2794 1515 2834 vero
1539 2794 1708 2849 genus
1735 2794 1846 2833 me-

282 2879 403 2924 tuat
425 2886 641 2925 necesse
663 2881 765 2935 est,
805 2878 857 2925 et
880 2870 1333 2939 quamplurimum
1382 2870 1729 2923 conturbetur
1750 2868 1844 2938 (4),

279 2974 385 3028 pro
410 2973 473 3011 eo
504 2960 644 3028 quod
679 2960 844 3013 multa
864 2959 1053 3014 delicta
1072 2958 1427 3025 commiserit;
1453 2958 1551 3012 soli
1578 2974 1703 3012 vero
1719 2958 1848 3027 justi

283 3044 630 3114 laetabuntur,
666 3057 1039 3119 exspectantes
1087 3064 1206 3117 quae
1253 3050 1353 3103 sibi
1392 3043 1657 3118 promissa
1694 3057 1847 3113 sunt;

290 3151 396 3189 nec
429 3138 565 3190 ultra
599 3139 991 3192 mundanarum
1026 3155 1207 3194 rerum
1239 3141 1538 3195 substantia
1567 3152 1845 3208 permane-
1870 3175 1914 3233 ε

290 3230 396 3295 bit,
431 3231 608 3283 omnia
646 3231 1013 3293 destruentur,
1045 3232 1157 3285 sive
1184 3232 1475 3300 prophetiae
1507 3232 1619 3285 sive
1650 3232 1843 3285 horum

290 3322 435 3387 libri,
468 3322 579 3376 sive
609 3322 804 3391 linguae
834 3324 996 3375 totius
1025 3323 1236 3389 generis
1266 3324 1573 3389 cessabunt,
1608 3338 1673 3377 eo
1703 3324 1845 3391 quod

287 3408 429 3461 ultra
458 3422 564 3459 non
591 3416 779 3477 egeant
810 3406 1025 3459 solliciti
1068 3421 1188 3460 esse
1220 3407 1485 3471 homines,
1518 3416 1572 3461 et
1613 3407 1846 3475 cogitare

285 3496 355 3548 de
391 3494 475 3548 his
504 3510 625 3561 quae
657 3494 725 3547 ad
757 3494 921 3547 vitam
953 3495 1254 3548 necessaria
1294 3503 1438 3560 sunt,
1480 3496 1593 3549 sive
1625 3497 1846 3549 scientia

287 3597 741 3652 quorumcunque
792 3585 1073 3638 doctorum
1125 3586 1285 3638 etiam
1331 3585 1446 3654 ipsa
1494 3586 1841 3640 destruetur:

186 3721 197 3728 .
276 3673 428 3738 nihil
460 3672 603 3726 enim
637 3673 831 3726 borum
864 3673 1089 3727 sufferre
1126 3675 1321 3742 poterit
1367 3675 1547 3743 magni
1593 3674 1733 3725 illius
1763 3689 1847 3725 re-

291 3766 379 3834 gis
412 3766 720 3819 adventum.
756 3764 908 3820 Sicut
934 3766 1077 3821 enim
1109 3782 1271 3834 parva
1310 3766 1537 3819 scintilla
1567 3763 1632 3815 ad
1671 3762 1847 3828 splen-

288 3858 479 3909 dorem
515 3856 645 3909 solis
683 3857 899 3910 admota
932 3858 1245 3920 assumitur,
1277 3856 1418 3909 illico
1453 3869 1559 3907 non
1592 3855 1841 3919 apparet;

289 3950 371 4003 ita
420 3949 670 4002 universa
733 3957 1014 4013 creatura,
1074 3948 1251 4017 omnis
1303 3943 1598 4014 pr0phetia,
1656 3952 1847 3996 cuncta

292 4038 541 4099 scientia,
591 4038 855 4090 universae
888 4022 1117 4106 linguae,
1140 4038 1280 4089 sicut
1307 4033 1553 4103 superius
1586 4032 1843 4096 diximus,

291 4130 660 4182 destruentur.
720 4126 824 4181 Sed
877 4127 1001 4195 quia
1054 4128 1288 4182 cmlestis
1336 4124 1476 4193 regis
1510 4123 1845 4189 praesentiam

292 4216 483 4287 paucis
521 4218 719 4280 verbis,
749 4226 801 4269 et
840 4216 1114 4286 fragilibus
1146 4228 1197 4271 et
1240 4216 1387 4268 valde
1432 4212 1659 4267 inﬁrmis
1688 4228 1848 4280 expo-

292 4318 425 4357 nere
454 4319 556 4355 non
588 4304 727 4357 valet
758 4307 988 4358 humana
1020 4315 1211 4357 natura
1231 4344 1243 4368 ,
1291 4310 1348 4355 ut
1380 4301 1608 4353 fortasse
1638 4312 1850 4353 sancto-

296 4409 421 4447 rum
451 4394 644 4447 debeat
676 4409 799 4447 esse
829 4406 882 4447 et
910 4396 1060 4447 valde
1090 4396 1369 4461 dignorum
1397 4392 1461 4444 de
1496 4392 1611 4458 ipso
1651 4392 1849 4458 aliquid

1937 1974 2046 2018 tate
2071 1965 2357 2029 conﬁrmo;
2392 1965 2647 2033 quoniam
2694 1963 2906 2030 quidem
2944 1973 2995 2018 et
3039 1962 3325 2030 Apostolus
3353 1961 3481 2016 dicit

1938 2055 2003 2109 ad
2030 2069 2167 2109 nos:
2198 2072 2215 2105 ι
2251 2052 2321 2108 Ut
2349 2055 2467 2108 sitis
2511 2054 2652 2109 sicut
2685 2050 2988 2106 luminaria.
3012 2054 3064 2104 in
3119 2052 3223 2106 hoc
3260 2051 3481 2115 mundo,

1938 2144 2159 2197 verbum
2186 2143 2309 2195 vitat
2333 2142 2669 2196 continentes
2697 2141 2763 2196 ad
2802 2141 3023 2210 gloriam
3053 2155 3227 2193 meam
3260 2141 3312 2192 in
3341 2139 3483 2193 diem

1939 2233 2161 2295 Christi,
2203 2232 2456 2299 quoniam
2500 2248 2606 2285 non
2658 2233 2711 2284 in
2754 2246 2981 2286 vacuum
3020 2231 3253 2295 cucurri,
3290 2244 3388 2285 nec
3427 2230 3484 2285 in

1942 2336 2167 2375 vacuum
2198 2321 2433 2373 laboravi
2460 2320 2522 2372 ¹³.
2569 2337 2586 2369 ι
2633 2320 2933 2387 Intelligere
2977 2319 3236 2373 debemus
3265 2330 3385 2387 quas
3416 2319 3490 2376 sit

1942 2411 2023 2463 vis
2063 2417 2117 2462 et
2158 2410 2296 2461 ratio
2340 2408 2606 2461 sermonis
2653 2408 2845 2473 hujus;
2882 2407 3102 2460 verbum
3145 2408 3287 2461 enim
3330 2407 3486 2462 ducis

1940 2498 2143 2551 obtinet
2176 2498 2375 2559 locum,
2404 2512 2563 2563 opera
2591 2511 2720 2549 vero
2750 2498 2891 2564 regis
2923 2496 3019 2565 (8).
3053 2495 3204 2549 Sicut
3224 2503 3353 2564 ergo
3380 2498 3486 2550 ali-

1942 2589 2065 2656 quis
2094 2588 2203 2655 regi
2232 2601 2331 2641 suo
2360 2588 2685 2651 adventanti,
2722 2601 2907 2640 omnes
2939 2586 3032 2653 qui
3078 2585 3181 2639 sub
3220 2600 3349 2639 cura
3386 2601 3487 2641 sua

1944 2685 2092 2743 sunt,
2120 2677 2295 2732 studet
2329 2674 2657 2739 obedientes,
2689 2685 2901 2744 paratos
2937 2684 2991 2727 et
3025 2675 3218 2729 charos
3261 2670 3492 2731 mnam.

1945 2784 2049 2839 que
2083 2768 2362 2822 ostendere
2385 2784 2448 2822 ac
2472 2769 2711 2830 devotos,
2741 2768 2833 2821 sed
2870 2768 3028 2821 etiam
3073 2766 3471 2821 innocentes“:

1945 2859 2103 2913 bonis
2128 2858 2379 2913 omnibus
2403 2859 2757 2920 abundantes,
2796 2867 2855 2911 ut
2895 2857 3008 2925 ipse
3049 2853 3257 2910 laudein
3290 2869 3471 2913 const-

1947 2956 2144 3017 quatur
2173 2963 2203 3001 a
2233 2962 2373 3016 rege,
2404 2956 2456 3001 et
2488 2948 2687 3015 majore
2713 2947 2781 3000 ab
2824 2961 2889 3002 eo
2933 2946 3134 2999 honore
3161 2930 3353 3016 dignus
3385 2940 3470 3001 ha-

1949 3039 2157 3105 beatur,
2192 3050 2443 3108 tanquam
2474 3038 2606 3090 bene
2630 3038 2919 3105 gubernata
2954 3052 3073 3105 quae
3101 3036 3201 3101 sibi
3230 3045 3312 3091 est
3337 3052 3475 3091 corr-

1951 3129 2113 3183 missa
2150 3118 2424 3198 provincia
2451 3144 2463 3178 :
2491 3126 2562 3179 ita
2590 3134 2641 3179 et
2668 3126 2856 3180 beatus
2877 3124 3074 3184 Paulus
3094 3126 3224 3181 dicit
3250 3116 3315 3179 ad
3343 3139 3477 3180 nos:

1952 3236 1971 3268 ι
2002 3216 2068 3272 Ut
2101 3217 2403 3271 sitiS'velut
2447 3215 2732 3269 luminaria
2780 3217 2831 3269 in
2876 3218 2976 3269 hoc
3009 3217 3228 3281 mundo,
3261 3216 3482 3273 verbum
3551 3214 3555 3220 ’

1945 3310 2065 3363 vita:
2093 3309 2423 3361 continentes
2470 3308 2534 3359 ad
2578 3306 2802 3374 gloriam
2852 3323 3021 3360 meam
3067 3305 3121 3359 in
3166 3307 3305 3359 diem
3328 3304 3484 3373 Chri-

1945 3399 2012 3452 sti
2037 3399 2094 3449 “.
2127 3415 2145 3447 ι
2178 3386 2395 3451 Scilicet
2416 3398 2558 3466 quod
2583 3396 2844 3450 Dominus
2868 3405 3047 3449 noster
3066 3395 3221 3449 Jesus
3238 3395 3497 3449 Christus
3592 3416 3599 3420 ·

1944 3488 2186 3551 veniens,
2216 3482 2392 3541 videat
2418 3486 2708 3556 profecisse
2734 3486 3027 3539 doctrinam
3063 3485 3178 3551 ejus
3212 3485 3265 3536 in
3298 3485 3494 3551 nobis;

1943 3587 1994 3631 et
2022 3578 2145 3645 quia
2173 3594 2277 3631 non
2308 3580 2360 3631 in
2393 3594 2619 3632 vacuum
2653 3576 2909 3637 cucurrit,
2941 3590 3037 3627 nec
3065 3574 3118 3625 in
3150 3589 3379 3627 vacuum
3406 3575 3486 3628 la-

1945 3666 2175 3730 boravit,
2201 3666 2459 3719 retribuat
2502 3667 2548 3719 ei
2592 3664 2823 3717 debitam
2870 3676 3147 3713 coronam.
3192 3658 3257 3713 Et
3297 3664 3487 3715 rursus

1945 3772 2160 3827 quoque
2200 3758 2250 3810 in
2298 3757 2482 3810 eadem
2528 3753 2752 3821 epistola
2787 3759 3093 3805 commonet
3123 3766 3243 3814 nos,
3284 3766 3349 3804 ne
3378 3761 3487 3805 ter~

1946 3862 2075 3899 rena
2113 3846 2404 3913 sapiamus,
2424 3842 2514 3895 sed
2545 3841 3007 3895 conversationem
3034 3849 3269 3894 nostram
3298 3840 3488 3893 debere

1946 3949 2063 3988 esse
2094 3934 2145 3985 in
2182 3931 2331 3985 caelis
2356 3931 2419 3995 ui;
2456 3930 2597 3984 unde
2644 3939 2698 3983 et
2743 3929 3072 3983 Salvatorem
3115 3940 3487 3998 exspectamus

1947 4023 2230 4076 Dominum
2274 4028 2521 4073 nostrum
2566 4020 2747 4074 Jesum
2785 4020 3081 4073 Christum.
3136 4019 3203 4071 Et
3233 4020 3485 4086 quoniam

1947 4112 2101 4166 nobis
2133 4126 2238 4162 non
2268 4118 2351 4164 est
2384 4120 2555 4165 tutum
2599 4112 2737 4164 scire
2770 4110 3011 4162 ultimam
3041 4109 3203 4173 diem,
3238 4108 3485 4175 designa-

1946 4203 2109 4269 vitin
2137 4197 2373 4267 Epistola
2411 4217 2569 4269 quam
2610 4199 2795 4256 scribit
2833 4198 2900 4251 ad
2940 4196 3444 4251 Thessalonicenses
3467 4237 3481 4250 .

1954 4313 1970 4344 ι
2004 4291 2075 4345 De
2106 4292 2433 4361 temporibus
2463 4299 2635 4342 autem
2675 4297 2727 4340 et
2765 4288 3071 4351 momentis,
3118 4287 3330 4353 fratres,
3376 4302 3486 4340 non

1950 4382 2155 4435 habetis
2186 4396 2341 4451 Opus,
2382 4388 2440 4432 ut
2463 4376 2678 4443 aliquid
2722 4375 2873 4429 vobis
2916 4377 3173 4441 scribam;
3208 4377 3308 4443 ipsi
3340 4377 3482 4428 enim

295 4498 585 4547 enarrare;
620 4491 795 4535 tamen
831 4485 1166 4537 necessitatis
1195 4497 1378 4545 causa,
1412 4481 1513 4533 ista
1544 4496 1628 4533 me
1655 4481 1847 4535 sulIicit
1878 4507 1919 4559 υ
1948 4473 2227 4540 diligenter
2278 4470 2459 4529 scitis.
2509 4466 2633 4533 (illia
2678 4464 2793 4517 dies
2843 4466 3072 4530 Domini.
3119 4467 3260 4541 Sicut
3307 4466 3389 4517 Γυτ
3430 4466 3485 4518 in

300 4577 609 4645 protulisse,
635 4575 793 4643 hujus
811 4577 1211 4643 importunitate
1230 4560 1583 4641 compulsum,
1603 4586 1661 4629 ut
1682 4576 1842 4629 istum

297 4669 455 4721 vobis
485 4667 661 4735 qualis
685 4674 826 4719 esset
850 4669 1207 4720 ostenderem.

371 4824 418 4858 ⁸⁸
456 4825 630 4879 lCor.
673 4840 793 4886 xm,
836 4823 986 4876 8-l0.
1066 4824 1108 4855 ¹⁸
1144 4824 1369 4893 Philipp.
1410 4841 1465 4890 ll,
1508 4825 1587 4878 l5.

375 5009 449 5081 (ι)
490 5011 543 5081 In
578 5009 855 5081 Casinensi
887 5020 988 5069 est.
1019 5028 1036 5059 ι
1068 5010 1180 5073 sed,
1218 5030 1233 5059 ι
1273 5026 1431 5077 prava
1460 5012 1635 5081 laetio.

376 5074 451 5147 (Ξ)
491 5080 667 5133 Codex
715 5080 1042 5139 (lasincnsis,
1078 5098 1093 5127 ι
1126 5096 1228 5131 non
1275 5074 1434 5147 plane
1485 5074 1629 5133 nota.
1664 5094 1695 5147 ί»
1727 5074 1845 5126 lSed

302 5150 539 5200 omissas
572 5150 637 5200 ab
671 5151 931 5201 oscitante
968 5150 1183 5199 librario
1234 5146 1457 5202 lineolas
1496 5146 1696 5204 censui.
1732 5160 1849 5211 quae

302 5217 581 5284 vocalibus
613 5219 957 5284 superposita).
991 5230 1346 5270 consonantes
1372 5220 1726 5283 designarent.

380 5285 452 5349 (ὃ)
496 5283 569 5335 De
612 5282 693 5339 his
738 5282 838 5338 late
872 5297 989 5353 post
1030 5284 1413 5339 Gotltofredum
1463 5282 1761 5349 Ducangius
1797 5282 1850 5333 in

309 5352 596 5406 Glossario.

385 5419 460 5487 (4)
500 5417 555 5471 In
582 5422 761 5475 codice
784 5421 1062 5476 Casinensi
1086 5460 1099 5483 ,
1131 5439 1148 5471 ι
1185 5430 1236 5475 et
1266 5438 1387 5476 cum
1420 5422 1702 5491 plurimum
1728 5433 1853 5471 con-

308 5492 583 5543 turbetur.
612 5508 629 5538 ι

383 5558 460 5623 (5)
502 5555 929 5613 Valentinianum
961 5568 1142 5619 vocat,
1181 5574 1336 5626 quem
1378 5560 1464 5610 alii
1515 5556 1854 5610 Valentinum

315 5626 613 5745 nomcilnant,
646 5628 905 5681 celebrem
933 5631 1340 5699 apostolicorum
1370 5637 1666 5693 temporum
1695 5628 1855 5680 mere-

315 5711 426 5745 star
478 5710 601 5745 iam.

310 5710 601 5749 atarcnam.

385 5763 461 5837 {6)
501 5766 556 5815 ln
607 5762 787 5817 codice
828 5766 1107 5825 Casiueus‘i
1141 5774 1244 5838 est,
1276 5782 1296 5817 ι
1328 5765 1464 5820 sicut
1506 5764 1668 5819 istius
1701 5779 1856 5835 para-

1667 4826 1706 4853 "
1745 4823 1872 4875 Ibid.

1948 4576 2123 4628 nocte,
2150 4568 2221 4617 ita
2255 4562 2427 4614 veniet
2454 4560 2538 4611 η’.
2574 4578 2591 4610 ι
2623 4557 2689 4611 Ει
2722 4559 2990 4627 quomodo
3022 4572 3162 4609 nunc
3204 4566 3339 4607 astat
3385 4556 3485 4606 iste
3577 4587 3579 4589 ι

1948 4658 2290 4730 persuadens,
2327 4661 2380 4705 et
2421 4667 2615 4721 rogans
2661 4664 3091 4718 unumquemque
3132 4648 3481 4701 manichreum

1968 4821 2009 4850 ¹⁸
2050 4813 2273 4881 Philipp.
2311 4826 2402 4874 ιιι,
2456 4812 2540 4865 l9.
2620 4813 2682 4841 ’δ’
2722 4811 2740 4861 I
2774 4806 3011 4859 Thessal.
3039 4812 3091 4869 v,
3126 4808 3174 4867 l,
3208 4806 3261 4857 2.

1945 5004 2109 5055 tione.
2143 5018 2158 5049 ι
2194 4998 2296 5052 Sed
2340 4996 2639 5066 legendum,
2670 5011 2688 5041 ι
2730 4992 2909 5066 sic_ut_
2948 4990 3485 5066 istius-comparatio-

1948 5088 2030 5124 ne.
2067 5090 2083 5120 ι
2116 5059 2416 5121 Archelaus
2431 5066 2571 5118 enim
2602 5064 2782 5114 beatos
2813 5059 2938 5113 facit
2966 5059 3279 5111 Marcionem
3324 5059 3485 5113 alios-

1956 5156 2061 5207 que
2087 5138 2413 5207 hazreticos,_
2449 5148 2557 5207 non_
2596 5130 2761 5207 quod
2786 5130 2854 5207 ita
2896 5129 2959 5181 de
3000 5129 3103 5180 illis
3146 5127 3482 5207 sentiendum

1952 5194 2048 5273 sit;
2081 5210 2171 5262 sed
2201 5206 2342 5274 quod
2371 5194 2561 5274 Maneti
2594 5194 2933 5252 insanissime
2957 5194 3266 5263 comparati,
3303 5196 3483 5250 minus
3572 5262 3575 5263 ν

1952 5272 2131 5331 errare
2161 5272 2639 5342 deprehendantur.
2706 5336 2719 5342 _
3244 5338 3254 5342 _
3393 5332 3403 5342 _

2026 5347 2098 5413 (7)
2138 5336 2432 5413 Casinensi,
2469 5356 2484 5385 ι
2530 5338 2599 5389 ita
2632 5336 2935 5413 seductores
2967 5338 3279 5413 statuerunt,
3316 5336 3483 5413 (μή.)

2026 5398 2101 5482 (8)
2134 5413 2240 5482 Cur
2267 5409 2377 5482 haec
2409 5398 2531 5457 eum
2564 5406 2978 5482 prtecedenti-bus
3009 5415 3111 5482 non
3153 5398 3477 5482 gohmrcant,

1953 5464 2461 5547 vide’prazfationem
2490 5464 2807 5547 nostramjn
2846 5470 3112 5547 Archelao.
3153 5464 3487 5547 Sensus'au-

1956 5536 2057 5606 tern
2090 5536 2208 5601 esse
2252 5545 2476 5607 videtur,
2525 5545 2691 5597 solius
2733 5542 2919 5610 Regis,
2973 5537 3183 5615 perfecti
3244 5536 3493 5615 videlich

1956 5624 2096 5675 illius
2130 5617 2219 5683 qui
2266 5622 2789 5683 exspectatunopus
2816 5608 2972 5683 'esse,
3007 5608 3287 5683 hominum
3336 5608 3484 5683 ἰεζιιητ

1959 5676 2203 5745 rantiatn,
2237 5692 2295 5755 ut
2336 5676 2493 5755 antea
2536 5676 2703 5745 dixit,
2736 5680 2941 5747 penitus
2991 5676 3295 5741 destruere,
3342 5676 3482 5755 quod

1957 5774 2060 5810 non
2091 5752 2405 5823 praestiterat
2431 5750 2624 5803 Manes.
