4118 6350
660 242 789 324 ιιθί

1624 266 1811 323 ACTA
1847 232 2383 339 ntsrurartorits,
2406 267 2461 321 s.
2504 248 2840 331 manus:

3616 260 3619 263 λ
3714 270 3857 327 H93

657 388 893 454 edici,“
914 387 1288 452 circumvenit,
1316 396 1371 449 et
1393 388 1691 458 ingreditur
1721 389 1932 453 domos,
1959 390 2206 459 decipere
2238 398 2277 450 Α
2307 358 2496 447 chelao
2528 362 2756 448 traditur
2802 400 2831 439 a
2880 384 3147 443 Marcello.
3174 385 3350 453 quem
3392 400 3516 439 cum
3562 362 3854 440 diaconum

659 492 908 549 quaerens
928 478 1133 532 animas
1165 486 1415 534 oneratas
1447 480 1789 555 peccatis“?
1838 478 1940 534 Sed
1973 496 2071 543 nos
2098 495 2207 533 non

601 608 623 621 ..
660 571 736 629 ita
765 569 1069 634 sentimus;
1092 570 1233 639 .quin
1264 572 1447 639 potius
1482 586 1571 626 res
1607 571 1752 640 ipsas
1772 572 2112 642 proferamus
2151 572 2205 626 in

657 645 916 725 medium,
945 672 997 716 et
1040 660 1419 737 conferamus,
1471 663 1518 717 si
1565 663 1760 732 placet,
1804 665 1873 718 ad
1915 665 2207 734 perfectum

600 808 601 811 η
626 812 629 815 ν
663 750 1015 807 Paracletum.
1039 752 1242 809 Videtis
1273 754 1416 808 enim
1444 753 1573 821 quia
1602 742 2203 824 interdum‘iuterrogat,

626 894 628 897 .
662 836 1048 912 nonnunquam
1075 843 1417 913 deprecatur.
1444 842 1547 925 Sed
1565 845 1929 913 Scriptum'est
1955 846 2008 897 in
2034 843 2207 897 Evan-

657 932 795 1001 gelio
827 930 1120 989 Salvatoris
1168 934 1364 997 nostri,
1401 934 1527 1002 quia
1564 942 1621 988 et
1659 934 1735 999 illi
1775 935 1868 1004 qui
1898 950 1928 988 a
1970 931 2206 989 sinistris

659 1022 797 1093 regis
832 1025 1115 1091 assistunt,
1144 1024 1323 1078 dicent
1350 1041 1363 1077 :
1401 1042 1420 1075 ‹
1452 1022 1696 1091 Domine,
1728 1025 1946 1094 quando
1985 1020 2211 1079 te'vidi-r

656 1129 779 1168 mus
810 1115 1166 1178 esurientem,
1210 1124 1302 1168 aut
1346 1116 1640 1181 sitientem,
1686 1125 1780 1170 aut
1823 1116 2063 1183 nudum,
2113 1128 2207 1171 aut

654 1204 1001 1275 peregrinum
1025 1247 1040 1270 ,
1074 1215 1168 1260 aut
1201 1206 1255 1259 in
1290 1222 1503 1261 carcere
1526 1206 1624 1276 (9),
1649 1216 1704 1261 et
1729 1222 1834 1261 non
1876 1209 2206 1273 ministravi-

655 1312 779 1351 mus
815 1297 922 1350 tibi
953 1297 1033 1350 ‘7?
1078 1316 1097 1349 ι
1146 1306 1397 1367 rogantes
1451 1310 1508 1354 ut
1565 1300 1666 1353 sibi
1720 1298 2053 1370 indulgeret;
2109 1286 2202 1354 sed

655 1384 785 1452 quid
816 1377 923 1441 illis
957 1385 1235 1455 respondit
1255 1388 1617 1457 justusjudex
1649 1388 1797 1443 Rex?
1822 1408 1840 1440 ι
1874 1389 2139 1449 Discedite
2174 1406 2202 1444 a

654 1489 742 1538 me
773 1476 826 1528 in
856 1476 1034 1546 ignem
1068 1486 1352 1542 internum,
1380 1478 1608 1548 operarii
1640 1479 1940 1547 iniquitatis
1962 1481 2023 1536 ¹⁸.
2053 1500 2072 1531 ι
2097 1482 2205 1535 Ab-

617 1565 779 1647 iecit
801 1582 896 1624 eos
926 1569 980 1623 in
1011 1578 1267 1622 aeternum
1313 1564 1510 1637 ignem",
1558 1583 1680 1622 cum
1731 1570 1806 1623 illi
1862 1585 2052 1640 rogare
2094 1586 2202 1625 non

653 1665 884 1725 cessent.
913 1655 1164 1719 Videsne,
1197 1658 1323 1726 quid
1358 1659 1429 1713 sit
1456 1659 1676 1728 perfecti
1706 1660 1866 1730 Regis
1905 1661 2202 1715 adventus?

2308 478 2605 542 Archelaus
2638 478 2930 542 ordinaret,
2964 477 3016 529 in
3062 475 3301 533 Marcelli
3338 476 3690 531 contubernio
3732 492 3856 545 per-

2309 571 2590 624 severavit.
2610 569 2795 625 Manes
2816 580 2992 623 autem
3016 570 3227 639 fugiens
3247 570 3457 624 advenit
3477 570 3543 623 ad
3563 571 3852 639 quemdam

2305 661 2484 713 vicum
2534 660 2691 729 longe
2736 660 2805 718 ab
2852 660 2985 729 urbe
3032 660 3299 729 positum,
3343 660 3436 729 qui
3484 660 3855 729 appellabatur

2305 748 2542 804 Diodori.
2599 749 2729 804 Erat
2766 758 2943 805 autem
2988 749 3264 819 presbyter
3305 750 3408 804 loci
3453 750 3594 804 illius
3636 753 3885 809 nomine,

2304 852 2357 895 et
2381 842 2493 910 ipse
2527 839 2793 907 Diodorus
2824 840 2953 911 (l2),
2980 828 3192 910 quietus
3221 849 3274 901 et
3310 840 3474 907 mitis,
3512 841 3631 895 fidei
3669 857 3736 896 ac
3771 842 3855 895 fa-

2307 949 2406 987 mae
2431 933 2585 999 bona:
2622 933 2771 991 valde
2798 923 2892 986 {et
2937 948 3057 986 cum
3091 931 3323 1000 quadam
3365 932 3450 985 die
3494 931 3699 998 Manes,
3727 950 3857 987 con-

2305 1031 2519 1093 gregata
2547 1020 2724 1085 turba,
2752 1020 3158 1092 concionaretur
3176 1018 3305 1088 (l5),
3326 1034 3387 1073 ac
3410 1014 3690 1088 peregrina
3712 1037 3859 1089 qua:-

2305 1114 2427 1166 dam
2450 1121 2503 1169 et
2534 1112 2706 1166 aliena
2740 1126 2770 1165 a
2798 1119 3017 1180 paterna
3053 1109 3337 1165 traditione
3367 1109 3560 1178 populo
3585 1111 3679 1179 qui
3707 1097 3865 1166 δειλέ

2306 1203 2397 1255 bat
2441 1209 2743 1265 assereret,
2776 1202 2982 1255 nullum
3032 1199 3253 1254 omnino
3300 1214 3365 1253 ex
3421 1199 3505 1253 his
3553 1199 3858 1257 formidans

2305 1290 2449 1357 quod
2471 1290 2573 1343 sibi
2597 1299 2780 1358 posset
2801 1289 3081 1354 obsistere,
3106 1288 3369 1354 Diodorus
3388 1288 3573 1343 videns
3595 1290 3859 1367 proficere

2286 1383 2423 1449 ‘ejus
2456 1382 2771 1452 nequitiam,
2803 1383 3062 1437 deliberat
3086 1381 3352 1461 Archelao
3396 1381 3609 1441 mittere
3651 1385 3862 1452 episto-

2306 1469 2435 1533 lam,
2465 1473 2824 1526 continentem
2860 1473 2991 1526 haec.

2512 1578 2782 1616 ueneno
2811 1577 3058 1617 EPISCOPO
3082 1555 3341 1618 arenosus
3369 1579 3416 1619 s.
3447 1569 3500 1617 ti.
3530 1563 3667 1633 (id).

2377 1650 2490 1705 XL.
2524 1651 2682 1723 Scire
2711 1661 2761 1707 te
2781 1653 2923 1719 volo,
2950 1648 3353 1723 religiosissime
3385 1653 3561 1718 Pater,
3594 1655 3858 1723 quonjam

652 1762 760 1805 non
789 1747 969 1815 talem,
1002 1747 1215 1820 qualem
1261 1760 1314 1803 tu
1363 1753 1566 1807 asseris
1603 1751 2008 1822 perfectionem.
2048 1752 2201 1818 Quod
2232 1733 2275 1786 Β
2303 1746 2518 1800 advenit
2548 1745 2765 1814 quidam
2800 1745 2853 1797 in
2884 1745 3075 1799 diebus
3116 1746 3250 1810 istis,
3287 1746 3512 1812 nomine
3542 1745 3756 1811 Manes,
3790 1747 3857 1799 ad

652 1837 698 1890 si
727 1850 849 1917 post
875 1840 1051 1910 ipsum
1082 1843 1476 1910 exspectandus
1504 1854 1585 1899 est
1607 1833 2042 1914 magnusjudieii
2064 1844 2201 1905 dies.

624 1932 824 1993 -inulto
858 1934 1044 2002 utique
1075 1934 1162 1988 hic
1196 1936 1288 1989 illo
1324 1936 1546 1990 inferior
1568 1947 1670 1990 est.
1705 1933 1862 2001 Quod
1896 1934 1943 1988 si
1980 1933 2203 1988 inferior

648 2023 773 2083 erit,
805 2010 1204 2091 perfeCtus‘non
1247 2029 1369 2080 erit.
1406 2026 1463 2080 Si
1503 2014 1771 2095 perfectus
1802 2040 1909 2081 non
1943 2024 2063 2089 erit,
2095 2041 2201 2086 non

649 2114 718 2172 de
746 2113 862 2180 ipso
888 2113 1015 2168 dicit
1045 2116 1353 2185 Apostolus.
1388 2115 1541 2181 Quod
1574 2116 1619 2171 si
1646 2131 1761 2169 lnon
1801 2116 1869 2169 de
1912 2116 2029 2184 ipso
2073 2116 2204 2169 dicit

624 2202 963 2270 Apostolus,
998 2203 1099 2257 iSLe
1130 2213 1308 2257 autem
1340 2204 1406 2259 de
1435 2220 1493 2259 se
1523 2204 1726 2259 dictum
1769 2218 1891 2258 esse
1923 2204 2201 2270 mentitur,

646 2292 1134 2362 pseudOepropheta
1160 2294 1803 2371 utiquejudicandus’est.
1835 2293 1936 2348 Sed
1960 2305 2013 2349 et
2034 2297 2201 2350 multa

649 2385 753 2448 alia
785 2384 977 2437 horum
1010 2385 1208 2444 similia
1231 2386 1334 2439 dici
1368 2397 1626 2455 possunt;
1656 2400 1775 2454 quae
1801 2384 1845 2439 si
1867 2386 2047 2439 omnia
2079 2402 2201 2455 per-

649 2473 800 2543 sequi
833 2474 1081 2541 velimus,
1115 2477 1318 2531 nullum
1355 2462 1525 2533 nobis
1543 2486 1757 2547 tempus
1792 2478 1859 2532 ad
1886 2479 2069 2532 omnia
2096 2492 2198 2532 ex-

644 2564 835 2643 plenda
867 2565 1111 2622 sufﬁciet.
1149 2566 1296 2629 Unde
1322 2568 1927 2635 abundareexistimavi
1962 2568 2028 2623 de
2060 2570 2199 2623 mule

628 2657 923 2725 itisgpauca,
956 2660 1183 2725 dixisse,
1231 2662 1470 2729 reliquas
1517 2670 1695 2734 partes
1739 2669 1999 2716 tractatus
2035 2661 2196 2731 hujus

629 2740 864 2816 exsequi
901 2750 1201 2811 volentibus
1232 2751 1630 2827 derelinquens.

712 2833 952 2889 XXXIX.
992 2836 1088 2891 His
1134 2840 1330 2896 auditis
1374 2840 1636 2894 dederunt
1681 2838 1903 2908 gloriam
1948 2841 2057 2895 Deo
2076 2841 2193 2895 .im-

646 2941 913 2992 mensam,
936 2934 989 2978 et
1022 2927 1138 2993 ipso
1177 2928 1427 2998 dignam;
1471 2930 1792 2983 Archelaum
1842 2944 1972 2984 vero
2010 2932 2195 2984 multis

643 3018 948 3085 honoribus
970 3008 1290 3074 aﬂ'ecerunt.
1319 3020 1470 3076 Tunc
1494 3021 1778 3079 Marcellus
1805 3037 2118 3105 assurgens,
2143 3032 2195 3075 et

642 3109 811 3169 stolas
848 3107 972 3179 (10)
1011 3122 1248 3189 exuens,
1294 3111 1590 3167 circumdat
1630 3113 1985 3177 Archelaum,
2035 3122 2196 3179 atque

636 3190 845 3251 osculis
881 3209 1003 3249 eum
1040 3195 1249 3263 defixus
1294 3198 1649 3265 amplectitur,
1674 3211 1729 3255 et
1764 3203 2004 3263 inhaeret.
2043 3201 2195 3258 Tunc

640 3302 769 3341 vero
802 3285 1055 3352 infantes,
1088 3287 1179 3356 qui
1211 3284 1348 3341 forte
1380 3302 1759 3355 convenerant,
1803 3294 1961 3361 primi
1994 3296 2046 3347 in
2079 3281 2224 3350 Ma-ﬁ

639 3392 763 3443 nem
808 3377 1004 3446 pellere
1034 3366 1111 3431 ac
1145 3376 1331 3447 fugere
1362 3378 1472 3448 (ll)
1519 3389 1823 3445 coeperunt,
1860 3398 1998 3449 quos
2035 3386 2191 3440 turba

603 3519 614 3527 ,
641 3450 845 3533 reliqua
876 3465 1143 3530 insecuta,
1174 3466 1465 3539 concitavit
1492 3482 1549 3522 se
1589 3466 1657 3520 ad
1687 3466 2046 3536 effugiendum
2080 3473 2193 3525 Ma-

640 3566 785 3616 nem.
820 3553 975 3623 Quod
1018 3570 1140 3622 cum
1176 3546 1495 3625 pervidisset
1538 3556 1860 3632 Archelaus,
1896 3559 2096 3613 elevata
2138 3563 2190 3614 in

638 3645 859 3710 modum
892 3646 1033 3700 tubae
1060 3662 1188 3700 voce
1213 3661 1332 3717 sua,
1360 3647 1756 3703 multitudinem
1789 3638 2016 3717 cupiens
2042 3651 2192 3703 cohi-

642 3736 788 3803 bere,
814 3737 888 3790 ait
915 3755 928 3789 :
959 3735 1198 3809 Cessate,
1234 3736 1425 3795 fratres
1455 3740 1655 3804 dilecti,
1683 3757 1749 3795 ne
1782 3740 1918 3795 forte
1955 3741 2029 3796 rei
2068 3758 2194 3796 san-

640 3828 823 3905 guinis
853 3827 1187 3891 inveniamur
1216 3827 1269 3882 iu
1295 3828 1616 3897 diejudicii;
1652 3834 1911 3903 scriptum
1944 3845 2023 3889 est
2046 3834 2210 3888 enim-

640 3919 711 3973 de
741 3916 959 3983 talibus,
986 3919 1111 3987 quia
1148 3938 1166 3971 ι
1196 3929 1406 3989 oportet
1433 3930 1486 3976 et
1508 3924 1737 3981 haereses
1764 3942 1885 3987 esse
1916 3929 2053 3982 inter
2073 3944 2190 3991 vos,

640 4011 810 4080 utqui
834 4011 1203 4080 probatisunt.
1224 4011 1496 4089 manifesti
1528 4013 1658 4068 fiant
1699 4016 1835 4071 inter
1865 4035 1957 4075 vos
1979 4020 2040 4073 '9.
2089 4040 2109 4073 ι
2129 4020 2194 4076 Ει

643 4103 732 4157 his
757 4102 935 4181 dictis,
966 4104 1160 4158 sedata:
1186 4114 1312 4159 sunt
1340 4105 1525 4160 turbae.
1557 4104 1821 4181 Quoniam
1846 4126 1971 4165 vero
1993 4096 2194 4187 placuit

636 4192 894 4254 Marcello
922 4192 1341 4264 disputationem
1374 4198 1512 4262 hanc
1542 4197 1714 4266 excipi
1744 4211 1903 4268 atque
1934 4204 2188 4267 describi,

639 4274 1142 4351 contradicerenon
1178 4289 1351 4359 potui,
1382 4291 1625 4345 conﬁsus
1658 4290 1724 4346 de
1752 4276 2081 4362 benignitate
2110 4294 2188 4347 leo

2302 1836 2420 1889 loca
2456 1846 2661 1895 nostra.
2695 1831 2951 1903 quiNovi
2985 1831 3313 1888 Testamenti
3342 1834 3641 1891 doctrinam
3674 1852 3737 1889 se
3759 1836 3857 1889 ad-

2302 1926 2523 1994 implere
2555 1926 2836 1997 promittit.
2875 1924 2938 1978 Et
2969 1927 3182 1994 quidem
3217 1934 3372 1981 erant
3397 1928 3639 1996 quaedam
3670 1928 3729 1991 in
3773 1926 3859 1982 his

2299 2030 2421 2082 qua:
2451 2016 2519 2070 ab
2552 2030 2618 2069 eo
2643 2015 2979 2089 dicebantur,
3011 2025 3208 2070 nostra:
3242 2018 3361 2071 fidei
3387 2036 3402 2087 ;
3440 2018 3685 2087 quaedam
3716 2030 3858 2072 vero

2301 2099 2572 2159 asserebat
2598 2106 2754 2176 longe
2777 2106 2988 2161 diversa
3011 2107 3078 2160 ab
3110 2106 3175 2159 iis
3201 2122 3320 2175 qute
3350 2122 3380 2162 a
3412 2117 3595 2161 nostra
3625 2116 3858 2177 paterna

2301 2196 2584 2250 traditione
2628 2196 2960 2251 descendunt
3002 2198 3134 2267 (15).
3193 2182 3648 2271 lnterpretabatur
3708 2200 3856 2254 enim

2294 2287 2543 2355 quaedam
2575 2287 2770 2352 aliene,
2810 2288 3006 2359 quibus
3046 2290 3207 2344 etiam
3248 2307 3313 2344 ex
3339 2292 3569 2361 prOpriis
3599 2290 3854 2358 addebat,

2298 2393 2418 2446 quae
2457 2378 2591 2432 mihi
2628 2379 2782 2433 valde
2812 2380 3089 2450 peregrina
3125 2382 3235 2436 visa
3266 2391 3391 2437 sunt
3421 2391 3473 2436 et
3514 2381 3701 2436 inﬁda.
3737 2380 3855 2435 Ῥω

2296 2469 2495 2538 quibus
2535 2473 2693 2523 etiam
2745 2481 3019 2540 permotus
3064 2488 3182 2526 sum
3230 2473 3465 2528 scribere
3520 2472 3635 2527 haec
3668 2472 3739 2525 ad
3782 2482 3854 2539 te,

2296 2563 2475 2617 sciens
2507 2562 2764 2618 doctrina:
2787 2573 2891 2619 tua:
2919 2566 3214 2636 perfectum
3248 2575 3300 2621 et
3324 2568 3697 2636 plenissimum
3732 2582 3854 2621 sen-

2296 2669 2439 2716 sum,
2466 2656 2719 2724 quoniam
2742 2657 2907 2712 latere
2939 2668 2987 2712 te
3013 2658 3205 2712 horum
3239 2657 3373 2718 nihil
3402 2646 3616 2726 potest;
3644 2666 3702 2710 et
3736 2657 3854 2712 ideo

2295 2745 2531 2800 conlisus
2565 2762 2684 2801 sum
2730 2749 2796 2802 ad
2840 2750 3176 2817 explananda
3204 2732 3373 2803 nobis
3415 2749 3529 2802 haec
3566 2747 3773 2809 invidia
3804 2758 3852 2802 te

2296 2850 2402 2889 non
2432 2852 2592 2905 posse
2628 2837 2926 2907 prohiberi.
2974 2838 3232 2903 Quamvis
3263 2853 3363 2899 nec
3388 2853 3486 2907 ego
3531 2838 3757 2908 quidem
3798 2840 3848 2894 in

2296 2928 2522 2981 alterum
2556 2928 2789 2996 aliquem
2824 2929 3071 2983 inclinari
3102 2930 3367 2999 potuerim
3398 2945 3641 2997 sensum,
3673 2941 3845 2996 tamen

2296 3026 2515 3085 propter
2554 3018 2823 3087 simplices
2867 3036 3140 3091 quosque,
3178 3008 3282 3075 tute
3323 3023 3661 3078 auctoritatis
3706 3039 3845 3078 com-

2298 3108 2486 3176 pulsus
2510 3123 2635 3162 -sum
2670 3110 2955 3178 implorare
2982 3127 3309 3165 sermonem.
3340 3110 3544 3171 Revera
3583 3115 3729 3168 enim
3769 3116 3843 3166 vir

2294 3197 2449 3251 valde
2493 3191 2777 3254 vehemens
2823 3209 2929 3255 tam
2972 3219 3221 3261 sermone
3258 3223 3420 3276 quam
3454 3220 3640 3281 Opere,
3677 3206 3767 3259 sed
3792 3213 3843 3258 et

2295 3296 2514 3356 aspectu
2556 3287 2672 3356 ipso
2715 3298 2874 3372 atque
2926 3292 3107 3346 habitu
3152 3306 3393 3371 apparet.
3432 3295 3539 3350 Sed
3581 3304 3635 3349 et
3679 3307 3836 3366 pauca

2293 3379 2561 3447 quaedam,
2612 3396 2732 3449 qua:
2769 3383 2998 3437 retinere
3037 3401 3257 3453 possum
3306 3388 3482 3441 exiis
3514 3402 3639 3455 qua:
3678 3387 3740 3438 ab
3769 3400 3831 3440 eo

2292 3468 2436 3521 dicta
2475 3477 2622 3537 sunt,
2659 3469 2836 3523 scribo
2872 3472 2986 3533 tibi,
3016 3475 3191 3530 sciens
3223 3476 3349 3544 quia
3374 3492 3440 3530 ex
3466 3477 3533 3531 iis
3562 3478 3718 3535 etiam
3748 3491 3828 3528 re-

2292 3557 2441 3625 liqua
2476 3560 2758 3630 intelliges.
2791 3559 2941 3615 Nosti
2975 3563 3099 3629 quia
3129 3580 3331 3619 morem
3363 3567 3508 3621 hunc
3531 3567 3730 3623 habent
3748 3566 3837 3643 qui

2293 3645 2485 3715 dogma
2516 3650 2732 3720 aliquod
2775 3666 3016 3706 asserere
3059 3656 3262 3718 volunt,
3294 3667 3351 3709 ut
3382 3672 3719 3725 quaecunque
3750 3672 3839 3709 vo-

2294 3734 2495 3792 luerint
2523 3742 2589 3796 de
2615 3741 2910 3811 Scripturis
2946 3756 3243 3810 assumere,
3271 3745 3384 3798 llaec
3410 3748 3731 3813 propensius
3756 3747 3836 3801 sui

2294 3824 2640 3897 intelligentia
2671 3834 2981 3902 depravcnt.
3014 3832 3115 3886 Sed
3143 3836 3245 3888 hoc
3270 3837 3602 3903 pneveniens
3629 3850 3837 3908 aposto-

2295 3919 2432 3973 licus
2460 3926 2677 3979 denotat
2704 3943 2903 3992 sermo,
2930 3927 3113 3981 dicens
3140 3945 3152 3978 :
3185 3946 3200 3976 ι
3231 3924 3286 3980 Si
3322 3928 3443 3996 quis
3465 3930 3621 3982 vobis
3635 3946 3839 3983 annun-

2294 4012 2504 4067 tiaverit
2541 4027 2732 4084 praeter
2774 4019 2913 4087 quod
2964 4018 3266 4089 accepistis,
3296 4010 3598 4073 anathema
3631 4022 3703 4074 sit
3726 4021 3788 4073 ".
3813 4040 3829 4069 ι

2294 4104 2476 4174 Itaque
2495 4118 2616 4175 post
2637 4110 2749 4163 haec
2770 4126 2889 4179 quae
2918 4112 3083 4165 semel
3106 4111 3174 4165 ab
3195 4112 3449 4180 apostolis
3472 4114 3672 4167 tradita
3695 4126 3836 4177 sunt,

2292 4195 2433 4249 ultra
2473 4213 2577 4251 non
2619 4210 2830 4268 oportet
2865 4202 3155 4270 quidquam
3186 4203 3329 4255 aliud
3366 4205 3640 4271 suscipere
3673 4206 3839 4259 disci-

2291 4287 2476 4356 pulum
2518 4288 2739 4346 Christi.
2772 4293 2971 4347 Verum
3010 4308 3075 4345 ne
3123 4308 3424 4349 sermonem
3461 4297 3679 4366 longius
3720 4313 3838 4368 pro-

632 4379 898 4450 gentium,
927 4379 1070 4466 quod
1104 4382 1313 4434 veniam
1341 4380 1576 4445 dabunt,
1619 4384 1667 4443 si
1707 4382 1854 4451 quid‘
1880 4384 2185 4452 imperitum
2219 4413 2263 4466 ο
2294 4378 2527 4443 traham,
2556 4382 2619 4435 ad
2645 4382 3167 4452 propositnm‘redeo.
3200 4381 3389 4453 Legem
3422 4384 3612 4455 Moysi,
3632 4396 3693 4451 ut
3724 4388 3837 4440 bre-

638 4478 731 4534 ant
758 4472 1018 4526 rusticum
1042 4464 1266 4525 sonabit
1292 4472 1501 4537 oratio;
1546 4472 1649 4527 hoc
1682 4473 1824 4541 enim
1862 4483 2068 4537 tantum
2106 4485 2189 4530 est
2220 4464 2245 4466 θ
2289 4471 2426 4525 viter
2453 4471 2651 4538 dicam,
2681 4474 2891 4528 dicebat
2914 4472 3002 4527 hic
3023 4489 3130 4527 non
3156 4490 3273 4529 esse
3295 4475 3385 4530 Dei
3415 4478 3535 4529 boni
3560 4478 3654 4531 sed
3681 4479 3836 4545 mali-

637 4562 779 4628 quod
801 4564 1117 4625 studemus,
1166 4571 1226 4616 ut
1274 4562 1349 4614 rei
1399 4574 1559 4631 gestae
1610 4566 1845 4635 cognitio
1886 4568 2185 4623 studiosum

635 4666 905 4722 quemque
931 4666 1039 4707 non
1072 4653 1252 4717 lateat.
1284 4652 1433 4705 Tunc
1462 4668 1619 4723 ergo,
1632 4670 1753 4713 cum
1782 4654 2061 4726 effugisset
2084 4656 2188 4716 Ma-

594 4756 754 4811 gnes,
783 4754 1053 4811 nusquam
1078 4742 1400 4810 comparuit.
1436 4743 1618 4798 Turbo
1649 4760 1776 4800 vero
1815 4747 2060 4802 minister
2088 4748 2187 4800 Ar-

2293 4564 2382 4633 gni
2404 4563 2681 4632 principis,
2710 4582 2805 4622 nec
2824 4567 3022 4621 habere
3045 4581 3162 4619 eam
3184 4557 3471 4636 quidquam
3496 4571 3836 4637 cognationis

2290 4654 2356 4719 ad
2398 4668 2591 4707 novam
2626 4655 2791 4723 legem
2838 4659 3072 4727 Christi,
3118 4662 3210 4716 sed
3256 4674 3375 4714 esse
3420 4662 3750 4722 contrariam
3784 4671 3836 4714 et

2292 4740 2586 4821 inimicam,
2622 4746 2843 4802 alteram
2872 4752 3025 4807 alteri
3055 4751 3565 4822 obsistentem.‘Ego
3585 4754 3833 4818 audiens,

707 4885 749 4915 '°
785 4883 829 4938 ll
859 4884 999 4938 Tim.
1036 4900 1117 4952 ut,
1144 4885 1195 4937 6.
1274 4883 1315 4917 ⁸⁷
1354 4882 1539 4945 Matth.
1563 4901 1689 4951 xxv,
1718 4888 1806 4941 44.
1882 4891 1927 4922 ¹⁸
1962 4891 2091 4945 Luc.
2122 4907 2197 4945 xu

2298 4892 2360 4956 ιτ,
2439 4889 2482 4920 ι’
2519 4888 2539 4941 l
2569 4886 2694 4943 Cor.
2729 4905 2801 4955 xl,
2836 4892 2919 4945 l9.
2995 4894 3041 4925 ¹⁶
3066 4892 3237 4948 Galat.
3269 4908 3306 4957 I,

706 4998 893 5077 (9)_lta
925 4999 1322 5077 Vulgata-juxta
1350 4999 1592 5077 (ἕψου-ιι)
1625 5012 1850 5077 textum,
1870 5006 2184 5077 Cyprianus

2360 5009 2473 5088 (ιι)
2510 5004 2752 5088 Meminit
2781 4989 2939 5088 hujus
2981 5004 3220 5078 epistola}
3260 5006 3589 5077 Epiphanius
3631 5012 3686 5067 in
3729 5011 3829 5063 hac

637 5066 730 5125 lib.
762 5066 839 5141 De
858 5086 1017 5141 rapere
1034 5066 1094 5126 'et
1120 5066 1474 5139 eléemosym‘s,
1499 5072 1715 5141 aliique.
1760 5066 2070 5132 (iaSinéhsis
2105 5089 2185 5132 ta-

634 5152 755 5188 men
785 5139 962 5203 hahet,
995 5156 1013 5190 t
1052 5143 1104 5192 in
1137 5156 1429 5195 carcerem.
1459 5159 1478 5191 ι
1610 5139 1625 5141 ἡ
1810 5176 1811 5179 η
1922 5150 1930 5155 ’

705 5204 822 5273 (10),
855 5206 1035 5271 Forte,
1071 5227 1089 5260 ι
1116 5212 1330 5267 stolam.
1364 5228 1382 5262 ι

704 5273 815 5339 (Η)
850 5295 867 5326 ι
896 5275 1123 5350 fugere,
1157 5298 1174 5329 ι
1201 5291 1252 5334 et
1278 5299 1297 5329 ι
1326 5280 1578 5350 eﬂngere,
1611 5299 1629 5331 ι
1660 5294 1758 5348 pro
1785 5279 1988 5348 fugare,
2021 5283 2072 5335 in
2104 5283 2187 5337 fu-

594 5368 597 5371 ‹
634 5357 756 5462 ,μιὲ
788 5346 1074 5414 conjicere,
1106 5364 1207 5402 suo
1250 5346 1503 5419 loquendi
1553 5346 1702 5403 more
1746 5346 1879 5404 dicit
1933 5346 2187 5420 antiquus

635 5425 689 5462 ιιι
751 5424 918 5462 rnres.

658 5426 918 5466 ιιιενυιεε,

635 5424 1040 5564 ῗῗῇῐῧῗῐὲξξεςίο
1064 5498 1351 5564 quo_pac_to
1398 5490 1688 5564 Diodorum
1720 5489 1868 5564 hunc
1899 5488 2186 5564 Tryphona

632 5543 1149 5632 voceut'LEpip‘hanius
1278 5560 1376 5632 hac
1405 5543 1819 5632 Manicheorutn
1848 5543 2071 5617 interfit.
2097 5543 2181 5618 ii.

674 5678 677 5679 ν
704 5616 817 5705 (i3)
858 5616 1228 5685 ln’Casinensi
1259 5616 1517 5705 codice.,t
1549 5629 1975 5690 continuaretur.
2010 5649 2027 5682 ι

2286 5075 2475 5133 haeresi
2509 5092 2660 5147 nurn.
2693 5075 2777 5147 il,
2813 5075 3034 5146 ejusque
3065 5075 3457 5147 argumentum,
3506 5097 3611 5134 non
3647 5090 3824 5134 autem

2284 5148 2468 5216 verba,
2497 5155 2556 5202 ut
2579 5145 2840 5216 Petavius
2858 5145 3252 5213 interpretatur,
3296 5148 3525 5203 breviter
3553 5150 3746 5204 refert.
3764 5146 3819 5200 lu

2286 5218 2626 5295 t_i_tulo'_hu_jus
2658 5215 3051 5295 epistolaehvox,
3086 5234 3105 5267 ι
3135 5218 3378 5279 salutem,
3412 5236 3430 5268 ι
3457 5220 3607 5295 deest
3642 5219 3695 5295 in
3725 5231 3821 5270 eo-

2284 5285 2730 5347 diceCasinensi,
2762 5285 2853 5337 sed
2879 5285 3104 5337 litteram
3132 5302 3177 5348 ε,
3204 5302 3326 5341 eam
3350 5303 3540 5351 vocem
3577 5288 3825 5341 indicau-

2286 5365 2412 5427 tcm,
2468 5365 2708 5428 repetere
2753 5353 2982 5428 neglegit
3028 5354 3297 5422 librarius,
3342 5372 3407 5411 eo
3444 5358 3588 5428 quod
3620 5358 3682 5416 in
3721 5353 3825 5406 fine

2283 5422 2628 5493 praecedentis
2654 5424 2798 5477 vocis
2828 5424 3069 5477 exsistat.

2352 5494 2464 5565 (15)
2479 5494 2731 5565 _Videant
2760 5493 2994 5565 haeretici
3028 5510 3188 5565 quam
3218 5497 3361 5552 clare
3389 5506 3496 5550 tam
3519 5496 3631 5559 hic,
3658 5506 3819 5560 quam

2284 5560 2740 5618 infra'Diodorus
2786 5560 3331 5632 antiquas—Ecclesia:
3371 5566 3688 5621 traditiones
3732 5577 3820 5615 κο

2284 5633 2523 5701 quendas
2550 5633 3051 5709 amplectendasque
3075 5650 3192 5697 esse
3222 5636 3473 5697 declaret.
