4118 6350
684 481 687 484 ι
708 434 845 499 N95

1601 410 1625 455 ί
1699 439 1878 495 ACTA
1916 398 2430 498 ntspn'rartoms
2472 442 2529 497 s.
2562 417 2912 503 auunculi

3767 447 3901 505 i496

704 561 853 629 ejus;
878 558 973 622 sed
993 560 1122 629 quia
1148 558 1213 613 de
1233 558 1443 637 vacanti
1470 558 1581 612 ﬁeri
1610 558 1800 627 poterit
1824 558 1935 628 (22)
1957 560 2079 624 hoc,
2108 574 2251 614 nunc
2280 567 2321 621 Α
2354 560 2427 614 Ita
2463 561 2593 615 mihi
2624 560 3024 630 intelligendum
3044 570 3127 615 est
3154 561 3498 632 magniﬁcum
3518 560 3611 616 Dei
3636 561 3900 617 famulum

705 649 851 717 quod
897 647 1080 713 instat,
1128 648 1317 715 paucis
1366 646 1689 714 respondere
1735 647 1828 701 tibi
1877 648 2244 702 necessarium

705 738 857 799 duxi,
887 735 953 791 ad
981 750 1059 791 ea.
1080 751 1199 806 quae
1240 734 1371 791 mihi
1415 734 1679 805 scripsisti
1710 735 1853 805 quod
1881 737 1949 789 ab
1984 736 2074 791 illo
2104 736 2247 791 dice-

706 812 912 882 rentur.
943 824 1071 880 Erat
1096 840 1227 895 ergo
1256 826 1306 881 ei
1340 839 1613 895 summum
1640 826 1874 881 studium
1911 824 2044 897 (23),
2074 827 2247 897 legem

704 916 872 989 Moysi
902 916 1183 972 ostendere
1206 930 1311 971 non
1332 931 1451 971 esse
1476 924 1859 971 consonantem
1884 917 1983 988 lcgi
2011 917 2246 983 Christi;

702 1018 758 1064 et
789 1009 901 1064 haec
939 1023 1009 1063 οῖ
1044 1007 1245 1063 nostris
1290 1004 1586 1075 Scripturis
1609 1021 1935 1062 asseverare
1987 1008 2247 1062 tentabat.

702 1097 813 1157 Nos
842 1113 973 1153 vero
994 1113 1061 1153 ex
1092 1098 1279 1154 eadem
1305 1098 1422 1166 ipsa
1445 1088 1718 1166 Scriptum
1754 1113 1859 1151 non
1900 1097 2076 1154 solum
2122 1114 2251 1153 con-

703 1186 1036 1245 ﬁrmavimus
1062 1189 1231 1257 legem
1255 1176 1448 1259 Moysi,
1470 1197 1522 1243 et.
1542 1188 1721 1241 omnia
1743 1204 1864 1258 quae
1890 1189 1943 1242 in
1967 1204 2028 1243 ea
2051 1189 2277 1258 scripta'

701 1292 859 1345 sunt;
890 1294 1076 1341 verum
1097 1280 1257 1334 etiam
1276 1293 1433 1335 omne
1451 1288 1605 1335 vetus
1628 1278 2031 1337 Testamentum
2054 1267 2251 1337 conve-

700 1372 818 1425 nire
866 1386 1006 1424 novo
1052 1369 1394 1425 Testamento
1421 1379 1474 1425 et
1524 1387 1823 1427 consonare
1873 1373 2248 1441 probavimus,

699 1475 975 1529 unumque
990 1476 1109 1515 esse
1122 1470 1345 1516 textum.
1366 1470 1620 1531 tanquam
1636 1466 1681 1517 si
1703 1476 1807 1516 una
1826 1458 1992 1517 vestis
2006 1462 2251 1517 videatur

652 1595 655 1601 .
697 1566 767 1605 ex
789 1552 1123 1621 subtegmine
1147 1550 1256 1619 (24)
1278 1560 1437 1621 atque
1451 1553 1683 1607 stamine
1702 1569 1821 1608 esse
1845 1562 2112 1609 contexta.
2140 1553 2252 1609 Hoc

612 1684 613 1689 η
701 1643 903 1707 solum,
928 1643 1074 1712 quod
1099 1643 1257 1697 veluti
1281 1656 1571 1713 purpuram
1595 1644 1841 1699 videmus
1874 1646 1928 1699 in
1959 1655 2127 1708 veste,
2154 1660 2250 1697 no-

697 1748 825 1788 vum
844 1732 1240 1789 Testamentum
1264 1734 1317 1787 in
1338 1743 1547 1789 textura
1564 1735 1674 1804 (25)
1692 1736 1885 1791 veteris
1900 1733 2249 1799 Testamenti;

699 1824 922 1892 gloriam
956 1824 1100 1879 enim
1149 1824 1360 1880 Domini
1408 1827 1463 1879 in
1514 1826 1701 1881 eodem
1749 1826 2091 1896 Speculamur
2116 1825 2247 1895 (26).

2353 649 2568 721 Moysen
2618 653 2887 707 invenisse
2910 650 3019 721 (59)
3056 652 3311 721 populum
3346 653 3600 711 amictum
3634 653 3706 707 ab
3736 652 3902 724 Egy-

2349 742 2495 810 ptiis,
2544 756 2705 811 quem
2755 748 3090 812 assumptum
3118 743 3405 811 nutriebat
3442 745 3496 798 in
3529 744 3744 798 deserto
3783 753 3904 798 tan-

2350 834 2511 899 quam
2533 840 2703 900 pater,
2734 831 2958 885 docebat
2986 840 3044 885 ut
3072 828 3347 901 magister,
3372 833 3590 903 regebat
3617 842 3675 886 ut
3701 844 3899 887 rector.

2348 919 2699 976 Conservavit
2726 921 3003 991 populum,
3048 936 3330 991 usquequo
3356 919 3563 977 veniret
3598 923 3753 991 cuius
3779 933 3904 989 est;

2346 1019 2401 1064 et
2430 1020 2549 1079 post
2574 1011 2908 1080 aliquantum
2939 1021 3150 1081 tempus
3177 1011 3467 1067 adveniens
3492 1022 3644 1083 pater
3664 1028 3795 1068 oves
3820 1029 3907 1067 re-

2349 1102 2488 1170 cepit
2512 1101 2641 1171 (40).
2672 1099 2860 1156 Nonne
2885 1117 2978 1171 per
3006 1103 3186 1159 omnia
3216 1103 3569 1175 honorabitur
3592 1086 3812 1171 quidem
3834 1103 3907 1157 ab

2348 1207 2414 1245 eo
2442 1191 2534 1260 qui
2566 1194 2783 1247 tradidit
2811 1207 3060 1263 gregem;
3097 1194 3411 1262 gloriabitur
3447 1209 3572 1248 vero
3601 1197 3671 1249 ab
3709 1196 3778 1250 iis
3809 1196 3907 1261 qui

2350 1282 2419 1335 ab
2448 1297 2514 1335 eo
2547 1285 2849 1337 conservati
2884 1283 3043 1337 sunt?
3068 1282 3201 1348 Quis
3229 1284 3390 1353 igitur
3419 1284 3490 1338 ita
3522 1286 3717 1339 mentis
3750 1286 3907 1339 insa-

2350 1387 2433 1425 na:
2461 1380 2565 1438 est,
2594 1388 2627 1426 ο
2649 1374 2997 1428 dilectissime
3028 1371 3279 1437 Diodore,
3309 1383 3364 1426 ut
3384 1373 3591 1428 alienos
3617 1390 3649 1426 a
3672 1390 3730 1427 se
3756 1375 3908 1429 dicat

2349 1476 2442 1514 eos
2467 1465 2560 1529 qui
2589 1461 2725 1514 inter
2759 1476 2817 1515 se
2844 1461 3117 1531 conjuncti
3153 1471 3299 1525 sunt,
3331 1462 3432 1530 qui
3456 1478 3552 1531 pro
3582 1478 3638 1516 se
3669 1463 3907 1517 invicem

2349 1551 2757 1619 prophetarum,
2793 1551 2885 1620 qui
2916 1551 3144 1619 aequalia
3171 1560 3224 1605 et
3254 1552 3355 1606 sibi
3384 1552 3593 1617 similia
3615 1563 3777 1621 atque
3813 1569 3908 1607 ω-

2350 1640 2497 1708 gnita
2522 1639 2655 1708 (4i),
2704 1640 2815 1694 imo
2847 1641 3026 1709 potius
3060 1655 3314 1719 germana
3352 1627 3505 1709 signa
3550 1656 3614 1695 ac
3661 1644 3907 1711 prodigia

2351 1729 2821 1785 demonstrarunt?
2852 1741 2905 1783 et
2937 1731 3111 1800 primo
3148 1730 3364 1801 quidem
3393 1731 3603 1802 Moyses
3632 1735 3699 1786 ad
3732 1750 3906 1801 popu-

2352 1820 2461 1873 lum
2491 1820 2665 1875 dixit:
2710 1840 2727 1871 (
2760 1821 3084 1892 Proplictam
3128 1824 3300 1888 vobis.
3325 1820 3907 1881 suscitabit'Dominus

697 1912 817 1969 Non
846 1931 977 1986 ergo
1004 1915 1359 1985 abjiciendum
1388 1923 1470 1969 est
1492 1917 1767 1985 speculum
1788 1916 1921 1985 (27),
1945 1931 2068 1970 cum
2092 1916 2249 1970 nobis
2280 1900 2320 1955 Β
2350 1907 2492 1962 Deus
2517 1904 2701 1963 uester
2732 1912 2870 1965 sicut
2897 1928 2981 1966 me
3000 1913 3066 1966 ⁸⁸.
3101 1912 3259 1967 Jesus
3280 1914 3485 1983 (deinde
3513 1915 3588 1967 ait
3614 1933 3627 1967 :
3664 1935 3682 1965 ι
3721 1916 3796 1971 De
3819 1932 3907 1972 me

700 2004 875 2074 ipsam
906 2007 1190 2074 imaginem
1220 2021 1401 2060 rerum
1436 2006 1668 2061 similem
1710 2020 1997 2075 veramque
2027 2006 2248 2059 demon-

698 2095 997 2164 stret,(28);
1028 2095 1158 2163 quin
1210 2095 1389 2162 potius
1416 2103 1471 2148 et
1500 2109 1565 2149 eo
1606 2094 1837 2163 amplius
1868 2094 2246 2148 honorandum

698 2192 799 2236 est.
828 2181 933 2237 Sed
962 2192 1015 2236 et
1042 2198 1271 2252 puerum
1301 2178 1394 2251 qui
1417 2183 1485 2238 ad
1512 2184 1761 2238 doctores
1787 2198 1814 2237 a
1835 2183 2246 2254 paedagogo(29)

700 2274 1033 2340 perducitur,
1065 2288 1190 2327 cum
1224 2274 1400 2329 adhuc
1432 2275 1689 2343 parvulus
1713 2283 1814 2339 est,
1853 2275 2096 2346 nunquid
2124 2291 2249 2329 cum

640 2424 644 2427 ,
699 2362 769 2415 ad
795 2370 1004 2416 attatem
1030 2364 1352 2432 pervenerit,
1386 2364 1718 2421 dehono‘rare
1750 2358 1862 2438 (30)
1895 2374 2111 2436 Oportet
2143 2381 2248 2435 pie-

697 2452 986 2521 dagogum,
1014 2450 1291 2522 propterea
1318 2454 1459 2523 quod
1486 2455 1597 2523 jam
1631 2470 1791 2525 Opera
1822 2456 1939 2525 ejus
1970 2472 2077 2510 non
2109 2455 2251 2509 indi-

701 2542 937 2617 gct(51),
963 2553 1015 2597 et
1043 2552 1214 2613 potest
1235 2544 1383 2599 solus
1406 2545 1516 2613 jam
1547 2548 1662 2601 sine
1686 2548 1805 2617 ejus
1828 2547 2157 2601 adminicqu
2179 2548 2247 2601 ad

700 2631 913 2687 scholas
948 2648 1167 2704 pergere
1200 2645 1359 2705 atque
1385 2637 1451 2690 ad
1480 2638 1747 2691 auditoria
1782 2638 2107 2707 properare?
2142 2640 2248 2691 Aut

700 2737 918 2777 rursum
951 2724 1063 2794 (52)
1107 2727 1364 2794 parvulus
1404 2730 1497 2797 qui
1540 2730 1676 2784 lacte
1722 2730 1957 2785 nutritus
1989 2742 2091 2793 est,
2124 2746 2246 2785 cum

699 2813 983 2881 profecerit
1006 2816 1072 2870 ad
1099 2800 1576 2883 validioresxcihos,
1600 2835 1723 2873 cum
1750 2818 1948 2889 injuria
1973 2820 2129 2875 debet
2155 2822 2249 2875 ab~

693 2903 861 2972 jicere
887 2914 1046 2975 atque
1080 2908 1462 2963 exhorrescere
1505 2910 1732 2963 nutricis
1777 2910 2081 2964 mamiilas?
2118 2912 2248 2979 quin

700 2994 879 3063 potius
898 3006 1180 3050 veneratur
1202 3000 1424 3065 et'colit,
1450 3007 1501 3051 et
1530 2998 1772 3053 beneficii
1796 2999 1878 3053 sui
1903 2999 2113 3053 debitor
2136 2999 2247 3069 (55)

696 3083 910 3141 fatetur.
963 3086 1116 3141 Aliud
1166 3090 1348 3156 etiam,
1403 3090 1473 3145 si‘
1502 3090 1736 3153 videtur,
1778 3090 2098 3144 adhibemus
2138 3092 2249 3161 (34)

696 3178 1021 3244 exemplum.
1052 3177 1220 3232 Homo
1250 3183 1468 3247 quidam
1501 3181 1795 3249 projectum
1828 3180 1881 3233 in
1907 3190 2101 3235 terram
2125 3196 2246 3234 cum

2348 1999 2492 2052 enim
2522 1996 2732 2069 Moyses
2775 1998 2987 2059 locutus
3029 2012 3112 2056 est
3132 2003 3195 2055 ".
3228 2022 3247 2053 ›
3298 2001 3455 2059 Vides
3491 2003 3603 2075 (42)
3629 2009 3905 2074 quomodo

2347 2086 2595 2140 dexteras
2644 2087 2746 2142 sibi
2796 2088 3019 2143 invicem
3067 2090 3303 2154 tradunt,
3333 2094 3579 2159 quamvis
3607 2095 3719 2165 (43)
3768 2098 3906 2152 alter

2348 2177 2631 2245 propheta,
2669 2178 2806 2255 alter
2835 2194 2959 2232 vero
2991 2178 3160 2235 Filius
3193 2182 3263 2235 sit
3300 2182 3564 2249 dilectus;
3596 2172 3740 2239 alter
3766 2188 3904 2243 lide-

2348 2265 2415 2318 lis
2450 2263 2709 2329 famulus,
2735 2268 2871 2325 alter
2898 2284 3024 2323 vero
3050 2267 3310 2325 Dominus
3337 2283 3683 2340 agnoscatur.
3719 2275 3830 2331 Sed
3852 2287 3906 2334 et

2348 2357 2622 2427 quondam
2656 2358 2848 2429 volens
2890 2360 3015 2429 quis
3055 2361 3173 2414 sine
3214 2362 3501 2433 ptedagogo
3532 2366 3621 2424 ire,
3645 2368 3713 2425 ad
3744 2372 3908 2424 scho-

2346 2449 2447 2515 las,
2481 2464 2589 2503 non
2637 2450 2932 2519 suscipitur
2960 2465 2991 2504 a
3034 2438 3290 2521 magistro
3339 2455 3581 2510 dicente:
3613 2455 3731 2523 Non
3778 2477 3904 2515 eum

2347 2539 2662 2608 suscipiam,
2697 2540 2803 2594 nisi
2844 2542 3109 2610 acceperit.
3137 2542 3665 2613 pardagogumeuis
3698 2547 3771 2601 sit
3806 2564 3905 2602 au-

2349 2639 2454 2685 tem
2480 2632 2546 2685 de
2587 2618 2703 2700 quo
2722 2632 2941 2698 dicitur,
2977 2633 3211 2688 breviter
3252 2648 3537 2704 exponam.
3580 2636 3750 2693 Homo
3786 2641 3908 2708 qui—

2347 2724 2471 2777 dam
2500 2734 2617 2778 erat
2642 2724 2791 2778 dives
2817 2724 2884 2789 “,
2908 2725 3175 2795 gentiliter
3210 2712 3415 2793 vivens,
3442 2730 3498 2783 in
3539 2731 3707 2783 multa
3739 2730 3895 2784 luxu.

2348 2813 2428 2866 ria
2462 2813 2700 2881 quotidie
2729 2813 2962 2883 degens;
2990 2814 3131 2871 alius
3165 2831 3291 2870 vero
3321 2832 3521 2886 pauper
3554 2829 3670 2871 erat
3694 2820 3907 2873 vicinus

2347 2901 2485 2969 ejus,
2510 2902 2601 2969 qui
2628 2916 2694 2954 ne
2714 2902 3090 2969 quotidianum
3114 2902 3332 2971 quidem
3356 2906 3533 2958 cibum
3560 2916 3774 2973 poterat
3798 2908 3901 2974 (Η)

2348 2992 2611 3047 invenire.
2645 2992 2855 3046 Accidit
2887 3002 3181 3062 utrumque
3214 2994 3323 3047 vita
3347 2995 3621 3049 discedere
3647 3004 3708 3049 et
3735 2997 3795 3049 in
3816 2998 3892 3050 in-

2348 3080 2556 3134 fernum
2582 3074 2927 3143 descendere,
2974 3089 3025 3133 et
3048 3096 3334 3148 pauperem
3358 3082 3494 3137 mitti
3520 3084 3569 3135 in
3601 3085 3787 3138 locum
3819 3103 3893 3142 re-

2352 3170 2517 3237 quiei,
2546 3180 2598 3221 et
2616 3168 2817 3239 reliqua
2837 3184 2955 3239 quae
2973 3169 3131 3223 nosti.
3153 3167 3529 3225 Verumtamen
3548 3166 3706 3225 erant
3722 3175 3899 3229 ("ritis

698 3260 921 3325 vidisset
947 3266 1227 3330 infantem,
1250 3278 1302 3324 et
1326 3272 1437 3339 jaui
1468 3248 1808 3326 vehementer
1831 3270 2108 3333 amictum,
2138 3271 2252 3325 col-
2277 3248 2319 3305 θ
2356 3260 2547 3315 fratres
2572 3260 2906 3328 qumque,”
2933 3276 3053 3329 ⁸11³εὲ
3077 3269 3129 3315 ει
3154 3261 3268 3329 ipse
3292 3272 3492 3330 egeri":
3518 3272 3738 3333 θεοηιεε
3764 3268 3896 3335 (λδ).

678 3358 825 3428 ηιεεὶι
862 3373 984 3413 eum
1017 3367 1071 3414 et
1101 3360 1307 3415 nutrire
1341 3362 1479 3429 apud
1517 3378 1573 3417 se
1603 3363 1931 3433 coepit(55),
1964 3379 2246 3434 usquequo

700 3448 768 3502 ad
819 3456 1027 3502 nitatem
1081 3449 1459 3504 adolescentia:
1508 3453 1828 3520 perveniret,
1892 3454 2249 3523 toleravitque

701 3547 891 3592 omnes
917 3541 1008 3608 qui
1043 3540 1258 3594 evenire
1284 3541 1459 3594 solent
1493 3541 1845 3597 nutritoribus
1873 3543 2083 3598 labores
2112 3544 2243 3613 (56).

697 3630 919 3685 Accedit
942 3646 1069 3687 vero
1104 3642 1225 3701 post
1256 3640 1466 3700 tempus
1502 3632 1545 3685 is
1583 3632 1673 3699 qui
1704 3635 1964 3688 naturalis
1992 3635 2039 3688 ei
2076 3634 2250 3692 fuerat

697 3730 870 3788 pater,
893 3722 1165 3791 requirere
1199 3737 1443 3787 puerum,
1470 3730 1521 3774 et
1551 3722 1749 3775 invenit
1776 3737 1897 3775 euut
1928 3724 2062 3791 apud
2092 3725 2242 3778 illum

699 3810 790 3877 qui
827 3811 1089 3864 nutrierat
1114 3810 1247 3879 (57).
1270 3807 1423 3875 ,ρυίό
1452 3809 1612 3863 faciat
1657 3810 1743 3863 hic
1779 3825 1931 3878 puer,
1970 3820 2120 3878 patre
2152 3828 2244 3865 co-

700 3899 882 3965 gnito?
914 3900 979 3953 de
1008 3901 1157 3968 justo
1181 3902 1325 3954 enim
1360 3917 1526 3970 puero
1559 3899 1689 3954 mihi
1722 3914 1903 3955 sermo
1928 3909 2030 3954 est.
2060 3898 2250 3954 Nonne

700 3985 887 4039 multis
912 3985 1071 4040 donis
1098 3997 1376 4042 munerato
1402 4004 1465 4042 eo
1489 3991 1580 4058 qui
1607 4004 1664 4043 se
1693 3988 2037 4053 educaverat,
2069 3989 2249 4057 sequi-

702 4066 790 4128 tur
811 4076 1108 4130 naturalem
1131 4086 1335 4146 patrem
1361 4095 1458 4149 pro
1482 4090 1723 4149 respectu
1750 4082 1861 4152 (38)
1893 4081 2252 4137 haereditatis?

2352 3354 2469 3407 sine
2509 3352 2693 3415 dubio,
2740 3368 2860 3420 qua:
2890 3352 3035 3406 domi
3075 3369 3103 3405 a
3141 3353 3231 3405 tali
3269 3352 3523 3421 magistro
3560 3357 3889 3411 didicissent.

2351 3443 2579 3513 Rogavit
2602 3432 2760 3496 dives
2805 3432 2968 3496 simul
3003 3459 3110 3497 uno
3142 3453 3377 3514 tempore
3405 3454 3463 3497 ut
3490 3447 3744 3500 edisceret
3778 3463 3893 3501 ma-

2345 3535 2517 3603 jorem
2548 3534 2885 3600 doctrinam;
2921 3534 3192 3589 Abraham
3237 3552 3361 3589 vero
3406 3537 3601 3602 sciens,
3636 3518 3896 3607 quoniam

2352 3628 2529 3680 adhuc
2558 3626 2799 3693 indigent
2828 3627 3137 3694 paedagogo,
3168 3626 3309 3679 aitci
3342 3644 3353 3679 :
3395 3646 3411 3677 ι
3450 3626 3656 3682 Habent
3680 3631 3897 3701 Moysen

2350 3729 2402 3772 et
2432 3719 2736 3788 prophetas.
2781 3736 2800 3767 ›
2852 3716 2906 3769 Si
2954 3718 3098 3770 enim
3148 3717 3267 3769 illos
3299 3732 3403 3770 non
3436 3702 3796 3787 susceperint,
3846 3732 3901 3775 ut

2348 3808 2503 3862 abeo
2547 3808 2690 3861 velut
2736 3808 3027 3877 paedagogo
3074 3811 3456 3878 gubernentur,
3508 3826 3608 3862 non
3643 3824 3901 3878 poterunt

2348 3899 2569 3966 majoris
2603 3898 2851 3968 magistri
2891 3914 3081 3966 capere
3107 3901 3428 3954 doctrinam.
3696 3950 3702 3959 ,

2418 3987 2574 4043 XLII.
2614 3987 2717 4042 Sed
2746 3998 2797 4042 et
2827 3991 2892 4041 de
2919 3988 3039 4041 aliis
3081 3990 3439 4052 sermonibus,
3478 3999 3533 4041 ut
3566 4001 3781 4058 potero,
3812 4006 3901 4042 cx-

2352 4094 2567 4149 ponam,
2614 4079 2663 4133 id
2698 4087 2802 4143 est,
2835 4080 2979 4148 quod
3014 4094 3122 4133 non
3159 4080 3427 4134 contraria
3472 4079 3641 4150 Moysi
3691 4080 3900 4135 locutus

772 4206 817 4237 ³³
850 4197 1001 4259 Deut.
1033 4221 1182 4275 xvnt,
1216 4210 1301 4266 l8.
1379 4212 1421 4244 “
1456 4211 1606 4266 Joan.
1635 4230 1687 4279 v,
1715 4214 1801 4267 ιθ.
1881 4215 1925 4247 ⁸ο
1962 4215 2087 4271 Luc.
2124 4234 2230 4284 xvi,
2262 4214 2347 4269 l9.

1089 4347 1389 4420 Dobiensis,
1431 4369 1449 4400 ‹
1479 4314 1589 4403 lieri
1626 4359 1817 4420 potest.

799 4344 889 4410 22)
928 4344 1057 4400 Cod.
1095 4347 1389 4415 Bobiensia,
1431 4369 1449 4400 ‹
1479 4351 1589 4403 lieri
1626 4359 1817 4420 potest.

771 4344 882 4550 ἐξ»)
918 4408 1045 4469 Cod.
1085 4414 1379 4495 Dobicqsis,
1419 4438 1436 4470 ι
1472 4436 1627 4473 suum
1664 4422 1921 4476 studium.
1960 4442 1978 4473 ι
2258 4496 2259 4499 η

793 4482 886 4550 24)
922 4481 976 4535 In
1005 4483 1281 4539 CasmenSI
1310 4496 1411 4549 est,
1441 4506 1459 4538 ε
1489 4502 1554 4542 ex
1580 4491 1896 4550 subtemine,
1921 4504 1970 4545 ct
1997 4507 2115 4550 ante
2136 4503 2246 4546 sta-

793 4482 886 4551 24)
922 4481 990 4558 In_
1005 4483 1291 4558 Casinensi
1310 4481 1411 4558 est,
1441 4506 1459 4538 ε
1489 4502 1554 4542 ex
1580 4491 1896 4554 subtemine,
1921 4504 1970 4545 ct
1997 4507 2115 4558 quae
2136 4503 2246 4546 sta-

2424 4350 2532 4416 (54)
2573 4349 2869 4413 Bobiensis,
2908 4367 2927 4401 ‹
2962 4349 3327 4403 adhibeamus.
3361 4368 3379 4397 ο
3509 4387 3517 4393 .

2424 4420 2535 4497 (55)
2574 4421 2715 4473 Idem
2768 4421 2956 4486 codex,
3016 4438 3034 4469 ι
3070 4419 3272 4486 colligit
3316 4426 3367 4469 et
3396 4418 3602 4478 nutrire
3650 4423 3801 4491 apud
3844 4437 3891 4477 se

2351 4500 2558 4558 QU‘JII‘IL
2581 4508 2612 4558 ί»
3018 4512 3025 4515 -

703 4552 868 4605 mine.
904 4571 924 4602 )
1084 4569 1181 4609 nos
1203 4551 1478 4609 Bobiensis
1507 4559 1626 4612 cod.
1658 4551 1937 4614 lectionem
1971 4551 2245 4616 meliorem

2349 4551 2533 4639 [1156)
2576 4557 2717 4610 Idem
2752 4558 2942 4639 codex,
3000 4556 3140 4625 (qui
3180 4556 3357 4609 venire
3386 4556 3562 4611 solent
3594 4562 3899 4617 nutricibus

703 4636 824 4675 esse
858 4623 1185 4681 censuimus.
1488 4669 1491 4671 .

773 4691 885 4759 (25)
924 4692 1092 4747 Codd.
1126 4693 1307 4749 Casin.
1340 4702 1394 4749 et
1423 4688 1576 4755 801).,
1621 4712 1638 4745 ι
1668 4696 1720 4749 in
1750 4705 2033 4753 texturam.
2073 4718 2091 4749 ι

774 4760 883 4829 (26)
922 4760 1323 4839 CorruptusIest
1358 4764 1463 4839 hoc
1501 4764 1553 4815 in
1592 4763 1710 4839 loco
1744 4762 2023 4822 Bobiensis
2050 4769 2240 4835 codex,

703 4845 997 4898 quemnon
1028 4840 1167 4886 recte
1198 4830 1440 4888 Valesius
1469 4834 1723 4887 correxit.

774 4898 1230 4978 (21)‘.Casiuensis
1261 4916 1367 4978 non
1390 4910 1557 4978 recte,
1596 4920 1614 4951 ι
1653 4902 1929 4978 specuium
1963 4906 2120 4978 nobis
2150 4921 2247 4975 per

705 4967 875 5037 ipsam
908 4967 1213 5037 imaginem.
1247 4990 1266 5021 ι
1301 4968 1403 5025 Sed
1437 4972 1627 5025 melior
1656 4967 1759 5027 alia
1791 4970 2069 5028 Bobiensis
2090 4967 2241 5029 co'di-

709 5036 789 5089 cis
825 5036 1001 5105 lectio,
1025 5051 1183 5105 quam
1216 5044 1383 5095 secuti
1416 5056 1622 5094 sumus.

777 5102 885 5171 (28)
926 5102 1216 5167 Bobiensis.
1255 5128 1271 5159 l
1304 5111 1703 5165 demonstrarit.
1738 5129 1755 5161 ι

774 5172 885 5243 (29)
917 5172 988 5226 Et
1013 5175 1097 5228 hic
1120 5178 1304 5231 melior
1327 5177 1607 5232 Bobiensis
1636 5179 1839 5233 codicis
1873 5179 2068 5243 Iectio';
2118 5198 2242 5235 nam

704 5242 1221 5320 Casjnensis_ha11et,
1242 5265 1276 5320 ⁸ι
1308 5248 1401 5320 qui
1433 5264 1463 5301 a
1496 5247 1811 5320 doctore‘iis
1838 5264 1873 5305 ει
1900 5242 2237 5320 padagogo.»

773 5312 885 5379 ('50)
925 5310 1100 5365 Codex
1128 5310 1425 5377 Bobiensis,
1459 5335 1477 5367 ε
1509 5310 1942 5372 dehonestare.)

774 5315 864 5379 (50
925 5315 1100 5365 Codex
1128 5315 1425 5377 Bobiensis,
1459 5335 1477 5367 ε
1509 5315 1942 5372 dehonestare.)
2063 5315 2075 5317 ’
2124 5315 2145 5320 ⁷

774 5315 885 5452 (51)
921 5380 1104 5454 Codex
1128 5382 1455 5454 Casinensis,
1494 5404 1511 5437 ‹
1544 5395 1771 5454 oportet,
1799 5396 1852 5440 et
1875 5385 2239 5454 paedagogum,

701 5460 917 5517 propter
943 5452 1203 5523 quodAore
1220 5452 1351 5523 ejus
1373 5456 1481 5507 ~non
1510 5452 1727 5523 indiget.
1763 5474 1780 5507 ι
1819 5452 1885 5507 Et
1916 5452 2075 5523 paulo
2104 5452 2239 5522 post,

708 5536 726 5565 ι
764 5527 924 5588 atque
947 5520 1266 5589 plauditoria
1299 5534 1601 5589 properare.
1632 5520 1651 5573 ἱ
1699 5523 1803 5579 Sed
1837 5520 1935 5578 nos
1962 5520 2256 5581 Bobiensis.

700 5588 901 5641 codicis
928 5589 1209 5642 lectionem
1237 5592 1620 5655 expressimus.

824 5605 901 5641 CIS
929 5605 1209 5642 ιεειιοηεω
1237 5605 1620 5644 ειοτθεειωιιδ.

774 5655 1215 5723 (32)'Bobiensis.
1257 5678 1275 5707 ι
1306 5665 1364 5710 ut
1396 5673 1630 5713 rursum.
1669 5680 1687 5711 ι
1990 5712 1993 5715 ,

774 5724 883 5801 (55)
921 5726 1307 5801 Casiueusis._c
1342 5726 1656 5783 debitorem.
1701 5749 1717 5780 ι
1753 5729 1930 5796 Forte,
1961 5750 1978 5781 ι
2004 5740 2056 5785 et
2080 5731 2241 5789 bcne-

705 5791 807 5845 licii
837 5807 895 5847 se
925 5795 1457 5852 debitorem'l'atetur.
1494 5815 1519 5861 ›¹

2346 4628 2579 4680 labores.
2616 4646 2634 4677 ›

2418 4697 2527 4768 (57.)
2570 4695 2709 4747 Idem
2743 4695 2933 4768 codex,
2969 4712 2985 4761 ᾳ
3024 4692 3217 4746 accidit
3246 4709 3371 4747 vero
3399 4704 3533 4768 post
3571 4707 3814 4768 tempus,
3847 4712 3901 4756 ut

2347 4766 2391 4819 is
2426 4766 2538 4829 qui,
2571 4774 2696 4821 etc..
2730 4766 3024 4831 requireret
3051 4777 3292 4830 puerum,
3324 4763 3662 4820 ctioveuiret
3686 4763 3845 4824 'eunt.
3876 4790 3893 4821 ι

2416 4834 2525 4901 (58)
2565 4832 2742 4904 Codex
2785 4833 3085 4904 Bohiettsis,
3129 4849 3145 4879 ι
3176 4843 3389 4904 patrem
3432 4848 3747 4904 prospectu.
3783 4861 3803 4891 ι
3838 4840 3901 4895 Et

2347 4920 2493 4963 mox,
2533 4902 2709 4971 «mihi
2745 4903 2975 4971 intellige
3010 4902 3369 4968 magnilicum.
3414 4921 3431 4951 ι
3559 4902 3576 4904 “
3710 4936 3713 4938 -

2418 4971 2529 5040 (59)
2571 4970 2703 5040 Male
2724 4970 3054 5035 Casinensis,
3082 4988 3099 5019 ι
3133 4971 3358 5037 venisse.
3388 4990 3407 5021 ›
3754 5000 3759 5001 ί

2417 5042 2526 5109 (40)
2564 5039 2843 5103 Bobiensis
2869 5041 3047 5101 habet,
3084 5058 3101 5088 ‹
3139 5048 3391 5107 tanquam
3422 5052 3571 5108 pater
3602 5046 3895 5103 educabat.

2346 5108 2433 5163 Ut
2464 5109 2715 5176 magister
2756 5112 2969 5179 regebat
3013 5119 3064 5162 ct
3100 5113 3449 5163 conservabat
3479 5115 3767 5179 pupulum,
3794 5129 3895 5171 etc.

2343 5180 2409 5233 Et
2457 5194 2579 5255 cum
2624 5186 2745 5245 post
2792 5181 3122 5255 aliquantum
3158 5187 3366 5247 tempus
3412 5182 3705 5239 adveniens
3749 5199 3899 5255 pater

2345 5250 2599 5317 proprias
2619 5263 2744 5317 oves
2770 5250 2988 5317 recepit.
3025 5267 3042 5298 ι
3137 5282 3140 5286 λ
3280 5316 3285 5317 ί
3512 5312 3513 5315 η

2417 5318 2527 5385 (4i)
2572 5316 2750 5393 Codex
2798 5316 3100 5393 Bobiensis.
3144 5332 3162 5365 ‹
3202 5316 3292 5385 qui
3325 5319 3550 5393 aequalia
3601 5333 3773 5393 anno
3806 5336 3899 5381 co-

2344 5398 2525 5456 gnata.
2555 5385 2801 5457 iuMoch
2840 5388 2904 5439 ad
2934 5385 3220 5457 populum;
3248 5385 3578 5457 prophetam.
3615 5409 3634 5441 ι
3677 5385 3696 5393 ’
3731 5400 3734 5401 ⁷

2416 5458 2526 5525 (42)
2568 5454 2703 5525 Male
2731 5455 3041 5525 Casinensis
3079 5455 3266 5520 codex,
3307 5454 3519 5511 (unde.
3561 5476 3581 5509 ι

2414 5523 2525 5594 (45)
2567 5523 2701 5594 Male
2729 5523 3057 5594 Casmensis,
3093 5540 3111 5571 ι
3144 5537 3323 5591 quam.
3357 5544 3377 5578 ι

2414 5593 2524 5662 (44)
2558 5593 2733 5646 Codex
2766 5593 3060 5657 Bobiensis,
3091 5609 3123 5645 (η
3147 5597 3339 5661 potest,
3362 5613 3390 5646 1
3419 5597 3558 5649 mala
3593 5598 3779 5654 lectio.
3822 5640 3829 5645 .

2414 5662 2527 5733 (45)
2560 5662 3078 5737 Codgxﬂobiensis,
3114 5680 3130 5711 ι
3169 5672 3221 5717 et
3258 5680 3320 5718 ea
3344 5680 3463 5737 quae
3494 5669 3607 5734 ipse
3645 5678 3901 5737 gesserat

2334 5730 2579 5810 agentes.
2614 5750 2631 5782 ι
2758 5731 2966 5810 infra,_t
2999 5730 3596 5810 uuo‘t‘empore'discere
3622 5730 3895 5810 majorem

2346 5800 2640 5857 dbctrinatn
2677 5801 2744 5857 ab
2768 5800 3059 5857 Abraham.
3093 5800 3360 5858 Abraham
3393 5820 3536 5859 vero.
3576 5825 3594 5856 ι
