4118 6350
192 327 322 381 1501

1232 396 1237 399 ἵ
1260 323 1403 381 CUM
1442 322 1718 379 MANETE
1758 324 2279 381 HERESIARCIIA.

3251 324 3386 381 1502

193 442 375 514 Usque
426 444 481 500 in
518 444 835 498 hodiernum
884 444 1051 507 enim,
1095 457 1216 497 cum
1265 441 1462 512 legitur
1508 440 1742 512 Moyses,
1772 447 1817 501 Α
1844 431 1993 507 cens,
2034 442 2276 497 velamen
2312 456 2432 496 esse
2456 442 2687 510 positum
2718 443 2774 496 in
2803 442 3030 506 lectione
3056 438 3262 496 Veteris
3286 440 3387 495 Te—

190 534 434 587 velamen
468 544 549 587 est
575 534 809 601 positum
840 547 1002 600 super
1030 547 1123 585 cor
1150 547 1361 586 eorum.
1396 530 1532 587 Cum
1556 541 1737 586 autem

188 637 487 678 conversus
539 622 698 695 fuerit
755 623 821 676 ad
876 621 1204 686 Dominum,
1259 622 1535 677 auferetur
1591 624 1738 677 vcla-

187 733 311 770 men
334 717 464 786 (92).
491 714 751 769 Dominus
774 725 957 776 autem.
979 714 1210 792 Spiritus
1229 726 1311 770 est
1338 717 1403 771 ‘°.
1432 735 1449 766 ι
1467 715 1603 782 Quid
1627 716 1737 785 (93)

189 807 401 876 inquit?
426 805 601 874 Usque
624 806 677 859 in
702 806 1091 861 hodiernumne
1120 802 1355 876 praesens
1382 818 1465 862 est
1491 807 1738 878 Moyses?

188 912 297 951 non
328 896 598 960 dormivit,
626 912 733 950 non
762 897 1043 966 requievit,
1074 913 1181 951 non
1220 899 1481 975 abscessit
1519 914 1552 951 e
1595 899 1741 951 vita?

186 986 468 1054 Quomodo
498 988 551 1041 in
580 988 896 1042 hodiernum
925 989 1035 1059 (94)
1069 989 1241 1043 dicit?
1282 989 1384 1043 Sed
1413 974 1619 1044 intuere
1649 1005 1740 1044 ve-

186 1077 386 1141 lamen,
416 1077 506 1131 ubi
546 1078 697 1141 dicit,
729 1079 964 1148 positum
1016 1095 1179 1148 supra
1218 1095 1313 1135 cor
1342 1096 1550 1142 eorum,
1578 1081 1631 1134 in
1663 1082 1739 1134 le-

185 1171 365 1226 ctione
404 1184 614 1223 eorum.
664 1168 789 1223 llam
826 1178 910 1224 est
951 1169 1063 1239 (95)
1096 1186 1197 1223 vox
1248 1185 1367 1238 quae
1392 1162 1738 1241 arguit‘filios

183 1259 370 1324 Israel,
417 1260 654 1330 legentes
694 1259 911 1330 Moysen
947 1270 1001 1315 et
1048 1276 1156 1314 non
1208 1261 1596 1331 intelligentes,
1644 1279 1738 1316 ne-

182 1366 291 1423 que
331 1360 703 1406 convertentes
750 1367 809 1405 se
858 1351 923 1404 ad
963 1349 1279 1412 Dominum;
1318 1353 1573 1420 quoniam
1624 1353 1738 1422 ipse

182 1452 288 1505 est,
319 1442 412 1510 qui
455 1457 486 1495 a
518 1440 701 1513 Moyse
752 1441 1103 1510 prophetatus
1144 1452 1223 1496 est
1266 1443 1468 1496 venire.
1506 1441 1619 1497 Hoc
1655 1452 1738 1497 est

181 1532 451 1595 velamen,
486 1532 631 1601 quod
677 1545 793 1607 erat
838 1532 1074 1602 positum
1116 1547 1278 1601 super
1313 1531 1504 1587 faciem
1547 1532 1735 1603 Moysi,

180 1623 328 1689 quod
383 1632 466 1676 est
531 1632 909 1677 testamentum
973 1623 1094 1692 ejus
1170 1623 1252 1691 ⁶¹;
1322 1626 1399 1681 ait
1471 1628 1616 1680 enim
1680 1627 1733 1680 in

113 1738 119 1742 —
181 1714 298 1782 lege
322 1711 471 1787 (96):
510 1732 528 1763 ι
558 1712 673 1767 Νοη
704 1715 915 1769 deficiet
964 1715 1214 1787 princeps
1259 1732 1326 1771 ex
1372 1716 1531 1779 Juda,
1564 1733 1736 1786 neque

180 1806 292 1857 dux
346 1802 413 1857 de
473 1802 770 1859 femoribus
823 1806 985 1874 ejus,
1049 1822 1331 1876 usquequo
1386 1809 1567 1861 veniat
1624 1806 1734 1878 (97)

184 1894 343 1963 cujus
385 1902 470 1948 est
500 1894 645 1963 (98),
675 1904 729 1949 et
766 1896 878 1963 ipse
907 1896 1009 1950 erit
1047 1897 1377 1965 exspectatio
1400 1898 1635 1967 gentium
1669 1898 1734 1949 σί.

182 1982 289 2051 Qui
329 1984 571 2053 alligabit
600 1985 708 2056 (99)
744 1988 809 2040 ad
832 1987 993 2041 vitem
1020 1987 1224 2056 pullum
1259 2003 1441 2053 suum,
1469 1998 1522 2042 et
1549 1989 1612 2041 ad
1641 2004 1732 2056 op-

184 2077 376 2131 timam
427 2078 585 2131 vitem
621 2078 825 2147 pullum
857 2078 1023 2133 asinae
1071 2078 1202 2134 suae.
1255 2078 1478 2133 Lavabit
1520 2080 1573 2132 in
1615 2078 1737 2133 vino

182 2162 379 2216 stolam
402 2179 581 2229 stram,
600 2164 730 2228 etin
752 2168 1013 2238 sanguine
1032 2183 1145 2221 uvae
1162 2168 1534 2222 indumentum
1552 2184 1731 2223 suum.

184 2254 390 2311 Suﬂ‘usi
414 2256 559 2310 oculi
587 2258 662 2327 (I)
687 2258 807 2325 ejus
830 2274 861 2312 a
886 2260 1032 2322 vino,
1079 2268 1133 2312 et
1163 2260 1373 2313 candidi
1400 2259 1590 2314 dentes
1617 2260 1736 2328 ejus

181 2362 211 2396 a
244 2345 401 2411 lacte,
459 2365 479 2398 ι
522 2355 576 2400 et
618 2348 842 2416 reliqua.
882 2347 990 2413 Qui
1029 2350 1190 2403 etiam
1215 2357 1268 2403 et
1306 2349 1446 2403 unde
1479 2358 1735 2405 venturus

178 2443 325 2489 esset
362 2434 701 2505 designavit,
759 2437 944 2490 dicens
978 2454 991 2490 :
1034 2455 1054 2488 ι
1098 2436 1417 2507 Prophetam
1447 2437 1599 2491 vobis
1637 2452 1732 2493 su—

178 2525 397 2579 scitabit
452 2524 710 2590 Dominus
757 2524 899 2581 Deus
952 2542 1018 2581 ex
1062 2526 1318 2582 fratribus
1354 2527 1551 2583 vestris
1596 2527 1735 2583 sicut

177 2625 298 2682 me;
329 2618 501 2685 ipsum
523 2618 703 2671 audite
732 2618 828 2671 ⁸³.»
853 2616 917 2671 Et
936 2618 1150 2687 quidem
1174 2617 1298 2687 quia
1320 2632 1426 2672 non
1457 2618 1734 2688 possitin-

102 2728 107 2731 ί
177 2710 349 2779 telligi
407 2710 510 2763 hoc
542 2710 608 2764 de
650 2707 775 2764 Iesu
804 2707 949 2762 Nave
991 2708 1066 2778 (2)
1109 2709 1308 2765 dictum
1332 2723 1470 2771 esse,
1504 2708 1733 2763 manife-

177 2810 325 2855 stum
355 2810 455 2855 est.
502 2800 643 2855 Nihil
674 2802 815 2855 enim
865 2800 1027 2869 hujus
1058 2800 1484 2855 circumcisionis
1527 2800 1734 2868 inipso

180 2891 486 2957 invenitur;
532 2892 705 2945 adhuc
744 2892 888 2946 enim
921 2908 985 2946 ex
1010 2889 1146 2945 Iuda
1180 2906 1331 2960 reges
1362 2889 1585 2945 fuerunt
1610 2898 1733 2959 post

180 2984 381 3050 ipsum,
417 2991 471 3035 et
506 2982 625 3035 ideo
657 2982 832 3036 aliena
876 2983 1033 3051 longe
1062 2992 1146 3037 est
1174 2984 1243 3037 ab
1278 2996 1343 3037 eo
1368 2980 1479 3035 hate
1504 2980 1731 3051 pr0phe-

1843 534 2116 599 stamenti,
2164 544 2383 601 propter
2409 533 2552 602 quod
2578 534 2623 587 is
2648 533 2739 602 qui
2775 534 3071 603 appellatur
3090 533 3387 603 antiquitus

1845 623 2027 685 Israel,
2078 632 2355 690 exspectat
2398 627 2685 677 adventare
2709 621 3004 688 Christum,
3043 638 3151 677 non
3184 624 3386 678 intelli-

1839 726 2021 785 gentes
2048 713 2125 783 (6)
2163 714 2291 779 quia
2330 714 2640 770 defecerunt
2670 728 2731 766 ex
2760 712 2895 767 Iuda
2922 714 3212 784 principes,
3244 725 3296 768 et
3316 729 3383 771 ex

1844 805 2134 858 femoribus
2159 804 2277 873 ejus
2313 805 2509 868 duces;
2547 803 2687 857 sicut
2717 818 2859 857 nunc
2895 804 3135 859 videmus
3169 807 3384 875 regibus

1840 911 1933 949 eos
1974 895 2409 965 principibusque
2453 893 2726 962 subjectos
2772 893 2846 963 (5)
2874 894 3075 948 tributa
3120 898 3381 964 pendere,

1841 988 1987 1040 nulla
2019 987 2119 1041 sibi
2154 995 2410 1051 potestate
2437 987 2518 1037 vel
2554 985 2829 1053 judicandi
2861 986 2940 1038 vel
2974 988 3226 1056 puniendi
3248 1003 3382 1042 con-

1838 1094 2012 1143 cessa,
2062 1078 2205 1132 sicut
2232 1076 2397 1130 Iudas
2441 1077 2666 1141 habuit,
2701 1078 2827 1146 quia
2873 1076 3106 1131 Thamar
3136 1078 3199 1144 “,
3233 1086 3386 1148 post-

1836 1184 2065 1237 eaquam
2112 1168 2581 1232 condemnaverat,
2631 1169 2805 1236 potuit
2831 1167 3143 1236 justilicare.
3192 1169 3293 1223 Sed
3327 1176 3384 1225 et

1836 1259 2086 1313 videbitis
2125 1258 2201 1331 (6)
2242 1257 2407 1311 vitam
2440 1264 2669 1312 vestram
2698 1258 3015 1325 pendentem
3045 1267 3168 1312 ante
3196 1258 3382 1316 oculos

1836 1359 2044 1403 vestros
2072 1350 2138 1402 ⁸⁸.

1908 1438 2091 1493 XLIV.
2141 1438 2311 1493 liabet
2358 1436 2521 1492 etiam
2569 1437 2657 1492 hic
2703 1454 2881 1494 sermo
2908 1442 3168 1495 velamen.
3202 1434 3383 1508 Usque

1837 1531 1901 1585 ad
1946 1529 2209 1584 Herodem
2240 1530 2382 1583 enim
2418 1545 2483 1583 ex
2518 1538 2668 1597 parte
2707 1531 2885 1598 aliqua
2937 1547 3159 1601 regnum
3201 1538 3409 1583 tenere.

1837 1619 2193 1685 videbantur;
2242 1620 2309 1673 ab
2339 1620 2586 1689 Augusto
2615 1630 2790 1713 autem
2821 1622 2994 1689 prima
3022 1620 3272 1690 ascriptio
3302 1619 3382 1688 (7)

1839 1712 1891 1765 in
1927 1711 2006 1764 eis
2041 1710 2180 1765 facta
2220 1721 2320 1775 est,
2377 1722 2430 1767 et
2479 1704 2755 1780 cmpertitjt
2803 1712 3000 1765 tributa
3046 1712 3296 1781 pendere,
3329 1719 3384 1764 et

1839 1817 2060 1856 censum
2086 1802 2233 1856 dare.
2270 1801 2347 1855 Ex
2384 1818 2493 1871 quo
2524 1810 2699 1856 autem
2713 1790 2991 1869 ‘gbominus
3014 1811 3202 1871 noster
3222 1800 3383 1857 Iesus

1836 1903 2044 1962 emptus
2106 1904 2192 1948 est
2248 1895 2553 1964 prophetari
2608 1904 2769 1963 atque
2818 1894 3150 1963 exspectari,
3200 1906 3382 1947 exeo

1836 1983 2104 2052 principes
2149 1999 2215 2037 ex
2260 1983 2397 2038 Juda
2439 1999 2559 2039 esse
2586 1986 2866 2053 coeperunt"
2900 1992 2954 2037 et
2978 1984 3146 2046 duces
3177 1982 3382 2053 populi,

1837 2074 1929 2143 qui
1963 2068 2199 2130 'rursum
2247 2074 2558 2130 defecerunt
2609 2075 2663 2129 in
2705 2075 2934 2129 adventu
2968 2066 3043 2145 (8)
3085 2074 3384 2144 praesentia:

1834 2166 1973 2235 ejus.
2005 2167 2061 2221 Si
2091 2165 2217 2237 ergo
2249 2166 2523 2221 auferatur
2544 2168 2781 2221 velamen
2807 2167 2950 2236 quod
2973 2166 3026 2220 in
3045 2167 3135 2223 illa
3157 2166 3386 2220 lectione

1833 2257 2064 2325 positum
2098 2269 2199 2322 est,
2230 2258 2526 2325 intelligent
2547 2257 2622 2326 (9)
2647 2257 2899 2313 virtutem
2927 2255 3378 2320 circumcisiOnis,

1834 2348 2107 2401 invenient
2145 2357 2198 2402 et
2236 2348 2630 2416 generationem
2662 2346 2779 2415 ejus
2807 2361 2966 2414 quem
2992 2345 3373 2419 praedicamus,

1832 2447 1884 2492 et
1926 2452 2167 2502 crucem,
2198 2447 2252 2491 et
2296 2450 2629 2507 quaecunque
2657 2438 2722 2490 de
2761 2438 2990 2491 Domino
3012 2445 3201 2491 nostro
3232 2445 3382 2505 gesta

1833 2537 1980 2594 sunt,
2016 2528 2133 2598 ipsa
2164 2543 2285 2585 esse
2325 2545 2446 2599 quae
2492 2529 2557 2584 de
2601 2544 2667 2583 eo
2726 2527 2942 2582 fuerant
2987 2526 3259 2596 praedicta.
3310 2525 3380 2580 Et

1832 2620 1989 2673 velim
2035 2618 2252 2689 quidem
2291 2619 2356 2674 de
2388 2618 2681 2688 Scripturis
2721 2619 2989 2675 discutere
3016 2630 3379 2686 unumquemn

1834 2726 1945 2781 que
1980 2725 2285 2766 sermonem
2331 2709 2465 2782 (l0),
2519 2718 2579 2765 et
2619 2708 2898 2764 ostendere
2943 2717 3002 2761 ut
3032 2706 3253 2775 intelligi
3295 2705 3379 2759 di-

1835 2818 1999 2873 gnum
2026 2792 2131 2857 est.
2161 2801 2264 2855 Sed
2295 2801 2548 2871 quoniam
2583 2817 2727 2855 nunc
2754 2798 3004 2854 aliudest
3032 2798 3173 2868 quod
3201 2805 3381 2869 urget,

1832 2894 1898 2949 de
1929 2895 2141 2948 vacanti
2171 2894 2280 2961 (11)
2313 2893 2465 2948 nobis
2504 2895 2602 2948 ista
2646 2893 2925 2957 dicenturj;
2974 2892 3087 2951 haec
3123 2890 3265 2945 enim
3297 2884 3379 2945 di-

1834 2982 1979 3037 xisse
2001 2997 2148 3036 nunc
2184 2980 2395 3047 sufﬁcit,
2447 2989 2506 3034 ut
2542 2981 2887 3034 ostendamus
2920 2990 3029 3034 non
3066 2981 3185 3036 sine
3212 2995 3382 3038 causa

179 3073 274 3126 tia.
327 3069 393 3123 Et
437 3072 539 3124 hoc
566 3078 648 3125 est
674 3073 916 3128 velamen
949 3076 1025 3143 (5)
1051 3116 1066 3142 ,
1110 3074 1253 3144 quod
1275 3084 1363 3147 est
1391 3074 1446 3128 in
1478 3072 1727 3144 Moysen;
1758 3114 1801 3170 ϐ
1833 3076 2073 3130 velamen
2113 3075 2344 3143 positum
2375 3087 2535 3140 super
2566 3072 3040 3146 corquorumdam
3066 3073 3119 3127 in
3150 3072 3377 3128 lectione

176 3176 354 3229 neque
385 3160 549 3224 enim,
582 3161 724 3215 sicut
760 3161 990 3218 fortasse
1016 3165 1180 3234 aliqui
1220 3164 1589 3234 imperitorum
1629 3179 1730 3233 pu-

176 3260 318 3315 tant,
367 3251 591 3304 linteum
622 3251 840 3319 aliquod
884 3263 977 3308 aut
1016 3253 1341 3323 pellis.fuit,
1376 3256 1497 3324 quae
1524 3254 1729 3308 vultum

175 3342 300 3411 ejus
324 3343 574 3412 operiret.
613 3340 717 3398 Sed
744 3345 1035 3412 Apostolus
1064 3346 1348 3416 diligenter
1377 3346 1610 3401 ostendit
1640 3346 1728 3401 di-

1839 3166 2042 3222 Veteris
2078 3164 2424 3220 Testamenti.
2472 3162 2791 3233 Quicunque
2832 3180 2961 3219 vero
2990 3166 3054 3219 ad
3089 3164 3374 3220 Dominum

1834 3262 2238 3317 convertuntur,
2280 3253 2349 3307 ab
2401 3254 2466 3308 iis
2508 3254 2750 3309 velamen
2790 3256 2902 3325 (12)
2936 3253 3197 3309 aufertur.
3245 3253 3376 3319 Quae

1834 3346 2015 3400 omnia
2047 3360 2209 3425 quam
2239 3347 2346 3399 vim
2380 3345 2613 3401 habeant
2647 3346 2701 3400 in
2747 3361 2884 3409 sese,
2936 3346 3021 3399 his
3069 3343 3158 3413 qui
3212 3357 3379 3397 sensu

248 3457 295 3488 “
330 3456 367 3509 ΙΙ
396 3456 525 3531 (Ζοι-ἒ
555 3473 636 3531 ut,
667 3457 752 3511 II.
829 3459 870 3489 ⁶¹
897 3457 1063 3531 Exod.
1090 3476 1274 3529 xxxrv,
1298 3463 1394 3529 33;
1426 3460 1471 3514 11
1504 3444 1629 3515 Cor.
1664 3476 1750 3528 In,
1783 3461 1870 3514 15.
1945 3462 1991 3508 ‘.’
2016 3460 2149 3517 Gen.
2184 3478 2332 3531 xux,
2360 3462 2445 3519 I0.
2522 3463 2568 3495 ⁸³
2593 3462 2745 3517 Deut.
2780 3476 2931 3525 um,
2976 3457 3058 3512 18.
3157 3457 3203 3489 “
3235 3455 3370 3512 Gen.

176 3541 407 3580 ιιινιιι.
482 3528 525 3565 ⁸⁵
566 3527 723 3585 Deut.
750 3543 942 3594 xxvut,
1006 3530 1059 3584 9.

247 3645 361 3715 (92)
384 3645 562 3719 Codex
598 3647 895 3719 Bobiensis,
925 3666 944 3719 ς
979 3647 1145 3704 fuerit
1167 3650 1289 3719 quis
1319 3652 1382 3704 ad
1411 3648 1718 3717 Dominum,

180 3717 745 3787 aufereturvelamen.
792 3737 809 3768 ι
851 3716 1073 3787 Vulgata
1104 3716 1247 3773 enim
1286 3721 1464 3781 habet,
1512 3737 1529 3769 ‹
1567 3719 1721 3775 aufe-

182 3797 351 3840 retur.
395 3806 412 3838 »
449 3785 516 3839 At
548 3787 600 3839 in
635 3786 917 3841 Casinensi
946 3785 1126 3842 codice
1156 3798 1238 3843 est
1272 3807 1291 3840 ‹
1333 3788 1594 3843 aufertur.
1628 3808 1648 3842 ι

392 3855 726 3929 Casinen_sis,
757 3876 774 3907 ‹
808 3857 972 3929 quod,
1013 3860 1205 3929 {mala
1232 3858 1412 3929 lectio.

250 3924 362 3987 (94)
394 3926 573 3979 Codex
608 3924 907 3991 Bobiensis,
952 3943 970 3976 ι
1009 3927 1269 3982 abscessit
1299 3928 1446 3981 vita?
1520 3924 1725 3991 Quam-

166 3992 494 4049 obremertzo
518 3993 569 4045 in
596 3996 934 4049 hodiernum.
974 4014 992 4046 ι

254 4062 370 4133 (95)
398 4062 547 4133 idem
579 4063 769 4129 codex,
805 4084 823 4114 ε
862 4080 1017 4133 supra
1044 4079 1138 4118 cor
1166 4079 1372 4121 eorum.
1403 4065 1525 4121 llaec
1563 4076 1665 4121 est.
1708 4082 1728 4117 ι

243 4130 359 4250 (196)
396 4131 536 4251 Ἂιεηι
566 4133 755 4195 codex,
794 4152 812 4184 t
842 4130 1114 4199 ait'enim,
1155 4133 1410 4206 intellige,
1441 4155 1460 4188 ι
1495 4147 1550 4190 et
1584 4152 1731 4203 mox,

282 4214 309 4248 Θ
368 4216 395 4250 U
439 4215 545 4251 3.)
1420 4218 1422 4221 ’

116 4238 119 4239 ν
185 4219 204 4249 1
243 4214 545 4251 σεδυσθ.»
1420 4218 1422 4221 ’

256 4266 365 4334 (97)
401 4268 579 4344 Codex
612 4268 915 4344 Bobiensis,
956 4289 975 4321 ι
1024 4270 1087 4323 de
1133 4269 1334 4344 femore
1385 4274 1501 4344 ejus
1537 4290 1733 4344 usque.

178 4351 293 4407 quo
325 4336 644 4411 veni_at,_qui
673 4348 775 4393 est.
812 4358 831 4391 ι
879 4342 1275 4411 (λεειετιιιημὶειλ
1316 4336 1474 4411 hujus
1507 4336 1734 4398 loci'in-

1830 3650 2106 3706 Bobiensis
2140 3668 2159 3702 ‹
2200 3651 2456 3707 alligavit.
2496 3670 2513 3703 ι
3134 3688 3135 3691 η

1900 3722 1978 3792 (1)
2011 3721 2187 3792 Codex
2221 3712 2516 3792 Bobiensis,
2552 3737 2589 3792 ¢_
2612 3717 2765 3776 eiusi
2797 3715 2959 3792 oculi.
2998 3733 3015 3767 υ
3040 3712 3206 3792 Mox,
3230 3732 3249 3763 ο
3275 3715 3373 3792 _qui

1830 3784 1996 3845 enini.
2030 3810 2048 3841 ›
2084 3789 2227 3855 Mox,
2270 3810 2289 3840 σ
2320 3788 2636 3854 designavit,
2671 3786 3005 3855 prophetam.
3034 3803 3051 3835 ι
3085 3824 3099 3833 .
3125 3852 3149 3855 _
3176 3785 3244 3835 Dc
3275 3784 3374 3855 hac

1831 3860 2059 3915 lectione
2102 3852 2221 3913 fuse
2248 3852 2482 3924 disputat
2508 3852 2742 3911 Grabius
2773 3852 2830 3909 in
2855 3856 3071 3909 dissert.
3116 3852 3189 3906 De
3213 3852 3373 3907 variis

1830 3930 1973 3983 vitiis
2016 3928 2165 3983 LXX
2198 3926 2451 3992 litterpp.,
2500 3924 2527 3995 §
2566 3927 2651 3989 19,
2688 3941 2810 3995 pag.
2833 3924 2941 3995 _56.
2994 3924 3111 3995 Quo
3147 3938 3212 3995 ex
3257 3925 3375 3977 loco

1830 4001 2088 4053 nonnulla
2116 4004 2361 4062 excerpta
2411 3992 2653 4049 dedimus
2690 3992 2775 4047 'ad
2826 3992 3022 4047 Iustini
3063 3992 3200 4062 Dial.
3258 4008 3375 4046 cum

1834 4068 2051 4132 Tryplt.,
2088 4067 2115 4132 §
2141 4065 2225 4125 52,
2256 4060 2385 4118 tum.
2418 4062 2434 4115 1
2467 4065 2624 4132 hujus
2648 4063 2918 4132 Bibliotlt._,
2952 4078 3071 4131 pag.
3096 4060 3219 4116 507.

1898 4086 1905 4096 '
1975 4086 2051 4132 11.,
2141 4086 2225 4125 DZ,
2257 4086 2385 4118 tum.
2418 4086 2434 4115 ι
2467 4086 2624 4132 nulus
2648 4086 2918 4123 Dtuuuuh,
2952 4086 3071 4131 pag.
3096 4086 3219 4116 θυι.

1898 4086 1976 4209 3)
2011 4086 2346 4209 lnilobiensi
2379 4133 2555 4209 inepta
2586 4134 2743 4209 lectio
2770 4173 2783 4191 ,
2823 4149 2841 4181 ι
2874 4130 3044 4209 Mane.
3087 4149 3104 4180 ι
3146 4159 3216 4209 _—-
3238 4126 3374 4209 Cor-

1831 4200 2046 4277 ruptam
2070 4205 2351 4277 lectionem
2387 4219 2405 4252 ‹
2439 4200 2832 4277 de_Jesu_Mane
2860 4202 3123 4277 Lviderat
3150 4201 3376 4277 jampri-

1831 4269 1953 4331 dein
1986 4278 2039 4329 in
2074 4274 2349 4327 Valcsiana
2401 4272 2634 4340 editione
2666 4272 2826 4338 hujus
2859 4269 3241 4340 Disputationis
3270 4270 3374 4321 Co-

1835 4347 2053 4400 telerius
2087 4346 2149 4397 ad
2181 4339 2633 4411 Barnamepist.
2668 4357 2785 4411 cap.
2824 4339 2911 4404 12,
2947 4341 3035 4394 ubi
3064 4340 3253 4393 dehuc
3278 4353 3374 4392 no-

177 4407 491 4487 terpretatio
534 4408 689 4487 longe
713 4411 927 4487 diversa
956 4418 1038 4463 est
1064 4424 1092 4461 a
1132 4407 1464 4487 _V_t_tlgata_._'et
1497 4414 1568 4487 ab
1592 4417 1733 4468 anti-
1755 4432 1805 4487 ι)
1834 4418 1979 4487 mine
2006 4426 2269 4487 premor}:
2293 4423 2395 4487 suo
2425 4410 2643 4487 disserit
2668 4407 2893 4487 erudite.

222 4473 464 4549 uini-ibus
494 4473 853 4549 versionibus,
886 4495 1021 4547 quas
1063 4473 1727 4549 exhibentATertullianus,

233 4561 260 4597 e
295 4542 510 4619 Τςξηὶξε,
536 4560 653 4619 cap,
684 4548 817 4619 θηρὶ
849 4542 1289 4619 (ὲῇθριξίῃ-ημεψαιιυ.
1316 4546 1530 4604 Judwos
1570 4554 1663 4607 lib.
1690 4542 1727 4617 ιζ

176 4629 301 4681 cap.
331 4612 420 4686 21.
454 4614 556 4686 Sed
594 4612 692 4670 nec
740 4612 944 4672 Graeco
970 4617 1106 4670 LXX
1152 4618 1391 4686 lnterpr.
1430 4624 1595 4676 textui
1647 4612 1732 4676 re;

176 4683 429 4756 spondet,
461 4682 584 4747 licet
614 4700 718 4738 non
750 4703 853 4740 una
879 4703 1088 4756 semper
1115 4688 1185 4742 sit
1216 4682 1457 4755 ejusdem
1490 4692 1649 4746 lectio
1677 4692 1728 4745 in

176 4752 337 4804 codd.
379 4766 512 4804 mss.
548 4763 599 4804 et
626 4756 766 4822 apud
802 4752 1011 4813 Patres;
1040 4755 1171 4811 Vide
1197 4752 1466 4815 Nobilium
1493 4762 1549 4814 in
1588 4762 1731 4816 notis

168 4822 248 4875 ad
279 4835 401 4873 eum
435 4822 629 4883 locum.

254 4890 364 4958 (98)
398 4888 561 4956 Cujus
594 4900 689 4943 est.
716 4890 1006 4948 Prudentio
1028 4893 1247 4947 Marano
1274 4895 1394 4952 viro
1416 4897 1730 4953 doctissimo

182 4960 251 5011 ad
279 4958 476 5012 Justini
511 4960 663 5026 Apol.
692 4977 729 5026 ι,
770 4962 797 5031 ς
837 4963 925 5024 52,
968 4965 1176 5017 videtur
1208 4971 1307 5019 hoc
1334 4983 1453 5021 esse
1482 4968 1729 5022 librario-

185 5044 306 5107 rum
361 5038 628 5107 erratum,
660 5044 757 5098 pro
807 5049 827 5107 ς
897 5034 1002 5107 cui
1029 5033 1118 5101 jus
1162 5043 1261 5107 est.
1300 5054 1318 5086 ι
1348 5038 1479 5101 Quae
1514 5038 1727 5107 quidem

178 5098 343 5173 lectio
388 5098 634 5173 restituta
678 5103 900 5169 propius
934 5102 1006 5153 illi
1032 5098 1255 5173 accedit
1285 5098 1448 5173 quam
1482 5098 1729 5159 novimus

177 5167 359 5239 fuisse
409 5169 680 5233 veteribus
745 5166 1080 5239 usurpatam,
1137 5166 1181 5237 ᾧ
1230 5166 1534 5239 ἀπὶκειται,
1582 5192 1602 5224 ί
1644 5173 1732 5227 cui

178 5237 649 5311 repositum‘est.‘
684 5255 703 5287 ι
776 5237 986 5294 Videsis
1029 5253 1128 5294 hac
1177 5242 1243 5295 de
1301 5262 1357 5300 re
1405 5248 1471 5299 cl.
1523 5237 1732 5311 Cotele-

175 5304 322 5381 rium
362 5308 427 5359 ad
469 5304 692 5381 Constit.
740 5319 909 5381 apost.
942 5311 1045 5381 lib.
1067 5327 1138 5375 vt,
1168 5328 1285 5381 cap.
1321 5316 1379 5367 11
1410 5315 1509 5369 sub
1530 5308 1685 5365 ﬁnem
1715 5330 1727 5365 :

174 5377 272 5455 qui
306 5383 563 5455 praterea
592 5377 657 5429 ad
680 5378 990 5455 earumdem
1010 5378 1188 5455 Const.
1212 5377 1301 5455 lib.
1323 5400 1361 5445 ι,
1380 5401 1495 5455 cap.
1511 5382 1576 5455 _I,
1598 5396 1733 5450 pra:-

170 5447 783 5516 cla_re_versumgcenset
813 5448 897 5501 hic
923 5450 1187 5516 ejusmodi
1218 5447 1487 5507 Geneseos
1510 5447 1686 5509 locum
1716 5469 1729 5506 :

181 5531 207 5567 ε
242 5512 347 5579 Qui
378 5513 723 5596 alligavituatl
749 5517 908 5595 vitem
932 5512 1137 5586 pullum
1186 5536 1367 5589 suum,
1411 5531 1465 5578 et
1498 5520 1565 5572 ad
1594 5521 1733 5596 Opti-

175 5599 324 5643 mam
354 5585 511 5651 vitem
546 5584 747 5651 pullum
779 5584 947 5639 asiuai
975 5604 1105 5645 suae.

252 5651 365 5728 (99)
393 5649 572 5715 Codex,
595 5651 927 5728 Casinensis,
954 5675 977 5708 4
1006 5660 1133 5725 quia
1164 5659 1403 5728 alligabit
1428 5676 1442 5723 ;
1472 5657 1563 5715 sed
1591 5657 1732 5713 hanc

178 5723 469 5788 lectionem
518 5737 587 5789 ex,
641 5724 953 5793 repetitione
1007 5723 1210 5782 vocalis
1251 5723 1305 5795 6,
1354 5739 1526 5785 ortam
1578 5738 1727 5798 puto.

1902 4476 2185 4554 (3)_'Codex
2218 4478 2569 4554 Casinensis:
2605 4498 2622 4531 ι
2672 4480 2738 4534 Ει
2774 4483 2885 4535 haec
2919 4487 3003 4531 est
3044 4476 3307 4530 velamen.
3345 4494 3365 4529 ι

1830 4548 2084 4615 Ειῖιὶῐυει,
2118 4564 2135 4600 t
2175 4549 2255 4600 vel
2285 4548 2453 4616 pellis.
2490 4567 2508 4597 ι

1898 4622 1973 4691 (4)
2001 4622 2194 4691 Codcx_
2216 4616 2513 4691 Bobiensis,
2551 4639 2569 4691 φ
2605 4620 2922 4691 intelligens.
2965 4635 2982 4667 ι

1899 4682 1971 4759 (5)
2004 4689 2137 4759 Male
2161 4686 2440 4741 Bobiensis
2466 4690 2655 4755 codex,
2694 4709 2712 4741 ι
2744 4682 2956 4758 regibus
2985 4698 3098 4749 eos,
3129 4682 3373 4753 regibus-

1828 4776 1943 4829 que
1958 4758 2248 4829 subjectos.
2281 4775 2298 4829 ξ

1898 4828 1972 4895 (6)
1995 4821 2178 4879 Codex
2207 4822 2493 4891 Bobiensis
2522 4846 2540 4878 ι
2566 4826 2878 4895 justificare.
2918 4821 3020 4895 Sed
3050 4822 3321 4877 videbitis.
3340 4826 3366 4874 ι

1828 4892 2134 4950 Casinensis
2164 4913 2182 4945 ι
2225 4895 2531 4962 justilicari.
2557 4892 2659 4950 Sed
2682 4905 2736 4949 et
2763 4892 3027 4947 videbitis.
3071 4911 3089 4962 ρ

1901 4965 1976 5036 (7)
2010 4961 2291 5036 Bobiensis
2325 4969 2495 5019 codex
2528 5006 2543 5030 ,
2589 4963 2945 5036 {abem-iptio.
2984 4982 3001 5013 ι
3037 4961 3181 5028 Mox,
3210 4978 3227 5012 ι
3265 4974 3373 5016 cm-

1830 5032 2147 5104 peru'ntque.
2184 5053 2203 5085 ι
2241 5034 2303 5087 Et
2334 5036 2493 5100 infra,
2542 5054 2559 5086 σ
2597 5032 2853 5087 Dominus
2886 5048 3057 5086 meus.
3094 5051 3113 5083 ι

1901 5104 1977 5173 (8)
2010 5104 2152 5161 Idem
2178 5106 2367 5168 codex,
2407 5125 2426 5157 ς
2467 5107 2518 5158 in
2552 5106 2858 5156 adventum.
2898 5120 2967 5173 »_-

1902 5169 1978 5243 (9)
2008 5175 2151 5230 Idem
2199 5176 2390 5241 codex,
2435 5192 2455 5226 ι
2498 5173 2818 5240 intelligens.
2862 5189 2881 5221 ι
2914 5170 2977 5226 Et
3006 5169 3165 5231 infra,
3198 5184 3218 5218 σ
3258 5172 3370 5235 ipsa

1831 5246 2264 5315 quaedeeo.ii
2400 5311 2526 5315 ΔΗ
2634 5309 2645 5315 _
2815 5310 2847 5315 __
3276 5294 3281 5297 χ

1904 5315 2013 5385 (10)
2059 5317 2117 5368 in
2171 5314 2351 5369 codice
2400 5309 2648 5365 Bobiensi
2698 5306 3367 5385 mutil_u_s_est__hlclocus;

1834 5379 2183 5447 habet'enim,
2223 5401 2241 5434 ι
2282 5394 2606 5450 sermonem,
2643 5387 2701 5431 ut
2734 5380 2986 5448 intelligi,
3016 5379 3231 5445 dignum
3264 5386 3368 5431 est.

1834 5454 2044 5509 Dixisse
2079 5469 2219 5507 nunc
2249 5452 2454 5507 sullicit.
2472 5468 2489 5500 ι

1906 5525 2017 5595 (11)
2047 5523 2101 5576 In
2138 5521 2416 5595 Casinensi
2444 5527 2543 5595 est,
2577 5519 2703 5595 Lde
2728 5518 3076 5595 vacantibus,
3120 5532 3141 5569 ι
3175 5518 3265 5572 sed
3294 5517 3369 5572 le-

1835 5588 2086 5663 gendum,
2122 5611 2140 5642 ι
2164 5594 2229 5653 de
2258 5590 2484 5663 vacanti.
2526 5610 2543 5641 ι
2579 5589 2669 5643 Sic
2692 5603 2850 5663 supra
2872 5602 2988 5654 cap.
3018 5588 3106 5639 M.

1904 5664 2013 5732 (12)
2043 5663 2224 5720 Codex
2255 5660 2569 5729 Bubiensis,
2602 5680 2623 5719 t
2661 5660 3033 5715 velamentum.
3066 5675 3085 5712 ι
