4118 6350
668 505 805 561 1507

1669 502 1851 558 ACTA
1889 500 2411 559 DISPUTATIONIS
2446 502 2504 558 S.
2538 502 2885 560 ARCHELAI

3729 505 3875 589 istis

670 641 783 680 sine
816 623 998 677 domui
1032 630 1329 694 geruntun
1351 619 1454 675 Sed
1483 637 1550 675 ne
1574 622 1758 675 videar
1791 639 1886 692 per
1913 625 2025 678 haec
2049 624 2211 678 verba
2241 629 2285 685 Α
2312 621 2559 692 Nunquid
2580 606 2630 679 te
2661 625 2972 679 advocatum
2996 639 3235 680 meorum
3258 624 3477 680 adhibui
3522 641 3865 690 sermonum,

670 716 886 769 differre
918 712 1288 782 quiestiOnem,
1316 713 1426 781 jam
1456 712 1660 778 sileam;
1696 714 1761 766 de
1800 714 1865 768 iis
1909 728 2032 767 vero
2076 714 2214 767 dabo

670 805 771 873 ipsi
806 814 1152 879 potestatem,
1200 812 1378 858 sumat
1411 804 1781 873 quodcunque
1809 804 1923 857 vult
1968 804 2230 874 proposi-p

668 896 829 971 tionis
864 905 916 950 et
942 895 1253 964 quaestionis
1288 893 1520 947 initium.
1548 892 1657 947 Vos
1681 896 2071 965 tantummodo,
2109 895 2216 949 sic-

670 996 731 1041 ut
770 987 1017 1057 superius
1059 987 1198 1052 dixi,
1232 984 1862 1054 indeclinabilesjudices
1894 1002 2014 1040 esse
2070 1002 2215 1054 qua:-

653 1076 761 1141 so,
794 1085 853 1130 ut
878 1092 1003 1131 vera
1033 1077 1230 1132 dicenti
1253 1072 1510 1141 honorem
1532 1091 1716 1131 verum
1742 1064 2085 1146 palmamque
2108 1087 2215 1131 tra-

669 1164 827 1218 daﬁs.

718 1252 945 1308 ‘XLVll.
971 1252 1123 1309 Tunc
1166 1251 1369 1318 Manes,
1400 1255 1612 1309 silentio
1657 1253 1725 1307 ab
1749 1253 2001 1331 omnibus
2037 1253 2213 1319 facto,

667 1345 742 1417 ita
775 1360 1001 1399 exorsus
1030 1355 1108 1399 est
1138 1365 1149 1399 :
1176 1344 1253 1398 Tu
1281 1361 1515 1415 quoque,
1548 1343 1830 1410 Archelao,
1860 1345 1994 1399 bene
2036 1361 2121 1398 me
2151 1347 2227 1399 de

670 1435 777 1489 Deo
807 1437 1141 1496 sentientem,
1178 1437 1503 1507 dignamque
1540 1437 1845 1505 opinionem
1894 1437 1959 1490 de
2000 1435 2215 1491 Christo

605 1525 608 1528 ’
668 1510 1010 1587 retinentem,
1037 1526 1211 1580 verbis
1242 1508 1638 1582 molestissimis
1659 1525 1933 1591 obtundis,
1960 1524 2084 1581 licet
2112 1516 2222 1581 tale

572 1618 573 1625 ‘
670 1617 737 1670 sit
764 1617 1130 1685 apostolorum
1165 1633 1333 1686 genus
1358 1658 1373 1683 ,
1421 1618 1633 1686 patiens
1672 1628 1725 1671 et
1761 1613 1947 1672 Terens
1991 1618 2172 1672 omnia
2197 1658 2214 1681 ,

667 1705 883 1760 etiamsi
915 1721 1007 1760 eos
1041 1706 1298 1760 conviciis
1326 1706 1448 1775 quis
1482 1716 1574 1761 aut
1606 1706 1906 1761 maledictis
1932 1706 2214 1761 obtrectet.

584 1788 601 1795 ”
666 1793 737 1849 Si
772 1796 1018 1865 persequi
1065 1796 1588 1870 volucris,.paratus
1636 1812 1755 1851 sum
1780 1815 1798 1863 ;
1831 1807 1884 1851 et
1928 1798 1974 1851 si
2018 1796 2216 1861 inferre

622 1933 624 1935 ,
668 1888 952 1956 supplicia,
974 1904 1077 1940 non
1109 1886 1391 1957 refugiant.
1417 1887 1473 1941 Si
1497 1890 1658 1942 etiam
1680 1888 1979 1943 interﬁcere
2001 1903 2089 1943 me
2110 1890 2212 1952 vis,

542 1999 546 2007 τ
613 2044 616 2045 ν
670 1953 776 2032 non
804 1978 1115 2042 reformido;
1151 1953 1301 2031 illum
1341 1979 1484 2032 enim
1533 1979 1708 2049 solum
1755 1988 1964 2047 oportet
2002 1978 2213 2044 timere,
2246 1953 2290 2009 Β

668 2070 763 2140 qui
805 2081 978 2139 potest
1028 2071 1260 2124 animam
1310 2078 1363 2124 et
1408 2085 1605 2138 corpus
1646 2066 1968 2139 perdere'in
2013 2068 2214 2139 gehen-

670 2177 796 2215 nam
828 2163 895 2212 ⁸⁸.
928 2161 1214 2213 Archelaus
1247 2161 1424 2228 dixit;
1472 2160 1626 2214 Absit
1646 2175 1675 2214 a
1700 2152 1803 2215 me.
1829 2153 1946 2215 Non
1976 2170 2057 2216 est
2085 2162 2216 2215 mihi

668 2252 776 2305 tale
804 2252 1156 2320 propositum.
1193 2251 1333 2317 Quid
1362 2252 1504 2306 enim
1534 2267 1822 2321 perpessus
1845 2268 1904 2307 es
1940 2268 1971 2307 a
2005 2268 2111 2317 me,
2133 2254 2217 2308 vel

669 2360 699 2397 a
734 2345 969 2410 nostris,
1009 2354 1064 2397 et
1090 2344 1305 2412 quidem
1338 2359 1462 2398 cum
1499 2344 1827 2399 obtrectares
1860 2353 2028 2414 atque
2076 2344 2216 2415 inju-

671 2434 807 2488 riam
840 2435 1130 2517 irrogares,
1165 2443 1218 2487 et
1253 2434 1715 2509 cum'detraheres
1739 2435 1805 2490 de
1845 2437 2083 2505 paternis
2114 2452 2214 2492 no-

671 2525 799 2580 stris
828 2526 1231 2594 traditionibus,
1263 2535 1317 2579 et
1341 2542 1462 2580 cum
1491 2527 1652 2580 velles
1684 2526 1895 2582 animas
1933 2528 2225 2582 hominum

669 2614 806 2669 bene
830 2616 1102 2669 institutas
1134 2632 1197 2670 ac
1224 2616 1464 2682 diligenti
1490 2618 1698 2671 cautela
1724 2627 1965 2673 servatas
2006 2619 2215 2675 interfi-

671 2722 816 2772 cere,
838 2707 1035 2776 quibus
1062 2707 1243 2774 utique
1265 2706 1537 2776 repensari
1563 2722 1668 2760 non
1699 2719 1924 2776 possunt
1951 2691 2235 2765 universae.

673 2798 861 2852 mundi
890 2797 1117 2851 divitim?
1142 2795 1520 2850 Verumtamen
1552 2806 1767 2866 propter
1784 2793 2217 2865 ‘quod‘assumis,

650 2903 709 2943 νο
741 2886 1069 2941 Manichtee?
1110 2883 1247 2951 Quid
1276 2892 1357 2939 est
1390 2884 1531 2953 quod
1571 2883 1981 2949 indicasiQute
2026 2886 2217 2940 salutis

595 2995 607 3003 ·
634 2972 640 2984 ⁸
663 2976 826 3050 signa
855 2978 921 3032 ad
953 2993 1052 3032 nos
1084 2976 1297 3031 deferas
1324 2975 1509 3031 dicito.
1555 2973 1854 3030 Verborum
1896 2976 2038 3029 enim
2073 2975 2217 3031 nuda

670 3071 892 3141 jactatio
916 3086 1022 3124 non
1046 3070 1248 3140 poterit
1275 3068 1525 3138 praesenti
1565 3068 1890 3147 multitudini
1939 3067 2217 3123 satiSface-

676 3178 758 3225 re,
787 3171 844 3215 ut
864 3170 1155 3231 agnoscant
1178 3161 1271 3229 qui
1305 3169 1549 3214 nostrum
1578 3162 1779 3214 rectius
1811 3160 2017 3214 obtinet
2043 3160 2217 3215 scien-

679 3256 807 3306 tiam
838 3252 1099 3305 veritatis.
1127 3250 1199 3306 De
1220 3267 1327 3321 quo
1345 3251 1576 3321 ergovis
1598 3266 1696 3305 nos
1722 3250 1895 3318 capite
1918 3251 2216 3319 disputare,
2248 3289 2290 3345 ο

678 3346 780 3398 hoc
801 3342 949 3411 prius
968 3341 1151 3403 dicito,
1166 3356 1289 3395 cum
1315 3344 1462 3409 prius
1479 3342 1687 3403 dicendi
1711 3342 1981 3412 acceperis
1997 3341 2223 3395 faculta-
2258 3341 2265 3396 ξ

676 3429 813 3489 tein.
838 3432 1017 3487 Manes
1038 3432 1208 3484 dixit:
1227 3430 1283 3484 Si
1312 3447 1420 3485 non
1449 3432 1641 3487 iterum
1662 3435 1744 3488 his
1760 3448 1881 3501 qure
1900 3448 1943 3497 ,α
1962 3429 2120 3501 nobis
2139 3445 2224 3484 re-

675 3533 759 3578 cte
775 3524 1046 3586 dicuntur,
1064 3520 1346 3575 inﬁdeliter
1364 3522 1590 3588 resistis,
1612 3523 1811 3587 dicam;
1833 3523 1879 3577 si
1900 3530 2077 3577 autem
2100 3520 2224 3575 talis

675 3616 916 3679 exsistis,
937 3614 1149 3683 qualem
1180 3622 1231 3667 te
1258 3612 1408 3681 prius
1429 3614 1595 3676 sensi,
1618 3613 1793 3667 dicam
1814 3615 2074 3669 adversus
2093 3610 2223 3665 Dio-

676 3706 866 3761 dorum
890 3746 904 3769 ,
952 3704 1228 3758 declinans
1274 3703 1697 3772 inquietudinem
1734 3714 1901 3760 tuam.
1937 3704 2224 3758 Archelaus

678 3798 811 3850 dixit
834 3814 851 3850 :
878 3796 1103 3850 Praedixi
1127 3796 1262 3864 jam,
1290 3795 1432 3864 quod
1460 3795 1735 3849 abutimur
1756 3796 2018 3873 inanitate
2042 3796 2228 3850 verbo-

678 3902 819 3940 rum.
839 3886 893 3939 Si
909 3887 1031 3955 quis
1047 3895 1288 3939 nostrum
1312 3873 1427 3957 (‘49)
1440 3887 1689 3941 resistere
1711 3886 1994 3940 inﬁdeliter
2020 3886 2225 3939 inveni-

680 3986 790 4042 tur,
808 3976 1080 4044 judicibus
1102 3975 1215 4028 haec
1232 3978 1475 4043 permitte
1486 3978 1809 4043 discernere;
1823 3988 1877 4031 tu
1892 3986 2075 4031 autem
2096 3978 2224 4047 quid

680 4081 913 4127 asseras,
945 4064 1127 4118 dicito.
1158 4063 1335 4117 Manes
1368 4065 1503 4118 dixit
1533 4066 1630 4120 :‘Si
1658 4082 1766 4121 non
1796 4069 1988 4122 iterum
2020 4067 2225 4122 resistis

681 4158 772 4212 his
793 4173 913 4226 qua:
942 4172 971 4209 a
996 4172 1081 4229 me
1107 4155 1302 4210 iterum
1336 4165 1479 4211 recte
1507 4158 1778 4222 dicuntur,
1814 4143 2087 4229 incipiam.
2119 4159 2224 4217 Ar,-

681 4249 890 4303 clielaus
915 4249 1050 4303 dixit
1081 4264 1097 4301 :
1125 4247 1179 4302 Si
1209 4263 1315 4301 non
1351 4248 1454 4301 hoc
1481 4258 1581 4311 est,
1615 4250 1660 4304 si
1686 4266 1796 4304 non
1826 4250 1954 4305 illud
1978 4292 1994 4313 ,
2045 4266 2224 4304 sermo

679 4349 763 4395 est
790 4340 1020 4395 hominis
1051 4340 1365 4409 ignorantis.
1401 4338 1619 4409 Ignoras
1652 4352 1779 4410 ergo
1808 4344 1951 4409 quod
1983 4343 2223 4395 futurum

680 4440 781 4484 est.
802 4430 904 4485 Sed
932 4432 1033 4486 hoc
1052 4432 1195 4501 quod
1227 4431 1465 4484 futurum
1491 4431 1591 4493 ais,
1615 4430 1865 4483 resistere
1891 4446 1975 4485 me
1999 4441 2093 4484 aut
2117 4446 2224 4483 non
2268 4490 2275 4505 ﬁ
2326 4430 2551 4507 nupserit

2318 4513 2490 4566 'clesia
2520 4512 2651 4581 (55).
2680 4509 2833 4578 Quod
2862 4511 2907 4564 si
2936 4511 3092 4587 etiam
3121 4513 3223 4592 hoc
3245 4514 3536 4567 absurdum
3572 4525 3668 4580 est,
3692 4513 3867 4565 omni-

681 4520 947 4585 resistere,
977 4524 1029 4575 in
1064 4538 1181 4575 mea
1209 4533 1288 4576 est
1317 4530 1595 4591 potestate.
1633 4520 1912 4585 Quomodo
1942 4535 2069 4588 ergo
2116 4529 2225 4574 sta-

2314 723 2374 766 ut
2406 715 2563 767 etiam
2592 712 2703 782 (5t)
2738 730 2866 769 mea:
2898 714 3552 788 scientiae-intelligentiain
3581 715 3867 784 disponas;

2313 805 2510 873 quippe
2542 805 2634 874 qui
2669 806 2880 874 propria
2910 805 3203 873 explanare
3226 820 3333 859 non
3359 806 3867 875 valeas,.quomodo

2314 896 2484 948 aliena
2519 896 2719 963 poteris
2764 895 3060 964 explicare?
3108 897 3262 961 Quod
3302 896 3346 949 si
3392 897 3591 949 victum
3640 896 3753 964 jam
3810 910 3872 949 se

2314 984 2593 1052 proﬁtetur
2617 981 2902 1045 Diodorus,
2934 992 3063 1036 tunc
3097 984 3226 1036 mihi
3254 992 3639 1038 tecum'sermo
3679 998 3869 1037 move-
3908 1028 3912 1030 .

2313 1074 2477 1129 bitur.
2510 1073 2566 1129 Si
2598 1084 2775 1128 autem
2808 1062 2913 1145 stat
2942 1072 3049 1140 ille,
3081 1085 3133 1129 et
3176 1084 3261 1129 est
3300 1075 3522 1129 idoneus
3568 1074 3634 1128 ad
3674 1076 3867 1128 dicen:-

2313 1163 2468 1228 dum,
2496 1165 2787 1241 desine'tu,
2809 1174 2862 1219 et
2894 1150 3001 1218 noli
3030 1165 3341 1234 perturbare
3378 1166 3732 1219 substantiam
3774 1180 3868 1218 ve-

2312 1258 2508 1313 ritatis.
2545 1256 2617 1312 Es
2640 1259 2781 1311 enim
2811 1257 2927 1312 ovis
2949 1258 3143 1323 aliena,
3172 1256 3415 1311 eﬁicieris
3452 1266 3628 1311 tamen
3678 1266 3867 1325 postea

2294 1348 2617 1422 innumero
2644 1342 2882 1416 ejusdem
2923 1347 3131 1416 gregis,
3171 1349 3309 1402 sicut
3330 1362 3426 1401 vox
3460 1345 3586 1401 Iesu
3616 1344 3731 1415 (52)
3771 1360 3869 1399 os-

2314 1440 2502 1504 tendit,
2532 1438 2649 1508 ejus
2672 1440 2764 1508 qui
2796 1439 3046 1508 apparuit
3067 1438 3279 1526 quidem
3311 1440 3365 1492 in
3395 1440 3628 1493 hominis
3665 1438 3865 1506 specie,

2315 1544 2414 1583 nec
2440 1538 2618 1607 tamen
2644 1527 2745 1582 fuit
2781 1531 2960 1582 homo.
3003 1529 3289 1582 Archelaus
3331 1530 3467 1582 dixit
3514 1545 3531 1581 :
3576 1527 3868 1597 Ergonon

2315 1629 2473 1689 putas
2510 1635 2632 1674 eum
2673 1635 2740 1674 ex
2774 1618 2941 1680 Maria
2987 1614 3205 1690 Virgine
3249 1621 3406 1675 esse?
3457 1622 3637 1683 Manes
3684 1622 3867 1673 dixit:

2308 1710 2470 1775 Absit
2518 1720 2576 1764 ut
2616 1709 2901 1764 Dominum
2945 1718 3189 1764 nostrum
3219 1707 3418 1783 Jesum-
3444 1708 3725 1788 Christum
3771 1725 3869 1778 per

2316 1801 2582 1856 naturalia
2632 1802 2875 1871 pudenda
2924 1801 3164 1856 mulieris
3204 1799 3557 1855 descendisse
3608 1806 3870 1856 conﬁtear

2320 1894 2464 1963 (55)!
2503 1894 2617 1963 ipse
2644 1891 2787 1946 enim
2812 1886 3173 1961 testimonium
3212 1891 3344 1957 dat,
3389 1892 3521 1960 quia
3556 1892 3623 1945 de
3657 1892 3868 1947 sinibus

2318 1981 2495 2037 Patris
2520 1982 2793 2037 descendit
2824 1982 2997 2046 "tet
3034 1998 3049 2034 :
3092 1998 3112 2033 ι
3162 1979 3265 2045 Qui
3295 1981 3632 2050 me’recipit,
3678 1982 3871 2048 recipit

2317 2088 2440 2128 eum
2478 2072 2571 2143 qui
2608 2086 2693 2126 me
2721 2071 3029 2150 misit_”;'i
3064 2082 3155 2147 et:
3187 2092 3206 2125 ι
3235 2071 3354 2127 Non
3381 2060 3731 2127 veni‘facere
3774 2087 3871 2124 vo-

2317 2164 2575 2219 luntatem
2618 2163 2943 2228 mcam,'sed
2983 2163 3103 2233 ejus
3144 2164 3236 2234 qui
3274 2164 3420 2219 misit
3452 2160 3537 2218 me
3562 2165 3643 2228 "_;
3687 2174 3724 2215 ι·
3753 2171 3807 2217 et
3852 2180 3868 2216 :

2324 2275 2344 2308 ι
2374 2254 2494 2309 Νοη
2521 2270 2640 2310 sum
2673 2257 2874 2309 missus
2906 2254 3009 2308 nisi
3039 2254 3103 2309 ad
3138 2270 3267 2310 oves
3289 2257 3522 2325 perditas
3559 2255 3760 2309 demus
3793 2253 3870 2309 ls-

2318 2345 2429 2400 rael
2455 2345 2522 2400 ".
2562 2365 2582 2398 )
2612 2344 2827 2423 suntet
2850 2336 2954 2406 alia
2982 2344 3268 2399 innumera
3282 2344 3873 2413 testimoniahujusce-

2316 2437 2485 2501 modi,
2518 2453 2638 2508 qute
2668 2438 2909 2495 indicant
2930 2452 3052 2494 eum
3083 2438 3313 2503 venisse,
3345 2447 3399 2494 et
3426 2452 3530 2492 non
3555 2425 3757 2491 natum
3787 2424 3873 2490 es-

2319 2545 2396 2589 se.
2434 2521 2586 2595 Quod
2620 2530 2665 2583 si
2697 2516 2968 2599 potentior
2995 2531 3088 2585 illo
3116 2546 3197 2595 es,
3226 2514 3296 2585 et.
3323 2528 3494 2599 magis
3534 2530 3675 2584 scire
3714 2536 3872 2598 potes

2274 2644 2277 2651 λ
2318 2619 2462 2689 quod
2487 2620 2671 2674 verum
2696 2610 3121 2690 'est,'quomodo
3131 2621 3241 2689 jam
3290 2621 3365 2674 illi
3411 2614 3731 2675 credimus?
3766 2618 3869 2671 Ar-

2317 2708 2531 2763 chelaus
2571 2701 2706 2763 dixit
2749 2708 2985 2780 {Neque
3029 2711 3121 2764 illo
3152 2696 3419 2780 potentior
3463 2724 3583 2782 sum
3610 2746 3629 2774 ,
3681 2724 3875 2765 servus

2320 2800 2464 2853 enim
2494 2815 2636 2865 sum,
2669 2810 2723 2855 et
2743 2816 2915 2871 neque
2935 2802 3156 2871 aequalis
3179 2801 3392 2856 Domini
3432 2801 3535 2871 mei
3577 2815 3704 2855 esse
3748 2815 3871 2869 pos.

2320 2898 2459 2958 sum;
2486 2904 2587 2962 ego
2610 2893 2751 2949 enim
2772 2908 2892 2949 sum
2923 2894 3128 2948 inutilis
3151 2908 3367 2957 servus,
3416 2891 3709 2946 verborum
3757 2890 3867 2962 ejus

2318 2979 2640 3052 discipulus,
2668 2982 2894 3037 credens
2920 2983 3005 3039 his
3044 2996 3165 3049 quae
3194 2981 3262 3034 ab
3294 2980 3412 3049 ipso
3442 2970 3583 3034 dicta
3610 2986 3746 3034 Sunt
3768 3020 3786 3045 ,
3818 2990 3865 3032 et

2318 3069 2433 3124 hac
2463 3070 2859 3135 indeclinabilia
2887 3084 3011 3126 esse.
3032 3070 3322 3137 conﬁrmo.
3342 3065 3521 3121 Manes
3550 3068 3685 3121 dixit
3732 3085 3753 3121 :
3781 3068 3869 3122 Si-

2321 3159 2473 3212 milis.
2492 3158 2571 3212 tui
2603 3158 2847 3229 quidam,
2870 3170 2992 3212 cum
3020 3158 3071 3212 ei
3093 3157 3636 3229 aliquandodixisset
3664 3178 3676 3213 :
3707 3177 3726 3210 α
3756 3157 3871 3212 Ia-

2322 3247 2600 3312 riamater
2628 3254 2742 3311 tua,
2779 3253 2833 3299 et
2858 3243 3168 3300 fratrestui
3215 3245 3346 3301 foris
3379 3255 3525 3301 stant
3561 3247 3641 3313 ’⁸,
3683 3266 3705 3297 ι
3752 3262 3862 3301 non

2322 3336 2548 3390 libenter
2570 3334 2860 3401 aecipie‘ns,
2888 3351 3011 3399 eum
3041 3338 3133 3407 qui
3180 3337 3387 3392 dixerat
3428 3338 3735 3407 increpavit,
3782 3338 3863 3392 di-

2322 3440 2488 3480 cens:
2518 3444 2536 3477 (
2569 3424 2810 3493 Quaest
2848 3436 3023 3480 mater
3048 3442 3204 3491 mea,
3244 3436 3337 3481 aut
3380 3429 3475 3498 qui
3504 3438 3630 3481 sunt
3668 3427 3863 3505 fratres

2324 3516 2468 3569 mei?
2514 3533 2534 3566 ι
2576 3515 2661 3588 Et
2704 3515 2938 3571 ostendit
2978 3531 3072 3572 eos
3117 3518 3208 3587 qui
3260 3517 3497 3573 facerent
3539 3519 3864 3573 voluntatem

2324 3588 2499 3669 suam,
2534 3614 2587 3659 et
2613 3612 2813 3661 matres
2840 3605 3081 3660 sibiresse
3108 3616 3162 3660 et
3187 3605 3425 3678 fratres};
3450 3608 3531 3679 sin
3571 3606 3750 3662 autem
3785 3611 3865 3661 vis

2322 3695 2501 3751 dicere
2532 3703 2759 3749 matrem
2787 3694 2956 3763 ipsius
2983 3689 3230 3759 Mariam,
3260 3714 3365 3752 non
3392 3706 3474 3752 est
3509 3699 3604 3753 tibi
3633 3699 3752 3765 sine
3777 3713 3869 3767 pe-

2322 3787 2513 3851 riculo;
2542 3782 2843 3861 sine‘dubio
2862 3780 3004 3840 enim
3033 3788 3194 3857 etiam
3212 3778 3403 3855 fratres
3434 3805 3499 3845 ex
3524 3805 3585 3844 ea
3613 3792 3865 3844 habuisse

2324 3886 2673 3933 monstratur.
2702 3876 2768 3930 Et
2794 3877 3079 3932 dicutrum
3103 3880 3169 3933 de
3194 3879 3388 3948 Joseph
3439 3883 3675 3951 generati
3719 3892 3865 3947 sunt,

2323 3980 2418 4024 aut
2446 3986 2511 4024 ex
2538 3968 2957 4039 eodem‘Spiritu
2983 3971 3210 4025 sancto?
3239 3969 3378 4039 Ergo
3398 3980 3452 4025 et
3480 3972 3678 4026 multos
3709 3972 3869 4028 Chri-

2322 4071 2457 4125 stos,
2480 4063 2538 4117 si
2566 4076 2630 4116 ex
2659 4062 2846 4116 eodem
2865 4059 3083 4128 “Spiritu
3118 4069 3303 4127 sancto
3328 4072 3610 4132 generatos
3640 4066 3863 4127 dixeris,

2323 4154 2633 4209 habuimus.
2662 4152 2814 4219 Quod
2848 4140 2962 4224 (54)
2989 4152 3034 4208 si
3064 4167 3169 4206 non
3200 4167 3265 4206 ex
3296 4154 3482 4212 eodem
3513 4152 3739 4223 Spiritu,
3778 4154 3864 4209 sed

2321 4253 2502 4299 tamen
2528 4245 2728 4300 dixeris
2751 4245 2877 4321 eum
2893 4231 3098 4306 fratres
3120 4245 3405 4312 habuisse;
3437 4246 3553 4301 sine
3580 4248 3752 4302 dubio
3789 4249 3865 4300 in-

2312 4326 2669 4403 ‘telligendum
2689 4341 2791 4394 est,
2823 4331 2949 4400 quia
2977 4340 3101 4399 post
3129 4329 3383 4399 Spiritum
3409 4348 3427 4397 φ
3466 4343 3586 4407 post
3617 4333 3863 4391 Gabriel.

2326 4424 2564 4497 nupserit
2585 4420 2784 4490 Ioseph
2802 4419 2965 4489 Virgo
2990 4420 3313 4485 castissima,
3336 4431 3389 4476 et
3403 4421 3749 4477 immaculata
3772 4420 3866 4476 Ec-

675 4611 757 4663 bit
776 4626 955 4664 sermo
976 4613 1063 4665 ille
1094 4586 1332 4666 duarum.
1362 4613 1635 4676 arborum,
1665 4611 1717 4664 in
1748 4624 1855 4678 quo
1897 4586 2025 4662 ﬁdis
2066 4609 2223 4662 veluti
2260 4611 2301 4663 D
2329 4618 2420 4664 "0.
2461 4619 2579 4657 eam
2600 4603 2851 4672 qwlibet
2890 4586 3051 4658 modo
3082 4586 3446 4669 concubuisse
3474 4618 3594 4660 cum
3638 4605 3863 4673 Josepb,

683 4710 836 4753 scuto
858 4701 1189 4757 ﬁrmissimo?
1223 4704 1277 4757 Si
1306 4705 1445 4757 enim
1472 4702 1751 4757 contraria:
1770 4700 1937 4769 partis
1961 4713 2061 4768 ego
2084 4713 2226 4763 sum,

680 4790 953 4857 quomodo
983 4791 1334 4844 obedientiam
1367 4807 1539 4845 meam
1568 4789 1831 4859 requiris?
1858 4788 2014 4853 Quod
2036 4788 2085 4853 si
2105 4789 2229 4841 obe-

680 4879 894 4933 dimitize
928 4880 979 4931 in
1022 4894 1105 4933 me
1139 4889 1218 4934 est
1259 4894 1441 4946 mens,
1483 4874 1754 4949 quomodo
1790 4879 2124 4948 pertimescis
2157 4894 2228 4932 ne

675 4971 1096 5036 resistamiAis
1124 4972 1265 5024 enim
1300 4974 1422 5039 quia
1467 4973 1666 5027 malum
1703 4987 1915 5040 semper
1950 4980 2228 5043 permanet

679 5067 900 5126 malum,
946 5074 996 5116 et
1026 5063 1224 5115 bonum
1275 5077 1481 5129 semper
1513 5072 1787 5130 permanet
1829 5065 2063 5128 bonum,
2112 5062 2220 5115 vim

678 5156 823 5217 verbi
868 5157 1019 5209 istius
1062 5156 1277 5223 penitus
1326 5153 1574 5221 ignorans
1618 5154 1750 5220 (50).
1796 5153 1973 5206 Manes
2018 5156 2151 5207 dixit
2204 5170 2221 5206 :

750 5267 792 5295 ἰ
821 5266 1001 5317 Matth.
1051 5283 1103 5330 x,
1140 5265 1230 5318 28.

681 5334 726 5367 ”
750 5332 934 5385 Matth.
966 5351 1059 5394 xit,
1086 5336 1176 5387 47.

739 5426 859 5491 μω
890 5426 1196 5481 Casiimnsis
1219 5427 1413 5491 codex,
1448 5445 1466 5479 ‹
1508 5435 1837 5480 nostrorum.
1874 5445 1892 5478 ι

750 5498 856 5563 (Lit:
891 5497 942 5546 lii
976 5496 1269 5557 (insiliensi,
1303 5516 1319 5547 ι
1354 5500 1578 5563 ignorat.
1617 5516 1633 5546 ι

750 5569 859 5629 (Fit)
897 5565 950 5615 In
978 5566 1159 5616 codice
1182 5566 1459 5619 Casinensi
1484 5574 1585 5631 est,
1624 5584 1641 5616 ι
1676 5578 1767 5619 aut
1792 5566 1971 5631 ctiam,
2008 5583 2025 5615 ι
2065 5566 2221 5623 lectio

681 5635 1051 5695 improbanda.

752 5706 859 5770 (5').)
893 5702 1221 5761 Casinensis,
1264 5721 1280 5751 ι
1310 5706 1443 5757 sicut
1476 5720 1569 5760 vos
1593 5705 1769 5760 Iesus.
1804 5726 1821 5755 ι

754 5774 860 5831 (55+
893 5774 943 5823 In
968 5774 1150 5824 codice
1180 5772 1454 5827 Casiniensi
1484 5786 1585 5842 est,
1618 5794 1637 5827 ι
1671 5778 1973 5841 conﬁtetur,
2005 5794 2024 5826 ι
2060 5774 2222 5828 libra-

683 5840 745 5892 rii
776 5856 972 5905 errore,
1006 5851 1061 5893 ut
1092 5843 1263 5908 palam
1298 5852 1396 5895 est.

1341 5264 1383 5294 "
1428 5260 1582 5316 Joan.
1628 5280 1664 5329 ι,
1720 5264 1914 5335 18411,
1953 5267 2038 5319 l5.

2146 5266 2191 5298 ”
2219 5263 2401 5318 Matth.
2456 5275 2510 5322 Χ,
2558 5257 2644 5311 40.

2325 4691 2412 4743 die
2452 4707 2518 4744 an
2554 4692 2747 4746 fratres
2780 4692 3057 4747 habuerit.
3111 4692 3488 4763 Nunquidnam
3530 4694 3691 4747 etiam
3734 4708 3866 4747 mce-

2325 4780 2459 4834 chize
2486 4782 2535 4834 ei
2562 4782 2765 4836 crimen
2795 4782 3061 4852 impingis,
3102 4786 3141 4839 o‘
3173 4785 3591 4854 prudentissime
3619 4782 3866 4839 Marcelle

2326 4869 2462 4940 (56)?
2486 4870 2636 4934 Quod
2668 4872 2711 4925 si
2739 4872 2929 4926 horum
2967 4873 3099 4927 nihil
3145 4874 3397 4929 convenit
3436 4873 3867 4927 incontaminatis

2326 4958 2556 5029 Virgini,
2587 4963 2728 5015 unde
2752 4962 2803 5014 ei
2839 4961 3002 5017 fuisse
3030 4962 3224 5019 fratres
3254 4961 3497 5019 astrues?
3524 4960 3673 5026 Quod
3696 4966 3745 5016 si
3769 4962 3866 5017 fra-

2330 5060 2436 5105 tres
2454 5054 2500 5105 ei
2520 5051 2686 5105 fuisse
2703 5066 2804 5104 non
2819 5062 2966 5120 potes
2982 5056 3221 5119 edocere,
3237 5052 3502 5120 quomodo
3519 5051 3680 5106 Maria
3699 5065 3866 5108 mater

2327 5144 2445 5212 ejus
2464 5143 2588 5206 erit,
2607 5142 2747 5195 sicut
2771 5143 2845 5216 ait
2868 5143 2953 5197 ille
2976 5145 3065 5212 qui
3092 5144 3330 5197 scribere
3347 5130 3511 5194 ausus
3530 5142 3613 5194 est
3638 5159 3654 5195 :
3683 5160 3701 5193 ι
3731 5142 3863 5199 Ecce

2753 5258 2798 5289 “
2831 5257 2985 5313 Joan.
3022 5273 3101 5321 vi,
3151 5257 3239 5311 ‘58.
3349 5256 3393 5286 "
3421 5253 3604 5309 Matth.
3657 5274 3745 5323 xv,
3774 5262 3861 5315 24.

2403 5424 2511 5491 (54)
2551 5423 2609 5475 ln
2644 5421 2943 5485 Casinensi,
2985 5442 3001 5472 ε
3038 5419 3271 5491 dixerint
3302 5416 3605 5491 habuimus.
3639 5420 3796 5487 Quid.
3838 5442 3855 5473 ι

2328 5488 2428 5548 Sed
2462 5488 2615 5545 obvia
2650 5504 2728 5545 est
2764 5495 2920 5558 hujus
2953 5492 3049 5544 loci
3081 5488 3397 5540 mnendatio.

2398 5564 2506 5631 (ῷῦ)
2537 5560 2645 5613 Vox
2683 5581 2700 5611 ι
2744 5562 3067 5631 Εςοιθείίιη)
3105 5559 3308 5631 videtur
3342 5572 3766 5631 supervacanea,
3809 5568 3859 5612 ct

2326 5626 2421 5700 per
2452 5626 2651 5684 librarii
2681 5647 2916 5684 errorem
2952 5630 3177 5697 adjecta.
3203 5626 3356 5679 Certe
3379 5628 3493 5682 sine
3525 5631 3638 5699 ipsa
3660 5633 3862 5699 integer

2326 5712 2407 5753 est
2437 5703 2594 5769 hujus
2632 5702 2729 5754 loci
2758 5715 2964 5755 sensus.

2401 5765 2519 5839 (50f
2549 5773 2623 5823 hx
2661 5773 2741 5824 his
2772 5770 2947 5822 Verbis
2982 5765 3155 5839 colligi
3184 5779 3340 5839 posse
3364 5766 3606 5839 videtur,
3638 5765 3858 5820 Marcel-

2329 5840 2437 5893 lum
2471 5837 2591 5893 eum
2620 5840 2880 5894 Archelao
2909 5840 2973 5889 ad
3002 5837 3214 5889 Diouori
3244 5837 3519 5891 castellum
3549 5841 3777 5892 venisse.
