4118 6350
330 464 486 522 ’1513

1437 463 1579 518 CUM
1618 460 1899 520 MANETE
1936 463 2464 521 HASRESIARCIIA.

3399 444 3543 533 ιδιζι

256 656 257 659 η
345 610 441 650 sus
464 593 530 647 de
569 590 777 646 Joanne
805 578 1169 651 testimonium
1218 587 1343 653 dat,
1388 596 1438 640 et
1483 580 1745 651 dicebat,
1771 590 1896 657 quia
1925 594 1969 647 Α
1997 602 2056 640 re
2087 602 2206 643 esse
2244 590 2545 669 Opinarish
2565 589 2620 648 id
2646 600 2726 645 est
2769 593 2859 661 qui
2921 608 3048 649 caro
3080 601 3147 648 et
3191 596 3411 665 sanguis
3456 600 3564 651 sit.-
3636 672 3641 676 δ

349 704 367 735 ι
400 684 569 751 major
595 681 822 751 innatis
854 668 1138 745 mulierum
1185 676 1363 731 nullus
1412 679 1647 731 surrexit
1687 675 1897 732 Joanne

343 773 730 842 Baptista;qqni
764 779 944 823 autem
991 769 1168 846 minor
1194 776 1277 822 est
1317 769 1370 821 in
1403 783 1570 835 regno
1609 770 1891 832 canorum,

343 866 517 933 major
545 873 627 918 est
654 862 745 919 illo
769 862 841 927 ¹²;
874 879 893 910 i
921 858 1010 912 die
1051 859 1183 912 mihi
1216 872 1323 927 qua
1366 857 1572 911 ratione
1599 856 1770 924 major
1804 857 1894 910 illo

340 963 425 1008 est
450 954 502 1007 in
534 966 705 1021 regnor
739 950 1044 1005 et‘elorum?‘
1072 948 1325 1017 Nunquid
1360 946 1525 1001 Jesus
1567 947 1743 999 minor
1777 956 1894 1000 erat

339 1043 546 1099 Joanne
568 1045 621 1095 in
651 1056 813 1111 regno
834 1041 1130 1095 cmlorum?
1156 1038 1304 1101 Dico,
1330 1039 1469 1093 absit
1488 1036 1619 1106 (72).
1652 1036 1744 1090 Dic
1765 1051 1892 1106 ergo
1958 1112 1959 1115 η

281 1124 291 1129 ’
341 1123 553 1203 inquo,
592 1141 659 1185 ut"
676 1132 756 1185 vel
788 1143 836 1185 te
866 1132 1041 1200 ipsum
1077 1143 1331 1198 superare
1354 1127 1593 1211 possis?
1626 1125 1752 1180 Sine
1782 1128 1892 1179 du-

339 1223 632 1280 biominor
662 1231 776 1276 erat
803 1219 1007 1275 Joanne
1038 1220 1196 1273 Jesus
1228 1220 1364 1271 inter
1394 1226 1548 1272 natos
1578 1217 1884 1281 mulierum;

337 1313 394 1368 in
424 1327 588 1381 regno
612 1296 790 1366 autem
822 1313 1081 1367 cmlornm
1110 1310 1285 1377 major
1315 1309 1406 1361 illo
1449 1316 1581 1359 erat.
1630 1307 1724 1359 Die
1759 1307 1887 1359 mihi

337 1404 469 1456 illud
503 1403 684 1465 etiam,
723 1418 755 1455 o
794 1402 1114 1465 Manichaee;
1151 1401 1194 1455 si
1223 1401 1303 1454 ais
1330 1398 1603 1453 Christum
1633 1413 1739 1450 non
1768 1412 1889 1451 esse

333 1510 399 1545 ex
419 1493 581 1558 Maria
606 1504 813 1558 natum,
840 1495 932 1548 sed
950 1493 1263 1561 apparuisse
1278 1483 1496 1558 quidem
1521 1488 1884 1550 uthomincm,

329 1597 454 1634 cum
484 1584 645 1637 homo
674 1600 779 1637 non
812 1594 973 1647 esset,
1006 1591 1291 1651 praestante
1321 1582 1422 1634 hoc
1458 1589 1511 1633 et
1552 1588 1740 1648 agente
1778 1579 1885 1630 vir-

331 1680 443 1728 tute
467 1688 587 1741 qua:
620 1674 672 1727 in
705 1674 823 1742 ipso
844 1682 957 1743 est;
982 1674 1068 1729 die
1093 1671 1248 1736 mihi,
1279 1686 1439 1737 super
1463 1686 1622 1738 quem
1651 1668 1885 1737 Spiritus

326 1780 549 1826 sanctus
592 1773 733 1826 sicut
759 1772 1028 1827 columba
1069 1770 1383 1824 descendit?
1407 1770 1541 1833 Quis
1580 1778 1659 1823 est
1698 1770 1880 1831 etiam,

325 1862 419 1929 qui
448 1862 751 1929 baptizatur
778 1878 807 1915 a
833 1860 1073 1915 Joanne?
1104 1860 1160 1912 Si
1195 1859 1465 1927 perfectus
1487 1868 1623 1920 erat,
1654 1858 1696 1911 si
1715 1858 1883 1911 Filius

323 1958 461 2015 erat,
492 1951 537 2005 si
572 1952 746 2004 virtus
777 1961 926 2014 erat,
966 1966 1071 2003 non
1116 1952 1326 2017 poterat
1359 1949 1592 2017 Spiritus
1636 1949 1839 2017 ingredi
1864 1990 1878 2013 ,

323 2038 465 2092 sicut
488 2054 588 2093 nee
606 2052 825 2107 regnum
848 2049 1021 2105 potest
1044 2038 1249 2106 ingredi
1280 2038 1423 2090 intra,
1441 2052 1685 2104 regnum.
1712 2035 1881 2104 Cujus

320 2116 501 2184 autem
527 2129 577 2183 ei
622 2129 835 2182 eaalitus
873 2130 1071 2182 emissa
1125 2142 1226 2181 vox
1281 2128 1644 2181 testimonium
1690 2127 1882 2179 detulit

318 2221 541 2275 dicens:
574 2239 592 2271 ι
628 2219 726 2273 Hie
754 2210 835 2273 est
868 2218 1033 2273 Filius
1062 2233 1216 2273 meus
1248 2218 1496 2281 dilectus,
1522 2219 1575 2270 in
1607 2233 1714 2285 quo
1745 2218 1882 2271 bene

299 2287 617 2381 complacui
645 2312 720 2364 "2
749 2330 766 2361 ι
801 2310 892 2366 Dic
920 2326 1037 2378 age,
1091 2310 1223 2363 nihil
1269 2309 1745 2377 remorerisz'quis
1793 2310 1879 2362 ille

294 2396 422 2465 cst,
446 2401 535 2469 qui
568 2409 719 2468 parat
743 2400 858 2453 haec
890 2399 1108 2463 omnia;
1154 2399 1247 2468 qui
1293 2399 1403 2469 agit
1442 2399 1730 2451 universa?
1777 2398 1879 2449 lle-
1930 2461 1933 2465 γ

317 2490 522 2557 sponde
547 2508 558 2541 :
588 2490 731 2542 itane
755 2489 1141 2556 blasphemiam
1167 2501 1263 2555 pro
1304 2489 1511 2540 ratione
1542 2488 1878 2554 impudenter

316 2589 537 2657 allegas,
560 2599 615 2643 et
636 2590 834 2644 inferre
860 2590 1075 2647 conaris
1102 2588 1254 2659 (75)?
1480 2572 1484 2577 |

312 2730 329 2738 "
386 2722 449 2778 L.
485 2721 665 2777 Manes
690 2723 826 2775 dixit
855 2736 873 2774 :
898 2720 1065 2776 Nemo
1088 2723 1303 2789 quidem
1334 2722 1425 2790 qui
1451 2722 1735 2774 adversum
1761 2720 1875 2773 lucc

312 2830 437 2884 quae.
468 2830 498 2868 a
532 2824 583 2868 te
612 2814 752 2867 dicta
784 2821 928 2877 sunt,
963 2813 1284 2882 respondere
1333 2812 1589 2882 potuerit,
1626 2811 1876 2878 blasphe-

314 2906 440 2958 miae
484 2906 687 2959 crimen
723 2906 978 2969 incurrit,
1022 2904 1377 2974 quin.potius
1417 2912 1501 2957 est
1539 2903 1682 2954 omni
1720 2901 1876 2953 laude

310 2995 683 3063 dignissimus.
711 2997 933 3065 Oportet
953 2996 1093 3049 enim
1118 2995 1372 3048 artificem
1398 2995 1558 3047 rebus
1586 2992 1875 3061 propositis

312 3085 669 3152 responsione
704 3085 986 3152 diligenter
1035 3093 1237 3152 aptata,
1284 3082 1570 3138 manifesta
1620 3081 1871 3134 omnibus

310 3194 377 3231 ea
412 3176 477 3230 de
509 3178 705 3245 quibus
734 3179 993 3245 quaeritur
1033 3179 1115 3230 vel
1157 3178 1453 3241 dubitatur,
1490 3176 1791 3241 ostendere,
1821 3186 1873 3229 et

313 3260 553 3323 maxime
589 3268 788 3321 idiotis.
834 3267 899 3318 Et
940 3268 1198 3333 quoniam
1240 3267 1334 3320 tibi
1369 3268 1630 3321 doctrina:
1674 3276 1872 3319 nostra:

311 3375 420 3412 non
446 3359 617 3426 placet
639 3357 796 3419 ratio,
824 3365 1077 3422 tanquam
1107 3355 1297 3407 artifex
1326 3356 1518 3419 bonus,
1541 3358 1701 3409 etiam
1730 3355 1869 3406 hanc

321 3448 453 3502 mihi
486 3447 831 3517 quzcstionem
866 3444 1249 3496 rationabiliter
1273 3445 1507 3517 exsolve.
1556 3443 1682 3495 Mihi
1726 3442 1868 3494 enim

311 3539 460 3605 pium
480 3536 688 3588 videtur
706 3534 903 3593 dicere,
923 3530 1063 3598 quod
1096 3532 1227 3583 nihil
1244 3533 1457 3601 eguerit
1481 3531 1647 3584 Filius
1676 3531 1791 3593 Dei,
1816 3533 1868 3586 in

322 3643 387 3678 eo
408 3625 549 3693 quod
580 3624 841 3676 adventus
875 3622 992 3688 ejus
1021 3632 1340 3688 procuratur
1361 3623 1427 3674 ad
1461 3633 1661 3687 terras;
1696 3638 1870 3691 neque

318 3739 458 3791 opus
472 3723 713 3775 habuerit
730 3720 1000 3778 columba.
1019 3736 1192 3787 neque
1210 3719 1549 3787 baptismate,
1566 3732 1871 3788 neqne‘ma-

313 3806 593 3883 tre,neque
611 3813 885 3875 fratribus,
904 3811 1132 3867 fortasse
1145 3820 1503 3879 nequepatre,
1517 3811 1608 3879 qui
1623 3812 1669 3864 ei
1686 3828 1848 3867 sceun

315 3908 445 3960 dum
461 3917 509 3959 te
524 3906 856 3974 l‘uiIJoseph;
883 3905 973 3959 sed
999 3912 1141 3958 totus
1167 3904 1253 3961 ille
1276 3904 1387 3971 ipse
1401 3902 1753 3967 descendens,
1785 3920 1871 3957 se-

313 3976 602 4067 metipsum
633 3994 691 4050 in
722 4011 1046 4067 quocunque
1067 3995 1231 4049 voluit
1262 3993 1664 4048 transformavit
1695 3996 1745 4049 in
1771 3996 1869 4047 ho-

291 4088 534 4150 .minem,
561 4101 625 4139 eo
653 4096 809 4155 paeto
837 4102 943 4153 quo
967 4084 1164 4139 Paulus
1192 4084 1342 4159 dicit,
1368 4084 1493 4153 quia
1524 4102 1541 4133 ι
1578 4084 1759 4145 habitu
1785 4098 1866 4134 re—

310 4190 497 4249 pertus
528 4192 609 4234 est
636 4191 696 4249 ut
731 4182 891 4234 homo
918 4182 979 4234 ιε.
1020 4202 1037 4231 ι
1065 4182 1233 4249 Cujus
1264 4183 1424 4253 igitur
1474 4183 1549 4234 rei
1582 4180 1868 4248 iudiguerit

308 4271 363 4331 is
390 4266 481 4339 Qui
508 4271 851 4339 semetipsum
886 4272 937 4323 in
966 4273 1145 4325 omnia
1174 4272 1590 4332 transformarit,
1622 4270 1861 4323 ostende.

308 4362 538 4427 Quando
570 4362 712 4415 enim
742 4363 926 4425 voluit,
954 4363 1096 4415 hunc
1142 4363 1414 4417 hominem
1448 4376 1660 4414 rursum
1689 4371 1865 4435 trans—

264 4435 268 4438 ἠ
307 4450 563 4507 formavit
583 4436 646 4502 in.
671 4450 901 4517 speciem
933 4452 1071 4524 solis‘
1094 4467 1156 4503 ac
1174 4440 1570 4515 vultum.‘Quod
1602 4450 1645 4503 si
1666 4438 1865 4511 rursus

1995 676 2223 732 Necesse
2249 689 2525 747 estergo,
2566 689 2619 733 et
2667 680 2957 748 Spiritum,
2980 682 3073 753 qui
3115 684 3255 739 sicut
3296 686 3550 747 columba

1994 767 2240 835 apparuit
2266 769 2331 831 ⁸⁵,
2363 786 2466 821 non
2496 770 2640 824 aliud
2671 787 2789 825 esse
2817 790 2976 841 quam
3008 776 3305 829 naturalem
3334 760 3552 833 colum-

1995 855 2148 921 bam;
2181 858 2314 909 sicut
2345 855 2495 910 homo
2539 859 2683 916 enim
2715 861 2915 915 dictum
2948 873 3050 928 est,
3090 872 3142 917 et
3172 866 3309 929 sicut
3344 866 3567 941 coluni-'

1993 944 2080 1009 ba,
2118 954 2173 999 et
2216 946 2575 1015 quodcunque
2620 950 2831 1017 opinari
2881 959 3053 1018 potest
3094 952 3161 1005 de
3202 968 3266 1007 eo
3296 950 3546 1009 sermone

1993 1038 2135 1104 quod
2194 1037 2393 1089 dictum
2442 1047 2555 1103 est,
2605 1042 2738 1091 sicut
2785 1041 3101 1112 homohhac
3142 1044 3390 1119 Opinione
3433 1045 3545 1114 (74)

1992 1126 2212 1195 concipe
2243 1127 2402 1181 etiam
2433 1127 2497 1180 de
2535 1144 2618 1193 eo,
2650 1130 2792 1192 quod
2824 1132 3024 1185 dictum
3052 1144 3151 1195 est,
3181 1135 3546 1188 sicut'colum-

1991 1215 2085 1278 ba;
2121 1231 2337 1271 necesse
2365 1228 2449 1271 est
2480 1228 2533 1270 et
2562 1219 2674 1273 lucc
2706 1223 2980 1289 aequaliter
3010 1225 3264 1301 recipere,
3296 1228 3364 1279 ita
3397 1228 3542 1283 enim

1992 1305 2044 1356 in
2077 1305 2369 1374 Scripturis
2399 1323 2517 1376 qua:
2552 1308 2616 1361 de
2654 1325 2716 1362 eo
2749 1313 2945 1378 scripta
2989 1325 3148 1380 sunt,
3178 1317 3546 1372 inveniuntur.-

1991 1396 2275 1449 Archelaus
2302 1398 2435 1452 dixit
2462 1415 2479 1451 .·
2514 1398 2661 1453 Sicut
2691 1401 2783 1453 tibi
2823 1402 2934 1468 ipse
2957 1420 3061 1455 non
3084 1415 3254 1472 potes,
3285 1406 3541 1475 tauquam

1991 1485 2166 1539 b0nus
2197 1486 2410 1548 artifex.
2446 1503 2619 1557 neque
2650 1504 2747 1557 ego
2782 1490 2875 1542 tibi
2915 1491 3053 1544 hanc
3082 1496 3431 1561 qumstionem
3454 1498 3539 1551 di-

1989 1576 2212 1642 ligenter
2242 1587 2474 1644 aptatam
2504 1579 2899 1637 maniiestarem
2931 1594 3089 1653 atque
3123 1586 3403 1643 manifeste
3426 1590 3539 1646 dis-

1988 1666 2246 1719 solverem
2275 1668 2410 1735 (73),
2446 1669 2790 1739 nisiproptcr
2821 1674 2919 1727 hos
2946 1676 3038 1751 qui
3072 1680 3333 1731 assistunt
3356 1689 3408 1734 et
3444 1679 3551 1750 qui

1987 1771 2087 1809 nos
2128 1758 2389 1811 audiunt:
2432 1770 2483 1814 et
2534 1762 2674 1828 ideo,
2724 1765 2861 1817 sicut
2897 1770 3180 1833 convenit,
3227 1774 3539 1839 quaestionis

1988 1847 2151 1913 hujus
2186 1864 2399 1918 quoque
2428 1866 2690 1919 exponam
2723 1857 3005 1910 rationem.
3041 1857 3158 1912 Tibi
3192 1864 3404 1930 quidem
3429 1882 3536 1920 non

1987 1937 2194 1992 videtur
2228 1943 2312 2008 pie
2344 1944 2470 2003 diei.
2503 1954 2727 1998 matrem
2762 1948 3014 2001 habuisse
3048 1948 3240 2016 Jesum
3288 1954 3538 2023 Mariam,

1985 2037 2038 2079 ct
2067 2030 2266 2098 reliqua
2292 2047 2408 2099 qum
2432 2048 2574 2086 nunc
2597 2047 2912 2101 prosccutus
2936 2052 3013 2100 es,
3041 2056 3159 2107 quin
3184 2043 3397 2110 quidem
3421 2060 3540 2099 oni-

1984 2121 2075 2180 nia
2123 2130 2362 2188 repetere
2416 2124 2788 2189 perhorresco.
2841 2126 3109 2196 Interdum
3155 2117 3372 2199 quidam
3417 2136 3545 2203 cogi

1984 2212 2121 2263 solet
2150 2214 2338 2265 artifex
2385 2225 2601 2282 propter
2650 2218 2967 2285 imperitiam
3017 2220 3316 2278 resistentis
3360 2224 3537 2280 dicere

1982 2311 2035 2354 ct
2069 2289 2336 2357 facereea
2365 2321 2484 2373 quae
2513 2311 2722 2375 tempus
2756 2311 2999 2376 recusat;
3028 2320 3082 2364 et
3106 2311 3228 2378 ideo
3253 2316 3375 2382 quia
3405 2317 3535 2370 mihi

1980 2405 2061 2445 est
2091 2396 2234 2447 illata
2263 2398 2557 2449 necessitas
2591 2407 2806 2466 propter
2834 2410 3148 2467 praesentem
3191 2407 3422 2473 turbam,
3465 2402 3549 2464 ad-

1979 2498 2038 2534 ea
2071 2500 2185 2551 qu.e
2216 2499 2243 2535 a
2278 2494 2326 2537 te
2357 2496 2462 2537 non
2496 2496 2638 2539 recte
2683 2488 2825 2541 dicta
2877 2500 3034 2557 sunt,
3082 2495 3279 2562 paucis
3305 2511 3533 2566 respon-

1978 2573 2132 2624 deam
2160 2572 2290 2640 (76).
2341 2573 2435 2627 {tie
2460 2590 2588 2644 ergo
2620 2578 2751 2628 mihi
2818 2579 2864 2630 si
2899 2578 3081 2634 Jesum
3106 2646 3111 2649 τ
3136 2583 3407 2653 hominem
3438 2602 3511 2641 na
3549 2584 3554 2591 ⁷

1979 2663 2220 2714 turaliter
2256 2664 2452 2716 laetum
2491 2666 2911 2725 intellexerimus
2938 2687 3000 2725 ex
3029 2671 3216 2738 Maria,
3248 2676 3541 2733 habentem.

1977 2768 2192 2803 carnem
2250 2763 2302 2806 ct
2345 2758 2664 2824 sanguinein
2700 2756 3404 2829 intellexerimusgnmesse
3450 2780 3532 2825 est

1976 2844 2135 2894 etiam
2174 2842 2433 2912 Spiritum
2486 2856 2728 2901 sanctum
2774 2866 2953 2904 veram
3000 2854 3301 2909 columbam
3342 2856 3541 2931 fuisse,

1975 2939 2028 2985 et
2060 2950 2162 2988 non
2198 2936 2465 3003 Spiritum.
2496 2940 2862 3009 Et'quomoJo
2892 2946 3085 3011 poterit
3126 2962 3248 2999 vera
3282 2949 3552 3017 columba"

1976 3039 2161 3077 verum
2201 3026 2470 3080 hominem
2507 3030 2731 3098 ingredi.
2779 3041 2937 3099 atque
2984 3033 3038 3087 in
3084 3049 3148 3088 co
3187 3042 3531 3102 permanere?
3565 3105 3570 3110 η

1976 3129 2108 3168 caro
2142 3116 2283 3169 enim
2320 3132 2534 3177 carnem
2585 3120 2786 3187 ingredi
2835 3136 2939 3185 non
2974 3123 3149 3190 potest
3177 3144 3191 3179 :
3224 3130 3317 3183 sed
3360 3132 3529 3196 magis

1975 3208 2018 3260 si
2056 3206 2245 3261 Jesum
2293 3208 2563 3263 hominem
2592 3224 2777 3262 verum
2823 3212 3192 3277 confiteantur,
3237 3232 3358 3271 eum
3400 3236 3526 3275 vero

1973 3298 2065 3362 qni
2092 3298 2306 3360 dieitur,
2340 3298 2478 3351 sicut
2502 3298 2769 3361 columba,
2803 3300 3057 3369 Spiritum
3086 3316 3353 3370 sanetum,
3378 3312 3520 3371 salva

1971 3396 2050 3437 est
2086 3388 2236 3438 nobis
2270 3388 2403 3439 ratio
2430 3388 2481 3439 in
2511 3398 2757 3457 utraque.
2789 3391 3019 3460 Spiritus
3051 3395 3192 3447 enim
3227 3401 3520 3457 secundum

1971 3484 2173 3527 rectam
2214 3477 2472 3530 rationem
2512 3478 2715 3533 habitat
2756 3481 2808 3532 in
2857 3482 3088 3545 homine,
3135 3494 3184 3535 et
3228 3484 3519 3555 descendit,

1971 3573 2022 3616 et
2050 3577 2354 3631 permanet;
2392 3580 2443 3622 et
2473 3580 2837 3649 competenter
2872 3573 2970 3624 hoc
3011 3582 3062 3624 ct
3106 3572 3302 3627 fartilm
3341 3587 3441 3641 est,
3470 3590 3523 3634 et

1974 3657 2030 3706 lit
2062 3670 2293 3723 semper,
2328 3660 2468 3715 sicut
2497 3672 2549 3713 tu
2581 3669 2629 3714 te
2660 3661 2834 3728 ipsum
2867 3671 2986 3717 ante
3019 3662 3121 3716 hoc
3152 3674 3361 3733 tempus
3389 3684 3519 3736 pro-

1972 3743 2207 3798 ﬁtebaris
2237 3761 2355 3799 esse
2383 3736 2711 3801 Paracletuni
2746 3747 2858 3807 Dei.
2902 3758 2959 3803 ut
3004 3752 3175 3805 dicam
3218 3742 3371 3819 silex,
3411 3742 3519 3814 non

1971 3832 2131 3886 homo
2154 3834 2286 3902 (Π),
2320 3837 2409 3902 qui
2436 3836 2744 3901 frequenter
2765 3837 3098 3895 Oblivisceris
3126 3828 3184 3895 ca
3214 3861 3332 3913 qua:
3359 3845 3514 3904 dicis.

1972 3923 2228 3990 Spiritum
2246 3926 2386 3977 enim
2405 3924 2607 3977 venisse
2624 3942 2785 3992 super
2802 3937 2850 3981 te
2866 3929 3068 3994 dixisti,
3087 3949 3243 4001 quem
3262 3941 3517 4004 promise.

1969 4018 2052 4062 rat
2074 4011 2229 4065 Jesus
2265 4010 2368 4080 [se]
2392 4025 2510 4063 esse
2539 4013 2830 4067 missurum
2862 4027 2953 4070 :et
2986 4021 3124 4074 unde
3153 4025 3254 4077 nisi
3290 4010 3355 4087 (le
3377 4031 3514 4082 cmio

1967 4100 2291 4153 descendat?
2324 4101 2389 4152 Et
2420 4102 2463 4153 si
2488 4101 2763 4158 dessendit
2798 4104 3027 4171 Spiritus
3049 4124 3210 4175 super
3244 4112 3515 4171 hominem

1968 4187 2185 4255 dignum
2216 4203 2293 4250 se,
2320 4203 2480 4257 super
2502 4200 2552 4246 te
2581 4202 2759 4246 autem
2792 4208 2943 4246 veras
2977 4193 3255 4251 columbas
3292 4200 3515 4254 descen-

1967 4276 2110 4329 disse
2158 4280 2495 4332 sentiendum
2539 4291 2640 4343 est,
2694 4292 2752 4333 ut
2800 4289 2848 4333 te
2896 4281 3283 4338 columbarium
3335 4290 3511 4355 potius
3550 4310 3553 4311 ν

1968 4362 2139 4419 furem
2193 4369 2544 4437 accipiamus,
2578 4370 2798 4423 insidias
2824 4370 2904 4422 eis
2932 4386 2995 4424 ac
3037 4372 3255 4441 laqueos
3288 4378 3506 4432 molienv

1966 4464 2071 4509 tem
2089 4475 2109 4521 Δ;
2138 4457 2333 4525 dignus
2362 4461 2503 4511 enim
2527 4475 2604 4522 es,
2633 4459 2723 4527 qui
2752 4461 2926 4515 verbis
2948 4463 3201 4519 ridiculis
3238 4461 3508 4536 illudari‘s;

309 4544 539 4604 resistis,
559 4540 1295 4611 mihi[autem]rectedicenti
1318 4542 1474 4595 [idem
1494 4542 1862 4609 nolisaccom-
1895 4556 2063 4619 nego
2113 4556 2290 4601 tamen
2339 4562 2536 4616 parco,
2582 4563 2647 4609 ne
2694 4551 2969 4609 auditores
3012 4556 3211 4629 videar
3247 4559 3512 4615 oll‘endere

309 4634 567 4697 modare,
615 4631 739 4683 audi
789 4630 1151 4684 deﬁnitionem
1196 4630 1342 4684 tuam
1390 4634 1583 4701 inqua
1637 4645 1766 4698 stas.
1804 4634 1859 4688 Si

289 4724 456 4792 jcnim
487 4723 753 4785 hominem
785 4736 907 4789 eum
934 4722 1303 4775 tantummodo
1333 4736 1400 4774 ex
1429 4721 1595 4776 Maria
1633 4740 1751 4779 esse
1779 4728 1862 4779 di-

311 4816 413 4877 cis,
442 4822 495 4867 et
520 4814 573 4867 in
604 4812 922 4880 baptismate
950 4808 1203 4878 Spiritum
1238 4813 1540 4879 percepisse
1566 4834 1578 4867 :
1604 4831 1732 4885 ergo
1764 4832 1860 4885 per

313 4900 609 4969 profectum
639 4899 807 4952 Filius
837 4898 1118 4959 videbitur,
1153 4908 1206 4951 et
1235 4912 1340 4950 non
1368 4914 1461 4967 per
1494 4910 1760 4956 naturam.
1802 4904 1857 4956 Si

312 5000 492 5041 tamen
525 4987 618 5040 tibi
651 4986 938 5040 concedam
972 4986 1166 5045 dicere,
1213 4988 1507 5041 secundum
1554 4990 1854 5057 profectum

312 5091 439 5130 esse
466 5075 682 5142 Filium,
710 5070 864 5145 quasi
892 5076 1165 5129 hominem
1190 5073 1421 5141 factum;
1460 5078 1735 5133 hominem
1770 5095 1858 5133 ve-

387 5192 429 5221 ¹²
465 5189 652 5244 Matth.
679 5206 755 5252 ιι,
785 5191 867 5242 Η.
945 5188 986 5219 ³³
1007 5186 1191 5241 Matth.
1218 5204 1299 5249 ιιι,
1326 5188 1410 5243 17.
1482 5192 1531 5267 4⁸⁵
1560 5180 1755 5258 Philip.
1791 5205 1849 5255 ιι,
1880 5191 1929 5243 7.

386 5296 496 5365 (72)
536 5296 657 5351 Haec
686 5298 869 5357 verba,
904 5316 922 5345 ι
954 5298 1072 5351 dico
1110 5297 1279 5364 absit,
1313 5317 1331 5348 ι
1363 5300 1463 5351 nisi
1508 5300 1756 5353 mendum
1788 5300 1857 5350 sit

296 5362 370 5419 in
398 5362 602 5436 codice,
634 5366 878 5436 videntur
910 5377 1160 5436 tanquam
1189 5362 1506 5422 eijanetis
1534 5383 1761 5436 persona
1790 5367 1856 5418 ab

314 5434 578 5489 Archelao
602 5434 827 5501 prolata.
965 5434 969 5436 Ἴ
1018 5434 1029 5435 “
1076 5470 1079 5473 ν

264 5516 267 5517 ⁷
389 5502 499 5570 (75)
542 5500 670 5553 male
700 5500 751 5551 in
781 5502 963 5555 codice
994 5501 1294 5569 Casinensi,
1325 5523 1343 5555 ι
1373 5505 1601 5559 coneris.
1639 5521 1657 5551 ι

390 5569 500 5649 (η)
538 5572 596 5649 in
635 5570 817 5623 codice
850 5571 1129 5631 Casinensi
1170 5572 1442 5637 scribitur,
1477 5593 1494 5624 ι
1527 5575 1664 5626 sicut
1698 5571 1858 5636 homo

279 5683 289 5689 ,
321 5657 385 5697 ac
411 5640 677 5717 Qpiliipnc.
709 5657 725 5687 ι
759 5708 790 5717 Α
834 5659 872 5717 ε.
1096 5655 1111 5717 '_
1203 5713 1213 5717 Δ
1289 5714 1298 5717 _
1440 5712 1449 5717 _
1786 5710 1793 5717 .

394 5707 517 5778 (75),
539 5706 717 5778 Codex
752 5708 1061 5765 Casinensis
1100 5713 1169 5764 ita
1203 5713 1345 5777 legit,
1389 5730 1405 5759 ι
1439 5712 1574 5762 hanc
1611 5710 1862 5775 llltiBSllO—

326 5777 446 5833 ueni
472 5777 761 5851 dilligenter
784 5786 962 5843 aptare
982 5787 1088 5832 tam
1121 5781 1539 5851 maiiit'estarem,
1564 5784 1727 5851 atque
1752 5790 1863 5829 nia-

526 5872 790 5933 Ριτιιοι..
834 5878 945 5933 (in.
996 5864 1113 5938 Χοί

1966 4636 2080 4690 hzec
2119 4636 2339 4699 dicens,
2389 4645 2441 4689 et
2489 4638 2719 4691 maiime
2767 4643 2893 4710 quia
2941 4642 3131 4712 pheter
3178 4663 3374 4715 prapos
3398 4660 3506 4705 tum

1966 4741 2162 4787 meum,
2194 4727 2264 4777 in
2314 4735 2363 4778 te
2409 4727 2648 4793 ingerere
2696 4746 2814 4798 quae
2856 4732 3111 4789 merearis
3153 4739 3357 4792 audire.
3407 4741 3508 4795 Sed

1967 4816 2178 4867 redeam
2210 4814 2275 4865 ad
2309 4828 2439 4866 rem.
2466 4813 2671 4870 Memor
2708 4834 2826 4874 sum
2855 4825 2998 4885 enim
3026 4826 3507 4892 transformatiouis

1964 4911 2089 4962 tuae,
2109 4916 2217 4967 qua
2246 4901 2399 4967 dicis,
2427 4904 2552 4971 quia
2585 4904 2726 4961 Deus
2766 4912 3227 4985 transformaverit
3252 4933 3309 4970 se
3338 4921 3386 4971 in
3415 4922 3510 4973 lio-

1964 4981 2331 5053 minem,'vel'
2368 4993 2423 5045 in
2468 4994 2671 5061 solem,
2718 5014 2782 5052 ex
2835 5003 2957 5053 hoc
2991 5004 3175 5059 valens
3228 5012 3511 5065 ostendere

1961 5077 2151 5133 Jesum
2175 5088 2417 5149 nostrum
2455 5084 2638 5139 habitu
2681 5089 2794 5140 solo
2822 5098 2874 5140 et
2900 5090 3012 5155 visu
3042 5089 3240 5147 factum
3267 5112 3383 5151 esse
3413 5100 3510 5149 ho-

2042 5192 2086 5223 ³⁵
2121 5191 2319 5259 Matth.
2348 5211 2428 5279 ut,
2477 5197 2562 5251 16.

1964 5298 2153 5377 nifeste
2192 5305 2611 5379 dissolverem.»
2664 5305 2764 5356 Sed
2813 5320 2874 5379 es
2928 5305 3151 5363 Manetis
3204 5312 3503 5379 interroga-

1962 5371 2123 5441 tione,
2154 5375 2242 5425 cui
2288 5376 2585 5441 Archelaus
2630 5376 2943 5439 respondet,
2990 5395 3089 5432 nos
3134 5386 3274 5437 hunc
3324 5371 3502 5435 locum

1962 5439 2314 5513 restituimus.
2464 5512 2472 5513 ί
2694 5506 2697 5511 λ
3384 5510 3387 5513 ,

2030 5509 2139 5579 (7U)
2162 5531 2202 5581 Δι
2232 5511 2619 5581 lle-spondeam,
2648 5530 2665 5560 ι
2694 5509 2810 5578 pro,
2843 5532 2861 5563 ι
2894 5514 3224 5581 respondebo
3254 5533 3264 5566 :
3304 5534 3321 5565 ι
3345 5510 3423 5571 sic
3445 5518 3499 5574 in
3584 5522 3587 5523 ⁷

1965 5578 2206 5647 cap._48,
2245 5598 2261 5627 ι
2296 5578 2569 5639 edoceam,
2606 5601 2622 5628 ι
2654 5596 2769 5647 pro.
2802 5599 2819 5630 ι
2848 5578 3098 5635 edocebo.
3131 5601 3151 5631 ι
3431 5632 3435 5637 .

2036 5645 2145 5713 (77)
2185 5648 2509 5708 Cusincnsis,
2543 5665 2563 5697 ί
2595 5645 2668 5699 ιιιῖ
2694 5649 2864 5700 dicam
2909 5651 3073 5702 dilere
3120 5667 3223 5702 non
3262 5653 3483 5712 homo”

1969 5712 2193 5767 Videant
2222 5716 2433 5778 eruditi,
2466 5732 2530 5767 an
2564 5727 2705 5769 recte
2734 5718 3065 5769 emendatum
3105 5722 3195 5772 sit.

3120 5887 3195 5941 αδ
