4118 6350
681 471 818 529 isis
890 545 892 550 τ

1658 473 1845 528 acu
1882 470 2411 530 DlSPUTATlONlS
2455 470 2512 524 s.
2582 434 2924 526 AncuELAi

3764 475 3882 530 imo

675 589 877 642 minem
908 605 921 640 :
947 586 1093 660 quod
1129 587 1267 642 absit
1285 563 1370 643 «ab
1405 603 1730 658 unoquoque
1764 588 2218 644 ﬁdelium‘di'cere'.
2249 593 2297 650 Α
2323 570 2492 657 peris,
2525 587 2804 656 c00perire
2847 595 2898 642 te
2949 596 3001 647 et
3047 589 3382 654 circumdare
3414 599 3626 660 potest;
3668 603 3726 647 tu
3767 611 3880 648 vero

677 677 1077 749 llaacalioquin
1107 678 1490 733 secundum‘te
1521 679 1586 733 ad
1614 679 1900 732 somnium
1948 680 2105 734 nobis
2149 694 2235 733 re-

677 771 837 823 deant
869 768 1142 834 universa,
1190 777 1244 824 et
1268 770 1498 838 ﬁguras;
1530 784 1638 824 non
1682 770 1858 824 solum
1909 777 2109 834 autem,
2142 770 2234 824 sed

677 851 939 915 adventus
983 875 1178 915 nomen
1225 860 1521 927 delebitur;
1559 871 1766 929 poterat
1805 861 1950 914 enim
2000 862 2056 914 in
2098 861 2235 914 emlo

678 951 887 1017 positus
911 948 1089 1004 facere
1125 964 1245 1019 quae
1282 950 1544 1014 voluerat,
1572 950 1618 1003 si
1658 948 1916 1016 Spiritum
1943 963 2065 1000 eum
2091 961 2232 1010 esse,

676 1051 730 1096 et
757 1056 865 1095 non
893 1041 1187 1106 hominem,
1221 1042 1387 1097 dices.
1437 1039 1544 1095 Sed
1580 1055 1686 1094 non
1729 1042 1801 1094 ita
1839 1049 1942 1103 est,
1976 1040 2237 1108 quoniam

683 1152 701 1184 ι
733 1133 1024 1188 exinanivit
1043 1133 1411 1202 semetipsum,
1427 1131 1816 1187 formam'servi
1841 1133 2112 1200 accipiens
2134 1133 2197 1197 ¹⁶;
2212 1151 2230 1182 ι

658 1225 798 1304 Γ‹1ἱ‹;ο
829 1233 1008 1279 autem
1035 1226 1101 1279 de
1131 1239 1218 1291 eo,
1260 1226 1351 1294 qui
1402 1240 1465 1279 ex
1515 1224 1678 1279 Maria
1727 1224 1901 1277 factus
1940 1223 2231 1278 est'homo.

677 1315 818 1382 Quid
851 1317 1037 1370 enim?
1063 1331 1168 1369 non
1197 1324 1502 1385 poteramus
1526 1325 1578 1373 et
1604 1330 1703 1370 nos
1748 1316 1917 1368 multo
1945 1314 2156 1370 facilius
2184 1323 2235 1370 et

675 1406 972 1460 latiusista
1015 1408 1276 1461 narrare?
1301 1391 1576 1461 Sed'absit
1609 1415 1664 1460 ut
1691 1422 1720 1460 a
1756 1406 1978 1460 veritate
2002 1407 2236 1462 decline-

676 1504 798 1545 mus
837 1492 943 1545 iota
985 1507 1176 1559 unum,
1219 1503 1311 1547 aut
1353 1510 1519 1546 unum
1566 1495 1791 1562 apicem.
1826 1493 1920 1547 Est
1959 1496 2103 1548 enim
2141 1495 2234 1564 qui

649 1629 657 1638 .
674 1581 740 1635 de
768 1581 932 1636 Maria
957 1593 1117 1639 natus
1147 1593 1230 1638 est
1264 1583 1453 1648 Filius,
1487 1584 1580 1652 qui
1613 1593 1780 1637 totum
1831 1585 1932 1638 hoc
1975 1601 2082 1653 quo
2118 1585 2230 1659 (78)

674 1686 930 1743 magnum
969 1682 1050 1727 est
1092 1673 1261 1726 voluit
1294 1672 1531 1741 perferre
1576 1683 1866 1738 certamen,
1916 1672 2096 1727 Jesus.
2137 1671 2234 1728 Hic

672 1771 757 1818 est
781 1763 1028 1818 Christus
1058 1763 1171 1828 Dei,
1222 1765 1313 1833 qui
1357 1764 1627 1818 descendit
1673 1779 1833 1832 super
1865 1779 1988 1816 eum
2031 1765 2123 1832 qui
2167 1763 2233 1818 de

673 1855 842 1910 Maria
887 1865 987 1910 est.
1036 1855 1190 1920 Quod
1238 1856 1284 1909 si
1335 1870 1441 1909 non
1495 1855 1668 1929 credis
1722 1870 1895 1922 neque
1945 1855 2060 1907 voci
2115 1869 2234 1922 quae

674 1947 887 2002 caelitus
913 1946 1052 2002 facta
1085 1957 1199 2012 est,
1240 1948 1584 2001 temerarium
1622 1949 1838 2016 aliquod
1890 1949 2001 2015 ipse
2035 1948 2234 2015 produ-

674 2038 785 2105 cis;
819 2039 978 2109 ει,μεί
1026 2038 1246 2101 dixeris,
1300 2053 1458 2092 nemo
1508 2039 1709 2092 credet.
1757 2037 1948 2090 Statim
1995 2038 2138 2089 enim
2182 2037 2234 2089 in

653 2123 945 2200 desertum
969 2145 1000 2184 a
1020 2130 1210 2200 spiritu
1231 2117 1427 2183 ductus
1466 2138 1548 2182 est
1587 2127 1763 2189 Jcsus,
1793 2139 1850 2181 ut
1883 2136 2177 2181 tentaretur
2205 2143 2234 2181 a

642 2202 908 2286 rdiabolo,
949 2235 1112 2290 quem
1138 2235 1260 2273 eum
1295 2218 1543 2273 diabolus
1588 2219 1876 2288 ignoraret,
1909 2219 2118 2280 dicebat
2143 2219 2190 2271 ei
2220 2236 2230 2269 :

679 2330 700 2365 ι
732 2311 791 2366 Si
820 2311 994 2367 Filius
1037 2326 1098 2368 es
1142 2310 1237 2365 Dei
1287 2311 1348 2365 ⁸⁷.
1392 2330 1411 2361 ι
1457 2309 1739 2379 Ignorabat
1796 2320 1976 2364 autem
2021 2321 2233 2380 pr0pter

674 2399 817 2471 quid.
838 2402 1113 2471 genuisset
1146 2390 1349 2456 Filium
1377 2401 1491 2464 Dei,
1523 2401 1616 2470 qui
1649 2402 1973 2469 praedicabat
2005 2418 2228 2471 regnum

651 2484 960 2556 caelorum,
989 2493 1134 2562 quod
1158 2500 1275 2546 erat
1304 2491 1415 2560 (79)
1441 2491 1808 2545 habitaculum
1834 2507 2107 2560 magnum,
2134 2508 2231 2551 nec

673 2582 743 2636 ab
775 2582 883 2636 ullo
929 2581 1035 2636 alio
1074 2582 1253 2651 parari
1301 2583 1565 2649 potuisset
1597 2598 1609 2634 :
1643 2583 1786 2635 unde
1830 2581 2018 2635 affixus
2057 2583 2226 2647 cruci,

673 2672 1215 2728 cum-resurrexisset
1243 2672 1310 2724 ab
1341 2670 1548 2733 inferis,
1600 2681 1910 2738 assumptus
1950 2682 2043 2725 'est
2079 2672 2224 2737 illuc,

659 2752 766 2816 ’ubi
795 2761 1044 2816 Christus
1069 2760 1242 2814 Filius
1279 2757 1372 2812 Dei
1399 2760 1685 2828 regnabat;
1721 2770 1779 2813 ut
1816 2777 1937 2814 cum
1961 2761 2225 2829 judicium

674 2852 870 2906 habere
893 2853 1135 2922 creperit,
1180 2851 1234 2904 hi
1283 2851 1375 2919 qui
1427 2851 1808 2919 iguoravcrunt
1840 2869 1983 2917 eum,
2014 2855 2228 2908 videant

673 2960 834 3012 quem
866 2945 1371 3013 compunxerunt“.
1399 2943 1467 2997 Ut
1495 2952 1668 2996 autem
1699 2946 1906 3006 credas,
1928 2961 2048 2999 cum
2073 2947 2227 3000 disci-

675 3033 789 3101 puli
820 3032 934 3100 ejus
965 3049 1056 3100 per
1097 3048 1294 3087 annum
1343 3034 1607 3101 integrum
1650 3043 1965 3086 manserunt
1988 3049 2107 3088 cum
2139 3051 2222 3100 eo,

675 3138 843 3190 quare
882 3122 1065 3177 nullus
1099 3123 1337 3190 ipsorum
1379 3125 1607 3191 procidit
1644 3140 1804 3193 super
1833 3125 2020 3178 facient
2049 3142 2220 3192 suam,

2334 694 2483 743 eum,
2511 679 2613 733 etsi.
2640 679 3062 744 eoneulcaveris,
3101 680 3238 748 nihil
3265 680 3432 736 laedis.
3469 682 3736 740 Dominus
3769 703 3880 740 vero

2334 783 2487 823 meus
2517 765 2694 833 Jesus,
2735 767 2781 821 si
2829 777 3007 822 tentus
3042 778 3144 834 est,
3186 779 3245 823 ut
3276 771 3437 825 homo
3478 772 3545 838 ab
3585 773 3880 831 hominibus

2335 867 2510 913 tentus
2531 867 2632 912 est.
2669 856 2724 911 Si
2753 873 2860 912 non
2895 867 2978 912 est
3011 859 3193 927 homo,
3226 876 3326 915 nec
3357 869 3534 916 tentus
3563 873 3666 917 est.
3703 863 3760 919 Si
3785 883 3877 920 non

2333 961 2416 1004 est
2446 958 2640 1015 tentus,
2686 937 3016 1017 neexpassus
3055 962 3170 1014 est,
3209 964 3309 1005 nec
3348 951 3650 1021 baptizatus
3683 965 3792 1010 .est.
3831 957 3882 1010 Si

2335 1043 2423 1096 ille
2462 1055 2568 1095 non
2603 1050 2686 1095 est.
2727 1041 3049 1110 baptizatus,
3093 1057 3266 1111 neque
3314 1047 3600 1114 quisquam
3648 1057 3880 1101 nostrum

2333 1133 2634 1202 baptizatus
2664 1141 2765 1188 est.
2804 1132 3078 1202 Baptisma
3107 1142 3286 1188 autem
3318 1136 3360 1189 si
3394 1151 3502 1189 non
3526 1145 3631 1201 est,
3665 1153 3765 1191 nec
3791 1140 3882 1193 erit

2334 1224 2579 1278 remissio
2603 1232 2969 1293 peccatorum;
2997 1223 3088 1277 sed
3118 1223 3173 1305 in
3198 1225 3312 1278 suis
3335 1227 3568 1293 peccatis
3595 1230 3881 1296 unusquis-

2333 1329 2438 1384 que
2485 1316 2762 1368 morietur.
2799 1312 2981 1366 Manes
3003 1304 3154 1366 "dixit
3180 1330 3198 1366 :
3221 1313 3363 1383 Ergo
3385 1315 3650 1384 baptisma
3674 1327 3884 1386 propter

2334 1405 2708 1458 remissionem
2757 1405 3341 1474 peCcatorum-d’atur?
3379 1406 3665 1460 Archelaus
3715 1410 3884 1462 dixit:

2334 1492 2529 1547 Etiam.
2570 1493 2748 1547 Manes
2791 1493 2969 1550 dixit:
3015 1493 3154 1562 Ergo
3184 1495 3425 1563 peccavit
3456 1494 3731 1562 Christus,
3766 1501 3884 1567 quia

2333 1583 2636 1653 baptizatus
2667 1584 2788 1640 est?
2819 1582 3106 1637 Archelaus
3137 1586 3271 1638 dixit
3298 1601 3316 1638 :
3340 1585 3520 1651 Absit;
3553 1587 3686 1654 quin
3716 1590 3886 1657 potius

2333 1689 2430 1740 pro
2462 1674 2617 1728 nobis
2648 1685 2929 1743 peceatum
2969 1676 3141 1730 factus
3181 1687 3283 1740 est,
3321 1685 3514 1730 nostra
3544 1687 3774 1746 peccata
3801 1695 3885 1732 su-

2335 1764 2568 1833 scipiens
2592 1765 2670 1830 '°;
2695 1776 2910 1834 propter
2933 1766 3045 1836 (80)
3077 1768 3223 1836 quod
3255 1783 3321 1821 ex
3348 1767 3571 1821 muliere
3602 1777 3766 1821 natus
3785 1778 3881 1831 est,

2333 1862 2386 1906 et
2424 1863 2638 1922 propter
2667 1855 2809 1922 quod
2841 1857 2908 1909 ad
2940 1857 3200 1926 baptisma
3237 1856 3404 1924 venit,
3428 1865 3487 1910 ut
3523 1857 3686 1925 hujus
3724 1860 3884 1926 partis

2336 1941 2633 2010 perciperet
2660 1944 3108 2011 purificationem,
3142 1955 3202 2000 ut
3244 1946 3503 2015 Spiritum
3528 1946 3626 2015 qui
3661 1947 3882 2000 descen-

2335 2031 2486 2084 derat
2515 2031 2568 2084 in
2610 2033 2788 2101 specie
2811 2035 3107 2102 columbae,
3144 2051 3339 2106 corpus
3369 2036 3514 2106 quod
3553 2044 3884 2105 susceperat,

2334 2132 2546 2190 portare
2573 2124 2761 2191 possit.
2801 2126 2817 2178 .’
3565 2136 3583 2182 Γ

2405 2214 2489 2268 LI.
2530 2214 2654 2270 Haec
2701 2233 2822 2271 cum
2853 2218 3074 2273 dixisset
3100 2218 3418 2286 Archelaus,
3443 2221 3725 2274 admirata:
3768 2228 3884 2275 sunt

2333 2305 2503 2360 turbae
2531 2308 2810 2361 veritatem
2841 2309 3098 2363 doctrinm
3125 2310 3265 2378 ejus,
3293 2320 3346 2364 et
3377 2311 3562 2368 laudes
3591 2311 3641 2364 ei
3674 2312 3886 2364 immen-

2333 2411 2423 2450 sas
2452 2412 2576 2451 cum
2607 2399 2935 2453 clamoribus
2971 2399 3351 2461 reddiderunt;
3390 2401 3459 2453 ita
3497 2410 3556 2454 ut
3583 2402 3737 2454 omni
3781 2411 3886 2454 stu-

2333 2487 2423 2540 dio
2455 2501 2820 2554 conarentur,
2873 2498 2927 2542 et
2964 2488 3074 2558 (8|)
3131 2491 3264 2543 ultra
3314 2491 3364 2544 ei
3411 2507 3516 2545 nen
3545 2480 3792 2546 sinerent
3823 2492 3884 2545 ad

2333 2577 2548 2645 propria
2605 2592 2842 2630 remeare
2894 2595 2904 2627 :
2963 2585 3017 2629 et
3064 2585 3193 2631 tunc
3235 2579 3451 2646 quidem
3495 2579 3881 2633 discesserunt.

2332 2666 2527 2722 Postea
2560 2681 2705 2727 vero.
2736 2668 3074 2736 congregatis
3100 2668 3199 2731 eis,
3217 2668 3513 2724 Archelaus
3541 2671 3884 2738 acquiescere

2330 2758 2454 2822 sibi,
2490 2768 2650 2827 atque
2675 2759 2862 2811 audire
2905 2759 3126 2811 verbum
3156 2760 3413 2812 suadebat
3439 2778 3452 2811 :
3480 2775 3587 2812 non
3612 2761 3758 2813 enim
3792 2760 3883 2812 soli

2328 2850 2418 2918 qui
2444 2864 2566 2902 eum
2605 2848 2836 2901 Diodoro
2860 2857 3034 2912 erant,
3067 2847 3357 2902 audiebant
3383 2863 3504 2900 cum
3526 2889 3539 2911 ,
3575 2849 3671 2903 sed
3703 2863 3884 2902 Omnes

2327 2941 2636 3009 quicunque
2671 2953 2735 2992 ex
2767 2937 3044 3005 provincia
3079 2937 3196 3004 ejus
3241 2939 3464 2990 aderant
3507 2947 3674 3005 atque
3706 2954 3773 2991 ex
3813 2940 3883 2990 vi-

2327 3031 2464 3085 cinis
2508 3030 2678 3093 locis;
2729 3028 2978 3096 factoque
3012 3027 3224 3080 silentio
3247 3068 3260 3089 ,
3297 3029 3398 3081 hoc
3441 3029 3606 3081 modo
3639 3030 3707 3082 de
3739 3029 3883 3084 Mane

2329 3122 2507 3174 dicere
2538 3132 2814 3187 aggressus
2845 3129 2957 3172 est:
2982 3116 3225 3183 Qualiter
3252 3133 3307 3170 se
3327 3117 3541 3185 quidem
3566 3119 3766 3172 habeat
3793 3135 3882 3172 no-

674 3216 817 3269 sicut
862 3215 1020 3281 paulo
1071 3223 1195 3266 ante
1245 3215 1481 3277 dicebas,
1534 3217 1624 3270 sed
1671 3217 1723 3269 in
1770 3232 1872 3269 una
1920 3219 2048 3272 hora
2099 3219 2186 3272 illa
2209 3261 2222 3283 ,
2257 3246 2297 3299 C
2331 3218 2442 3263 stra
2476 3208 2719 3278 doctrina
2754 3206 2980 3260 audistis
3003 3245 3017 3270 ,
3049 3216 3100 3259 et
3135 3206 3485 3281 tidcinostrie
3516 3210 3880 3277 experimenta

669 3307 891 3376 quando
921 3307 1064 3359 sicut
1106 3306 1188 3359 sol
1233 3306 1552 3373 resplenduit
1607 3311 1785 3362 vultus
1842 3309 1993 3376 ejus?
2045 3308 2231 3363 Nonne

676 3409 890 3467 propter
935 3397 1510 3461 babitaculun'i'illud,
1554 3400 1696 3466 quod
1744 3416 1810 3453 ex
1846 3400 2012 3454 Maria
2058 3401 2230 3454 fuerat

674 3490 961 3545 effectum?
993 3488 1143 3544 Sicut
1173 3490 1314 3544 enim
1345 3488 1604 3542 Paracleti
1638 3495 1842 3558 pondus
1879 3495 2056 3547 nullus
2089 3493 2228 3546 alius

674 3581 839 3634 valuit
872 3581 1156 3644 sustinere,
1190 3579 1291 3632 nisi
1330 3576 1430 3631 soli
1464 3577 1733 3646 discipuli,
1768 3590 1819 3633 et
1863 3581 2060 3635 Paulus
2102 3584 2227 3636 bea-

677 3680 794 3734 tus;
826 3671 898 3724 ita
925 3672 1083 3724 etiam
1118 3670 1376 3738 Spiritum
1420 3670 1512 3738 qui
1556 3671 1622 3722 de
1663 3671 1817 3724 caelis
1856 3673 2223 3739 descenderat,

677 3774 770 3826 per
810 3774 967 3826 quem
1016 3775 1116 3813 vox
1160 3759 1387 3816 Paterna
1435 3769 1662 3813 testatur
1700 3759 1926 3812 dicens:
1963 3779 1977 3808 ι
2014 3757 2110 3812 Hic
2147 3773 2228 3815 est

678 3847 849 3901 Filius
883 3864 1034 3901 meus
1066 3850 1291 3902 dilectus
1317 3852 1378 3913 '9,
1411 3868 1429 3900 ι
1472 3851 1651 3904 nullus
1681 3849 1814 3902 alius
1853 3859 2066 3916 portare
2094 3867 2226 3918 prte-

677 3940 868 4003 valuit,
900 3939 1004 3992 nisi
1049 3940 1138 4006 qui
1183 3954 1248 3990 ex
1297 3938 1457 3992 Maria
1490 3951 1649 3994 natus
1693 3951 1793 4002 est,
1839 3956 1998 4008 super
2040 3956 2226 3994 omnes

677 4040 892 4085 sanctos
914 4029 1091 4083 Jesus.
1119 4029 1222 4084 Sed
1250 4039 1302 4082 et
1324 4031 1389 4082 ad
1416 4031 1526 4084 haec
1552 4048 1670 4100 qua:
1696 4033 1912 4100 objicio,
1940 4035 2221 4100 responde.

678 4122 736 4176 Si
768 4123 949 4176 habitu
977 4137 1098 4175 eum
1134 4130 1187 4176 et
1217 4120 1394 4190 specie
1425 4122 1559 4174 dicis
1598 4138 1715 4176 esse
1759 4125 2052 4188 hominem,
2087 4140 2222 4191 quo-

677 4211 837 4264 modo
870 4211 938 4263 ab
972 4211 1054 4263 his
1080 4210 1172 4278 qui
1202 4224 1268 4262 ex
1299 4209 1414 4262 viro
1439 4216 1491 4260 et
1515 4210 1735 4262 muliere
1766 4211 1877 4262 nati
1912 4221 2056 4273 sunt,
2085 4210 2226 4262 Plia-

676 4300 869 4363 rismis,
901 4301 1071 4352 teneri
1104 4300 1295 4367 potuit,
1329 4308 1382 4352 et
1412 4298 1476 4350 ad
1503 4297 1766 4365 judicium
1798 4301 2065 4366 protrahi;
2097 4316 2217 4354 cum

677 4388 1178 4456 spiritualecorpus
1203 4403 1231 4439 a
1258 4389 1620 4442 crassior-ibus
1654 4389 1970 4456 corporibus
1998 4405 2102 4442 non
2133 4392 2222 4443 vai-
2249 4393 2272 4422 ·“

644 4541 645 4544 η
679 4479 782 4531 lcat
809 4477 1225 4546 comprehendi?
1254 4478 1406 4542 Quod
1447 4481 1491 4533 si
1535 4480 1699 4533 habes
1742 4480 1940 4548 aliquid
1971 4481 2112 4548 quod
2156 4483 2222 4533 ad

2333 3299 2604 3366 carpistis;
2661 3307 2825 3364 prout
2869 3298 3016 3366 potui
3047 3298 3190 3351 enim
3222 3298 3520 3367 intelligere
3550 3299 3875 3368 Scripturas,

2328 3405 2514 3442 coram
2546 3389 2796 3442 omnibus
2837 3389 2988 3442 vobis
3015 3389 3260 3456 exposui.
3313 3389 3414 3443 Sed
3443 3406 3589 3444 nunc
3621 3392 3879 3461 paucissi-

2273 3493 2276 3496 '
2328 3495 2412 3532 me
2445 3479 2558 3546 (8:2)
2593 3479 2769 3531 dicere
2803 3479 3065 3531 volentem
3093 3480 3368 3556 deprecor,
3427 3490 3491 3554 ut,
3513 3496 3636 3533 eum
3669 3481 3878 3536 silentio

2328 3570 2590 3634 audiatis;
2613 3577 2669 3622 ut
2693 3570 3016 3636 agnoscatis,
3051 3569 3142 3637 qui
3171 3571 3237 3621 sit
3267 3570 3491 3623 et’undc
3515 3580 3568 3624 et
3606 3573 3780 3640 qualis
3811 3572 3876 3625 sit

2326 3661 2427 3715 iste
2454 3701 2466 3722 ,
2521 3661 2612 3729 qui
2661 3659 2910 3720 advenit,
2943 3659 3081 3726 sicut
3129 3658 3362 3712 Sisinins
3391 3662 3612 3729 quidam
3645 3677 3786 3714 unus
3813 3674 3873 3715 ex

2326 3751 2614 3805 comitibus
2666 3751 2783 3818 ejus
2828 3749 3082 3801 iudicavit
3109 3749 3263 3814 mihi,
3290 3765 3448 3817 quem
3478 3753 3640 3805 etiam
3673 3753 3782 3822 (85)
3811 3753 3874 3804 ad

2327 3843 2695 3896 testimonium
2745 3857 2933 3896 eorum
2969 3857 3087 3908 qua:
3113 3857 3139 3892 a
3174 3841 3550 3906 medicentur,
3601 3844 3644 3895 si
3687 3845 3872 3910 placet,

2326 3947 2516 3984 vocare
2546 3941 2762 3999 paratus
2798 3949 2937 3986 sum.
2983 3931 3088 3983 Sed
3117 3947 3181 3985 ne
3210 3933 3322 4001 ipse
3344 3934 3562 4002 quidem
3591 3934 3771 3989 dicere
3803 3949 3856 3986 re

2327 4021 2538 4074 cusavit
2565 4023 2676 4089 (84)
2705 4023 2890 4076 eadem
2928 4038 3048 4090 qtae
3074 4038 3172 4074 nos
3199 4024 3447 4088 dicimus,
3481 4032 3745 4093 przesente
3771 4023 3873 4076 Ma-

2326 4127 2421 4174 ne;
2479 4111 2704 4164 credidit
2759 4112 2902 4166 enim
2943 4111 3203 4166 doctrina:
3254 4122 3449 4166 nostra:
3494 4116 3868 4182 supradictus,

2325 4205 2463 4258 sicut
2494 4213 2545 4256 et
2576 4203 2714 4271 apud
2749 4219 2833 4257 me
2861 4204 2999 4258 alius
3026 4203 3208 4257 Turbo
3238 4205 3473 4257 nomine.
3523 4205 3867 4273 Quaecunque

2324 4303 2451 4364 ergo
2500 4295 2786 4349 contestati
2820 4305 2944 4349 sunt
2976 4295 3126 4361 mihi,
3162 4293 3252 4348 sed
3293 4304 3344 4347 et
3370 4311 3431 4349 ea
3474 4312 3597 4365 qua:
3638 4279 3742 4352 nes
3778 4296 3870 4366 ipsi

2324 4387 2771 4455 deprehendimus
2807 4387 2858 4438 in
2887 4387 2988 4439 hoe
3023 4388 3156 4449 viro,
3191 4401 3294 4438 non
3327 4385 3518 4439 faciam
3543 4385 3715 4443 latene
3743 4404 3868 4442 cen-

2326 4479 2602 4530 scientiam
2636 4485 2892 4530 vestram.
2929 4475 3080 4529 Tunc
3107 4489 3231 4528 vero
3254 4475 3423 4527 turbae
3444 4489 3509 4528 eo
3529 4477 3767 4544 amplius
3798 4477 3869 4529 in-

676 4569 898 4622 verbum
929 4577 1087 4636 atque
1109 4567 1172 4620 ad
1203 4569 1536 4635 propositum
1564 4571 1912 4640 respondeas,
1957 4571 2048 4638 qui
2084 4587 2221 4623 nun-
2249 4571 2298 4628 D
2325 4568 2518 4630 citatte,
2553 4577 2885 4636 congregata:
2912 4571 3037 4620 sunt
3065 4568 3129 4618 ad
3166 4563 3489 4618 audiendum
3511 4565 3866 4628 Archelaum;

676 4675 835 4727 quam
891 4659 955 4711 ad
1003 4661 1273 4727 proposita
1305 4659 1649 4724 respondisti,
1693 4677 1869 4730 perge,
1909 4676 2126 4729 quaeso,
2167 4669 2218 4713 et

678 4749 932 4818 pugillum
963 4751 1177 4819 plenum
1211 4749 1342 4804 solis
1375 4749 1505 4801 mibi
1533 4749 1679 4812 aller,
1719 4762 1811 4803 aut
1844 4753 2082 4806 modium
2109 4751 2219 4820 ple-

678 4838 844 4890 num?
871 4835 985 4906 Ipse
1013 4853 1136 4891 vero
1166 4839 1246 4892 sol
1276 4852 1372 4907 pro
1403 4851 1466 4890 eo
1503 4837 1643 4904 quod
1672 4840 1965 4894 subtilioris
1993 4851 2076 4895 est
2097 4856 2218 4915 cor-

2323 4665 2515 4715 etcnim
2548 4680 2608 4717 ea
2636 4680 2755 4732 quae
2781 4664 2847 4717 ab
2871 4679 2937 4717 eo
2959 4662 3293 4721 dicebantur,
3314 4658 3599 4726 plurimam
3622 4662 3704 4714 eis
3730 4661 3869 4714 oble-

2325 4751 2612 4804 elationem
2643 4755 2942 4820 praebebant
2966 4771 2978 4818 ;
3015 4761 3230 4820 propter
3261 4748 3406 4821 quod
3432 4756 3485 4800 et
3510 4751 3754 4803 certatim
3781 4751 3870 4804 ad-

2325 4842 2676 4895 hortabantur
2705 4860 2825 4896 eum
2853 4844 3031 4897 dicere
3055 4853 3388 4911 quiecunque
3419 4839 3596 4903 vellet,
3617 4824 3872 4912 quaecun-

751 4997 791 5025 "
829 4993 1022 5065 Philip.
1060 4995 1121 5085 it,
1150 4999 1198 5051 7.
1277 5001 1316 5029 ¹⁷
1357 4998 1543 5052 Matth.
1595 5015 1667 5061 IV,
1721 5000 1772 5052 1.
1878 5004 1917 5033 ’⁸
1954 5003 2146 5058 Joann.
2191 4986 2316 5072 six,
2367 5004 2457 5058 37.
2555 5005 2596 5036 ¹⁹
2651 5003 2833 5058 Matth.
2870 5023 2950 5070 Ill,
2991 5005 3075 5059 l7.
3181 5005 3225 5035 ³ο
3265 5002 3305 5056 ll
3330 4970 3457 5061 Cor.
3479 5019 3539 5065 .v,
3564 4983 3660 5057 21..

744 5155 855 5226 (ἶδ)
894 5151 1072 5226 Forte,
1101 5176 1118 5207 ι
1148 5160 1308 5226 quod.
1345 5178 1385 5210 »η

746 5221 858 5293 (79)
899 5221 1095 5296 Locum
1137 5221 1276 5280 hunc
1310 5237 1490 5283 nostra
1524 5227 1832 5296 conjectura
1874 5227 2214 5286 ita~eorrexi-

653 5309 818 5366 nius,
853 5303 909 5366 ut
939 5293 1130 5366 aliquis
1147 5297 1278 5366 inde
1306 5313 1497 5352 sensus
1525 5293 1837 5360 eliceretur;
1873 5313 1994 5350 nam
2025 5300 2076 5350 in
2105 5300 2177 5352 Ca
2198 5329 2212 5339 -

671 5363 1382 5436 sinensiscodicis‘lectione
1413 5383 1602 5436 magna
1628 5366 1929 5420 obscuritas
1954 5382 2016 5418 ex
2051 5368 2212 5421 libra-

675 5433 736 5505 _rii
767 5433 1040 5486 erroribus
1071 5442 1286 5497 exorta;
1317 5436 1400 5505 psic
1427 5433 1569 5490 enim
1609 5436 1868 5505 serihabet
1897 5454 1909 5505 ς
1947 5453 1963 5484 ε
1994 5437 2215 5505 Ignora-

672 5500 767 5572 bat
794 5510 971 5555 autem
1002 5511 1214 5572 propter
1237 5504 1327 5568 qui
1357 5508 1628 5572 genuisset
1661 5504 1853 5558 Filium
1889 5504 1983 5558 Dei
2013 5500 2212 5572 praedi-

626 5600 630 5603 -
674 5571 1388 5644 cabatregnutneml‘orum’,
1414 5578 1503 5644 qui
1533 5583 1665 5639 erat,
1701 5583 1852 5644 rete.
2020 5571 2031 5572 ί
2139 5606 2141 5609 -

717 5638 861 5715 ,(80)
898 5637 955 5691 lii
980 5640 1162 5694 codice
1194 5637 1494 5715 Casinensi,
1516 5659 1625 5712 quo
1654 5637 1954 5715 usisurnus
1976 5647 2214 5715 ,Aadverf

679 5705 824 5777 bium
877 5719 1155 5777 «propter
1210 5727 1226 5758 ι
1277 5705 1626 5776 desiderat-ur,
1676 5713 1768 5766 sed
1829 5714 1959 5766 illud
2004 5713 2210 5765 librarii

675 5776 959 5902 υῗρίιεὶηιὶι
1005 5776 1262 5834 omissum
1299 5778 1463 5836 fuisse
1491 5781 1765 5858 sequentia
1815 5782 1956 5836 clare
2000 5783 2215 5835 demon-

677 5859 705 5898 δ
733 5859 823 5895 ran
853 5883 868 5897 .

677 5859 868 5898 δινειιιι.

2393 5160 2505 5230 (8|)
2551 5159 2612 5214 Et
2645 5161 2729 5213 hic
2759 5162 3041 5228 particula,
3081 5167 3208 5230 «et,
3245 5160 3263 5208 ι
3295 5159 3444 5213 deest
3476 5159 3529 5212 in
3559 5160 3747 5216 codice
3773 5160 3872 5215 Ca-

2325 5227 2527 5285 sincnsi
2550 5271 2563 5295 ,
2597 5227 2772 5298 quani
2789 5242 2962 5283 tamen
2994 5227 3253 5281 orationis
3275 5230 3443 5284 series
3472 5230 3746 5284 evidenter
3779 5246 3870 5283 ex-

2320 5302 2511 5367 poscit.

2539 5365 2722 5425 Forte,
2758 5385 2775 5435 ᾳ
2815 5338 3158 5432 paucissima.
3199 5383 3216 5414 ι
3271 5367 3273 5369 ’
3449 5423 3486 5435 _
3587 5412 3591 5414 _

2390 5430 2499 5506 (83)
2534 5437 2715 5488 Codex
2741 5430 3049 5489 Cdsiuensis
3078 5435 3224 5506 nullo
3254 5434 3652 5506 sensugliabetj
3682 5450 3702 5483 ι

2323 5501 2448 5560 nius
2477 5501 2695 5575 quidam
2728 5519 2824 5555 vos
2854 5518 2916 5555 ex
2953 5505 3239 5560 comitibus
3273 5505 3392 5567 eius
3423 5501 3686 5558 indicavit
3719 5503 3868 5568 mihi,

2318 5592 2435 5644 qum
2459 5578 2616 5629 etiam
2655 5594 2672 5624 ι
2705 5582 2806 5626 etc.

2388 5646 2498 5713 (84)
2540 5644 2603 5696 Ει
2638 5645 2722 5696 hic
2760 5641 3160 5713 emcndavimus
3202 5637 3761 5713 codicisCasincnsis
3795 5639 3870 5691 le-

2321 5708 2571 5774 ctionem,
2607 5715 2679 5765 ita
2709 5728 2766 5765 se
2798 5708 3114 5766 habentem:
3150 5729 3168 5762 (
3202 5711 3315 5778 ipse
3336 5708 3554 5777 quidem
3584 5724 3669 5763 me
3693 5709 3872 5763 dicere

2323 5785 2607 5847 recusavit,
2636 5802 2652 5833 ι
2690 5792 2787 5850 etc.
