4118 6350
320 488 450 542 15⁵21

1311 533 1314 535 .
1390 494 1530 548 CUM
1567 491 1846 547 MANETE
1891 492 2414 547 llz’ERESlARCllA.
2489 513 2491 516 ‘

3359 494 3492 547 1522

326 608 633 670 praemium,
663 608 829 660 multo
858 608 1156 676 proposito.
1186 608 1320 662 Tum
1358 611 1477 673 iste,
1507 611 1643 664 sicut.
1673 612 1748 664 illi’
1772 613 1862 680 qui
1891 627 1935 680 Α
1966 613 2116 664 libris
2144 612 2288 680 (22),
2338 612 2477 665 sicut
2521 611 2680 663 etiam
2706 610 2964 664 adversus
2996 626 3078 664 me
3110 611 3386 678 disputans
3415 609 3490 662 fe-

319 695 539 760 cibum,
589 699 730 765 quod
772 714 965 751 nomen
1009 709 1091 753 est
1136 701 1238 754 tale
1285 702 1498 754 eludere
1528 703 1636 770 (l3)
1669 704 1858 766 solent,

323 788 662 849 prmscutiam
707 802 859 840 suam
901 787 1084 842 Manes
1123 791 1335 843 exhibet
1371 791 1510 858 apud
1536 807 1709 859 regem
1732 833 1746 856 ,
1779 793 1862 846 di-

322 888 450 927 cens
501 891 556 928 se
592 892 709 930 esse
739 894 962 945 puerum
989 892 1299 933 curaturum
1335 900 1347 934 :
1378 897 1496 949 qua:
1536 898 1654 934 eum
1685 884 1866 937 audis-

322 973 404 1015 set
431 965 539 1030 (14)
567 981 677 1027 rex,
726 969 960 1036 suscepit
986 984 1107 1022 eum
1136 985 1257 1023 cum
1285 971 1564 1038 obsequio,
1594 987 1656 1024 ac
1699 973 1866 1025 liben-

322 1064 406 1105 ter
436 1055 636 1107 habuit.
700 1054 892 1109 Verum
928 1073 994 1112 ne
1039 1060 1206 1111 multa
1249 1060 1517 1112 narrando
1559 1075 1677 1125 quae
1705 1061 1867 1128 gessit

322 1145 536 1197 taedium
584 1147 918 1203 auditoribus
950 1148 1212 1213 inferam,
1270 1137 1865 1216 mortuus-estpuer'in

323 1235 570 1288 manibus
615 1236 766 1303 ejus,
804 1239 886 1291 vel
925 1239 1104 1306 potius
1146 1239 1461 1291 exstinctus.
1512 1237 1661 1291 Tunc
1690 1253 1781 1291 rex
1813 1239 1864 1289 in

321 1340 586 1377 carcerem
619 1326 828 1380 detrudi
863 1329 1019 1395 jubet
1038 1327 1269 1390 Manem,
1291 1338 1343 1379 et
1373 1326 1498 1380 ferri
1539 1330 1734 1380 talento
1758 1327 1866 1397 (15)

322 1415 559 1466 onerari.
618 1415 695 1467 llli
732 1432 858 1469 vero
885 1419 991 1470 duo
1034 1417 1280 1484 discipuli
1311 1416 1427 1483 ejus
1464 1417 1556 1482 qui
1602 1418 1751 1469 missi
1781 1416 1866 1469 fu-

322 1515 478 1558 erant
519 1507 583 1557 ad
621 1506 918 1558 docendum
949 1522 1041 1574 per
1073 1506 1312 1574 singulas
1358 1506 1619 1568 civitates,
1664 1519 1868 1572 quaere-

293 1587 520 1646 'bautur
557 1597 619 1647 ad
653 1611 887 1662 poenam.
925 1596 1133 1664 Quique
1158 1595 1419 1664 fugientes
1445 1595 1566 1648 licet
1595 1609 1867 1662 nunquam

324 1693 610 1735 cessarunt
641 1684 866 1746 alienam
895 1683 1004 1753 (16)
1030 1682 1168 1737 hanc
1188 1692 1240 1736 et
1263 1683 1330 1736 ab
1351 1683 1683 1736 Antichristo
1710 1683 1873 1751 inSpi-

324 1783 525 1837 ratam,
559 1790 652 1841 per
680 1775 793 1827 loca
829 1774 1036 1842 singula
1067 1774 1306 1828 inserere
1336 1773 1659 1826 doctrinam.

399 1862 530 1915 LIV.
572 1864 699 1917 Posr.
728 1867 839 1917 hinc
864 1865 928 1915 ad
957 1865 1269 1933 magistrum
1302 1879 1458 1916 suum
1489 1863 1750 1927 redeunt,
1784 1876 1864 1915 re-

1961 702 2051 763 cit,
2087 701 2436 755 assertionem
2463 714 2612 753 suam
2642 698 2907 766 proferre,
2935 700 3176 768 quaedam
3211 699 3261 751 in
3289 699 3371 752 his
3401 714 3493 752 ac-

1962 806 2157 845 cusaus
2181 829 2195 850 ,
2233 789 2475 858 quaedam
2507 799 2814 857 permutans
2841 827 2854 849 ,
2891 789 3005 842 solo
3042 787 3241 842 Christi
3264 788 3497 842 nomine

1963 881 2201 948 adjecto;
2255 896 2413 947 quem
2448 895 2505 932 se
2533 879 2736 933 idcirco
2763 879 3030 946 suscipere
3082 878 3388 940 simulavit,
3440 887 3500 930 ut

1964 984 2058 1037 per
2104 969 2349 1022 civitates
2395 969 2642 1037 singulas
2669 968 2992 1023 sanctum’et
3032 967 3269 1021 divinum
3303 983 3496 1020 nomen

1944 1057 2248 1114 audientes
2278 1055 2476 1109 Christi
2506 1097 2518 1118 ,
2569 1057 2787 1110 minime
2813 1061 3152 1110 exsecrantes
3178 1068 3269 1107 eos
3288 1095 3301 1118 ,
3337 1055 3498 1107 disci-

1966 1145 2122 1213 pulos
2147 1145 2300 1198 istius
2345 1161 2449 1196 non
2485 1145 2784 1213 fatigarent.
2842 1144 3173 1198 lnvenientes
3204 1155 3379 1196 autem
3405 1158 3498 1196 vo-

1966 1247 2081 1285 cem
2115 1233 2276 1286 etiam
2311 1234 2378 1287 de
2402 1232 2678 1287 Paracleto
2705 1235 2934 1302 positam
2966 1233 3017 1298 in
3051 1234 3340 1301 Scripturis
3365 1231 3497 1302 (25),

1968 1323 2311 1391 semetipsum
2338 1339 2456 1377 esse
2491 1324 2750 1392 subjecit;
2787 1328 2879 1393 qui
2911 1341 3015 1378 non
3045 1325 3259 1394 legerat.
3279 1324 3503 1392 diligen-
3541 1348 3545 1355 ι

1968 1420 2066 1475 ter,
2091 1414 2214 1480 quia
2240 1413 2546 1466 Paracletus
2567 1413 2674 1480 jam
2703 1423 2833 1468 tunc
2861 1416 3114 1478 venisset,
3139 1430 3257 1468 cum
3279 1412 3502 1481 apostoli

1968 1501 2144 1554 adhuc
2175 1511 2359 1556 essent
2381 1518 2540 1570 super
2569 1509 2784 1556 terram.
2838 1501 2938 1557 ‘His
2965 1517 3092 1570 ergo
3115 1513 3220 1556 tam
3252 1503 3504 1557 scelerate

1968 1591 2281 1658 compositis
2302 1633 2315 1653 ,
2372 1589 2539 1644 mittit
2565 1602 2616 1646 et
2641 1592 2929 1660 discipulos
2961 1608 3088 1646 suos
3122 1594 3504 1660 praedicaturus
3534 1606 3537 1607 '
3598 1598 3600 1600 ’

1969 1679 2229 1746 intrepide
2254 1682 2405 1734 fictos
2437 1683 2823 1750 simulatasque
2861 1697 3069 1736 errores
3088 1725 3102 1746 ,
3131 1690 3182 1734 et
3213 1695 3378 1734 novas
3402 1683 3498 1733 fal-

1970 1784 2165 1836 sasque
2195 1783 2356 1824 voces
2387 1774 2799 1826 annuntiaturos
2828 1788 2922 1841 per
2947 1773 3062 1824 loca
3086 1772 3310 1841 singula.
3351 1770 3504 1835 Quod

1971 1874 2092 1913 eum
2123 1874 2214 1913 rex
2244 1859 2531 1914 Persarum
2558 1863 2914 1929 cognovisset,
2961 1862 3134 1930 dignis
3158 1853 3277 1915 eum
3307 1861 3506 1929 suppli?

325 1940 562 2008 ferentes
597 1969 714 2020 quae
737 1954 814 2006 eis
837 1953 1172 2019 acciderant;
1223 1953 1447 2006 audiunt
1471 1953 1630 2006 etiam
1661 1967 1722 2005 ea
1754 1967 1873 2020 quae
1905 1949 1943 2002 Β
1973 1951 2070 2004 ciis
2103 1951 2328 2004 subdere
2355 1960 2527 2019 parat.
2581 1953 2697 2018 Quo
2723 1952 2903 2006 Manes
2943 1953 3156 2019 agnito,
3206 1952 3507 2006 admonitus
3584 1980 3586 1983 -

326 2046 382 2097 in
409 2045 522 2109 ipso
547 2047 738 2097 collata
766 2052 890 2096 sunt
915 2044 1076 2096 mala.
1111 2044 1438 2098 Accedentes
1466 2058 1610 2112 ergo,
1641 2050 1698 2095 ut
1722 2041 1869 2095 dice-

326 2135 450 2186 bam
483 2134 614 2204 (17),
650 2133 713 2186 ad
742 2149 863 2185 eum
891 2134 995 2194 sui,
1029 2143 1080 2187 et
1102 2141 1444 2202 suggerentes
1471 2133 1518 2185 ei
1552 2133 1616 2185 de
1639 2132 1722 2185 his
1752 2147 1870 2184 ma-

323 2221 395 2274 lis
441 2237 558 2287 qua:
608 2236 699 2286 per
741 2221 854 2274 loca
905 2223 1114 2291 singula
1162 2222 1520 2290 patiebantur,
1572 2221 1637 2273 de
1669 2221 1873 2289 reliquo

324 2310 566 2363 com-'erli
602 2309 711 2380 (l8)
742 2326 799 2363 se
821 2312 1016 2365 debere
1042 2312 1106 2365 ad
1137 2312 1362 2380 salutem
1392 2311 1688 2366 suadebant
1715 2328 1729 2362 :
1756 2323 1874 2378 per-

325 2401 619 2453 timueram
646 2401 786 2452 cnim
806 2442 820 2464 ,
865 2410 1109 2454 verentes
1135 2417 1201 2454 ne
1230 2401 1356 2468 quid
1387 2402 1498 2465 sibi
1519 2416 1580 2453 cx
1607 2400 1691 2454 his
1717 2399 1874 2453 malis

323 2504 448 2558 qua:
469 2489 542 2540 illi
569 2487 956 2554 inferebantur,
983 2489 1258 2544 accederet
1284 2490 1416 2559 (19).
1452 2490 1515 2542 At
1539 2491 1625 2542 ille
1643 2489 1874 2543 suadens
1904 2544 1907 2548 ,

324 2593 421 2631 eos
456 2579 586 2630 nihil
616 2579 808 2643 vereri,
840 2581 904 2632 ad
933 2579 1229 2632 orationem
1260 2580 1552 2646 consurgit.
1597 2578 1749 2631 Tunc
1780 2579 1874 2631 de.

329 2669 456 2722 inde
475 2668 661 2736 jubet,
696 2669 748 2721 in
777 2684 990 2722 carcere
1020 2669 1225 2736 positus
1244 2706 1269 2743 ,ι
1290 2668 1422 2734 legis
1445 2667 1872 2720 Christianorum

326 2756 496 2809 libros
518 2757 855 2823 comparari;
905 2756 1058 2810 valde
1085 2757 1227 2810 enim
1270 2757 1323 2808 hi
1351 2757 1444 2823 qui
1477 2755 1626 2809 missi
1662 2753 1876 2808 fuerant

329 2846 398 2897 ab
429 2859 493 2897 eo
536 2860 629 2914 per
674 2845 911 2911 singulas
940 2845 1204 2909 civitates,
1243 2845 1311 2898 ab
1349 2844 1599 2897 Omnibus
1645 2841 1876 2897 homini-

328 2937 432 2989 bus
475 2934 830 2988 exsecralioui
879 2934 1230 2999 habebantur,
1274 2933 1508 2986 maxime
1554 2935 1691 3002 apud
1737 2949 1904 3001 quos.

328 3026 762 3079 Christianorum
822 3040 1016 3080 nomen
1067 3025 1393 3078 venerationi
1447 3033 1585 3077 erat.
1648 3023 1874 3092 Sumpto

338 3130 461 3184 ergo
487 3117 818 3183 aliquantulo
851 3115 968 3170 auri
1003 3116 1166 3169 modo
1187 3157 1202 3180 ,
1250 3116 1498 3168 abierunt
1523 3116 1588 3169 ad
1617 3115 1732 3184 loca
1761 3113 1871 3184 (20)

330 3207 384 3260 in
412 3207 608 3274 quibus
635 3207 1066 3269 Christianorum
1092 3207 1212 3259 libri
1234 3205 1872 3276 conscribebanturﬁl);

329 3306 382 3351 et
408 3296 721 3350 simulantes
749 3311 806 3349 se
842 3297 1060 3350 nuntios
1089 3311 1207 3350 esse
1228 3295 1587 3364 Christianos,
1611 3296 1874 3362 rogabant

332 3385 572 3456 praestari
621 3386 722 3438 sibi
759 3385 924 3438 libros
970 3386 1036 3438 ad
1077 3377 1494 3452 comparandum
1544 3403 1557 3436 :
1603 3393 1677 3447 et,
1723 3394 1779 3438 ut
1809 3399 1878 3438 ne

331 3477 499 3532 multa
524 3461 734 3539 dicam,
770 3465 1086 3542 cempara‘nt
1126 3476 1409 3528 universos
1443 3474 1608 3527 libros
1635 3472 1876 3542 Scriptu-

330 3578 512 3616 rarum
564 3572 864 3615 nostrarum
887 3598 901 3624 .
950 3571 1003 3615 et
1045 3560 1292 3625 deferunt
1323 3546 1631 3616 adcum-in
1665 3579 1877 3618 carcere

333 3654 704 3707 constitutum.
766 3651 972 3716 Quibus
1013 3651 1102 3704 ille
1138 3651 1409 3719 acceptis,
1456 3652 1618 3706 homo
1668 3641 1880 3706 astutus

297 3797 312 3806 ε
331 3746 494 3811 coepit
519 3743 571 3794 in
607 3743 806 3795 nostris
835 3743 985 3795 libris
1016 3743 1328 3796 occasiones
1362 3742 1630 3811 inquirere
1653 3741 1877 3794 dualita—

333 3833 404 3886 tis
445 3847 590 3895 suae,
625 3845 723 3885 nec
755 3845 865 3884 suae
895 3830 1144 3898 quidem,
1179 3831 1271 3884 sed
1300 3829 1608 3900 Scythiani,
1655 3830 1745 3898 qui
1776 3829 1876 3880 hoc

334 3930 461 3979 ante
510 3922 803 3993 plurimum
847 3922 1103 3991 temporis
1146 3923 1472 3991 protulerat;
1513 3930 1566 3974 et
1595 3921 1649 3972 in
1679 3918 1878 3972 nostris

411 4100 518 4170 (15)
558 4099 735 4153 Locus
787 4097 942 4152 valde
996 4095 1519 4170 corruiptusaFerte
1567 4093 1876 4162 legendum,

341 4189 362 4223 ι
396 4166 894 4238 qui'cybum,_quod
927 4177 1236 4238 nomen__est
1261 4167 1376 4238 tali2
1407 4166 1603 4238 ludere.
1639 4181 1659 4214 ι
1698 4179 1700 4181 δ

411 4231 519 4306 (14)
546 4231 685 4290 Ὀοᾱ.
714 4231 867 4304 Reg.
911 4237 1062 4306 Ales.
1095 4231 1225 4293 .Vat.
1284 4253 1302 4284 ι
1342 4234 1492 4306 Quod
1531 4246 1654 4285 cum
1698 4231 1882 4285 audis-

338 4302 439 4370 set,
475 4302 510 4356 .‘
531 4321 628 4373 pro
665 4325 682 4355 ι
717 4302 854 4373 quae.
900 4323 934 4355 »ν
977 4305 1134 4368 Mox,
1190 4323 1209 4354 ς
1251 4302 1518 4356 narrando
1563 4315 1684 4370 qua:
1732 4312 1880 4371 gesta

337 4382 483 4429 sunt.
517 4393 536 4425 ι
1649 4396 1651 4398 ·

408 4443 517 4512 (15)
552 4441 667 4512 Hoc
688 4450 787 4504 est,
810 4441 1042 4496 vinculis
1067 4441 1276 4504 ferreis,
1298 4440 1368 4512 ab
1396 4451 1581 4492 eorum
1604 4438 1839 4506 pondere
1864 4459 1878 4494 :

338 4509 462 4566 nam
493 4509 743 4565 ὲὰλαντον
775 4512 1040 4572 interdum
1065 4520 1147 4564 est
1173 4509 1400 4577 pondus.

407 4551 1423 4648 Alc“):
1450 4551 1724 4648 nunquam
1758 4592 1873 4648 ces-
1907 4573 1949 4625 D

337 4645 518 4704 sai-ent
559 4645 817 4702 alienam.
845 4666 862 4696 ι
915 4648 1080 4701 Paulo
1130 4655 1280 4716 post.
1323 4663 1342 4695 α
1384 4646 1512 4710 quid
1561 4645 1640 4716 eis
1669 4647 1888 4701 accide-

338 4722 476 4785 rint,
512 4739 530 4770 »
561 4720 672 4787 lege
701 4737 718 4766 ι
760 4716 1029 4770 acciderit.
1068 4736 1086 4769 ι
1130 4713 1269 4769 ’Μοχ
1297 4727 1454 4776 vero,
1497 4732 1514 4762 ι
1549 4713 1879 4787 Accedentes

336 4805 481 4856 ergo,
512 4798 571 4842 ut
596 4785 835 4851 decebat,
871 4787 938 4839 ad
959 4802 1080 4839 eum
1113 4787 1232 4848 sui,
1265 4792 1318 4837 et
1346 4793 1691 4852 suggerentes
1718 4786 1801 4838 sui
1829 4785 1877 4836 ei

338 4861 405 4911 de
431 4859 531 4911 his.
571 4877 589 4909 ι

307 4974 318 4983 _,
408 4927 515 4994 (17)
552 4926 607 4978 ln
623 4921 1118 4994 codieecasinensi,
1149 4941 1166 4974 ι
1200 4930 1258 4975 ut
1281 4919 1561 4994 dicebant;
1588 4939 1608 4970 ι
1652 4937 1749 4994 nos
1778 4920 1878 4973 levi

340 4989 653 5058 mutatione,
707 5012 734 5052 ‹,
761 4992 1022 5048 dicebam.
1058 5011 1077 5041 ›
1116 4989 1504 5043 emendandum
1547 4993 1872 5044 censuimus.

341 5062 445 5116 Sed
470 5075 522 5116 et
539 5067 803 5126 fortasse,
843 5079 860 5109 ι
894 5069 951 5111 ut
981 5059 1236 5122 decebat,
1279 5077 1298 5108 ι
1335 5059 1652 5127 legendum;
1689 5059 1877 5110 melior

347 5140 525 5203 tamen
553 5134 664 5186 visa
687 5141 766 5203 est
797 5130 940 5198 prior
969 5128 1143 5203 lectio.
1444 5195 1455 5203 _
1677 5194 1708 5203 η
1733 5195 1742 5203 '

413 5202 522 5269 (18)
561 5203 619 5254 1η
666 5194 852 5254 eodem
897 5197 1114 5269 codice,
1164 5213 1181 5244 ι
1211 5195 1496 5260 conventi,
1532 5214 1550 5246 ι
1585 5194 1873 5254 scribitur;

342 5269 438 5322 sed
491 5266 512 5319 «⁷
543 5271 801 5332 converti,
847 5287 868 5318 ι
908 5266 1187 5335 legendum
1235 5280 1372 5331 esse,
1420 5281 1540 5333 quae
1580 5270 1876 5331 sequuntur

343 5339 504 5397 clare,
532 5350 587 5392 ut
619 5341 869 5401 arbitror,
903 5337 1150 5389 innuunt.

414 5395 522 5472 (19)
561 5407 752 5468 Forte,
804 5426 822 5456 ι
854 5395 1132 5461 accideret.
1171 5420 1190 5452 ι
1231 5432 1289 5441 -—
1323 5402 1498 5472 Atque
1540 5404 1613 5455 ita
1658 5395 1872 5469 quidem

345 5489 444 5526 ms.
476 5474 603 5539 Ileg.
635 5477 782 5528 Alex.
814 5473 931 5527 Vat.
1599 5538 1604 5539 ν
1674 5536 1687 5539 _
1805 5476 1807 5478 ’

416 5541 524 5610 (20)
555 5536 691 5596 Cod.
737 5559 838 5597 ms.
885 5543 1012 5613 Reg.
1052 5542 1203 5613 Alex.
1230 5539 1352 5613 _Vat.
1413 5559 1429 5590 ι
1463 5541 1527 5593 ad
1558 5538 1644 5591 illa
1674 5536 1810 5590 loca.
1853 5556 1871 5587 ι

346 5609 484 5673 Mox,
508 5609 542 5658 ⁷(
585 5626 639 5662 se
670 5614 896 5665 uovitios
948 5609 1065 5665 esse
1113 5611 1468 5673 Christianos,
1507 5627 1524 5658 ι
1558 5620 1653 5674 pro
1683 5624 1700 5655 ι
1734 5622 1873 5658 nun-

347 5681 466 5732 tios.
504 5699 521 5729 ι
559 5678 722 5731 Paulo
749 5691 886 5746 post,
925 5699 942 5730 ‹
974 5691 1027 5734 et
1067 5698 1131 5735 ne
1156 5683 1320 5732 multa
1346 5679 1609 5731 dicam...
1645 5682 1697 5726 et
1731 5675 1872 5728 refe-
1914 5721 1924 5735 ι

346 5759 465 5799 runt
494 5749 557 5800 ad
582 5763 722 5799 eum.
763 5768 778 5796 ι

418 5817 527 5884 (21)
570 5816 725 5870 Vides
763 5825 820 5868 ut
863 5819 1042 5870 arcani
1077 5818 1412 5887 disciplinam
1459 5815 1512 5868 in
1547 5812 1877 5870 occultandi:

1973 2039 2024 2090 in
2054 2039 2282 2101 somnis,
2317 2040 2530 2108 elapsus
2560 2041 2625 2093 de
2648 2055 2880 2103 carcere,
2914 2041 2966 2092 in
2995 2040 3171 2110 fugam
3194 2056 3380 2096 versus
3406 2049 3504 2104 est,

1969 2142 2104 2180 auro
2149 2127 2385 2194 plurimo
2426 2128 2739 2182 custodibus
2774 2128 3176 2197 cormptis;~_et
3216 2129 3411 2184 mansit
3441 2128 3505 2180 'in

1935 2219 2190 2277 castello
2241 2218 2543 2279 Arabionis.
2609 2218 2758 2273 Unde
2800 2221 3047 2287 scriptam
3090 2219 3367 2287 epistolam
3416 2234 3510 2288 per

1973 2307 2279 2360 Turbonem
2327 2308 2395 2360 ad
2436 2307 2740 2362 Marcellum
2789 2317 3029 2361 nostrum
3073 2309 3262 2373 emisit,
3311 2309 3362 2361 in
3402 2322 3518 2375 qua

1974 2398 2294 2466 signiﬁcavit
2339 2412 2397 2449 se
2436 2387 2900 2450 esse-venturum.
2946 2397 3062 2460 Quo
3109 2413 3229 2450 cum
3281 2399 3511 2464 venisset

1974 2484 2108 2553 (24),
2143 2483 2244 2536 fuit
2269 2484 2428 2538 nobis
2473 2493 2742 2536 certamen
2773 2484 2896 2544 tale,
2928 2484 3086 2551 quale
3106 2494 3159 2539 et
3185 2485 3270 2537 hic
3300 2485 3508 2539 vidistis

1968 2583 2024 2624 et
2063 2571 2290 2624 audistis
2320 2610 2335 2632 ,
2367 2570 2420 2623 in
2451 2585 2558 2638 quo
2580 2609 2594 2632 ,
2632 2574 2789 2639 pro‘ut
2829 2571 3101 2638 potuimus
3125 2613 3139 2637 ,
3178 2573 3524 2627 ostendimus»
3555 2620 3560 2624 _

1970 2655 2093 2713 eum
2118 2659 2658 2727 pseudoprophetam.
2722 2656 2824 2712 Sed
2856 2666 3033 2712 custos
3081 2658 3294 2726 quidem
3325 2673 3509 2713 carce-

1971 2751 2071 2815 ris,
2103 2749 2194 2817 qui
2215 2764 2338 2803 eum
2367 2736 2668 2813 dimiserat,
2720 2749 2936 2817 punitus
2962 2756 3072 2812 est;
3117 2763 3210 2801 rex
3235 2760 3362 2825 vero
3386 2761 3508 2809 eum
3539 2761 3542 2764 ·

1971 2840 2172 2908 requiri
2212 2839 2410 2908 jussit,
2454 2846 2509 2892 et
2550 2840 2604 2893 in
2635 2839 3042 2908 quibuscunque
3084 2837 3215 2892 locis
3241 2836 3511 2906 repertum

1976 2929 2360 2998 comprehendi
2387 2929 2521 2997 (25).
2583 2926 2850 2982 ﬂaccum
2879 2917 3382 2995 ego'cugnovissem,
3418 2918 3514 2980 ηεξ
3576 2966 3582 2970 -

1971 3021 2264 3074 cessarium
2293 3018 2392 3072 fuit
2414 3035 2498 3073 me
2519 3019 2677 3074 etiam
2701 3019 2850 3072 vobis
2875 3003 3269 3085 indicare,quia
3283 3019 3514 3090 requiriq
3550 3025 3575 3069 '.

1973 3120 2058 3164 tur
2083 3110 2183 3163 iste
2204 3125 2234 3163 a
2257 3125 2380 3179 rege
2409 3110 2689 3163 Persarum
2717 3121 2886 3174 usque
2920 3107 2972 3159 in
3002 3106 3317 3161 hodiernum
3347 3109 3508 3162 diem.

2048 3199 2156 3253 ιν.
2199 3199 2292 3254 His
2323 3199 2537 3261 auditis,
2569 3196 2735 3250 turba:
2761 3196 3011 3249 volebant
3034 3196 3240 3251 Manem
3269 3212 3514 3265 compre-

1903 3261 1945 3317 ε
1981 3291 2210 3344 hensum
2244 3289 2452 3343 tradere
2475 3285 2720 3354 potestati
2752 3285 3104 3339 barbarorum
3139 3261 3406 3355 quierant
3427 3287 3515 3338 vi-.

1975 3380 2081 3433 cini
2116 3381 2253 3432 ultra
2289 3377 2572 3444 Strangam
2605 3374 2712 3446 (26)
2745 3374 3126 3445 lluvium‘(27),
3180 3375 3429 3444 quoniam
3459 3383 3538 3428 et-

1977 3477 2099 3522 aute
2123 3476 2330 3532 tempus
2353 3472 2611 3516 venerant
2635 3463 2851 3531 quidam
2872 3465 2937 3518 ad
2965 3461 3336 3530 requirendum
3364 3477 3509 3525 eum,

1931 3621 1933 3624 p
1975 3574 2079 3626 quo
2103 3570 2369 3623 nusquam
2404 3563 2633 3622 reperto,
2654 3555 3038 3616 discesserant;
3071 3559 3186 3603 erat
3216 3553 3356 3603 enim
3387 3561 3514 3606 tunc
3582 3589 3589 3594 ι

1976 3648 2097 3716 fuga
2129 3645 2473 3700 constitutus.
2510 3644 2641 3697 Cum
2680 3660 2803 3713 ergo
2838 3645 2946 3695 lucc
2978 3644 3045 3692 ita
3068 3640 3361 3695 Archelaus
3385 3656 3509 3709 pro-

1975 3738 2216 3799 didisset,
2253 3737 2509 3790 continuo
2535 3750 2591 3789 se
2621 3736 2672 3787 in
2701 3734 2873 3800 fugam
2906 3732 3051 3783 dedit
3074 3731 3273 3796 Manes,
3304 3740 3357 3784 et
3380 3745 3541 3784 ενδ-ι
3603 3759 3607 3762 ·

1977 3829 2100 3883 dere
2125 3829 2318 3897 potuit,
2350 3827 2476 3880 dum
2513 3839 2668 3904 nemo
2693 3838 2814 3875 eum
2847 3823 3237 3890 insequeretur.
3288 3820 3524 3888 Sedpo-

1976 3919 2155 3987 pulus,
2189 3933 2309 3972 cum
2333 3913 2574 3969 Archelai
2609 3927 2768 3980 quem
2795 3912 3017 3965 libenter
3043 3914 3344 3975 audiebant,
3371 3913 3510 3964 rela-
3599 3973 3602 3975 Α

1980 4096 2101 4150 fidei
2121 4091 2389 4162 mysteriis
2409 4087 2542 4162 olim
2569 4087 2919 4142 cnstodierint
2936 4083 3244 4162 Christiani,
3263 4092 3511 4162 etquau:

1979 4177 2033 4217 to
2058 4151 2364 4218 cura'verint
2404 4157 2611 4215 studio.
2658 4173 2723 4227 ne
2766 4163 3115 4227 sacrosancta:
3143 4151 3270 4227 legis
3295 4151 3513 4227 libriad

1981 4232 2258 4303 gentilium
2287 4242 2481 4303 manus
2509 4222 3048 4303 pervenirenthetiam
3078 4218 3361 4303 aqtequqm
3387 4218 3531 4303 D59...

1981 4288 2191 4356 Eleliani
2217 4288 2724 4365 persemtio'esorta
2750 4299 2909 4365 esset,
2943 4304 3006 4341 ac
3035 4288 3337 4342 traditionis
3368 4292 3511 4365 peri:

1981 4372 2158 4425 culum
2190 4358 2511 4419 immineret.
2562 4358 2816 4416 Praeterea
2852 4359 2975 4409 hinc
2997 4366 3233 4425 apparet,
3265 4372 3368 4410 non
3395 4358 3514 4410 ubi-

1981 4453 2085 4507 que
2109 4435 2200 4489 sed
2231 4434 2393 4507 certis
2417 4432 2734 4507 quibusdam
2763 4431 2813 4480 iu
2842 4427 2971 4480 locis
2993 4426 3419 4479 Christianorum
3441 4426 3512 4479 li-

1982 4502 2106 4561 bros
2137 4503 2292 4573 vendi
2319 4502 2678 4573 consuevisse.
3063 4565 3072 4573 ι
3233 4562 3244 4573 θ

2045 4574 2156 4641 (22)
2198 4572 2337 4625 Idem
2367 4571 2484 4625 cod.
2520 4567 2714 4641 YatQ-c
2745 4575 2795 4619 et
2819 4579 2879 4619 ex
2908 4563 3302 4641 nostrislibris.
3331 4582 3348 4612 ι

2047 4630 2157 4710 (25)
2197 4641 2252 4694 In
2281 4641 2478 4710 eodem
2494 4636 2610 4689 cod.
2641 4633 2759 4687 Vat.
2783 4675 2798 4699 ,
2839 4654 2855 4684 ‹
2892 4632 3178 4710 discipulos
3219 4630 3372 4710 ist'iu‘s
3403 4644 3509 4681 non

1979 4697 2258 4779 fugarent.
2302 4707 2580 4779 Inveniens
2611 4697 2808 4779 autem
2839 4703 2997 4779 etiam
3023 4697 3091 4779 de
3115 4697 3386 4779 Paracleto
3415 4711 3511 4763 po-

1980 4766 2139 4834 situum
2162 4781 2213 4831 in
2235 4773 2544 4843 Seripturis.
2572 4793 2589 4822 ›
2608 4772 2749 4837 Mox,
2780 4790 2798 4822 α
2823 4772 2986 4825 mittit
3006 4766 3294 4833 discipulos
3313 4779 3458 4827 suos,
3483 4781 3502 4813 ι

1979 4850 2095 4902 sine
2123 4846 2431 4915 particula_«
2466 4852 2536 4896 et.
2569 4860 2614 4915 r_
2752 4908 2790 4915 __
2971 4904 3002 4915 Α
3170 4900 3173 4906 ,
3314 4902 3328 4915 1
3438 4901 3449 4911 ,

2049 4902 2158 4986 (2ιί)
2191 4905 2324 4986 Cod.
2379 4910 2510 4981 Reg.
2555 4911 2706 4965 Alex.
2752 4908 2866 4986 γει.
2918 4925 2935 4955 ε
2965 4902 3231 4986 Quocum
3267 4902 3509 4986 advenis-

1978 4976 2075 5040 set'.
2111 4976 2152 5034 ι’
2196 4982 2363 5034 Paulo
2395 4976 2535 5048 post,
2574 5000 2589 5029 ι
2627 4976 3161 5049 ρδειιάοέρνθριιειθιιι
3193 4987 3308 5025 esse
3335 4976 3506 5023 mani-

2115 5090 2130 5104 .
2167 5050 2289 5103 Sed.
2329 5069 2347 5100 ιι

1978 5056 2347 5187 Ῑεδ(ιὲἐ)δ1ῗ1ἒξήι›
2367 5121 2484 5173 cod.
2519 5139 2536 5169 ς
2575 5120 2625 5170 iu
2651 5114 3056 5187 quibuscunque
3080 5109 3208 5162 locis
3240 5114 3505 5187 repertum

1979 5175 2315 5243 ostendimus
2356 5175 2752 5256 comprehendi.
2791 5199 2808 5232 ι
2864 5175 3136 5242 Fortasse,
3171 5197 3187 5227 ι
3219 5175 3507 5229 offendere-

1979 5270 2087 5321 tur,
2114 5259 2512 5325 comprehendi.
2549 5275 2569 5306 ι

2049 5312 2160 5394 (26)
2199 5312 2256 5380 Id
2282 5327 2466 5380 eodem
2491 5318 2784 5394 cod.__Vat.,
2816 5335 2834 5368 ‹
2862 5317 3109 5394 potestati
3134 5312 3504 5394 barbarorum,

1978 5379 2251 5467 quierant
2272 5379 2444 5467 vicini
2463 5395 2596 5466 ultra
2617 5379 3123 5467 Stracum'ﬂuviuin.
3155 5402 3172 5467 ξ
3357 5396 3388 5467 Δι

1979 5454 2169 5521 nerant
2194 5465 2408 5534 quidam
2435 5459 2706 5534 hominum
2733 5457 2797 5508 ad
2825 5454 3196 5523 requirendum
3219 5461 3370 5511 eum;
3401 5461 3511 5514 quo

1980 5528 2244 5598 nusquam
2279 5537 2486 5598 reperto
2517 5528 2906 5598 d_is_cess_eruut_._
2932 5542 2967 5598 ι
3141 5586 3149 5595 _
3185 5585 3213 5598 __
3240 5588 3244 5591 _
3465 5586 3473 5594 _

2051 5586 2160 5670 (2'7)
2201 5595 2265 5652 Et
2292 5586 2377 5670 bile
2405 5596 2678 5665 prarcisius
2697 5593 2908 5670 imperii
2933 5586 3151 5670 Romani
3184 5586 3358 5670 limes,
3387 5586 3506 5670 qui-

1982 5655 2104 5727 nam
2131 5655 2378 5722 Archelai
2405 5655 2582 5717 'zetate
2615 5673 2664 5716 et
2697 5655 2872 5716 Probo
2896 5661 3180 5725 imperante
3207 5662 3379 5714 esset,
3415 5655 3510 5709 de.

1981 5743 2239 5810 signatur.
2992 5758 3000 5763 -
