4118 6350
660 496 790 551 ίδὲτ

1256 499 1571 563 ,WLACTA
1610 493 2122 551 DiSPUTA'IlONIS
2163 498 2219 561 S,
2262 497 2767 554 ARCHELAICUM
2806 498 3105 553 ΜΛΝΕΤΕ.

3712 500 3837 553 1ῧὲιῖ

655 614 771 668 laus
807 625 980 668 autem
1019 616 1119 669 hoc
1147 617 1395 684 praeclare
1433 618 1716 671 refellens:
1751 617 1878 682 Quae
1913 620 2186 685 paululum

2289 616 2630 684 Εὐαγγελίου.
2672 639 2689 669 ι
2734 620 2788 671 Ὀ
2825 619 2877 673 δὲ
2916 621 3231 688 Ἀρχέλαος,
3270 619 3444 681 καλῶς
3482 619 3830 688 6.1.7.9063;-

655 706 992 769 antecedunt,
1031 706 1220 773 inquit,
1250 707 1362 775 lege
1390 725 1401 758 :
1447 724 1465 758 ι
1488 706 1639 769 Quod
1672 708 1715 760 si
1742 709 1901 760 etiam
1942 719 2187 775 opertum

652 801 735 843 cst
787 791 1125 861 Evangelium
1160 804 1434 858 nostrum,
1493 797 1543 846 in
1577 796 1641 848 iis
1697 798 1788 864 qui
1846 806 2066 865 pereunt
2109 805 2190 849 est

653 894 892 946 opertum
920 883 981 934 ³⁸.
1023 902 1039 933 ι
1091 882 1323 937 Videsne
1368 886 1712 951 pereuntibus
1762 887 2031 939 obtectum
2082 887 2189 938 dici

655 968 1030 1037 Evangelium?
1077 970 1191 1024 Non
1240 973 1381 1024 enim
1430 972 1602 1025 danda
1647 983 1771 1025 sunt
1819 983 2001 1027 saneta
2044 974 2189 1026 cani-

651 1061 826 1115 bus“.
870 1063 1162 1127 Prm‘terea,
1207 1064 1424 1116 solusne
1466 1065 1653 1118 veteris
1688 1066 2012 1118 Tcstamenti
2046 1066 2185 1119 Deus

649 1153 933 1205 excecavit
969 1154 1321 1221 cogitationes
1348 1152 1641 1219 infidelium
1661 1155 1684 1205 ἶ)
1706 1154 1861 1208 Jcsus
1889 1157 2046 1208 etiam
2077 1157 2186 1224 ipse

650 1257 824 1295 nonne
855 1242 1028 1296 dixit:
1079 1262 1097 1292 ι
1134 1241 1255 1294 Ideo
1296 1243 1423 1309 ipsis
1456 1243 1505 1293 in
1552 1244 1822 1310 parabolis
1870 1245 2093 1313 loquor,
2131 1255 2187 1298 ut

646 1333 884 1385 videntes
911 1348 1017 1384 non
1048 1332 1262 1383 videant
1289 1332 1372 1382 "1?
1406 1351 1423 1381 ι
1462 1332 1665 1385 Odione
1696 1348 1787 1386 eos
1833 1349 2181 1401 prosequens,

644 1422 857 1475 volebat
889 1431 945 1474 ut
978 1437 1081 1473 non
1127 1422 1403 1474 viderent?
1429 1422 1509 1474 An
1557 1424 1683 1491 quia
1729 1423 2006 1490 indignum
2045 1435 2181 1489 erat,

645 1511 899 1579 quoniam
941 1511 1123 1563 oculos
1152 1511 1249 1577 ipsi
1298 1528 1425 1568 suos
1472 1514 1854 1567 occluserant?
1900 1513 1999 1566 Ubi
2041 1516 2183 1568 enim

641 1600 939 1652 voluntaria
995 1600 1196 1652 malitia
1228 1642 1241 1663 ,
1292 1602 1397 1655 illic
1437 1610 1489 1655 et
1536 1603 1716 1671 gratia;
1762 1603 1961 1656 donum
2011 1605 2179 1658 abest.

600 1680 666 1740 τι
706 1688 926 1743 Habenti
966 1689 1106 1741 enim
1154 1690 1365 1743 dabitur
1403 1710 1415 1743 :
1470 1692 1537 1744 ab
1581 1700 1657 1745 eo‘
1704 1702 1879 1745 autem
1936 1694 2025 1761 qui
2076 1708 2181 1747 non

641 1777 821 1849 habet.
850 1780 1010 1832 etiam
1038 1780 1179 1848 quod
1212 1794 1269 1832 se
1300 1788 1452 1847 putat
1489 1781 1705 1843 habere,
1730 1783 2003 1835 auferetur
2027 1783 2091 1834 ³⁸.
2124 1802 2140 1832 ι

649 1863 657 1877 ’λ
709 1868 798 1925 lii.
835 1871 890 1922 Si
920 1880 1118 1933 autem,
1160 1881 1217 1923 ut
1250 1871 1663 1938 interpretantur
1698 1873 1960 1935 nonnulli,
1999 1874 2182 1926 dicen-

639 1960 767 2013 dum
815 1968 898 2014 est
946 1959 1073 2013 illud
1119 1962 1350 2035 (horum
1397 1963 1539 2014 enim
1571 1978 1680 2015 non
1728 1972 1810 2015 est
1858 1963 2185 2018 illaudabilis

642 2048 859 2117 oratio),
898 2049 1109 2104 etiamsi
1162 2051 1445 2103 excazcarit
1496 2051 1789 2105 inﬁdelium
1825 2064 2067 2115 mentes,
2117 2054 2182 2107 ad

643 2156 753 2193 rem
784 2140 975 2194 bonam
1006 2141 1311 2203 excaecavit,
1345 2150 1402 2193 ut
1425 2141 1490 2193 ad
1522 2150 1707 2195 sancta
1734 2144 2041 2211 respiciant.
2068 2143 2183 2197 Non

641 2231 783 2283 enim
813 2230 949 2283 dixit
976 2249 990 2283 :
1027 2230 1328 2285 Excaecavit
1362 2246 1547 2286 eorum
1576 2233 1828 2297 animam,
1863 2235 1954 2286 sed
1990 2253 2007 2283 ι
2035 2236 2181 2301 cogi-

641 2323 871 2375 tationes
910 2321 1222 2375 inﬁdelium.
1266 2340 1283 2371 ι
1317 2320 1483 2389 Cujus
1513 2322 1639 2374 dicti
1671 2337 1880 2385 sensus,
1918 2323 2183 2389 ejusmodi

639 2422 757 2467 est:
794 2412 1011 2466 Exeaeca
1056 2414 1369 2467 seortatoris
1393 2413 1685 2465 escortandi
1721 2414 2094 2482 cogitationes,
2132 2426 2183 2469 et

638 2514 878 2557 servatus
928 2511 1006 2555 est
1054 2503 1250 2567 homo;
1306 2518 1509 2555 exczeca
1557 2503 1779 2557 latronis
1836 2506 2075 2571 rapiendi
2131 2514 2183 2559 et

638 2588 989 2641 latrocinandi
1017 2589 1273 2653 studium,
1295 2599 1345 2642 et
1365 2591 1541 2643 salvus
1557 2600 1636 2643 est
1661 2591 1839 2645 homo.
1864 2592 2053 2645 Verum
2082 2596 2182 2648 hoc

637 2680 795 2732 modo
812 2694 919 2733 non
931 2679 1009 2731 vis
1026 2680 1353 2749 intelligere?
1370 2678 1462 2732 Est
1479 2689 1529 2731 et
1543 2681 1644 2734 alia
1664 2682 2051 2749 interpretatio.
2078 2684 2183 2737 Ex-

639 2776 802 2841 cmeat
826 2779 878 2831 et
907 2768 983 2820 sol
1018 2769 1263 2821 obtusam
1291 2769 1570 2821 oculorum
1603 2772 1794 2834 aciem,
1818 2783 1870 2824 et
1902 2775 2179 2827 oculorum

640 2858 995 2915 imbecillitate
1012 2858 1315 2911 laborantes
1332 2868 1669 2911 excaecantur
1689 2860 1890 2915 lumine
1917 2865 2177 2930 perculsi:

638 2961 745 3001 non
778 2948 916 3014 quod
944 2949 1023 3001 sol
1050 2947 1375 3021 excreeandi
1404 2948 1655 3001 facultate
1687 2950 1755 3002 sit
1786 2954 2058 3017 praeditus,
2089 2955 2180 3008 sed
2218 3016 2222 3019 I

640 3036 1075 3102 quodoculorum
1112 3046 1283 3111 status
1318 3054 1346 3090 a
1381 3039 1611 3091 videndo
1642 3039 1991 3105 impediatur;
2027 3044 2103 3096 sic
2130 3053 2181 3096 et

641 3124 834 3191 quibus
855 3112 1011 3177 corda
1035 3127 1278 3188 laborant
1299 3127 1691 3189 incredulitate,
1716 3130 1750 3181 ii
1775 3129 2069 3186 divinitatis
2097 3149 2181 3186 ra-

2290 708 2690 774 Προανάγνωθι,
2727 710 2907 778 φησιν,
2950 709 3157 775 ὀλίγον·
3205 728 3221 758 ι
3255 710 3314 761 EI
3342 711 3396 761 δέ
3435 711 3836 779 κεκαλυμμένον

2290 798 2404 847 ἐστὶ
2426 796 2485 847 τὸ
2517 797 2840 864 Εὑαγγέλιον
2879 798 3051 865 ἡμῶν,
3084 801 3272 861 ἐντοῖς
3305 798 3693 867 ἀπολλυμένοις
3728 802 3834 851 ἐστὶ

2290 888 2709 956 κεκαλυμμένον.
2751 907 2767 937 ι
2818 889 3007 957 Ὁρᾷς.
3062 890 3140 939 ὅτι
3196 892 3251 941 ἐν
3300 892 3417 952 τοῖς
3456 891 3834 960 ἀπολλυμένοις

2290 979 2639 1031 κεκάλυπται.
2671 978 2741 1029 Οὐ
2778 978 2857 1029 δεῖ
2877 978 2985 1049 γὰρ
3013 979 3206 1030 διδόναι
3246 980 3309 1031 τὰ
3350 981 3475 1047 ἆγια
3514 983 3623 1042 τοῖς
3662 983 3829 1031 κυσίν.

2289 1064 2447 1129 Εἶτα,
2486 1063 2591 1137 ἆρα
2638 1069 2793 1136 μόνος
2828 1070 2855 1118 6
2883 1069 2979 1137 τῆς
3019 1068 3256 1129 Παλαιᾶς
3285 1068 3414 1130 Θεὸς
3456 1070 3727 1135 Erigit-iss
3771 1070 3831 1121 τὰι

2286 1159 2528 1224 νοήματα
2569 1156 2675 1207 τῶν
2717 1157 2985 1218 ἁπίστωνς
3040 1156 3241 1225 Ἰησοῦς
3282 1157 3335 1208 δὲ
3379 1158 3483 1225 (45)
3531 1158 3692 1220 αὐτὸς
3742 1160 3831 1210 oi:

2287 1248 2469 1315 εἴρηκε
2490 1264 2501 1275 ·
2536 1265 2553 1295 ι
2582 1247 2677 1300 Διὰ
2705 1246 2860 1299 τοῦτο
2901 1248 3079 1308 αὐτοῖς
3110 1251 3165 1299 ἐν
3200 1248 3527 1316 παραδολαῖς
3562 1249 3726 1309 λαλῶ,
3752 1249 3829 1299 ἵνα

2288 1335 2571 1403 βλέποντες
2603 1336 2675 1406 μὴ
2692 1336 2963 1405 plrimum;
2992 1356 3010 1387 ι
3039 1337 3126 1405 Μὴ
3156 1336 3322 1406 μισῶν
3349 1338 3559 1402 αὐτοὺς,
3589 1338 3830 1390 ἐὸούλετο

2289 1426 2360 1495 μὴ
2390 1427 2636 1494 βλέπειν;
2672 1430 2737 1480 Ἢ
2775 1428 2861 1480 διὰ
2902 1429 2962 1479 τὸ
2992 1428 3225 1491 ἀνάξιον,
3257 1428 3436 1497 ἐπειδὴ
3474 1431 3599 1491 τοὺς
3644 1428 3830 1495 ὀφθαλ-

2289 1518 2417 1585 μοὺς
2448 1518 2622 1571 αὐτῶν
2647 1520 2967 1588 ἐκάμμυσαν
2994 1536 3006 1582 ;
3043 1521 3211 1571 Ὅπου
3249 1519 3354 1586 γὰρ
3390 1520 3830 1589 αὑτοπροαίρετος

2287 1610 2537 1678 πονηρία,
2565 1606 2679 1660 ἐκεῖ
2713 1611 2803 1660 καὶ
2831 1608 3003 1678 ἀποχὴ
3038 1608 3137 1675 τῆς
3173 1610 3389 1678 χάριτος
3571 1627 3589 1661 ι
3614 1608 3703 1677 Τῷ
3730 1610 3829 1679 γὰρ

2285 1696 2455 1764 ἔχοντι
2491 1697 2769 1765 δοθήσεται
2789 1715 2802 1727 °
2834 1698 2939 1751 ἀπὸ
2961 1699 3015 1750 δὲ
3040 1698 3132 1750 τοῦ
3174 1698 3248 1769 μὴ
3286 1699 3495 1768 ἔχοντος
3521 1701 3616 1750 καὶ
3640 1700 3669 1750 6
3693 1700 3831 1752 δοκεῖ

2286 1785 2428 1853 ἔχειν
2452 1786 2759 1855 ἀρθήσεται.
2790 1807 2806 1836 ι
3466 1806 3475 1813 ·

2353 1877 2417 1927 Εἰ
2454 1875 2510 1926 δέ
2535 1876 2617 1927 δεῖ
2645 1878 2736 1928 καὶ
2775 1875 2848 1939 ὦς
2877 1876 2981 1947 (45)
3016 1895 3157 1940 τινες
3188 1877 3499 1947 ἐξηγοῦνται
3518 1916 3532 1939 ,
3575 1876 3733 1929 τοῦτο
3762 1878 3831 1928 εί-

2285 1967 2403 2015 πεῖν
2446 1964 2536 2033 (οὐ
2608 1964 2807 2033 φαῦλον
2846 1968 3054 2037 γὰρτὸ
3092 1968 3303 2038 ρἦα)·
3340 1969 3388 2019 εί
3435 1968 3527 2019 καὶ
3564 1966 3828 2035 ἐτύφλωσε

2282 2056 2390 2107 τῶν
2416 2056 2655 2117 ἀπίστων
2688 2057 2753 2109 τὰ
2791 2060 3053 2127 νοήματα,
3079 2060 3169 2110 ἐπὶ
3210 2058 3356 2127 καλῷ
3396 2058 3720 2125 ἐτύφλωσεν,
3750 2057 3829 2105 ἴνα

2299 2148 2378 2207 εἰς
2411 2146 2477 2197 τὰ
2530 2148 2655 2213 ἆγια
2682 2147 3065 2215 ἀναϐλέψωσιν.
3098 2150 3168 2201 Οὐ
3196 2149 3302 2218 γὰρ
3342 2144 3490 2201 εἶπεν
3512 2166 3525 2177 ·
3565 2146 3829 2214 Ἐτῦφλω-

2286 2252 2373 2287 σεν
2415 2236 2589 2287 αὐτῶν
2622 2237 2719 2305 τὴν
2754 2236 2947 2306 ψυχὴν,
2983 2237 3115 2289 ἀλλά
3151 2256 3169 2287 ι
3196 2237 3262 2289 τά
3299 2241 3538 2307 νοήματα
3573 2236 3680 2287 τῶν
3713 2236 3833 2287 ἀπί-

2286 2342 2444 2377 στων.
2476 2345 2492 2375 ι
2532 2326 2602 2377 Τὸ
2644 2328 2700 2378 δὲ
2728 2316 3023 2395 λεγόμενον
3065 2328 3301 2379 τοιοῦτόν
3346 2329 3492 2378 ἐστι’
3544 2324 3834 2391 Τύφλωσον

2281 2414 2372 2465 τοῦ
2416 2415 2610 2487 πόρνου
2660 2415 2727 2468 τὰ
2776 2416 3003 2486 πορνικὰ
3049 2418 3324 2484 νοήματα,
3378 2416 3469 2467 καὶ
3516 2414 3831 2466 σέσωσταιὸ

2283 2506 2592 2575 ἄνθρωπος·
2628 2506 2901 2573 τύφλωσον
2934 2507 3027 2559 τοῦ
3052 2498 3245 2577 λῃστοῦ
3284 2507 3343 2557 τὸ
3366 2505 3704 2576 ἁρπακτικὸν
3742 2504 3831 2554 καὶ

2281 2598 2587 2666 λῃστρικὸν,
2614 2598 2706 2649 καὶ
2733 2597 2994 2651 σέσωσται
3024 2598 3051 2647 6
3078 2596 3372 2667 ἄνθρωπος.
3416 2595 3554 2647 Ἀλλ’
3577 2596 3637 2647 οὐ
3663 2593 3830 2655 θέλεις

2282 2687 2421 2739 οῦτω
2447 2687 2665 2755 νοῆσαι;
2706 2686 2820 2737 ἔστι
2864 2687 2954 2738 καὶ
2992 2685 3123 2755 ἄλλη
3161 2685 3414 2754 ἐξήγησις
3432 2701 3445 2714 ’
3473 2684 3664 2751 τυφλοῖ
3691 2683 3781 2734 καὶ
3802 2682 3832 2731 ὁ

2279 2778 2426 2847 ἥλιος
2487 2778 2612 2839 τοὺς
2669 2773 3156 2845 ἀμϐλυωποῦντας,
3200 2777 3292 2828 καὶ
3345 2777 3392 2827 οἱ
3430 2773 3830 2842 ὀφθαλμιῶντες

2280 2866 2632 2932 τυφλοῦνται,
2690 2865 3041 2935 βλαπτόμενοι
3100 2866 3203 2917 ὑπὸ
3236 2864 3327 2915 τοῦ
3362 2864 3572 2930 φωτός·
3610 2860 3707 2929 οὐχ
3751 2861 3831 2911 ὅτι

2278 2955 2607 3021 τυφλωτικός
2662 2955 2806 3005 ἐστιν
2853 2953 2880 3001 6
2926 2953 3107 3020 ἥλιος,
3163 2951 3274 3003 ἀλλ’
3329 2950 3407 3000 ὅτι
3459 2950 3492 3014 ή
3539 2944 3830 3005 ὑπόστασις

2278 3044 2383 3095 τῶν
2426 3044 2687 3111 ’ὀμμάτων
2725 3042 2782 3091 οὐ
2827 3040 3045 3109 βλέπει·
3089 3038 3228 3090 οὕτω
3256 3038 3348 3089 καὶ
3388 3038 3434 3087 oi
3481 3034 3706 3102 ἀπιστίᾳ
3748 3049 3831 3084 νο-

2282 3132 2493 3193 σοῦντες
2559 3134 2679 3192 ταῖς
2730 3130 3016 3198 καρδίαις,
3078 3129 3136 3179 οὐ
3192 3127 3439 3179 δύνανται
3468 3124 3659 3177 ἐνιδεῖν
3711 3123 3831 3182 ταῖς

639 3215 757 3267 dios
775 3216 1014 3267 contueri
1036 3231 1141 3267 non
1161 3229 1401 3283 possunt.
1425 3218 1530 3271 Nec
1544 3219 1705 3271 dixit:
1726 3218 2020 3273 Excazcavit
2035 3223 2180 3289 cogi—

2279 3218 2378 3287 τῆς
2431 3218 2679 3286 θεότητος
2722 3217 2915 3271 ἀκτῖσι.
2981 3215 3089 3266 Καὶ
3132 3214 3229 3265 οὐκ
3284 3209 3462 3263 εἶπεν·
3524 3208 3827 3277 Ἐτύφλωσα

639 3308 867 3360 tationes
906 3320 970 3361 ne
1014 3307 1229 3359 audiant
1261 3308 1638 3378 Evangelium;
1686 3312 1775 3364 sed
1817 3330 1834 3361 ι
1870 3327 1939 3363 ne
1982 3311 2179 3381 fulgeat

640 3398 692 3451 in
730 3398 833 3450 illis
864 3398 1185 3451 illuminatio
1229 3398 1408 3466 gloriae
1442 3399 1713 3469 Evangelii
1752 3401 1963 3455 Domini
2012 3404 2180 3456 nostri

637 3488 763 3543 Jesu
792 3490 987 3543 Christi
1008 3490 1073 3543 ³⁷,
1103 3506 1121 3539 ι
1158 3486 1289 3540 Nam
1321 3487 1666 3557 Evangelium
1700 3493 1885 3547 audire
1915 3494 1982 3547 ab
2007 3480 2181 3547 omini-

636 3578 737 3631 bus
792 3579 1096 3645 expetitur:
1154 3583 1207 3628 at
1260 3572 1532 3642 Evangelii
1584 3576 1750 3641 gloria
1797 3579 1925 3633 solis
1978 3578 2180 3633 Christi

538 3739 545 3745 ν
637 3670 905 3737 germanis
954 3666 1287 3734 sincerisque
1332 3663 1653 3734 (discipulis)
1693 3668 1962 3721 tribuitur.
2000 3669 2181 3723 Domi—
2226 3696 2230 3703 ~

640 3748 949 3826 nus’itaque
993 3758 1313 3827 loquebatur
1340 3753 1394 3806 in
1440 3755 1712 3822 parabolis
1744 3757 1812 3809 iis
1840 3759 2055 3825 quidem
2086 3762 2177 3828 qui

639 3866 746 3903 non
776 3860 1021 3919 poterant
1049 3852 1273 3914 audire;
1297 3850 1577 3921 discipulis
1602 3864 1725 3901 vero
1749 3848 1994 3916 privatim
2025 3867 2180 3917 para-

640 3940 789 3994 bolas
848 3951 900 3994 et
958 3941 1339 3997 similitudines
1399 3940 1718 4010 explicabat.
1789 3936 1984 3990 Glorize
2037 3940 2179 3992 enim

640 4026 813 4095 fulgor
845 4043 1030 4081 eorum
1053 4036 1155 4093 est,
1188 4029 1276 4096 qtti
1311 4029 1421 4097 jam
1455 4026 1707 4081 illustrati
1756 4034 1915 4087 sunt;
1945 4030 2198 4079 excaeca-‘

640 4113 720 4164 lio
758 4115 1068 4169 infidelium.
1121 4114 1244 4169 Haec
1292 4115 1541 4183 mysteria
1593 4128 1735 4167 nunc
1776 4110 1873 4164 tibi
1932 4109 2181 4177 patefacit

640 4201 875 4257 Ecclesia
924 4222 985 4258 ex
1038 4208 1543 4260 datechumenorum
1600 4212 1744 4256 sorte
1799 4210 2173 4269 transgresso:

641 4293 925 4361 gentilibus
947 4308 1211 4361 exponere
1236 4308 1354 4347 mos
1391 4308 1499 4346 non
1533 4301 1630 4345 est.
1667 4290 1782 4344 Non
1816 4292 1957 4343 enim
1994 4290 2177 4357 gentili

642 4382 891 4447 cuiquam
924 4382 987 4433 de
1014 4380 1170 4435 Patre
1201 4394 1252 4436 et
1290 4383 1426 4437 Filio
1451 4391 1503 4435 et
1533 4380 1735 4449 Spiritu
1766 4389 1955 4434 sancto
1982 4393 2178 4430 arcana

578 4456 582 4461 ’
642 4468 890 4539 mysteria
914 4468 1281 4523 declaramus:
1325 4486 1493 4540 neque
1534 4472 1710 4538 palam
1745 4471 1883 4538 apud
1927 4467 2180 4523 catechu-

2279 3306 2347 3359 τά
2372 3307 2614 3375 νοήματα
2654 3308 2732 3367 είς
2764 3309 2824 3356 τὸ
2866 3305 2937 3375 μὴ
2966 3303 3191 3356 ἀκοῦσαι
3228 3302 3288 3353 τὸ
3328 3300 3675 3368 Εὑαγγέλιον,
3716 3296 3823 3350 ἀλλ’

2286 3418 2304 3448 ι
2335 3401 2413 3460 εἰς
2432 3398 2493 3450 τὸ
2534 3397 2605 3467 μὴ
2636 3396 2920 3463 διαυγάσαι
2966 3396 3054 3449 τὸν
3097 3395 3370 3463 φωτισμὸν
3411 3393 3509 3462 τῆς
3538 3390 3694 3459 δόξης
3733 3386 3824 3440 τοῦ

2279 3485 2602 3553 Εὑαγγελίου
2654 3484 2745 3537 τοῦ
2795 3485 2991 3555 Κυρίου
3013 3483 3165 3553 ἡμῶν
3205 3482 3375 3553 Ἰησοῦ
3417 3478 3685 3551 Χριστοῦο
3718 3496 3737 3529 ι
3766 3476 3825 3527 τὸ

2261 3579 2378 3648 ,μὲν
2400 3578 2504 3646 γὰρ
2551 3576 2775 3629 ἀκοῦσαι
2809 3575 2902 3627 τοῦ
2939 3574 3267 3642 Εὐαγγελίου
3305 3575 3467 3625 πᾶσιν
3508 3570 3746 3638 ἐφίεται·
3790 3566 3824 3634 ἠ

2277 3667 2399 3730 δόξα
2429 3667 2483 3718 δὲ
2514 3665 2605 3717 τοῦ
2634 3664 2962 3731 Εὑαγγελίου
2990 3668 3099 3725 τοῖς
3120 3660 3353 3733 Χριστοῦ
3383 3661 3560 3731 μόνοις
3590 3657 3825 3726 γνησίοις

2279 3757 2596 3827 ἀφώρισται.
2629 3755 2848 3821 Ἔλεγεν
2876 3750 2966 3806 οῦν
2998 3757 3025 3806 ὁ
3059 3753 3279 3821 Κύριος,
3319 3755 3431 3814 τοῖς
3471 3750 3569 3820 μὲν
3603 3747 3824 3800 ἀκοῦσαι

2283 3849 2353 3918 μὴ
2377 3846 2709 3915 δυναμένοις,
2728 3844 2784 3899 ἐν
2804 3841 3132 3910 παραϐολαῖς
3150 3858 3163 3870 ·
3190 3842 3299 3902 τοῖς
3324 3839 3379 3890 δὲ
3420 3837 3687 3907 μαθηταῖς
3705 3833 3825 3887 ἐπέ-

2278 3937 2516 3993 λυε,κατ’
2552 3934 2683 3988 ίδίαν
2708 3932 2804 3995 τὰς
2839 3930 3168 4002 παραϐολάς.
3210 3930 3265 3981 '0
3293 3928 3571 3995 αὑγασμὸς
3594 3926 3704 3995 γὰρ
3727 3924 3823 3993 τῆς

2276 4028 2428 4097 δόξης
2451 4030 2559 4090 τοῖς
2586 4022 3029 4097 πεφωτισμένοις,
3057 4023 3089 4090 ή
3120 4018 3385 4086 τύφλωσις
3420 4019 3530 4077 τοῖς
3556 4017 3820 4074 ἀπίστοις.

2276 4117 2458 4169 Ταῦτα
2480 4117 2547 4169 τὰ
2576 4117 2846 4185 μυστήρια
2870 4114 2906 4167 ἃ.
2944 4110 3040 4165 νῦν
3072 4115 3105 4181 ἡ
3140 4110 3426 4178 Ἐκκλησία
3454 4108 3717 4177 διηγεῖταί
3746 4125 3821 4159 σοι

2276 4208 2350 4276 τῷ
2390 4209 2451 4259 ἐκ
2476 4224 2710 4276 κατηχου
2719 4206 2890 4275 μένων
2918 4199 3378 4273 μεταϐαλλομένῳ,
3410 4199 3507 4251 οὐκ
3536 4198 3682 4251 ἐστιν
3709 4196 3821 4258 ἔθος

2276 4296 2503 4359 ἐθνικοῖς
2528 4296 2844 4364 διηγεῖσθαι.
2892 4294 2964 4345 Οὐ
2992 4292 3098 4361 γάρ
3124 4286 3314 4358 ἐθνικῷ
3350 4287 3419 4341 τὰ
3452 4289 3580 4357 περὶ
3616 4288 3822 4358 Πατρὸς

2278 4388 2368 4439 καὶ
2391 4386 2517 4439 Υίοῦ
2546 4388 2636 4438 καὶ
2660 4386 2812 4452 ἁγίου
2840 4382 2977 4435 Πνεύ
2987 4396 3149 4450 ματος
3170 4377 3497 4447 διηγούμεθα
3522 4379 3788 4448 μυστήρια
3804 4394 3817 4406 ·

2277 4478 2393 4527 οὑδέ
2426 4477 2532 4529 τῶν
2575 4476 2881 4544 μυστηρίων
2922 4473 3011 4524 ἐπὶ
3041 4468 3450 4538 κατηχονμένων
3492 4467 3703 4529 λευκῶς
3730 4468 3820 4519 λα·

640 4576 828 4615 menos
856 4560 919 4613 de
949 4560 1217 4629 mysteriis
1243 4562 1403 4614 verba
1435 4562 1685 4625 facimus,
1718 4561 1810 4615 sed
1847 4561 2010 4613 multa
2039 4574 2177 4626 saepe

2280 4564 2504 4632 λοῦμεν,
2545 4566 2677 4617 ἀλλὰ
2718 4563 2970 4624 πδλλάκις
3015 4558 3239 4627 λέγομεν
3289 4558 3817 4626 ἐπικεκαλυμμένως,

639 4650 909 4715 loquimur
955 4648 1198 4702 occulte:
1254 4657 1311 4700 ut
1340 4649 1517 4704 ﬁdeles
1567 4652 1657 4718 qui
1708 4664 1821 4703 rem
1867 4658 2067 4721 tenent,
2094 4649 2175 4701 in-

638 4742 913 4810 telligant;
943 4749 994 4793 et
1028 4740 1119 4821 qui
1147 4754 1253 4791 non
1286 4748 1483 4802 tenent,
1515 4758 1581 4794 ne
1611 4728 1893 4795 laedantur:

711 4854 754 4887 ⁸⁸
776 4858 820 4907 ll
843 4856 963 4914 Cor.
990 4870 1061 4917 ιν,
1094 4854 1145 4905 5.
1220 4851 1264 4881 ⁸⁵
1293 4849 1475 4902 Matth.
1505 4864 1597 4912 vn,
1628 4854 1678 4903 6.

636 4951 903 5022 Χριστοῦ-ο
935 4969 952 4999 ι
980 4948 1049 5001 Ut
1070 4946 1401 5022 nonjulgcat
1429 4944 1560 5022 illis.
1581 4944 1901 5022 illuminatio
1920 4946 2183 5022 scientiae

640 5012 820 5083 gloria:
854 5018 1123 5085 Evangelii
1160 5014 1380 5067 Christi.
1407 5031 1424 5061 ι
1461 5012 1562 5085 sed
1591 5028 1652 5085 ea
1688 5014 1754 5085 iis
1776 5017 2183 5085 qtue_habentur

640 5080 784 5139 num.
819 5104 929 5151 seq.
950 5080 1093 5152 pa'tet
1121 5087 1325 5137 Manent
1363 5080 1571 5152 non__ita
1598 5082 1870 5152 citavisse.
1899 5082 2109 5152 Toun,

710 5158 819 5221 (45)
862 5147 1093 5218 ’Ῐηονοῦς
1120 5154 1216 5211 δὲ,
1247 5169 1363 5205 κ.τ.
1384 5150 1428 5199 λ.
1460 5147 1590 5221 Hmc
1623 5149 1780 5221 paulo
1807 5150 1961 5221 aliter
1992 5151 2180 5221 Petrus

543 5252 545 5255 -
642 5216 852 5300 Siculus
878 5241 892 5277 :
927 5222 1002 5273 Ἦ
1047 5216 1150 5300 και
1171 5221 1371 5300 Ἰησοῦς
1396 5216 1660 5300 μαὺτὸςξζ.
1692 5217 2023 5300 ,οὐκηεξρηκε
2044 5236 2055 5247 ’
2086 5220 2181 5300 Διά

641 5293 793 5360 τοῦτο
833 5296 888 5343 ἐν
926 5284 1250 5360 παραϐολαῖς
1287 5290 1466 5360 αὐτοῖς
1492 5284 1663 5360 λαλῶ,
1691 5285 1769 5360 ὅτι
1810 5284 2085 5360 βλέποντες
2121 5290 2177 5338 οὐ

638 5358 925 5422 βλέπουσω
959 5380 975 5408 ι
1003 5355 1191 5410 Annon
1217 5368 1269 5411 et
1301 5356 1455 5409 Jesus
1491 5356 1693 5422 ipse....
1722 5355 1792 5404 ita
1820 5355 2028 5405 locutus
2059 5367 2133 5405 est
2165 5372 2177 5405 :

690 5439 925 5494 ropterea
972 5429 1022 5479 in
1052 5428 1318 5495 parabolis
1360 5426 1488 5495 ipsis
1515 5421 1741 5495 loquor,
1788 5421 1912 5487 quia
1946 5423 2179 5495 Videmus

642 5492 982 5566 non—vident?
1006 5518 1022 5543 ι
1046 5492 1113 5547 At
1132 5495 1389 5566 Raderus,
1416 5492 1580 5546 Siculi
1614 5492 1893 5566 interpres,
1911 5492 2179 5566 quomodo

645 5561 697 5611 in
723 5564 901 5631 Cyrilli
930 5575 1097 5625 textu,
1138 5584 1154 5613 ι
1182 5574 1237 5616 ιιι
1264 5556 1501 5615 videntes
1547 5577 1651 5612 non
1695 5560 1926 5611 videant.
1957 5577 1973 5607 ι
2012 5556 2173 5609 Siculi

644 5630 885 5699 allegatio
938 5634 1225 5699 evangelici
1275 5632 1401 5683 dicti
1457 5630 1659 5683 fidelior
1709 5640 1808 5689 est,
1858 5638 1907 5680 et
1973 5634 2172 5677 textum

644 5696 871 5751 Matthaei
909 5703 969 5751 ad
1003 5696 1257 5755 amussim
1304 5709 1646 5767 repraesentat
1672 5716 1684 5749 :
1708 5709 1914 5759 contra,
1952 5708 2031 5767 ea_
2054 5710 2172 5760 qna:

646 5767 699 5817 in
736 5775 877 5842 textu
911 5776 1010 5827 est,
1063 5771 1251 5842 partim
1295 5762 1645 5842 ex'Matthaei,
1678 5766 1868 5833 partim
1915 5762 2173 5842 ea_lfucae

644 5834 819 5887 verbis
852 5850 964 5903 cap.
984 5832 1098 5901 vni,
1123 5837 1206 5903 10,
1237 5840 1603 5891 consarcinata
1631 5832 1710 5890 est
1732 5854 1748 5889 :
1771 5845 1928 5903 atque
1953 5832 2173 5892 idcirco.

1754 4854 1797 4882 ³⁸
1832 4852 2015 4905 Matth.
2046 4867 2165 4913 xm,
2198 4850 2283 4903 i5.

2283 4654 2367 4705 ἵνα
2393 4656 2438 4705 oi
2471 4656 2664 4717 είδὸτες
2696 4655 2877 4707 πιστοὶ
2914 4652 3163 4720 νοήσωσι,
3197 4649 3287 4701 καὶ
3310 4647 3357 4699 oi
3401 4647 3473 4718 μὴ
3515 4648 3715 4709 εἰδότες
3748 4646 3821 4715 μή

2286 4740 2540 4809 βλαόὦσι.

2360 4849 2403 4880 ιε
2435 4848 2617 4902 Matth.
2653 4867 2777 4911 xxv,
2801 4850 2889 4902 29.
2997 4846 3039 4876 ιτ
3072 4846 3114 4897 ιι
3145 4844 3268 4897 Cor.
3301 4816 3369 4908 tv,
3398 4846 3450 4899 ι.

2289 4942 2591 5009 mejudice,
2625 4944 2802 4995 minus
2828 4938 3141 4993 mutationis
3172 4946 3265 4989 aut
3303 4938 3694 4992 emendationis
3732 4956 3819 4993 su«

2284 5012 2520 5080 spicione
2551 5010 2771 5080 laborat.
2807 5010 2880 5061 In.

2354 5081 2463 5145 (⁷44)
2512 5077 2621 5141 Τῆς
2650 5077 2901 5143 χάριτος.
2942 5074 3173 5145 Siculus,
3189 5074 3306 5145 -τῆς
3343 5074 3680 5143 φωτιζούσης
3725 5076 3818 5143 χά-

2285 5143 2452 5219 ριτος,
2490 5144 3111 5219 «illirmi‘uautisgratire.
3136 5161 3153 5191 ι
3189 5143 3267 5219 In.
3332 5211 3369 5219 _
3589 5209 3619 5219 Α
3762 5165 3768 5219 ξ

2355 5216 2464 5281 (45)
2507 5216 2573 5265 Ei
2601 5213 2666 5263 δὲ
2692 5209 3014 5276 δεῖκαὶὶὺς.
3050 5209 3103 5261 In
3135 5212 3291 5281 codd.
3332 5211 3444 5265 Roe
3486 5220 3541 5281 et
3582 5209 3809 5263 Casau‘n.

2280 5303 2340 5338 ex
2365 5286 2442 5336 δεῖ
2471 5284 2561 5334 καὶ
2580 5282 2653 5341 ὡς
2684 5298 2849 5333 unum
2880 5283 3097 5334 verbum
3127 5279 3345 5343 δικαίως
3370 5280 3673 5332 confectum
3702 5291 3810 5330 est:

2283 5367 2337 5406 at
2388 5356 2455 5405 ita
2510 5358 2690 5401 manet
2737 5366 2923 5405 manca
2971 5350 3315 5402 constructio.
3362 5348 3552 5401 Petrus
3603 5346 3812 5399 Siculus

2284 5425 2406 5490 legit
2432 5420 2646 5490 quidem
2687 5418 2923 5490 δικαίως.
2970 5417 3061 5471 sed
3097 5417 3331 5490 phrasim
3359 5418 3532 5490 paulo
3573 5430 3813 5490 commur-

2283 5483 2392 5543 tai:
2432 5483 2491 5541 Εί
2520 5487 2582 5537 δὲ
2624 5488 2715 5537 καὶ
2752 5487 2969 5546 δικαίως
3009 5485 3149 5544 τινὲς
3196 5484 3528 5552 ἐξηγοῦνται,
3576 5484 3691 5536 ἔστι
3726 5483 3811 5552 καὶ

2280 5560 2446 5620 οὕτως
2490 5558 2657 5609 εἰπεῖν
2715 5556 2803 5622 (οὐ
2841 5554 3036 5620 φαῦλον
3084 5552 3189 5622 γὰρ
3230 5550 3514 5623 τδίρἧα),
3557 5570 3629 5623 κε
3663 5568 3719 5623 τί
3762 5550 3807 5600 λ.

2284 5646 2300 5675 ι
2329 5627 2477 5690 Quod
2506 5627 2549 5677 si
2580 5620 2737 5677 etiam
2784 5632 2923 5675 recte
2952 5620 3657 5688 interpretanturnonnulli,
3690 5620 3812 5690 lic-1t

2240 5690 2243 5691 ⁷
2276 5687 2487 5760 quoque
2516 5695 2593 5747 sic
2624 5693 2799 5747 dicere
2830 5687 3133 5758 (uouenim
3161 5692 3391 5747 absurda
3450 5698 3533 5744 est
3584 5687 3809 5749 oratio).

2277 5775 2374 5815 etc.
2414 5787 2428 5813 ι
2465 5762 2540 5816 in.
