4118 6350
336 549 661 581 *-
628 580 659 581 κ
672 552 1965 581 ῨΙῌΙΜ--υ--μή
1994 573 3111 581 Μ--μ-ι--νῇ--ιμῌη-Ψῌ-
3130 550 3498 581 _.—____.—_.

1625 573 2145 580 mw”

1447 718 1624 759 cmcs
1678 719 1895 759 unum
1950 716 2171 758 DOMINI
2216 687 2396 760 ἆρχε.

1135 894 1303 1068 S.
1428 886 2667 1069 PAMPHILUS

400 1162 986 1289 ECCLESIZE
1082 1197 1873 1291 CIESARIENSIS-
1926 1201 2627 1293 PRESBYTER
2715 1208 2866 1295 E-T
2938 1160 3423 1298 MAnTYn

1633 1557 2223 1669 NOTITIA

1184 1769 1465 1832 (GALLAJCD.,
1484 1768 1581 1821 Vel.
1610 1774 1751 1820 Patr.
1799 1770 2043 1831 Biblioth.,
2070 1779 2102 1822 t.
2145 1772 2226 1834 IV,
2253 1774 2471 1837 Proleg.,
2493 1790 2541 1838 p.
2568 1778 2657 1839 ιιι.)

320 2064 366 2119 ι.
392 2067 522 2131 Quis
552 2074 602 2118 et
624 2074 847 2139 qugntus
888 2069 969 2139 pir
1015 2066 1325 2133 Pamphilus
1350 2107 1365 2131 ,
1399 2064 1564 2118 Pierii
1585 2065 1924 2125 Alexandrini
1948 2065 2251 2133 discipulus.
2286 2064 2531 2119 Ecclesia:
2561 2066 2897 2121 Caesariensis
2942 2071 3203 2139 presbyter
3242 2082 3291 2127 et
3340 2091 3498 2129 orna-

393 2144 640 2204 mentum.
675 2135 1012 2188 Beatissimus
1035 2147 1251 2204 martyr.

324 2199 394 2254 11.
427 2202 1022 2279 Sacramm_litterarum
1046 2199 1478 2261 studiosissimus.
1506 2204 1838 2259 Bibliotheca:
1864 2201 2201 2257 Caesariensis
2229 2204 2484 2257 conditor.
2518 2206 2596 2257 An
2622 2206 2822 2277 aliquid
2855 2209 3050 2275 proprii
3084 2210 3249 2277 operis
3280 2214 3497 2279 scripse-

392 2271 480 2340 rit.
513 2270 722 2324 Eusebii
754 2272 893 2326 locus
917 2289 1181 2340 expensus.

321 2338 411 2410 lll.
441 2339 713 2410 Expositio
741 2338 987 2407 capitnm'
1018 2343 1245 2395 Actuum
1279 2343 1662 2410 apostolorum,
1688 2358 1811 2393 num
1842 2340 2091 2393 Euthalio
2120 2343 2443 2394 ascribenda.
2486 2341 2758 2410 Pamphilo
2784 2347 3057 2398 asscritnr.

426 2408 638 2479 _Auctor
656 2406 851 2476 quoque
878 2410 1123 2478 Origenis
1154 2406 1483 2479 Apologetici
1512 2426 1573 2469 eat
1597 2420 1819 2479 veterum
1853 2412 2161 2462 testimoniis
2198 2411 2357 2477 fuisse
2381 2406 2691 2478 perhibetur.

325 2473 492 2549 V._Eo
594 2473 739 2543 opere
761 2473 1091 2549 potissimum,
1115 2473 1395 2549 prtéclarus
1428 2481 1712 2549 divinitatis
1741 2478 1934 2549 Christi
1962 2473 2613 2549 assertor-beatusmartyr
2636 2480 3012 2549 comprobatur.
3044 2479 3345 2549 Interprelis
3382 2482 3494 2532 Rn-'

388 2544 626 2665 ﬁnilpdes
655 2548 933 2599 astruitur.
960 2546 1256 2599 Novissima
1284 2547 1511 2613 ejusdem
1534 2547 1859 2615 Apologetici
1884 2547 2147 2599 luculenta
2175 2547 2332 2599 editio
2372 2544 2682 2600 Parisiensis
2721 2548 3003 2601 exhibetur;
3054 2544 3197 2603 Acta
3220 2553 3478 2618 passionis

388 2611 446 2667 S.
524 2614 737 2667 amnhili
760 2631 821 2667 ex
848 2632 942 2667 ms.
973 2615 1200 2667 Mediceo
1230 2617 1572 2667 adliciuntur.

524 2614 737 2681 amphili
760 2631 821 2667 ex
848 2632 942 2669 ms.
973 2615 1200 2668 Mediceo
1230 2617 1572 2682 adjiciuntur.

385 2728 427 2778 ῐ.
457 2725 764 2795 Pamphilus
811 2737 965 2798 gente
1013 2728 1317 2782 thnicius
1369 2744 1433 2781 ex
1487 2728 1853 2797 Berytensium
1883 2737 1927 2791 Α
1957 2738 2014 2782 ut
2048 2744 2166 2782 eam
2202 2730 2404 2783 medias
2433 2729 2573 2782 inter
2597 2729 2883 2799 Egyptum
2930 2740 2984 2783 et
3022 2703 3357 2793 Antiochiam
3393 2732 3490 2783 Ec-

219 2818 222 2826 ’
315 2818 466 2881 orbe,
499 2819 661 2872 nobili
678 2834 869 2887 genere
899 2828 1083 2884 ortus,
1113 2820 1335 2873 illustris
1358 2834 1571 2887 quoque
1615 2818 1714 2872 fuit
1738 2836 1855 2871 mu-

315 2911 535 2964 neribus
567 2911 619 2963 in
654 2911 825 2979 patria
858 2910 1069 2979 publice
1100 2910 1263 2979 gestis
1298 2910 1391 2978 (l).
1418 2908 1613 2961 Verum
1649 2910 1852 2963 relictis

313 3002 664 3057 saecularibus
688 3004 853 3067 curis,
911 3002 1286 3055 Alexandriam
1343 3017 1401 3055 se
1453 3001 1721 3065 contulit;
1765 3000 1853 3054 ubi

313 3089 550 3145 Pierium
581 3094 723 3148 illius
756 3093 1007 3148 Ecclesiae
1056 3094 1425 3163 presbyterum
1451 3131 1465 3155 ,
1510 3093 1683 3144 virum
1735 3093 1853 3145 exi-

315 3182 507 3247 mium,
532 3183 584 3234 in
614 3198 890 3236 sacrarum
923 3183 1220 3237 litterarum
1253 3183 1429 3236 studio
1457 3184 1727 3235 doctorem
1758 3182 1852 3235 ha—

314 3272 451 3336 buit,
479 3282 538 3326 ut
556 3272 740 3326 scribit
758 3272 980 3327 Photius
1005 3274 1101 3342 (2).
1135 3272 1390 3340 Deinceps
1412 3288 1537 3325 vero
1557 3272 1853 3326 Caesaream

314 3359 610 3414 Palaestinae
642 3363 987 3423 contendens,
1020 3372 1179 3429 atque
1201 3362 1267 3414 ad
1294 3361 1604 3430 presbyterii
1627 3361 1849 3429 gradum

313 3456 550 3509 evectus,
582 3446 928 3502 Caesariensis
954 3448 1204 3502 Ecclesiae
1220 3457 1592 3502 ornamentum
1615 3449 1849 3512 exstitit;

313 3537 493 3604 ibique
516 3538 749 3591 maxime
798 3538 1082 3600 inclaruit,
1138 3552 1245 3605 quo
1273 3548 1509 3606 tempore
1541 3538 1863 3611 cathedram

314 3626 461 3679 illam
489 3627 845 3696 episc0palem
892 3638 1012 3695 post
1042 3626 1403 3681 Theotecnum
1447 3628 1658 3681 tenebat
1705 3625 1840 3695 Aga.

250 3722 253 3725 '
311 3714 455 3780 pius.
504 3711 687 3772 Virum
743 3716 1159 3768 disertissimum
1212 3715 1559 3782 moribusque
1592 3729 1655 3767 ac
1686 3714 1847 3781 gestis

284 3808 436 3857 ‘vere
466 3805 867 3873 philosophum,
894 3805 1311 3875 ἐλλογιμώτατον
1339 3803 1483 3871 αὐτῷ
1504 3820 1559 3853 τε
1588 3804 1685 3872 βίῳ
1706 3803 1850 3871 φιλόε

312 3911 473 3963 σοφσν
524 3896 743 3966 ἀληθῆ,
791 3896 1127 3965 Pamphilum
1184 3905 1424 3951 nostrum
1485 3903 1639 3948 vocat
1683 3894 1849 3950 Euse-

309 3986 432 4039 bius
462 3985 537 4056 (5)
570 4003 582 4039 ;
618 3986 708 4053 qui
747 3987 908 4040 etiam
945 3988 1153 4055 singula
1190 4002 1308 4054 quae
1332 3986 1396 4039 ad
1426 3986 1568 4039 illius
1602 3986 1767 4037 vitam
1796 3995 1847 4039 et

308 4074 376 4126 ad
401 4074 639 4128 scholam
685 4075 751 4128 ab
784 4076 971 4129 eodem
1019 4076 1314 4129 institutam
1352 4074 1649 4141 pertinent;
1698 4074 1842 4127 varia

1956 2819 2147 2872 clesias
2186 2821 2237 2872 in
2277 2835 2613 2873 communem
2638 2836 2792 2873 usum
2823 2822 3081 2889 recepisse
3112 2830 3330 2873 testetur
3361 2813 3493 2875 san-4

1958 2916 2075 2960 ctus
2097 2906 2452 2977 Hieronymus
2483 2908 2578 2976 (5).
2621 2908 2877 2960 Mittimus
2918 2911 3073 2961 etiam
3105 2926 3223 2975 quae
3253 2912 3319 2964 de
3374 2913 3488 2980 ipso

1954 2996 2234 3066 Pamphilo
2266 2998 2403 3051 idem
2432 2998 2618 3050 doctor
2649 2998 2913 3050 maximus
2942 3009 3062 3064 post
3089 2998 3374 3053 Eusebium
3398 3004 3486 3074 (δι

1956 3088 2078 3141 alibi
2106 3097 2317 3141 enarrat
2342 3088 2421 3163 (7)
2454 3106 2465 3138 :
2505 3086 2651 3137 illum
2684 3086 2962 3151 videlicet,
3018 3104 3133 3139 cum
3166 3089 3485 3145 Demetrium

1954 3177 2264 3230 Phalereum
2327 3184 2375 3229 et
2436 3175 2776 3228 Pisistratum
2830 3177 2883 3228 in
2945 3194 3107 3230 sacra:
3171 3178 3487 3237 bibliotheca:

1953 3271 2127 3324 studio
2169 3267 2315 3322 vellet
2358 3283 2560 3335 requare
2587 3308 2601 3329 ,
2639 3267 2983 3335 imaginesque
3029 3259 3346 3338 ingeniorum
3372 3288 3487 3338 qua:

1953 3377 2072 3413 vera
2094 3370 2212 3411 sunt
2242 3366 2289 3409 et
2316 3368 2509 3411 (eterna
2544 3360 2897 3422 monumenta,
2940 3368 3045 3411 toto
3070 3358 3201 3410 'orbe
3224 3363 3483 3427 perquire-

1953 3458 2046 3511 rct,
2079 3458 2197 3500 tunc
2233 3448 2309 3501 vel
2352 3450 2574 3500 maxime
2606 3449 2843 3518 Origenis
2864 3449 3023 3501 libros
3050 3450 3332 3515 impensius
3362 3465 3483 3515 pro-

1950 3548 2197 3601 secutum,
2232 3537 2539 3592 Cresariensi
2573 3538 2815 3592 Ecclesiw
2845 3539 3147 3599 dedicasse;
3198 3549 3481 3605 praeterea-

1951 3642 2054 3693 que
2076 3626 2150 3693 (8)
2176 3626 2545 3682 Caesariensem
2580 3626 2932 3679 bibliothecam
2962 3624 3334 3687 studiosissime
3360 3628 3482 3676 eon-
3524 3618 3529 3621 ’
3570 3637 3575 3642 ’

1950 3707 2167 3785 fecisse.
2905 3760 2923 3767 η.

2014 3807 2083 3861 Ει
2114 3808 2225 3862 haec
2248 3809 2459 3875 quidem
2490 3807 2628 3860 beati
2661 3805 2909 3875 martyris
2946 3803 3186 3858 studium
3218 3804 3271 3856 in
3312 3804 3486 3858 sacris

1949 3900 2237 3969 praesertim
2257 3899 2446 3951 litteris
2466 3896 2769 3950 excolendis
2786 3896 2915 3950 satis
2931 3896 3182 3965 produnt.
3202 3893 3230 3946 1
3233 3911 3318 3964 pse
3334 3908 3483 3959 vero,

1949 3986 2393 4058 inquitEusebius
2415 3986 2552 4053 apud
2570 3984 2948 4056 Hieronymum
2975 3986 3071 4055 (9),
3097 3988 3292 4055 proprii
3314 3989 3488 4055 operis

1948 4078 2079 4132 nihil
2106 4078 2311 4129 omnino
2333 4077 2559 4143 scripsit,
2589 4079 2813 4145 exceptis
2837 4074 3085 4142 Epistolis
3104 4093 3231 4146 quas
3255 4078 3323 4129 ad
3348 4079 3489 4129 ami-t
3524 4076 3527 4081 ⁷

307 4179 524 4232 quoque
548 4164 948 4219 confessionum
973 4166 1264 4223 certamina
1292 4163 1681 4231 persecutionis
1709 4172 1844 4217 tem-
1879 4186 1919 4239 Β
1952 4185 2035 4221 cos
2074 4168 2207 4235 forte
2230 4167 2498 4219 mittebat:
2525 4168 2575 4218 in
2609 4176 2808 4219 tantum
2824 4182 2876 4216 se
2890 4166 3182 4217 humilitate
3202 4168 3481 4233 dejecerat.

308 4269 440 4322 pore
472 4254 539 4307 ab
559 4269 622 4307 eo
660 4255 915 4320 tolerata;
956 4272 1019 4309 ac
1073 4264 1341 4323 postremo
1371 4256 1685 4326 martyrium
1739 4273 1847 4327 quo

236 4357 249 4366 °
309 4354 601 4399 Coronatus
640 4355 742 4408 est,
790 4348 1043 4414 peculiari
1104 4362 1262 4415 opere
1315 4348 1625 4415 complexus
1680 4349 1845 4404 fuisse

309 4435 620 4504 perhibetur
648 4455 659 4490 :
689 4436 830 4506 quod
858 4445 1031 4490 tamen
1069 4436 1403 4490 intercidisse
1429 4477 1443 4500 ,
1488 4422 1627 4505 jure
1658 4440 1843 4493 dolen-

307 4526 459 4579 dum.
481 4525 674 4581 Passus
700 4537 773 4579 est
808 4526 1057 4579 Caesarea:
1080 4525 1376 4579 Palestina
1392 4527 1482 4578 sub
1500 4531 1846 4594 persecutione

310 4612 613 4680 Maximini,
637 4626 768 4669 teste
792 4614 1111 4685 Hieronymo
1142 4615 1216 4685 (4)
1240 4656 1254 4680 ,
1293 4631 1433 4669 anno
1462 4614 1562 4669 309
1608 4617 1841 4672 ineunte.

380 4704 442 4756 ll.
473 4707 550 4759 Ad
579 4718 918 4760 monumenta
944 4723 1068 4760 vero
1099 4708 1397 4762 litterarum
1419 4705 1679 4775 Pamphili
1700 4711 1842 4776 quod

307 4797 514 4859 attinet,
540 4799 678 4849 nulla
703 4799 787 4851 hic
810 4800 1006 4851 mentio
1027 4800 1091 4852 de
1117 4800 1373 4863 Lxxvirali
1412 4798 1662 4861 editione,
1684 4816 1842 4867 quam

307 4894 528 4938 sanctus
561 4895 759 4954 martyr
784 4902 886 4939 una
917 4900 1038 4939 cum
1071 4887 1297 4941 Eusebio
1323 4888 1638 4955 descripsit,
1688 4900 1847 4956 prout

309 4975 379 5029 ah
400 4971 624 5041 Origene
653 4976 920 5029 asteriscis
946 4978 1182 5043 suppleta
1200 4976 1476 5043 obelisque
1500 4978 1705 5029 conﬁxa
1732 4977 1843 5029 fue-

310 5072 435 5117 runt
468 5081 478 5115 :
508 5078 625 5129 quea
658 5058 869 5130 quidem
912 5066 1093 5125 editio,
1126 5067 1281 5131 vulgo
1316 5066 1598 5118 Palwstina
1638 5082 1843 5118 nuncu-

311 5163 431 5222 pata
459 5194 473 5217 ,
512 5169 679 5220 usque
714 5156 846 5207 adeo
895 5154 1237 5223 comprobata
1279 5153 1445 5207 fuisse
1474 5157 1798 5222 compcritur
1822 5192 1837 5216 ,

381 5369 454 5437 (l)
492 5369 613 5437 _Vid.
646 5367 769 5419 infr.
805 5368 917 5419 Act.
949 5385 1085 5435 pars.
1120 5367 1175 5420 S.
1209 5366 1459 5435 Pamph.,
1498 5366 1561 5437 §§
1591 5369 1623 5421 5
1654 5377 1705 5422 et
1738 5369 1785 5421 7.

380 5434 455 5503 (ἓ)
480 5434 617 5488 Bibl.
651 5438 766 5489 cod.
799 5453 907 5499 CIX,
941 5434 1058 5505 pag.
1082 5437 1203 5489 9.99.

375 5509 450 5572 (5)
488 5506 623 5558 Hist.
655 5506 775 5558 eccl.
813 5506 901 5557 lib.
939 5521 1031 5565 vn.
1072 5521 1186 5570 cap.
1216 5506 1300 5559 52.

381 5577 456 5641 (4)
492 5574 561 5627 De
587 5576 681 5626 vir.
723 5575 913 5626 illustr.
937 5614 951 5637 ,
986 5591 1102 5641 cap.
1134 5573 1219 5626 75.

384 5646 459 5711 (5)
487 5642 640 5697 Praef.
667 5644 718 5695 in
752 5642 843 5694 lib.
872 5642 1101 5709 Paralip.

482 5712 619 5766 Hist.
644 5712 763 5765 eccl.
798 5712 886 5765 lib.
915 5727 964 5764 vr
986 5751 1001 5778 ,
1033 5706 1149 5781 cap.
1176 5712 1266 5767 52.

1949 4257 2164 4311 Interim
2191 4265 2370 4309 tamen
2386 4256 2711 4325 ,hujusmodi
2755 4253 2992 4322 episc0pi
3020 4252 3367 4309 Caesariensis
3397 4266 3477 4309 te-

1949 4349 2258 4403 stimonium
2321 4346 2455 4401 nihil
2510 4344 2764 4413 impedit,
2824 4343 3115 4411 quominus
3169 4342 3485 4414 Pamphilus

1946 4440 2204 4507 Opuscula
2228 4440 2335 4493 duo
2358 4453 2476 4506 qua:
2512 4434 2686 4487 adhuc
2714 4442 2970 4502 superant
3006 4436 3287 4504 scripsisse
3312 4478 3327 4501 ,
3363 4436 3474 4489 Ex—

1944 4532 2248 4597 positionem
2286 4529 2535 4581 nimirum
2568 4525 2794 4591 capitum
2846 4526 3069 4578 Actuum
3128 4526 3475 4593 apostolorum

1945 4630 1993 4672 et
2029 4619 2263 4687 Origenis
2315 4615 2696 4683 Apologeticum
2723 4655 2737 4680 ,
2786 4616 2977 4668 merito
3004 4614 3354 4667 existimetur.
3391 4614 3475 4665 Si-

1945 4712 2179 4773 quidem.
2212 4719 2268 4761 ut
2298 4708 2459 4775 probe
2480 4708 2747 4775 perspexit
2777 4706 3172 4761 eruditissimus
3217 4703 3472 4757 Fontani-

1947 4799 2067 4851 nius
2099 4795 2230 4864 (l0),
2265 4794 2525 4848 Eusebius
2565 4805 2708 4849 certe
2752 4809 2861 4847 non
2911 4792 3088 4855 dixit,
3134 4790 3470 4857 Pamphilum

1946 4887 2076 4939 nihil
2092 4888 2275 4952 operis,
2298 4887 2387 4940 sed
2405 4886 2533 4938 nihil
2549 4886 2929 4953 rnornuoperis
2952 4882 3157 4950 omnino
3170 4881 3432 4949 scripsisse
3450 4897 3467 4931 :

1947 4979 2045 5042 vel,
2083 4978 2127 5030 si
2154 4978 2344 5043 mavis,
2384 4977 2501 5047 ipso
2526 4977 2847 5045 Hieronymo
2874 4976 3173 5040 interprete,
3191 4971 3319 5023 nihil
3342 4986 3467 5021 rno-

1942 5083 2043 5119 rnn
2065 5068 2340 5134 quidquam
2364 5069 2649 5119 condidisse
2670 5079 2942 5121 SERIONIS.
2963 5064 3123 5129 Atqui
3145 5062 3286 5129 prius
3336 5076 3467 5125 Opu-

1942 5155 2149 5207 sculum
2197 5156 2540 5210 eonscribens
2572 5154 2893 5221 Pamphilus,
2926 5152 3057 5203 nihil
3090 5151 3283 5218 proprii
3304 5150 3469 5214 operis

2016 5372 2089 5441 (7)
2111 5372 2321 5424 Hieron.
2340 5411 2352 5429 .
2370 5372 2523 5441 epist.
2544 5368 2629 5432 34,
2654 5369 2723 5421 al.
2750 5370 2953 5441 Ml,ail
2972 5368 3222 5428 Marcell.,
3242 5381 3389 5417 num.
3416 5367 3466 5420 l.

2013 5438 2085 5508 (8)
2114 5442 2187 5492 Id.
2222 5441 2297 5492 De
2326 5440 2421 5490 vir.
2458 5438 2677 5508 illustr.,
2712 5453 2827 5503 cap.
2851 5440 2900 5489 3.

2013 5504 2085 5578 (9)
2114 5509 2221 5572 ld.,
2254 5509 2343 5578 l_i_b.
2379 5522 2395 5557 ι
2469 5504 2685 5578 Apolog.
2737 5517 2899 5557 contr.
2948 5504 3115 5570 Ruﬁn.
3142 5542 3157 5566 ,
3210 5518 3356 5557 num.
3390 5504 3425 5558 9
3452 5546 3465 5564 .

1944 5572 2083 5647 Oppi
2107 5588 2233 5647 toni.
2263 5573 2476 5647 ll,_pag.
2509 5572 2629 5647 465.

2011 5636 2116 5715 (10)
2154 5640 2292 5696 Hist.
2324 5636 2481 5695 li'tte'r.
2516 5642 2690 5709 Aquil.
2732 5642 2823 5697 lib.
2853 5658 2901 5704 ν,
2932 5655 3027 5708 cap
3068 5639 3118 5703 5,
3141 5636 3166 5707 ᾗ
3190 5639 3242 5702 5,
3264 5655 3312 5707 p.
3342 5640 3463 5693 ‘259.
