4118 6350
670 449 798 504 1531

1869 451 1925 504 s.
1967 424 2282 532 P.\.‘.lPlllLl
2321 427 2675 539 MrtnTYulS

3707 456 3860 530 is?!

669 539 908 636 protulit,
939 581 1036 621 nec
1065 567 1354 638 quidquam
1401 565 1644 622 condidit
1687 570 1884 634 proprii
1912 572 2164 622 sermonis
2193 584 2211 621 :
2242 574 2284 627 Α
2315 567 2490 634 Acta“
2508 579 2666 635 atque
2694 568 2746 622 in
2785 567 3098 623 melioribus
3129 566 3262 624 Novi
3290 567 3620 624 Testamenti
3672 572 3859 626 editio-

671 657 800 710 illud
814 657 955 710 enim
979 658 1238 712 duntaxat
1256 673 1319 712 ex
1343 659 1574 712 summis
1588 673 1766 712 rerum
1792 658 2056 725 capitibus
2080 674 2216 727 quas

670 751 724 802 in
738 750 1026 818 apostolica
1051 749 1270 804 historia
1286 750 1446 804 tradit
1463 758 1680 804 sanctus
1704 748 2137 818 Lucasppatetab
2151 764 2215 801 eo

670 844 998 895 contextum.
1027 838 1211 908 Neque
1256 855 1417 908 porro
1446 839 1714 907 posterius
1752 840 2043 908 quidquam
2090 855 2214 906 pro-

669 931 772 996 prii
793 930 1088 997 operis‘sive
1108 928 1358 982 sermonis
1380 927 1575 982 habere
1591 929 1916 996 comperit-ur
1937 920 1949 980 ἑ
1973 928 2214 994 quando-

633 1075 636 1078 .
671 1020 908 1088 quidem,
950 1029 1008 1074 ut
1045 1021 1119 1073 ait
1163 1017 1245 1072 vir
1273 1020 1367 1082 cl.,
1421 1018 1608 1072 beatus
1637 1026 1837 1086 martyr
1879 1027 2064 1071 contra
2100 1031 2215 1069 ma-

669 1109 774 1163 lam
806 1110 1107 1162 doctrinam
1142 1107 1365 1176 Origeni
1398 1092 1656 1174 objeclam
1680 1147 1693 1170 ,
1726 1103 1907 1158 veram
1941 1105 2060 1172 ejus
2113 1104 2213 1156 do-

669 1197 893 1251 ctrinam
931 1183 1062 1264 ipsis
1080 1194 1417 1263 Origenianis
1438 1193 1614 1246 verbis
1629 1206 1939 1261 expressam
1960 1183 2209 1260 opponit;

670 1297 730 1341 ut
775 1302 839 1340 ex
885 1287 1169 1357 utriusque
1219 1293 1404 1338 mutuo
1452 1284 1658 1338 collatae
1709 1282 2024 1337 discrimine
2071 1269 2213 1338 clare

665 1380 962 1438 cvincatur,
1004 1375 1247 1444 Origenis
1275 1376 1469 1444 scripta
1501 1374 1568 1428 ab
1600 1374 1865 1428 haereticis
1887 1372 2055 1428 fuisse
2082 1389 2209 1429 cor-

667 1463 821 1539 rupta
855 1487 868 1531 ;
925 1483 1045 1522 cum
1079 1469 1216 1522 hanc
1265 1483 1424 1521 unam
1464 1466 1820 1535 quaestionem
1871 1469 2160 1534 pertractet
2191 1507 2206 1532 ,

668 1562 937 1616 fuerintne
961 1559 1204 1629 Origenis
1235 1560 1351 1612 libri
1385 1557 1644 1626 corrupti,
1677 1572 1843 1612 necne
1871 1575 1882 1609 :
1914 1558 2058 1626 quod
2081 1573 2211 1612 sane

665 1666 772 1707 non
804 1664 885 1708 est
914 1653 1112 1722 proprii
1151 1653 1314 1720 operis
1349 1651 1550 1717 aliquid
1579 1648 1828 1719 condere.
1897 1676 1904 1682 η

645 1725 660 1763 ²
737 1742 818 1796 lll.
853 1741 945 1797 liis
979 1743 1155 1796 autem
1208 1741 1393 1810 positis
1419 1741 1494 1794 'ad
1550 1748 1841 1816 utrumque
1888 1736 2209 1807 opusculum

583 1837 588 1840 ’
664 1831 944 1902 Pamphilo
970 1832 1338 1895 astruendum,
1365 1830 1430 1884 de
1458 1827 1636 1899 priore
1662 1829 1878 1898 quidem
1909 1831 1990 1884 sic
2029 1826 2210 1897 prolo-

2319 658 2477 711 nihus
2503 656 2719 711 Roberti
2746 656 3024 727 Stephani,
3054 657 3277 714 Joannis
3307 657 3525 714 Iienriei
3555 659 3791 714 Boecleri
3814 676 3861 717 et

2315 746 2536 801 Joannis
2569 747 2716 802 Millii
2747 765 2763 811 ;
2799 763 3008 802 necnon
3056 748 3109 802 in
3141 748 3376 803 Danielis
3407 748 3612 804 Heinsii
3646 751 3718 802 ad
3749 750 3861 805 No-

2314 855 2430 891 vum
2479 837 2857 892 Testamentum
2879 839 3356 892 exercitationibus.
3383 838 3506 896 Haec
3527 839 3809 896 Fabricius
3848 883 3858 898 .

2313 929 2404 996 qui
2429 937 2479 981 et
2503 929 2615 996 ipse
2649 929 2683 980 l.
2717 943 2766 983 c.
2795 928 2933 982 banc
2976 925 3242 996 Pamphili
3289 923 3684 995 Expositionem
3739 945 3852 983 cum

2314 1017 2629 1071 Enthaliana
2663 1018 2906 1072 collatam
2938 1017 3075 1087 typis
3105 1017 3469 1073 excudendam
3489 1020 3671 1073 denuo
3699 1035 3854 1073 cura-

2314 1110 2406 1161 vit.
2439 1101 2731 1174 Quae'cum
2756 1110 2828 1162 ita
2857 1121 2915 1161 se
2941 1107 3193 1172 habeant,
3236 1109 3658 1164 existimaverim
3707 1113 3853 1179 equi-

2312 1199 2429 1252 dem
2491 1198 2886 1254 Wetstbenium’
2915 1199 3095 1253 minus
3123 1199 3366 1253 consulte
3391 1215 3558 1253 unum
3591 1201 3852 1270 ejusmodi

2311 1290 2494 1358 opellae
2521 1301 2788 1345 auctorem
2821 1284 3128 1342 Eutbalium
3170 1303 3463 1359 agnoscere
3491 1285 3604 1361 (l5)
3638 1309 3654 1356 ;
3710 1292 3853 1346 nullo
3919 1364 3925 1369 ἱ

2312 1393 2442 1434 sane
2473 1389 2788 1451 argumento
2816 1381 2948 1435 satis
2976 1381 3154 1446 ﬁrmo,
3190 1396 3299 1451 quo
3354 1383 3406 1435 in
3433 1398 3586 1437 suam
3633 1393 3852 1439 senten-

2310 1471 2438 1524 tiam
2472 1486 2568 1524 nos
2595 1471 2885 1540 pertrahat,
2913 1471 2966 1524 in
2998 1471 3232 1524 medium
3263 1471 3513 1525 adducto.

2380 1560 2468 1614 IV.
2505 1561 2573 1614 De
2601 1563 2771 1615 altero
2797 1571 2974 1614 autem
3004 1559 3271 1628 Pamphili
3315 1561 3598 1628 opusculo,
3650 1561 3855 1616 scilicet

2314 1650 2551 1718 Origenis
2580 1652 2929 1719 Apologetico,
2963 1665 3067 1704 non
3109 1662 3190 1704 est
3221 1651 3494 1704 enimvero
3546 1666 3645 1704 cur
3694 1655 3853 1708 verba

2310 1739 2570 1794 faciamus
2603 1759 2616 1792 :
2648 1740 2784 1793 hanc
2803 1741 2943 1792 enim
2965 1740 3293 1808 provinciam
3313 1753 3498 1807 cepere
3533 1739 3850 1806 ja‘mdndum
3919 1765 3926 1772 -

2312 1830 2449 1883 inter
2492 1829 2815 1882 recentiores
2863 1829 2967 1881 viri
2999 1829 3298 1884 doctissimi
3326 1867 3340 1892 ,
3377 1827 3602 1884 lluetius
3644 1829 3698 1900 in
3743 1832 3851 1898 pri-

663 1900 846 1992 quitur
882 1924 1229 1979 doctissimus
1259 1921 1697 1976 Montfauconius
1727 1961 1742 1984 ,
1796 1921 1887 1989 qui
1919 1935 1984 1974 ex
2020 1917 2210 1972 codice
2241 1900 2282 1953 Β
2312 1915 2415 1970 mis
2446 1912 2597 1985 (li),
2625 1914 3001 1970 Tillemontius
3048 1915 3158 1986 (l5)
3215 1909 3268 1970 et
3299 1915 3650 1971 Fontaninius
3701 1917 3850 1986 (i6)_;

641 2015 995 2070 'Coisliniano
1022 2015 1153 2068 illud
1209 2014 1418 2082 primus
1477 2012 1532 2064 in
1587 2011 1781 2079 vulgus
1831 2011 2006 2064 emisit
2047 2010 2206 2080 (ii);

668 2123 688 2156 ι
737 2104 1129 2172 Expasitiouem
1158 2100 1388 2170 capitum
1421 2103 1646 2153 Actuum
1676 2100 2030 2167 apostolorum
2059 2122 2061 2125 ·
2089 2114 2210 2154 esse

664 2194 788 2249 v'ere
805 2194 1070 2264 Pamphili
1110 2193 1398 2262 martyris,
1442 2207 1548 2245 non
1581 2200 1662 2245 est
1688 2191 1830 2264 quod
1878 2190 2205 2245 dubitemus.

660 2285 795 2340 Nam
830 2289 882 2338 in
909 2300 974 2338 eo
994 2284 1288 2338 feretritam
1314 2290 1521 2336 aetatem
1546 2282 1796 2336 contrivit
1819 2290 2037 2336 sanctus
2064 2297 2208 2336 mar-

659 2389 748 2447 tyr
769 2417 783 2439 ,
821 2385 882 2430 ut
915 2375 1205 2450 Scriptura:
1236 2390 1402 2428 sacrae
1429 2373 1596 2429 libros
1623 2388 1787 2428 manu
1812 2390 1907 2429 sua
1932 2374 2207 2429 describe-

661 2477 762 2531 ret,
795 2463 1012 2522 ornaret
1043 2466 1400 2534 titulisatqne
1429 2465 1670 2530 scholiis,
1707 2475 1766 2519 ut
1812 2466 1974 2519 docet
2015 2463 2206 2519 Hiero-

661 2551 876 2629 nymus,
917 2556 993 2613 De
1020 2556 1360 2625 scriptoribus
1405 2545 1796 2609 ecclesiasticis.
1842 2554 2048 2608 iudicat
2079 2554 2203 2607 item

661 2658 788 2703 nota
810 2648 1010 2717 codicis
1052 2645 1163 2699 RR.
1215 2643 1317 2698 PP.
1356 2642 1683 2699 lesuitarum
1715 2685 1727 2706 ,
1777 2644 1866 2712 qui
1917 2644 2205 2712 prophetas

661 2736 847 2793 omnes
878 2740 1131 2792 continet.
1166 2734 1980 2802 Asseritdeniunucalligraphus
2005 2735 2205 2788 codicis

660 2830 1014 2901 vetustissimi
1049 2827 1210 2896 hujus
1240 2826 1582 2881 bibliotheca:
1611 2824 2022 2894 (Coisliniante)
2053 2840 2202 2878 num.
2241 2835 2243 2840 ‘

661 2915 792 2984 202;
820 2918 910 2986 qui
935 2918 997 2970 ad
1029 2919 1226 2973 calcem
1255 2917 1615 2985 Epistolarum
1656 2914 1711 2967 S.
1745 2913 1894 2967 Pauli
1927 2915 1999 2967 ait
2041 2930 2099 2968 se
2141 2916 2205 2968 il-

663 3007 775 3071 ium
805 3006 978 3076 ipsum
1009 3010 1247 3062 codicem
1276 3006 1570 3060 contulisse
1595 3005 1646 3057 in
1687 3003 2004 3057 bibliodieca
2031 3002 2207 3057 Caesa-

664 3085 830 3155 riensi
859 3115 978 3152 cum
1019 3101 1123 3151 alio
1150 3099 1334 3154 codice
1381 3099 1473 3167 qui
1523 3097 1692 3166 ipsius
1743 3093 2006 3162 Pamphili
2042 3108 2205 3151 manu

662 3197 916 3242 exaratus
966 3187 1159 3240 fuerat.
1192 3188 1269 3240 Ad
1303 3189 1414 3240 haec
1447 3203 1574 3240 vero
1611 3184 1975 3253 calligra‘phus
2029 3184 2116 3237 ille
2152 3185 2205 3236 in

664 3269 790 3334 nota
815 3294 933 3344 sua,
953 3276 1137 3331 eadem
1165 3277 1413 3345 loquendi
1440 3277 1667 3331 formula
1689 3291 1855 3344 caque
1876 3291 1979 3329 non
2001 3275 2206 3344 vulgari

663 3369 852 3434 utitur,
874 3367 964 3436 qui
1004 3367 1156 3420 initio
1187 3367 1426 3433 opusculi
1485 3365 1840 3435 Pamphiliani
1873 3373 2162 3434 usurpatur
2190 3379 2204 3426 ;

662 3460 941 3523 nimirum,
977 3460 1104 3530 παρ’
1127 3451 1201 3520 ὧν
1223 3456 1471 3508 ἁπάντων
1488 3456 1686 3526 τόλμης
1711 3456 2032 3527 συγγνώμην
2052 3455 2203 3519 αἰτῶ,
2258 3524 2268 3530 ,η

661 3553 792 3622 εὐχῇ
823 3553 887 3622 τῇ
915 3550 1050 3621 ὑπὲρ
1083 3549 1236 3619 ἡμῶν
1259 3547 1356 3618 τὴν
1384 3547 1790 3618 συμπεριφορὰν
1818 3547 2166 3618 κομιζόμενος
2189 3562 2203 3576 ο

662 3646 782 3712 qua:
817 3642 974 3695 verba
997 3642 1110 3710 ipse
1133 3655 1194 3693 ex
1225 3636 1508 3706 Pamphilo
1533 3635 1675 3688 haud
1729 3636 1888 3690 dubie
1930 3645 2205 3691 mutuatus

662 3737 766 3782 est.
821 3725 970 3781 lianc
1013 3737 1190 3780 autem
1244 3725 1661 3794 Expositionem,
1701 3731 1812 3776 tum
1861 3724 1930 3776 ob
1972 3725 2207 3779 auctoris

659 3821 987 3887 sanctissimi
1025 3818 1467 3886 celeberrimique
1495 3829 1689 3870 nomen
1720 3853 1734 3876 ,
1787 3823 1896 3867 tum
1925 3816 2050 3882 quia
2091 3831 2203 3890 non

665 3902 841 3966 fructu
867 3926 1055 3965 vacare
1077 3921 1310 3980 putatur,
1334 3910 1419 3963 hic
1449 3908 1605 3962 edere
1635 3893 1807 3962 visum
1839 3914 1938 3959 est.
1981 3925 1999 3956 ι

737 4001 885 4054 lianc
906 4016 1031 4053 vero
1053 4000 1265 4052 ἔκθεσιν
1288 3999 1482 4053 εωευιο
1507 3997 1785 4066 superiore
1806 3995 2080 4050 desinente
2106 3997 2206 4051 sub

666 4090 901 4146 Euthalii
931 4089 1204 4143 Sulcensis
1233 4089 1468 4157 episcopi
1502 4088 1721 4142 nomine
1749 4084 2075 4140 edideratcl.
2109 4083 2208 4138 Za-

666 4181 888 4250 eagnius
923 4179 974 4230 in
1005 4178 1312 4232 collectione
1342 4176 1794 4230 Monumentorum
1814 4183 2061 4241 veterum,
2085 4188 2201 4242 pag.

664 4272 788 4325 428.
821 4268 1130 4338 lpsetamen
1160 4267 1459 4328 Euthalius,
1487 4281 1610 4335 pag.
1633 4265 1737 4318 515
1759 4304 1775 4330 ,
1814 4263 2010 4315 diserte
2039 4268 2206 4314 testa-

666 4373 773 4427 tur,
811 4370 865 4413 ιιι
887 4360 1134 4412 observat
1158 4358 1432 4412 Fabricius
1458 4357 1570 4421 (12)
1594 4399 1608 4420 ,
1653 4371 1710 4409 se
1740 4351 1898 4407 nsum
1928 4350 2206 4404 codicibus

663 4469 696 4507 e
713 4450 1028 4510 Ca‘sariensi
1045 4444 1552 4516 bibliotheca,qnam
1573 4447 1627 4499 S.
1647 4444 1954 4522 Pamphilus
1977 4440 2204 4509 primum

2311 2021 2480 2075 nuper
2511 2020 2636 2059 vero
2655 2007 2786 2060 satis
2813 2019 3039 2075 operose
3070 2016 3372 2075 postremus
3400 2007 3849 2078 Origen'ranorum

2309 2097 2481 2151 editor
2508 2094 2830 2150 Parisiensis
2865 2096 2997 2166 (17).
3025 2095 3225 2150 Verum
3253 2112 3321 2152 ne
3351 2097 3525 2153 cilicio
3553 2108 3740 2153 nostro
3763 2115 3852 2168 pe-

2309 2189 2456 2242 nitus
2485 2187 2672 2241 deesse
2700 2186 3011 2251 videamur,
3057 2187 3146 2241 hic
3169 2195 3378 2242 ‘veteres
3411 2197 3618 2242 tantum
3647 2197 3700 2244 et
3724 2189 3851 2259 qui-

2308 2279 2428 2334 dem
2461 2279 2759 2348 praecipuos
2789 2293 3210 2334 commemorare
3267 2295 3440 2349 opene
3480 2283 3716 2350 pretium
3750 2285 3848 2336 du-

2307 2370 2506 2434 cimus,
2529 2368 2621 2437 'qui
2646 2368 3016 2438 Qrigenianum
3047 2369 3084 2420 Α
3093 2369 3432 2438 pologeticum
3452 2371 3608 2424 beato
3631 2375 3848 2442 martyri

2306 2461 2605 2514 asseruisse
2635 2468 2950 2514 noscuntur.
2982 2457 3124 2512 Inter
3147 2475 3241 2513 eos
3261 2473 3389 2513 vero
3418 2461 3628 2529 primus
3656 2477 3845 2516 occur-

2307 2549 2372 2602 rit
2399 2547 2660 2602 Eusebius
2697 2547 2845 2618 (18);
2895 2565 3053 2617 quem
3109 2550 3349 2617 sequitur
3400 2558 3616 2604 sanctus
3665 2549 3846 2605 Hiero—

2306 2653 2500 2708 nymus
2522 2677 2536 2701 ,
2581 2638 2659 2690 sic
2694 2637 2942 2706 inquiens
2985 2638 3093 2708 (19)
3127 2657 3139 2692 :
3195 2638 3416 2708 Scripsit
3449 2639 3843 2710 (Pamphilus)

2306 2740 2583 2797 antequam
2617 2729 2871 2783 Eusebius
2893 2729 3229 2783 Cwsariensis
3258 2771 3272 2794 ,
3312 2732 3705 2801 Apologeticnm
3754 2747 3842 2799 pro

2309 2818 2547 2888 Origene.
2589 2818 2782 2873 Verum
2815 2818 3010 2874 Doctor
3041 2821 3306 2874 maximus
3327 2861 3341 2884 ,
3370 2830 3571 2875 mutata
3598 2823 3845 2888 deinceps.

2306 2909 2570 2960 sententia
2595 2948 2609 2973 ,
2667 2908 2720 2960 in
2752 2908 3078 2976 assignando
3118 2908 3425 2976 scriptionis
3451 2918 3671 2960 auctore
3705 2910 3840 2960 varia

2305 2995 2580 3049 disseruit.
2615 2995 2889 3050 Socratem
2927 2994 3036 3062 (‘20)
3065 2988 3395 3061 praeterimus
3417 3004 3467 3046 et
3488 2992 3840 3060 Nicephorum

2308 3088 2418 3158 (Ἡ)
2449 3089 2690 3155 aliosque
2723 3086 2990 3154 sequioris
3021 3087 3114 3137 τηνὶ
3149 3086 3440 3154 scriptores
3466 3126 3480 3150 ,
3534 3087 3628 3154 qui
3681 3084 3842 3139 Ense~

2309 3177 2455 3230 bium
2498 3177 2814 3244 plerumque
2836 3175 3090 3226 assectati
3121 3173 3288 3228 fuisse
3314 3175 3582 3230 videntur.
3627 3175 3694 3228 At
3738 3189 3839 3228 non
3875 3171 3882 3178 ’

2277 3269 2282 3274 ’
2308 3265 2732 3320 cslomittendus
2766 3260 3010 3324 Pliotius,
3033 3262 3124 3331 qui
3152 3261 3254 3333 sibi
3280 3262 3442 3315 lectos
3477 3276 3599 3315 esse
3619 3270 3842 3315 testatur

2308 3357 2418 3425 ('29.)
2447 3352 2708 3422 Pamphili
2743 3353 2992 3422 martyris
3026 3362 3079 3406 et
3123 3351 3335 3406 Eusebii
3368 3367 3463 3428 pro
3508 3350 3736 3421 Origene
3777 3353 3841 3405 li-

2305 3447 2431 3499 bros
2459 3460 2590 3508 sex;
2623 3442 2888 3512 simulque
2909 3442 3063 3495 docet
3084 3441 3444 3512 Pamphilum,
3489 3458 3610 3496 cum
3643 3445 3841 3498 detine-

2305 3540 2451 3586 retur
2484 3532 2535 3584 in
2567 3545 2802 3596 carcere,
2836 3529 3071 3598 quinque
3099 3531 3303 3600 priores
3332 3531 3652 3600 Apologetici
3700 3533 3840 3587 illius

2305 3621 2488 3684 libros,
2519 3627 2776 3688 prmsente
2803 3619 2962 3672 etiam
2989 3619 3238 3685 Eusebio,
3258 3621 3560 3675 elaborasse
3586 3640 3601 3686 ;
3633 3631 3842 3676 sextum

2307 3725 2453 3775 vero,
2485 3719 2604 3778 post
2636 3707 2896 3779 Pamphili
2930 3711 3245 3780 martyrium
3271 3749 3286 3774 ,
3320 3710 3486 3765 fuisse
3516 3711 3584 3764 ab
3615 3710 3842 3767 Eusebio

2304 3802 2625 3856 absolutum.
2653 3795 2749 3854 Ὧν
2781 3804 2829 3856 oi
2859 3802 2955 3870 μὲν
3008 3802 3164 3853 πέντε
3211 3801 3475 3870 Παμφίλῳ
3501 3803 3560 3854 τὸ
3585 3803 3842 3872 deum-

2307 3911 2415 3966 ριον
2437 3891 2686 3955 οἰκοῦντι,
2719 3893 3084 3964 συμπαρόντος
3111 3892 3201 3943 καὶ
3227 3891 3502 3952 Εὐσεὸιου,
3525 3891 3845 3964 ὲξεπονήθηο

2306 3971 2400 4038 σὰν
2419 4001 2432 4013 ·
2461 3987 2489 4037 ὁ
2519 3983 2575 4036 δὲ
2606 3982 2756 4046 ἕκτος
2781 4024 2795 4047 ,
2842 3985 2960 4036 ἐπεὶ
2989 3985 3017 4035 6
3053 3982 3256 4050 μάρτυς
3290 3979 3428 4048 ξίφει
3453 3980 3547 4032 τοῦ
3583 3981 3682 4052 ζῇν
3711 3984 3842 4036 ἀτω-

2305 4075 2470 4144 χΘεὶς,
2501 4073 2721 4127 ἀνέλυσε
2752 4073 2884 4144 πρὸς
2907 4074 2963 4126 ὃν
3001 4071 3179 4124 ἐπόθει
3216 4070 3364 4133 Θεὸν,
3396 4069 3639 4139 Εὖσεὸίῳ
3665 4070 3841 4126 λοιπὸν

2304 4164 2668 4238 ἀπαρτίζεται.
2705 4161 2826 4233 Haze
2857 4165 2988 4217 satis
3018 4175 3197 4215 sunto.
3237 4158 3337 4223 Qui
3366 4172 3492 4212 vero
3545 4160 3700 4227 plura
3738 4161 3835 4214 hoc

2304 4256 2369 4309 de
2395 4272 2554 4325 opere
2579 4255 2719 4310 scire
2741 4255 2916 4309 studet
2942 4294 2956 4320 ,
3002 4253 3288 4321 scriplores
3331 4262 3397 4303 ex
3454 4253 3841 4306 recentioribus

2305 4345 2465 4398 modo
2488 4345 2728 4397 laudatos
2752 4344 2925 4397 adeat.

2372 4433 2435 4486 V.
2457 4435 2561 4488 Sed
2582 4449 2744 4487 unum
2763 4434 2935 4487 adhuc
2951 4433 3210 4486 hactenus
3228 4427 3385 4482 dictis
3408 4429 3841 4500 addidissejuve—

667 4557 863 4610 magno
913 4540 1087 4612 studio
1118 4537 1406 4600 instruxit;
1445 4537 1708 4590 Eusebius
1759 4519 1947 4609 deinde
1980 4531 2203 4599 ejusque
2236 4538 2277 4590 ι)
2306 4523 2374 4574 Pii
2401 4541 2415 4588 ;
2449 4540 2556 4592 QUO
2588 4525 3098 4585 ηῖῐηῖτιιῐη-Οοηειει,
3131 4527 3188 4571 υῑ
3221 4519 3842 4612 Yi'i‘dtltiliSSillli‘Verbis

665 4643 1006 4687 successores
1040 4624 1276 4698 episcopi
1326 4622 1682 4678 Caesarienses
1721 4628 2002 4676 servarunt
2049 4633 2211 4671 auxe-

669 4732 921 4790 runlque.
959 4717 1093 4770 Hinc
1134 4717 1313 4783 itaque
1351 4713 1664 4766 divisionem
1716 4713 1948 4781 capitum
1995 4710 2205 4778 qualem

671 4815 728 4866 ὃ.
780 4810 1088 4879 Pamphilus
1133 4803 1642 4873 digesserat,‘etiam
1671 4819 1734 4856 ex
1770 4804 1874 4857 illis
1931 4809 2208 4856 mutuatus

669 4917 806 4959 esse.
837 4899 1224 4953 versiculorum
1266 4908 1396 4947 vero
1428 4892 1648 4959 ipsemet
1691 4890 1968 4945 Euthalius
2024 4889 2210 4957 utique

669 4991 939 5044 addidisse
956 4990 1179 5043 videtur.
1200 4985 1560 5050 Exstatporro
1581 4980 1762 5032 eadem
1779 4981 1984 5042 ἔκθεσις
2009 4981 2210 5047 abSque

671 5083 884 5136 nomine
917 5081 1150 5134 auctoris
1197 5086 1321 5131 ante
1348 5070 1763 5130 commentarios
1787 5070 2096 5123 (Ecumenii
2156 5070 2206 5121 in

741 5237 849 5301 (11)
879 5234 1014 5287 Bibl.
1043 5232 1203 5301 Coisl.
1229 5273 1242 5293 ,
1277 5245 1395 5297 pag.
1436 5225 1519 5277 78.

741 5289 849 5370 {te}
879 5307 955 5356 Ad
990 5303 1123 5370 Opp.
1162 5289 1371 5371 ιιίίηὶρμῒ
1398 5306 1532 5371 Eun.
1571 5289 1635 5371 ιι,
1670 5306 1784 5356 pag.
1813 5289 1932 5340 9.09.

744 5358 852 5453 illi)
883 5358 1181 5453 l’i'olegom.
1207 5358 1275 5422 ad
1306 5367 1368 5419 N.
1398 5365 1544 5418 Test.
1575 5362 1668 5415 Gr.
1695 5398 1706 5418 ,
1749 5374 1900 5426 pagg.
1943 5358 2010 5411 45
2029 5368 2080 5411 ct
2110 5359 2204 5424 76,

673 5442 1184 5580 editi-illla‘rigeniait.
1217 5507 1309 5558 lib.
1339 5521 1411 5580 ιι...
1431 5519 1551 5572 cap.
1738 5499 1976 5580 lix-pag;
2015 5495 2136 5580 190.

743 5565 852 5644 (151
885 5565 1121 5632 Μέῆιοὶιν.
1151 5616 1164 5638 ,
1212 5587 1341 5629 ιοιιι.
1373 5573 1446 5638 V,
1579 5565 1698 5632 750,
1755 5576 1864 5620 nol.
1920 5565 1979 5617 11
2018 5579 2110 5617 sur
2151 5565 2206 5618 S.

676 5643 1026 5781 pail‘gllilist.
1062 5717 1221 5769 litter.
1260 5714 1456 5782 Aquit.
1480 5713 1579 5782 lib.
1611 5727 1660 5771 ν,
1694 5724 1810 5774 cap.
1838 5706 1888 5771 1,
2019 5704 2050 5758 5
2081 5712 2133 5758 et
2157 5703 2208 5769 6,

676 5798 729 5839 et
762 5802 873 5852 cap.
903 5785 954 5848 5,
995 5785 1022 5856 ﬂ
1055 5787 1106 5852 Ξ,
1136 5802 1287 5855 pagg.
1319 5781 1452 5849 ⁷208,
1483 5781 1605 5844 ἳὸι,
1651 5794 1800 5846 seqq.

2310 4620 2427 4664 utar
2464 4615 2597 4680 (9.5),
2637 4623 2881 4669 sanctum
2909 4622 3194 4680 martyrem
3219 4609 3272 4660 in
3309 4607 3545 4677 Origenis
3586 4612 3839 4681 Apologe—

2308 4705 2405 4753 tico
2431 4705 2738 4758 adornando
2761 4705 3074 4773 praclarum
3103 4715 3213 4751 sua:
3233 4700 3284 4751 in
3319 4699 3595 4754 Clu-istum
3631 4703 3843 4770 pietatis

2307 4803 2709 4846 monumentum
2766 4793 3064 4860 reliquisse.
3103 4787 3236 4840 Dum
3279 4789 3417 4840 enim
3453 4790 3538 4842 ille
3566 4792 3620 4843 in
3656 4792 3707 4844 id
3751 4807 3840 4859 po-

2308 4881 2574 4935 tissimum
2615 4883 2891 4946 incumbit,
2919 4881 3064 4934 ntab
3087 4879 3273 4931 haeresi
3305 4877 3502 4932 Ariana
3545 4881 3838 4934 immunem

2306 4975 2635 5026 demonstret
2666 4970 2945 5040 Origenem
2972 5010 2986 5034 ,
3032 4981 3193 5037 atque
3226 4970 3405 5022 animo
3452 4972 3524 5025 ita
3563 4987 3842 5042 compara-

2308 5057 2411 5125 tus,
2441 5061 2698 5129 quidquid
2729 5065 2934 5130 uspiam
2960 5064 3024 5115 de
3061 5059 3194 5112 Filio
3229 5059 3320 5113 Dei
3347 5045 3703 5116 Adamantius
3759 5063 3838 5116 lu-

2376 5215 2733 5337 (l7)‘()iiggcn.
2759 5216 2887 5285 Opp.
2920 5228 3048 5270 tom.
3074 5215 3158 5281 ιγ,
3191 5217 3241 5268 in
3262 5215 3480 5270 admon.
3504 5215 3569 5268 ad
3603 5217 3840 5284 Apolog..

2377 5303 2458 5337 ce.
2525 5316 2548 5324 -
2624 5322 2638 5336 .

2343 5303 2458 5341 aea.
2493 5289 2638 5337 l-lti.

2307 5303 2458 5358 pagg.
2493 5303 2638 5337 ι-ιυ.

2377 5357 2487 5420 (18)
2522 5355 2659 5405 Hist.
2683 5357 2804 5406 eccl.
2834 5356 2920 5406 lib.
2957 5372 3007 5407 vr
3033 5393 3046 5416 ,
3083 5369 3200 5420 cap.
3225 5353 3319 5406 35.

2406 5369 2487 5420 ιδ)
2522 5369 2659 5405 mst.
2683 5369 2804 5406 ecct.
2834 5369 2920 5406 ιιι).
2957 5372 3007 5407 VI
3033 5393 3046 5416 ,
3083 5369 3141 5406 ca
3187 5385 3228 5405 .›

2406 5428 2483 5492 l9)
2512 5423 2584 5475 De
2620 5424 2711 5474 rir.
2744 5424 2933 5476 illustr.
2964 5463 2977 5483 ,
3003 5438 3119 5491 cap.
3147 5369 3229 5477 95.

2377 5496 2489 5563 (⁸20)
2520 5494 2658 5545 Hist.
2692 5492 2814 5563 eccl.
2851 5495 2943 5546 lib.
2973 5509 3064 5551 nt,
3096 5508 3211 5559 cap.
3247 5493 3296 5546 7.

2377 5562 2486 5632 (2|)
2519 5563 2660 5614 Hist.
2691 5562 2813 5613 eccl.
2846 5563 2934 5613 lib.
2963 5578 2993 5612 χ
3014 5600 3028 5622 ,
3052 5578 3167 5628 cap.
3204 5563 3286 5616 14.

2377 5635 2488 5700 (22)
2514 5634 2650 5685 Bibl.
2677 5633 2795 5685 cod.
2829 5647 2987 5684 cxvnt
3015 5671 3030 5693 ,
3061 5647 3192 5700 pag:
3213 5632 3336 5685 295.

2378 5699 2765 5786 (“Elui-larum,
2799 5700 2868 5754 De
2889 5702 3047 5754 divin.
3077 5699 3128 5754 J.
3158 5699 3217 5754 C.
3253 5701 3345 5759 lib.
3377 5716 3454 5766 tv,
3484 5701 3711 5772 0:924,
3739 5699 3846 5769 υἱ,

2312 5787 2428 5840 pag.
2462 5774 2582 5827 554.
