4118 6350
245 450 387 537 1535

1745 484 1945 570 ACTA.

3313 496 3443 553 1534

242 596 613 682 calentissime
664 560 866 666 docuit,
898 600 1118 685 sedulus
1144 574 1366 671 colligit,
1407 600 1645 670 illudque
1672 600 1791 669 ejus
1893 617 1948 656 se
1974 601 2131 670 laesos
2149 614 2339 672 putant
2361 604 2433 658 alr
2456 619 2522 659 eo
2548 606 2640 675 qui
2678 606 2745 660 de
2789 608 3021 678 Origene
3064 618 3187 667 'non
3240 615 3439 685 aliquid

242 678 693 743 obtrectatoribus
722 684 947 759 objicit;
982 691 1111 759 quid
1158 690 1274 759 ipse
1320 706 1534 760 quoque
1580 690 1647 744 de
1689 690 1789 745 hoc

240 776 518 846 praecipuo
546 778 822 833 catholicae
862 780 1103 834 veritatis
1128 780 1301 849 capite
1330 780 1555 835 sentiret
1577 820 1593 846 ,
1634 779 1790 849 plane

237 878 576 935 compertum
604 868 765 923 fecit;
1562 877 1565 881 ’

312 952 498 1026 Neque
535 957 639 1011 ulla
673 958 911 1023 demum,
942 960 1115 1030 pergit
1145 959 1227 1014 vir
1254 960 1323 1021 cl,
1347 1002 1363 1027 ,
1408 960 1647 1030 legitima
1696 977 1790 1017 su-

241 1044 415 1113 spicio
436 1046 605 1101 estde
649 1048 752 1103 ﬁde
786 1047 985 1115 Ruﬁni,
1012 1050 1104 1119 qui
1138 1050 1280 1105 hunc
1302 1050 1685 1129 Apologcticum
1732 1050 1786 1104 in
1819 1094 1825 1104 λ

240 1133 493 1190 Latinum
516 1133 806 1191 transtulit.
844 1138 1118 1208 Siquidem
1140 1139 1431 1214 quominus
1462 1138 1517 1191 in
1538 1152 1602 1192 eo
1626 1145 1789 1206 opere

238 1224 451 1280 Latinis
481 1226 673 1295 litteris
721 1229 992 1283 reddendo
1034 1229 1087 1284 id
1126 1230 1388 1300 interpres
1434 1228 1790 1284 committeret

236 1317 381 1388 quod
408 1317 461 1369 in
491 1318 612 1374 aliis
632 1319 894 1388 ejusmodi
925 1320 1395 1376 lucubrationibus
1433 1320 1534 1374 sibi
1570 1319 1786 1385 licuisse

210 1404 588 1471 existimavit,
618 1408 885 1464 deterrere
915 1420 1056 1465 certe
1080 1410 1255 1479 ipsum
1300 1408 1480 1463 debuit
1520 1417 1696 1463 metus
1719 1408 1787 1462 ab

235 1490 486 1563 Origeuis
512 1496 837 1554 adversariis
870 1487 1119 1568 injectus,
1144 1499 1341 1570 quibus
1363 1498 1698 1553 stomachum
1726 1514 1785 1553 se

234 1581 505 1639 facturum
533 1588 764 1653 videbat,
816 1590 1063 1660 quamvis
1092 1604 1198 1644 non
1232 1604 1390 1644 suum
1423 1580 1455 1655 ,⁷
1490 1589 1583 1643 sed
1612 1589 1785 1643 sancti

206 1669 500 1744 Pamphili
544 1678 612 1733 de
662 1678 889 1749 Origene
912 1680 1173 1748 judicium
1246 1679 1551 1755 proferret:
1583 1689 1784 1749 quanto

233 1763 412 1835 magis
441 1765 642 1837 siquid
671 1768 786 1837 ipse
818 1768 1155 1837 inseruisset,
1183 1760 1327 1841 quOd
1360 1786 1533 1841 neque
1579 1772 1647 1827 ab
1668 1769 1786 1826 Ori-

232 1868 372 1923 gene
391 1856 649 1926 scriptum
675 1900 690 1925 ,
721 1874 896 1928 neque
931 1875 961 1914 a
991 1870 1178 1917 sancto
1217 1861 1499 1932 Pamphilo
1532 1862 1780 1929 relatum,

217 1938 410 2002 'evinci
436 1949 723 2019 aliquando
750 1952 1053 2020 potuisset?
1146 1952 1150 1955 ’
1352 2014 1353 2017 η
1558 2000 1561 2004 .
1645 1949 1654 1954 ”

304 2036 458 2102 Quod
494 2040 709 2108 quidem
731 2056 791 2094 ex
829 2042 982 2095 initio
1014 2040 1345 2110 praefationis
1372 2040 1667 2095 Ruﬁniana:
1713 2041 1778 2095 li-

231 2126 405 2194 quido
425 2138 655 2183 constat.
697 2128 785 2185 Sic
829 2131 973 2185 enim
1012 2132 1275 2202 interpres
1322 2131 1613 2187 Macarium
1649 2134 1779 2187 allo-

233 2224 439 2302 cutus:
468 2238 488 2270 ι
521 2218 762 2290 lnjungis
788 2223 1095 2300 mihiqrem,
1137 2224 1332 2295 inquit,
1361 2215 1481 2294 qua:
1506 2224 1600 2303 tibi
1629 2217 1779 2295 agni-
1802 2290 1809 2297 λ

230 2316 300 2363 ta:
328 2298 571 2364 veritatis
596 2311 822 2381 gratiam
856 2298 1098 2368 conferat
1133 2332 1145 2367 :
1180 2315 1314 2368 mihi
1337 2298 1642 2369 tamennon
1677 2316 1777 2370 du-

231 2396 346 2452 bito
377 2397 508 2469 quin
536 2399 793 2455 oﬂ‘ensam
826 2404 1113 2457 maximam
1140 2413 1412 2473 comparet
1441 2418 1627 2456 eorum
1680 2403 1773 2473 qui

1890 691 2027 746 male
2050 698 2300 771 senserit.
2335 695 2401 748 Et
2426 699 2671 764 quamvis
2703 712 2808 751 non
2832 712 3009 754 meam
3042 702 3108 756 de
3137 720 3202 757 eo
3227 704 3457 761 semen?
3496 740 3499 743 ‹

1888 784 2035 846 tiam,
2066 784 2156 869 sed
2180 786 2349 839 sancti
2382 788 2631 858 martyris
2673 787 2932 869 Pamphili
2984 794 3288 851 sciscitatus
3319 798 3440 862 sis,

1874 882 1941 939 et
1972 863 2163 927 librum
2197 874 2337 943 ejus,
2370 878 2529 945 quem
2561 892 2660 946 pro
2708 863 2941 950 Origene
2983 881 3037 935 in
3069 882 3257 939 Graeco
3304 888 3440 957 seri-

1885 961 2055 1032 psisse
2086 964 2314 1019 traditur
2336 1006 2352 1032 ,
2398 969 2677 1023 transferri
2725 971 2817 1025 tibi
2850 977 3163 1041 poposceris
3207 977 3260 1030 in
3290 977 3437 1031 Latio
3458 1046 3479 1054 Α

1886 1066 2051 1118 num;
2081 1060 2259 1106 tamen
2286 1069 2391 1107 non
2428 1054 2616 1110 dubito
2643 1056 2872 1126 futuros,
2898 1063 2990 1129 qui
3018 1074 3077 1116 et.
3097 1063 3149 1115 in
3179 1077 3245 1116 eo
3279 1064 3438 1118 laesos

1883 1155 1943 1196 se
1967 1150 2170 1211 putent,
2198 1144 2243 1197 si
2273 1160 2371 1199 nos
2397 1145 2597 1215 aliquid
2632 1163 2732 1216 pro
2759 1163 2825 1203 eo
2852 1151 2935 1203 vel
2963 1151 3136 1205 alieno
3187 1168 3436 1207 sermone

1884 1229 2150 1286 dicamus.
2192 1249 2212 1283 ι
2240 1230 2411 1285 Tanta
2443 1247 2606 1301 porro
2634 1235 2851 1299 cautio,
2882 1244 2943 1289 ut
2963 1252 3084 1290 cum
3128 1237 3246 1291 viro
3277 1237 3436 1290 docto

1884 1306 2294 1388 concludamus,
2323 1322 2502 1377 nimiae
2522 1323 2754 1379 licentiae
2781 1313 3166 1396 suspicionem
3194 1342 3302 1381 non
3335 1342 3438 1395 pa-e

1877 1413 2031 1489 titur,
2054 1428 2153 1468 nec
2176 1412 2356 1467 Rufini
2383 1428 2576 1468 nomen
2623 1414 2690 1468 de
2722 1404 3175 1477 testimoniorum?
3200 1417 3437 1486 pondere

1882 1504 2081 1571 aliquid
2121 1503 2405 1557 detrahere
2430 1504 2557 1571 jure
2581 1504 2758 1558 debet.
2784 1504 2916 1559 lllud
2950 1520 3167 1575 quoque
3205 1506 3433 1568 accedit,

1883 1594 2025 1663 quod
2058 1608 2123 1647 cx
2150 1593 2359 1648 laciniis
2380 1580 2588 1669 Graecis
2608 1584 2968 1664 Origenianis,
2994 1597 3108 1650 suis
3130 1597 3435 1665 quibusque

1881 1683 2017 1737 locis
2044 1682 2285 1746 intextis,
2323 1684 2390 1737 de
2410 1684 2633 1752 reliquis
2661 1685 2822 1738 etiam
2859 1686 2945 1738 ubi
2978 1701 3097 1740 esse
3120 1687 3331 1747 desunt,
3359 1686 3436 1739 in-

1884 1773 2136 1842 terpretis
2160 1771 2291 1827 ﬁdes
2344 1771 2583 1827 fulcitur.
2635 1775 2896 1828 Caeterum
2953 1791 3211 1845 nuperam
3270 1776 3433 1851 hujus

1888 1865 2200 1935 Apologetici
2228 1865 2362 1919 satis
2390 1865 2715 1920 luculentam
2744 1868 3033 1921 editionem
3070 1861 3429 1937 Parisiensem

1809 1935 1856 1993 Β
1884 1955 2024 2027 typis
2048 1955 2449 2024 exprimendam
2478 1959 2807 2027 curavimus.

1953 2046 2049 2099 His
2073 2061 2235 2116 porro
2260 2045 2322 2100 Β.
2345 2046 2608 2117 Pamphili
2655 2050 2906 2117 Operibus
2937 2092 2950 2113 ,
3008 2049 3137 2105 Acta
3168 2046 3430 2117 passionis

1882 2133 2125 2207 ejusdem
2157 2133 2453 2204 adjecimus
2476 2176 2492 2200 ,
2525 2152 2592 2191 ex
2618 2138 2772 2191 libris
2823 2136 3037 2191 Eusebii
3084 2136 3433 2192 Caesariensis

1880 2226 2185 2295 desumpta,
2215 2242 2335 2295 quae
2359 2229 2706 2284 doctissimus
2732 2217 3132 2301 Papebroeliius
3144 2230 3300 2299 juxta
3324 2246 3430 2286 ms.

1878 2314 2173 2371 Mediceum
2196 2316 2338 2386 regis
2375 2316 2825 2376 Cbristianissimi
2853 2319 3284 2391 evulgavitiﬂ).

744 2787 1120 2919 ACTA
1207 2806 1942 2919 PASSIONIS
2027 2805 2141 2922 S.
2239 2810 2912 2923 PAMPHILI
2970 2902 3024 2922 ..

1530 3040 2143 3131 MARTYRIS.

282 3233 391 3294 Ex
446 3230 626 3295 libris
654 3234 907 3296 Eusebii
940 3233 1333 3297 Casariensis
1361 3233 1432 3295 de
1459 3230 1631 3293 illius
1667 3212 1826 3304 Vita,
1848 3231 2047 3310 juxta
2075 3250 2185 3293 ms.
2232 3230 2569 3293 Mediceum
2624 3230 2789 3307 regis
2838 3215 3373 3333 Christianissin...
3418 3288 3427 3294 .

1594 3544 1791 3608 mus
1831 3494 2071 3607 PRlOR

466 3702 713 3761 Omnium
737 3705 1009 3760 duodecim
1042 3705 1131 3775 qui
1184 3721 1301 3759 cum
1347 3708 1460 3776 ipso
1488 3700 1633 3775 passi
1669 3715 1811 3774 sunt,
1840 3716 1994 3775 atque
2023 3702 2078 3758 in
2101 3704 2287 3775 primis
2314 3703 2580 3775 Pamphili
2607 3704 2787 3759 laudes
2811 3702 3175 3767 complectens.

288 3875 585 3947 Δ⁹.Καιρὸς
605 3875 667 3946 δὴ
682 3876 837 3928 καλεῖ
856 3875 989 3947 πρὸς
1011 3876 1141 3927 πᾶσι
1170 3874 1228 3927 τὸ
1252 3876 1393 3945 μέγα
1418 3848 1510 3929 ita).
1524 3876 1771 3947 περιϐόη-

1940 3873 1983 3929 ῐ.
2018 3874 2256 3947 Tempus
2288 3890 2433 3934 nunc
2485 3881 2669 3929 monet
2706 3885 2889 3926 coram
2920 3871 3175 3953 omnibus
3206 3873 3423 3943 aperire

214 3979 309 4019 ⁴νον
322 3965 675 4035 ἀνιπορῆσαι
700 3963 923 4034 θέατρον
970 3960 1250 4032 Παμφίλου
1277 3963 1369 4015 τοῦ
1397 3962 1776 4033 ἀγίου’μάρτυ-

218 4071 311 4131 ρος
323 4054 528 4109 καὶτῶν
543 4056 636 4107 σὺν
651 4054 794 4124 αὐτῷ
810 4051 1195 4105 τελειωθέντων
1220 4052 1531 4122 Θαυμασίων
1546 4052 1771 4123 ἀνδρῶν,

212 4146 312 4199 καὶ
363 4144 730 4215 πολυτρόπους
765 4143 1042 4205 εὐσεόείας
1093 4142 1284 4204 ἄθλους
1331 4144 1768 4213 ὲπιδεδεγμένων.

213 4235 490 4287 Πλείστων
546 4232 675 4301 γοῦν
733 4235 869 4286 ὅσων
924 4232 1061 4285 κατὰ
1116 4232 1204 4283 τὸν
1256 4235 1613 4304 ἐγνωσμένον
1641 4235 1771 4303 ἡμῖν

212 4324 479 4395 διωγμὸν,
520 4324 938 4395 ἁνδρισαμένων,
986 4326 1075 4377 τὸν
1112 4325 1235 4393 περὶ
1273 4318 1347 4378 ὧν
1390 4327 1418 4377 ό
1456 4327 1607 4394 λόγος
1633 4321 1772 4390 ἀγῶ-

201 4433 285 4475 ’να
330 4415 714 4480 σπανιώτατον,
755 4418 814 4471 ὃν
862 4420 1020 4491 ἡμεῖς
1070 4418 1330 4488 ἔγνωμεν,
1389 4420 1768 4490 ἱστορήσαμεν,

214 4506 428 4578 ἀθρόως
460 4508 516 4560 ὲν
548 4506 693 4577 αὐτῷ
737 4509 846 4560 πᾶν
880 4503 1014 4569 εἶδος
1043 4504 1260 4573 ἡλικιῶν
1288 4522 1345 4557 τε
1383 4506 1649 4575 σώματος.
1679 4504 1773 4557 καὶ

212 4597 399 4668 ψυχῶν
426 4595 681 4665 ἀγωγῆς,
729 4596 844 4665 βίου
893 4613 952 4649 τε
1005 4594 1097 4647 καὶ
1137 4595 1475 4663 ἀναστροφῆς
1516 4593 1771 4665 διαφόρου

214 4687 620 4759 περιειληφότα,
654 4686 896 4755 βασάνων
930 4705 989 4739 τε
1028 4685 1282 4747 ποικίλοις
1327 4685 1506 4745 εἴδεσι,
1543 4687 1772 4749 καὶτοῖς

214 4780 356 4836 κατὰ
395 4779 454 4833 τὸ
484 4777 682 4839 τέλειον
720 4774 1012 4849 μαρτύριον
1044 4774 1453 4843 ἐνηλλαγμένως
1492 4776 1773 4851 στεφάνοις

213 4871 562 4941 κεκοσμένον.
596 4870 767 4933 Νέους
798 4886 856 4922 τε
889 4870 994 4939 γὰρ
1023 4863 1089 4936 ἦν
1121 4859 1385 4926 ίδεῖν,καὶ
1418 4865 1610 4937 κομιδῇ
1645 4868 1769 4918 παῖ-

212 4963 310 5025 δας
350 4958 457 5011 τῶν
490 4960 586 5011 σὺν
615 4959 795 5023 αὐτοῖς
823 4959 1128 5028 Αἰγυπτίων
1163 4956 1333 5018 τινὰς,
1368 4957 1521 5027 ἡμῶν
1552 4959 1676 5019 τοὺς
1716 4955 1771 5009 δὲ

194 5038 405 5115 ἄλλους
429 5044 670 5120 (μεθ’-ὧν
700 5053 791 5103 καλ¹
823 5055 851 5104 ὁ
880 5048 1179 5120 Πορφύριος
1202 5044 1297 5117 ἦν)
1328 5046 1591 5117 ἀκμαίους
1617 5064 1675 5098 τε
1703 5041 1767 5099 αὖ

218 5139 430 5213 σώματί
450 5156 508 5191 τε
529 5138 663 5209 ὁμοῦ
688 5141 779 5193 καὶ
803 5140 1076 5210 φρονήσει,
1110 5136 1233 5198 τοὺς
1265 5136 1404 5204 ἀμφὶ
1437 5136 1495 5187 τὸ
1530 5134 1768 5188 ποθεινόν

1872 3965 2145 4021 theatrum
2194 3980 2451 4035 magnum
2508 3961 2649 4017 istud
2694 3962 2758 4015 ac‘
2797 3962 3210 4018 celeberrimum
3248 3967 3422 4021 sancti

1872 4055 2124 4125 martyris
2178 4053 2475 4121 Pamphili,
2507 4060 2560 4105 et
2590 4066 2777 4105 eorum
2826 4054 2916 4120 qui
2945 4054 3225 4123 cum'ipsu
3255 4055 3419 4111 vitam
3532 4048 3533 4053 “

1872 4148 2161 4201 ﬁniverunt
2192 4142 2591 4198 admirabilium
2642 4145 2904 4209 virorum,
2934 4154 2988 4199 et
3019 4160 3115 4214 per
3147 4147 3292 4219 varia
3324 4160 3425 4215 pro

1870 4240 2067 4308 pietate
2117 4234 2410 4291 certamina
2464 4233 2984 4303 circumductorum.
3042 4234 3251 4291 Etenim
3300 4239 3421 4291 licet

1870 4327 2087 4397 plurimi
2115 4342 2180 4381 ex
2214 4324 2389 4388 nobis,
2422 4328 2665 4393 tempore
2686 4326 3081 4388 persecutionis
3112 4338 3295 4382 contra
3320 4344 3420 4383 nos

1870 4417 2170 4486 publicatae,
2203 4420 2419 4467 strenue
2447 4427 2565 4465 sese
2592 4413 2894 4480 gesserint;
2927 4412 3121 4467 horum
3149 4423 3326 4468 tamen
3352 4415 3419 4469 de
3491 4437 3494 4439 λ

1869 4508 2064 4575 quibus
2094 4520 2235 4559 nunc
2261 4516 2439 4556 sermo
2474 4490 2574 4565 est,
2605 4501 2947 4557 rarissimum
2968 4520 3202 4574 agonem
3235 4506 3416 4559 nobis-

1869 4613 1973 4668 que
2014 4597 2305 4665 cognitum,
2338 4594 2456 4649 ideo
2489 4592 3058 4662 potiusscrip’simus;
3094 4596 3227 4663 quia
3267 4595 3320 4647 in
3352 4609 3419 4647 eo

1870 4688 2047 4743 statim
2083 4682 2374 4754 apparebit,
2407 4682 2553 4735 velut
2581 4684 2685 4737 sub
2717 4700 2827 4738 uno
2860 4693 3110 4753 aspectu,
3139 4698 3297 4735 omne
3324 4697 3418 4750 ge-

1870 4792 1971 4829 nus
2001 4786 2111 4828 tum
2140 4773 2309 4825 aetatis
2341 4786 2633 4838 corporeae,
2668 4782 2781 4825 tum
2815 4770 3110 4840 spiritualis
3140 4768 3415 4821 conditio-

1870 4866 1973 4930 nis,
2008 4865 2235 4930 vitaeque
2277 4870 2330 4915 et
2372 4862 2676 4915 studiorum
2722 4862 3005 4915 diversitas
3054 4873 3244 4926 magna
3270 4899 3283 4922 ,
3321 4861 3415 4913 sed

1869 4954 2133 5021 imprimis
2157 4951 2387 5005 varietas
2420 4952 2811 5005 tormentorum
2836 4961 2997 5017 atque
3018 4949 3209 5002 exinde
3230 4964 3418 5004 secun-

1866 5045 1991 5097 dum
2040 5042 2282 5111 martyrii
2329 5044 2591 5113 cujusque
2636 5040 3155 5097 consummationem
3200 5050 3414 5111 parata-

1867 5149 1985 5187 rum
2020 5133 2213 5201 cuique
2239 5148 2582 5187 coronarum.
2614 5130 2746 5183 Nam
2772 5116 2955 5199 vide-re
2987 5139 3101 5181 erat
3148 5130 3410 5199 quosdam

220 5202 316 5306 μοι
352 5230 539 5301 δνομα,
562 5202 660 5283 οιαὶ
688 5230 776 5282 τὸν
815 5202 1100 5301 ;ίαμνήτην
1144 5202 1372 5290 Παῦλον,
1412 5226 1667 5280 Σέλευκόν
1708 5240 1767 5275 τε

1876 5240 2055 5279 eorum
2083 5226 2175 5294 qui
2202 5227 2340 5280 inter
2362 5225 2507 5293 ipsos
2527 5232 2680 5277 erant
2704 5218 3077 5289 Egyptiorum
3106 5220 3216 5289 (‘25)
3234 5220 3414 5289 junio-

216 5322 314 5378 καὶ
352 5320 650 5383 Ἰουλιανόν,
702 5319 866 5389 ἄμφω
906 5320 1003 5389 τῆς
1036 5317 1413 5370 Καππαδοκῶν
1444 5318 1543 5386 γῆς
1579 5315 1765 5384 ὡρμη-

217 5410 411 5484 μένους
435 5425 449 5438 ο
487 5403 625 5478 ἦσαν
652 5408 707 5459 δὲ
726 5410 782 5459 ὲν
808 5410 986 5470 αὐτοῖς
1014 5409 1106 5459 καὶ
1136 5407 1252 5474 ἱερᾷ
1282 5405 1458 5475 πολιᾷ,
1490 5401 1766 5474 βαθυτάτῳ

212 5518 281 5574 γε
313 5501 457 5573 γήρᾳ
489 5496 909 5567 πεπυκασμένοι,
953 5498 1162 5568 Οὐάλης
1187 5498 1427 5561 διάκονος
1471 5497 1565 5579 τῆς
1608 5495 1765 5564 Ἱερο-

436 5674 569 5749 ﬁcta
597 5670 695 5749 S_S.
719 5713 733 5749 ε
759 5670 884 5723 Jun.
911 5682 945 5724 t.
975 5671 1016 5749 l_.
1048 5689 1100 5741 p.
1134 5671 1222 5735 64,
1248 5686 1399 5749 seqq.
1514 5738 1545 5749 ,Α
1602 5736 1612 5747 ⁸

291 5742 654 5815 (25).Procul
687 5742 753 5795 ab
800 5743 1037 5795 auctoris
1070 5750 1245 5815 m‘cnte
1289 5742 1552 5793 aberravit
1600 5742 1773 5815 inter-

219 5808 549 5888 ντες-,ἐβίω
600 5811 951 5880 Lipomanum
1000 5821 1053 5863 et
1103 5811 1342 5888 Surium,
1399 5823 1519 5888 cum
1560 5808 1761 5888 vertit:

222 5876 584 5942 Ἇόοιὲσιὶηιεε
615 5876 891 5950 ιε’ριιεγοε,
924 5889 1070 5949 atquc
1098 5881 1224 5932 adeo
1255 5879 1403 5947 plane
1433 5876 1681 5944 infantes,
1704 5891 1766 5931 et

1874 5330 1959 5370 res
1991 5324 2150 5385 atque
2198 5316 2417 5370 omnino
2445 5327 2676 5383 pueros;
2712 5311 2847 5363 alios
2878 5318 3057 5364 autem
3105 5321 3409 5365 nostrorum

1875 5407 1952 5471 (in
2006 5405 2203 5475 quibus
2252 5404 2412 5457 etiam
2458 5399 2788 5469 Porphyrius
2839 5399 2974 5467 erat)
3009 5398 3207 5468 viribus
3254 5396 3410 5447 simul

1872 5498 2114 5565 corporis
2160 5493 2322 5548 simul
2360 5500 2412 5546 et
2448 5490 2610 5543 animi
2662 5488 2944 5558 prudentia
2999 5488 3273 5547 robustos;
3320 5500 3412 5539 eos

1872 5675 1937 5729 iis
1970 5672 2055 5740 qui
2086 5678 2230 5722 erant
2259 5682 2374 5740 cunt
2404 5666 2531 5740 ipsis
2560 5664 2828 5740 (fortassis
2859 5660 3126 5740 Egyptiis
3153 5659 3412 5723 interpres

1874 5729 2201 5811 scripserat,
2228 5737 2302 5789 uti
2345 5729 2591 5811 debebat)
2626 5734 2757 5811 qlia:
2794 5741 2983 5811 .atllenit‘
3016 5729 3413 5811 pubescentes...

1874 5797 2049 5879 αδηερε
2079 5797 2201 5860 mihi
2234 5797 2595 5859 charissimam
2625 5802 2903 5857 Jamaitem
2938 5797 3187 5853 Paulum,
