4118 6350
688 412 823 473 I347

1890 410 1946 463 S.
1990 409 2306 464 PAMPlllLl
2350 410 2705 465 MARTYRI‘S

3768 413 3788 463 l
3800 412 3890 465 548

684 542 895 597 Etenim
917 539 1089 609 ipsum
1111 534 1391 621 Porphyrii
1416 534 1573 587 finem
1598 530 1877 600 Pamphilo
1899 532 2232 615 nuntiantem

2343 531 2556 601 κλήρου.
2602 530 2805 583 Λύτίκα
2836 530 2885 597 γ’
2917 522 3006 581 οὖν
3042 526 3612 595 διαγγείλαντααύτδν
3650 525 3729 595 τῷ
3761 528 3897 595 Παμ-

684 632 846 689 simlil
879 622 931 686 et
968 640 1262 700 martyrum
1298 636 1569 682 catervam
1606 626 1961 691 osculantem,
1996 639 2240 694 compre-
2278 645 2282 649 η

686 726 987 780 henderunt
1023 722 1241 784 milites,
1285 729 1447 788 atque
1479 720 1544 771 ad
1590 717 1963 786 proconsulem
2004 716 2241 770 adduxe-

686 825 840 873 runt:
854 816 968 885 qui,
983 800 1137 885 quasi
1157 828 1319 866 morae
1348 811 1632 880 impatiens
1649 802 1819 863 donec
1837 809 1922 861 ille
1939 809 2098 862 simul
2116 823 2238 860 eum

687 909 1015 978 praecedente
1041 894 1342 975 Porphyrio
1390 904 1517 957 hinc
1561 890 1833 971 migraret,
1869 901 2030 969 jussit
2066 893 2239 968 ipsum

685 988 899 1071 capitali
919 986 1183 1054 Sententia
1213 996 1389 1064 plecti.
1414 993 1642 1048 Venerat
1664 991 1752 1047 hic
1782 1008 1844 1045 ex
1874 989 2236 1059 Cappadocia,

684 1089 1475 1159 vehementerqueinclaruerat
1493 1079 2240 1147 militaribusexercitiisHO),

683 1196 736 1235 ct
763 1198 868 1245 non
898 1175 1238 1235 mediocriter
1263 1176 1402 1245 apud
1420 1174 1694 1227 Romanos
1714 1181 1994 1241 promotus
2026 1169 2198 1223 fuerat
2223 1185 2236 1233 ;

682 1276 977 1344 quinetiam
1016 1280 1169 1326 aetate
1202 1279 1255 1323 et
1291 1268 1532 1336 corporis
1569 1266 1760 1319 robore
1788 1263 2089 1330 viriumque
2122 1272 2238 1312 ma:-

681 1366 959 1437 gnitudine
997 1373 1051 1417 et
1089 1363 1285 1416 virtute
1315 1361 1603 1431 plerosque
1638 1356 1919 1410 hominum
1953 1354 2238 1408 antecede-

682 1458 801 1521 bat;
838 1450 960 1509 nam
984 1456 1134 1508 vultu
1164 1454 1280 1522 ipso
1313 1452 1603 1506 admodum
1632 1446 1937 1526 spectabilis
1968 1460 2076 1513 prae
2105 1460 2239 1497 cun-

682 1550 808 1611 ctis,
840 1547 1070 1618 speciem
1104 1544 1425 1616 praeferebat
1450 1542 1811 1609 undequaque
1840 1536 2237 1607 dignissimam,

681 1639 870 1693 formae
896 1637 1107 1692 eximiae
1130 1635 1321 1705 gratia.
1357 1632 1556 1687 Fuerat
1585 1641 1763 1685 autem
1798 1630 1955 1683 initio
1983 1640 2239 1697 persecu-

683 1733 848 1785 tionis
869 1736 1084 1799 propter
1117 1726 1238 1780 fidei
1274 1724 1664 1799 confessionem
1699 1721 2029 1776 certantibus
2062 1733 2237 1772 annu-

682 1834 923 1878 meratus
965 1836 1059 1890 per
1094 1819 1428 1883 tolerantiam
1473 1818 1791 1881 verberum;
1849 1813 1944 1868 sed
1991 1810 2237 1865 abdicata

2344 623 2480 692 φίλῳ
2504 622 2564 674 τὸ
2592 622 2681 674 τοῦ
2713 621 3015 691 Πορφυρίου
3050 620 3217 681 τέλος,
3249 619 3340 671 καὶ
3368 617 3473 670 τῶν
3502 617 3792 687 μαρτύρων
3816 613 3896 670 τιν

2343 713 2511 783 δῆμον
2563 712 2620 763 ἐν
2674 711 2935 781 φιλήματι
2994 700 3396 778 ἀσπασάμενον,
3459 705 3806 768 συλλαϐόντες
3853 710 3915 757 οἱ·

2346 803 2671 874 στρατιῶται
2738 802 2959 869 ἄγωσιν
3024 802 3114 854 ἐπὶ
3178 801 3266 851 τὸν
3319 799 3639 868 ἡγούμενον.
3704 799 3763 850 '0
3816 798 3894 858 δὲ,

2343 894 2527 967 ὥσπερ
2561 892 2897 946 ἐπισπεύδων
2942 891 3023 961 τῷ
3064 890 3310 961 προτέρῳ
3343 888 3501 941 αὑτὸν
3536 888 3898 956 συναπόδημον

2341 984 2609 1051 γενέσθαι,
2643 984 2847 1052 κεφαλῇ
2881 981 3205 1051 κολασθῆναι
3234 980 3571 1050 προστάττει.
3612 981 3721 1048 Τῆς
3754 981 3901 1031 Καπ-

2342 1075 2588 1128 παδοκῶν
2621 1068 2775 1137 οὗτος
2804 1074 3027 1142 ὡρμᾶτο
3062 1073 3193 1141 τῆς·
3224 1071 3578 1142 λαμπρότατα
3616 1072 3675 1123 δὲ
3712 1072 3819 1123 τῶν
3847 1072 3897 1121 ὲν

2342 1166 2648 1236 στρατείαις
2681 1164 3063 1234 εὐδοκιμήσας,
3093 1164 3201 1216 τῶν
3234 1164 3291 1214 ἐν
3340 1164 3670 1231 Ῥωμαϊκαῖς
3711 1177 3901 1231 προκο-

2340 1260 2469 1318 παῖς
2506 1258 2566 1308 οὐ
2598 1260 2797 1327 μικρᾶς
2824 1255 3149 1325 ἐπείληπται
3175 1254 3329 1317 ἀξίας
3350 1272 3361 1282 ·
3406 1255 3465 1305 οὐ
3504 1253 3608 1322 μὴν
3657 1253 3792 1306 ἀλλά
3818 1252 3901 1304 καὶ

2339 1348 2473 1417 αὐτῇ
2511 1348 2714 1418 ’ἡλικίᾳ
2765 1348 2859 1400 καί⁵
2907 1346 3065 1419 ῥώμῃ
3113 1344 3653 1416 σιτ)ματος,’μεγέθει
3710 1362 3769 1395 τε
3816 1346 3903 1396 καὶ

2342 1440 2541 1509 ἰσχύος,
2567 1442 2731 1510 ἀρετῇ
2760 1440 3009 1491 πλεῖστον
3048 1440 3171 1491 ὅσον
3197 1434 3319 1500 τοὺς
3349 1438 3565 1498 λοιποὺς
3595 1435 3903 1506 ἀνθρώπους

2341 1531 2676 1583 ἐπλεονέκτει
2694 1571 2707 1595 ,
2741 1531 2834 1584 καὶ
2862 1531 2960 1601 τὴν
2992 1528 3254 1599 πρόσοψιν
3274 1528 3329 1580 δὲ
3366 1527 3530 1596 αὐτὴν
3551 1527 3905 1597 περίϐλεπτος

2335 1616 2402 1689 ῆν
2427 1625 2537 1683 τοῖς
2566 1623 2715 1686 πᾶσι,
2758 1623 2813 1675 τό
2841 1639 2899 1674 τε
2949 1623 3056 1673 πᾶν
3084 1616 3219 1682 εἶδος
3259 1618 3605 1686 ἀξιάγαστος,
3646 1618 3902 1686 μεγέθους

2338 1710 2499 1762 ἕνεκα
2529 1714 2617 1763 καὶ
2649 1712 2966 1782 εὐμορφίας
3004 1710 3279 1781 καταρχὰς
3304 1710 3402 1780 μὲν
3434 1705 3526 1761 οὖν
3554 1704 3792 1778 διωγμοῦ
3825 1709 3905 1760 διὰ

2346 1801 2621 1870 μαστίγων
2650 1802 2941 1872 ὑπομονῆς,
2972 1805 3081 1864 τοῖς
3108 1801 3246 1853 κατά
3270 1799 3365 1871 τὴν
3396 1799 3684 1869 ὁμολογίαν
3709 1798 3905 1867 διέπρε-

616 1936 619 1937 '
681 1917 870 1971 militia
897 1914 1176 1969 amulator
1198 1910 1373 1965 factus
1396 1924 1581 1963 eorum
1605 1908 1700 1976 qui
1724 1906 1789 1960 ad
1813 1905 2063 1973 pietatem
2094 1914 2241 1953 exer-

2343 1891 2437 1960 ψεν
2472 1892 2674 1958 ἀγῶσι·
2715 1892 2851 1961 μετὰ
2887 1893 3065 1962 δὲτὴν
3106 1892 3205 1960 τῆς
3236 1890 3522 1962 στρατείας
3554 1891 3901 1959 ἀπαλλαγὴν,

669 2017 892 2069 cantur,
936 2003 1137 2059 Christi
1178 2015 1498 2071 germanum
1540 1999 1765 2052 militem
1806 2010 1926 2049 sese
1964 1992 2235 2062 probavit;

679 2097 938 2169 orphauis
958 2092 1224 2151 desolatis
1252 2108 1318 2145 ac
1358 2091 1536 2144 viduis
1574 2098 1876 2157 protectore
1906 2084 2236 2148 carentibus,

678 2189 1038 2254 omnibusque
1056 2198 1179 2238 cum
1202 2180 1425 2250 penuria
1454 2189 1507 2233 et
1531 2177 1901 2233 imbecillitate
1927 2174 2241 2229 conflictan-

678 2281 845 2340 tilius,
882 2275 1133 2353 provisor
1169 2271 1366 2335 factus,
1406 2270 1576 2341 patris
1622 2276 1715 2322 aut
1753 2268 2021 2322 curatoris
2052 2266 2128 2319 ad
2154 2267 2239 2318 in»

679 2381 815 2434 star,
850 2378 1278 2436 cunctarumque
1318 2365 1722 2432 desperatorum
1763 2358 2039 2414 laboribus
2080 2368 2241 2426 atque

679 2462 936 2518 arumnis
974 2459 1236 2515 medelam
1275 2456 1454 2510 ferens
1485 2471 1497 2508 :
1533 2462 1860 2523 quapropter
1898 2467 1930 2504 a
1973 2450 2104 2513 Deo,
2145 2448 2237 2517 qui

679 2554 878 2609 talibus
899 2551 1071 2621 magis
1099 2563 1262 2618 quam
1288 2534 1631 2600 victimarum
1662 2544 1850 2597 nidore
1881 2557 1944 2596 ac
1974 2542 2237 2610 sanguine

676 2647 1011 2705 delectatur,
1066 2637 1363 2709 martyriali
1413 2637 1559 2689 exitu
1618 2634 1813 2701 dignus
1863 2641 1947 2687 est
1996 2632 2233 2685 habitus.

676 2732 848 2787 Porro
886 2729 1127 2787 decimus
1159 2726 1247 2779 hic
1272 2724 1492 2786 athleta,
1521 2738 1625 2775 una
1649 2722 1947 2788 eademque
1976 2734 2237 2773 consum-

680 2824 848 2879 mavit
872 2834 1097 2890 agonem
1130 2831 1287 2872 suum
1312 2816 1435 2878 die;
1472 2820 1728 2881 atquc,ut
1754 2826 1852 2879 par
1882 2819 1964 2863 est
1997 2809 2237 2874 credere,

679 2916 943 2987 martyrio
977 2927 1077 2968 suo
1104 2909 1493 2979 amplissimam
1524 2906 1645 2960 εαξη
1683 2913 1894 2974 portam
1928 2919 2049 2957 cum
2087 2915 2235 2957 rese-

679 3016 876 3069 rasset,
911 3004 1072 3059 simul
1101 3011 1156 3056 et
1191 2999 1475 3068 Pamphilo
1502 2996 1911 3067 ipsispatiosus‘
1932 2994 1998 3047 ad
2031 2992 2125 3047 Dei
2151 3007 2237 3045 re-

680 3111 848 3164 gnum
876 3094 1180 3165 patefactus
1200 3101 1281 3147 est
1307 3092 1605 3161 ingressus.

744 3322 867 3386 XV.
911 3328 1120 3385 Seleuci
1149 3342 1275 3381 vero
1299 3326 1521 3396 vestigia
1551 3335 1770 3381 secutus
1795 3336 1877 3381 est
1901 3325 2237 3393 Theodulus,

682 3429 804 3495 pius
838 3440 900 3479 ac
933 3420 1253 3478 venerabilis
1297 3434 1481 3479 senex,
1525 3419 1578 3471 in
1622 3419 1994 3488 proconsulari
2034 3418 2239 3473 familia

682 3520 856 3586 primo
884 3516 1089 3568 honore
1114 3502 1385 3578 dignatus,
1421 3518 1529 3560 tum
1556 3524 1766 3561 morum
1797 3510 2076 3577 aetatisque
2104 3524 2240 3577 prte-

684 3609 961 3677 rogativa,
1018 3615 1134 3659 tum
1194 3602 1426 3658 ﬁliorum
1490 3601 1650 3653 trium
1709 3600 2238 3670 (4i)generatione,

684 3689 919 3752 maxime
968 3710 1098 3751 vero
1154 3695 1243 3763 pio
1290 3691 1482 3747 aﬂectu
1539 3705 1665 3759 erga
1716 3691 2022 3758 principes,
2067 3692 2241 3760 incly-

688 3801 773 3840 ius
798 3805 810 3838 :
841 3786 933 3855 qui
965 3784 1149 3838 eadem
1178 3798 1241 3837 ac
1268 3771 1526 3835 Seleucus
1556 3779 1829 3844 factitatis,
1862 3788 1914 3834 ct
1944 3789 2239 3850 martyrum

689 3880 898 3944 aliquos
938 3875 1124 3928 osculo
1175 3876 1528 3938 devenerans,
1578 3873 1797 3925 domino
1838 3886 1938 3925 suo
1982 3871 2244 3925 adductus

688 3968 809 4029 fuit,
862 3979 1094 4032 eumque
1138 3964 1204 4016 ad
1252 3962 1509 4030 majorem
1555 3967 1716 4032 quam
1763 3962 1853 4016 alii
1904 3962 2239 4017 iracundiam

687 4057 987 4119 concitans,
1033 4057 1202 4123 ipsam
1253 4052 1502 4106 salutaris
1542 4052 1900 4108 confessionis
1934 4048 2242 4123 passionem

692 4150 899 4217 excepit
931 4148 1077 4201 cruci
1112 4144 1369 4198 traditus.

764 4326 899 4380 XVI.
942 4326 1055 4379 Sub
1095 4327 1228 4389 haec,
1276 4340 1399 4378 cum
1447 4323 1744 4377 etiamnum
1789 4322 2041 4376 deficeret
2078 4339 2241 4386 unus,

695 4413 865 4469 adfuit
901 4414 993 4480 qui
1032 4415 1420 4467 duodenarium
1461 4427 1748 4465 numerum
1793 4412 2037 4480 impleret
2077 4410 2246 4464 Julia-

694 4522 797 4561 nus
825 4525 837 4558 :
866 4504 956 4573 qui
982 4518 1042 4557 ea
1068 4505 1179 4572 ipsa
1203 4505 1334 4558 hora
1361 4520 1579 4575 peregre
1606 4504 1919 4566 adveniens,
1949 4513 2003 4557 et
2027 4503 2244 4557 vixdum

696 4600 973 4663 ingressus
1026 4595 1319 4660 civitatem,
1372 4612 1500 4675 cum;
1542 4596 1895 4649 intellexisset
1932 4609 2052 4663 quae
2091 4604 2247 4647 erant

693 4700 834 4752 acta,
868 4695 920 4741 et
952 4689 1019 4741 ad
1052 4702 1085 4738 ιι
1108 4697 1343 4756 artyrum
1379 4696 1726 4754 conspectum
1753 4687 2060 4741 festinasset
2090 4702 2245 4743 acce-

692 4783 852 4843 dere;
894 4780 985 4833 ubi
1026 4792 1212 4831 eorum
1247 4794 1471 4847 corpora
1502 4771 1651 4831 humi
1686 4778 2107 4846 jacentia‘vidit,
2140 4779 2246 4831 cir-

692 4867 977 4922 cumfusus
1012 4864 1258 4935 singulis,
1288 4880 1473 4919 omnes
1500 4875 1582 4921 est
1609 4867 1904 4921 osculatus.
1938 4865 2050 4919 Hoc
2081 4884 2243 4937 agen-

693 4968 801 5011 tem
843 4956 1368 5024 comprehenderunt
1415 4954 1643 5007 ministri
1685 4954 1932 5015 cautium,
1966 4963 2124 5021 atque
2151 4955 2245 5024 ad-_

695 5020 1192 5113 duxerunt—praesidi
1211 5063 1222 5095 :
1242 5044 1331 5112 qui
1350 5057 1584 5110 congrua
1609 5043 1884 5109 proposito
1902 5057 2001 5094 suo
2022 5020 2250 5104 faciens:

694 5138 857 5189 etiam
891 5135 1033 5189 hunc
1064 5136 1208 5188 lento
1244 5133 1353 5203 igni
1393 5133 1627 5186 tradidit.
1668 5132 1744 5187 Ita
1786 5135 1948 5187 etiam
1975 5132 2242 5197 Julianus,

697 5228 927 5296 gestiens
967 5232 1126 5293 atque
1164 5224 1343 5277 laetitia
1384 5223 1683 5288 exsultans,
1736 5232 1789 5275 et
1828 5217 1941 5274 Deo
1985 5224 2148 5275 tantis
2190 5238 2247 5275 se

695 5317 854 5370 bonis
887 5316 1105 5383 dignata
1135 5331 1323 5384 magna
1355 5330 1486 5369 voce
1519 5314 1718 5383 gratias
1745 5328 1929 5382 agens,
1969 5322 2248 5380 susceptus

696 5417 778 5462 est
804 5409 939 5461 inter
966 5405 1160 5459 choros
1186 5415 1499 5474 martyrum.
1521 5404 1646 5457 Erat
1670 5413 1851 5461 autem
1878 5403 2004 5456 huic
2034 5418 2249 5471 quoque

770 5581 879 5643 (40)
919 5577 1344 5649 lbidem‘legitur
1372 5596 1383 5649 ς
1414 5578 1523 5646 Τῆς
1557 5582 1618 5631 ἐκ
1646 5578 1930 5649 στρατείας
1966 5577 2246 5629 ἐπιλέκτου

700 5649 964 5710 νεαλείας,
997 5650 1050 5700 in
1079 5645 1277 5717 delecta
1317 5645 1383 5695 ad
1414 5645 1658 5700 militiam
1675 5645 1964 5717 juventute.

774 5720 879 5782 (M)
921 5719 1104 5778 Trium
1150 5716 1383 5785 filiorum
1422 5714 1915 5785 patribus'prazmia
1957 5716 2096 5783 apud
2143 5714 2249 5767 Ro-

705 5802 892 5841 rnanos
922 5786 1087 5842 fuisse
1118 5784 1412 5856 proposita,
1446 5789 1625 5841 notius
1651 5784 1733 5842 est
1764 5801 1926 5855 quam
1950 5798 2008 5840 ut
2032 5787 2116 5840 hic
2140 5800 2249 5839 mo-

2341 1984 2580 2054 ζηλωτὴν
2605 1984 2764 2045 αὐτὸς
2790 1984 2977 2036 ἑαυτὸν
3006 1984 3348 2054 καταστήσας
3374 1984 3479 2035 τῶν
3504 1982 3603 2052 τῆς
3634 1980 3905 2044 εὐσεϐείας

2340 2075 2609 2144 ἀσκητῶν,
2638 2074 2872 2143 Χριστοῦ
2896 2076 3117 2144 ,γνήσιος
3149 2074 3479 2145 στρατιώτης
3504 2073 3903 2126 ἀποδέδεικταιο

2340 2165 2611 2234 ὀρφανῶν,
2655 2166 2886 2235 ἐρήμων·
2910 2167 3003 2217 καὶ
3042 2164 3222 2235 χηρῶν
3270 2165 3666 2235 ἀποριστάτων,
3706 2165 3817 2218 τῶν
3851 2181 3906 2217 τε

2340 2254 2396 2304 ἐν
2426 2253 2582 2324 πενίᾳ
2631 2254 2723 2305 καὶ
2772 2251 3027 2323 ἀσθενείᾳ
3067 2252 3577 2321 καταπονουμένων,
3616 2252 3908 2313 ἑπίσκοπός

2340 2362 2419 2407 τις
2471 2339 2557 2395 οἷα
2609 2344 2701 2396 καὶ
2745 2343 3071 2413 φροντιστὴς
3109 2341 3569 2411 ἐπιμελούμενος·
3617 2341 3825 2413 πατρός
3852 2357 3907 2394 τι

2340 2438 2433 2489 καὶ
2488 2436 2778 2505 κηδεμόνος
2835 2436 2987 2503 δίκην
3032 2434 3139 2486 τῶν
3191 2434 3617 2505 ἀπερριμμένων
3663 2436 3907 2493 ἁπάντων

2338 2529 2460 2591 τοὺς
2515 2528 2733 2588 πόνους,
2778 2523 2891 2578 καὶ
2922 2525 3020 2588 τὰς
3076 2525 3443 2588 κακοπαθείας
3493 2526 3902 2594 ἀνακτώμενοςο

2338 2618 2457 2670 ὅθεν
2490 2618 2731 2682 εἰκότως,
2756 2619 2889 2688 πρὸς
2913 2621 3025 2693 τοῖς
3052 2616 3307 2679 τοιούτοις
3330 2617 3392 2687 δὴ
3418 2618 3593 2687 χαίρει
3617 2616 3750 2680 Θεὸς
3780 2617 3907 2687 μᾶλ-

2338 2707 2426 2761 λον
2518 2709 2636 2770 ταῖς
2663 2707 2749 2759 διά
2776 2707 2979 2759 καπνοῦ
3009 2708 3101 2759 καὶ
3129 2708 3358 2776 αἵματος
3383 2708 3618 2770 Θυσίαιςν
3641 2709 3743 2777 τῆς
3776 2710 3906 2760 κατά

2337 2796 2397 2848 τὸ
2452 2797 2747 2868 μαρτύριον
2805 2798 3010 2867 ἠξιώθη
3066 2796 3410 2860 τελειώσεως.
3461 2798 3697 2860 Δέκατος
3761 2792 3905 2859 οὗτος

2339 2886 2573 2958 ἀθλητὴς
2611 2890 2705 2961 σὺν
2734 2892 2843 2950 τοῖς
2871 2890 3200 2959 εἰρημένοις,
3235 2891 3331 2959 μιᾷ
3363 2890 3454 2940 καὶ
3491 2893 3554 2958 τῇ
3597 2890 3731 2959 αύτῇ
3764 2907 3904 2942 τετε-

2339 2975 2529 3031 λείωτο
2558 2979 2759 3049 ἡμέρᾳ,
2794 2979 2927 3031 καθν
2954 2979 3129 3047 ἣνώς
3164 2979 3305 3031 ἔοικε
3352 2979 3616 3049 μεγίστης
3652 2979 3730 3049 τῷ
3758 2979 3904 3049 Παμ-

2340 3067 2493 3135 φίλου
2531 3069 2812 3139 μαρτυρίῳ
2841 3068 3015 3136 πύλης
3040 3068 3281 3138 οὐρανῶν
3302 3067 3713 3137 διανοιχθείσης,
3750 3070 3905 3138 εὖμα·

2343 3159 2432 3229 ρὲς
2474 3159 2568 3228 ἅμ’
2597 3157 2742 3227 αὐτῴ
2774 3161 2866 3211 καὶ
2893 3158 3119 3226 ἄφθονος
3152 3162 3184 3229 ἡ
3221 3160 3319 3228 τῆς
3348 3159 3439 3211 τοῦ
3472 3160 3608 3211 Θεοῦ
3640 3159 3902 3229 βασιλείας

2268 3229 2312 3292 c
2343 3247 2586 3315 ἐγίγνετο
2614 3248 2863 3317 πάροδος.

2413 3334 2507 3389 IE'.
2544 3338 2677 3388 Κατ’
2708 3336 2851 3405 ἴχνος
2907 3336 3039 3406 δῆτα
3090 3336 3167 3406 τῷ
3202 3336 3445 3406 Σελεύκῳ
3479 3326 3786 3405 Θεόδουλος,
3822 3357 3902 3393 σε·

2345 3428 2474 3501 μνός
2503 3444 2585 3489 τις
2616 3428 2709 3479 καὶ
2725 3427 2978 3497 θεοσεϐὴς
3010 3427 3209 3497 παρῄει
3238 3428 3563 3499 πρεσϐύτης,
3595 3430 3695 3499 τῆς
3714 3432 3905 3499 ἡγεμο·

2344 3520 2501 3589 νικῆς
2528 3520 2766 3581 οἰκετίας
2796 3519 3016 3590 πρώτης
3055 3521 3218 3590 τιμῆς
3246 3519 3542 3588 ἠξιωμένος
3572 3522 3785 3591 τρόπων
3817 3522 3904 3574 καὶ

2341 3610 2552 3681 ἡλικίας
2593 3611 2785 3662 ’ἐνεκαο
2833 3610 2925 3661 καί¹
2963 3609 3049 3662 διὰ
3084 3611 3475 3681 τὸ,τριγονείας
3506 3611 3663 3664 αὑτὸν
3704 3612 3902 3683 πατέρα

2344 3691 2691 3764 καθεστάναι,
2735 3703 2827 3753 καὶ
2860 3702 2937 3753 ἑτι
2980 3700 3179 3771 μᾶλλον
3204 3702 3269 3753 δι’
3314 3704 3380 3771 ἢν
3404 3693 3584 3754 ’ἔσωσε
3628 3705 3754 3772 περί
3787 3705 3902 3763 τοὺς

2344 3792 2639 3860 κηδεμόνας
2674 3790 2914 3843 εὔνοιανο
2945 3790 3006 3841 τὸ
3038 3788 3415 3859 παραπλήσιον
3447 3790 3509 3858 δὴ
3556 3788 3634 3858 τῷ
3665 3789 3901 3856 Σελεύκῳ

2342 3882 2435 3933 καὶ
2475 3874 2625 3942 οὗτος
2658 3880 3091 3950 διαπραξάμενος
3112 3918 3125 3939 ,
3171 3878 3263 3930 καί
3306 3895 3454 3940 τινας
3480 3878 3587 3929 τῶν
3621 3880 3902 3949 μαρτύρων

2344 3970 2728 4039 ἀσπασάμενος
2790 3968 3071 4038 φιλήματι,
3126 3968 3455 4037 προσάγεται
3509 3967 3587 4035 τῷ
3640 3968 3898 4040 δεσπότῃ,

2348 4062 2545 4131 μᾶλλον
2586 4060 2772 4111 ἑαυτὸν
2808 4054 2930 4129 (ἴον.
2954 4059 3008 4111 δὲ
3036 4058 3234 4129 αὐτόν)
3271 4057 3378 4109 τῶν
3420 4056 3590 4127 ἄλλων
3622 4058 3708 4109 ἐπ’
3745 4058 3900 4129 ὀργὴν

2345 4148 2593 4213 όξύνας,
2642 4146 2834 4199 ταυτὸν
2895 4145 2990 4200 τοῦ
3056 4146 3319 4216 σωτηρίου
3384 4144 3681 4216 μαρτυρίου
3742 4146 3901 4211 πάθος

2351 4236 2567 4310 σταυρῷ
2601 4224 2927 4307 παραδοθείς
2956 4235 3278 4299 ἀνεδέξατο.,
3778 4280 3781 4281 ν
3889 4252 3893 4259 ’

2414 4329 2529 4393 ις’.
2578 4326 2697 4377 Ἐπὶ
2728 4324 2934 4388 τούτοις
2965 4325 3079 4386 ἐνὸς
3109 4324 3186 4376 ἔτι
3216 4322 3515 4385 λείποντος·
3541 4324 3601 4386 ὃς
3627 4325 3718 4391 τὸν
3744 4327 3896 4380 δωδέ-

2347 4432 2507 4468 κατον
2544 4414 2959 4484 ἁποπληρώσειε
3006 4416 3117 4474 τοῖς
3160 4412 3463 4482 εἰρημένοις
3504 4413 3734 4484 ἀριθμὸν
3780 4416 3897 4469 ἰου-

2347 4505 2522 4567 λιανὸς
2554 4506 2732 4575 παρῆν
2774 4504 2959 4557 τοῦτον
3006 4500 3431 4579 ἀποπληρώσων.
3489 4503 3574 4568 Ἐξ
3616 4500 3898 4577 ἀριδημίας

2347 4590 2499 4658 οὗτος
2539 4596 2703 4665 αὐτῆς
2746 4594 2892 4665 ὥρας
2935 4595 3278 4664 ἀφικόμενος,
3318 4594 3450 4662 μηδὲ
3482 4594 3750 4649 εἰσόαλών
3790 4615 3898 4658 παυς

2347 4690 2410 4756 τῇ
2446 4686 2615 4749 πόλει,
2657 4686 2815 4747 εὐθὺς
2846 4686 2920 4748 ὠς
2949 4683 3090 4755 εἶχεν
3120 4684 3227 4735 ἀπὸ
3248 4682 3346 4751 τῆς
3372 4682 3512 4749 ὀδοῦ,
3541 4684 3725 4754 μαθὼν
3759 4689 3898 4755 παρα

2346 4774 2438 4826 τοῦ
2462 4772 2811 4845 [γενομένου]
2841 4776 2932 4825 καὶ
2959 4775 3204 4845 ὁρμήσας
3241 4772 3332 4823 ἐπὶ
3360 4772 3454 4842 τὴν
3483 4773 3606 4824 τῶν
3617 4776 3900 4843 μαρτύρων

2347 4865 2494 4927 θέαν,
2525 4864 2599 4926 ὡς
2633 4864 2723 4914 ἐπὶ
2756 4864 2851 4933 τῆς
2879 4865 2979 4935 γῆς
3008 4862 3178 4934 χαμαὶ⁹
3207 4861 3435 4931 κείμενα
3456 4861 3527 4914 τά
3561 4854 3668 4935 τῶν
3703 4863 3899 4933 μαρτύ-

2347 4973 2456 5026 ρων
2506 4952 2764 5006 ἐθεάσατο
2810 4926 3057 5024 σώματα,
3083 4926 3311 5021 ”χαρᾶς’
3346 4926 3595 5020 ἔμπλεως
3645 4926 3898 5021 γεγονὼς.

2348 5048 2562 5115 ἑκάστῳ
2599 5036 3003 5115 περιπλέκεται,
3038 5045 3294 5114 φιλήματι
3332 5045 3455 5106 τοὺς
3487 5044 3692 5107 πάντας
3732 5046 3901 5097 ἀσπα-

2350 5138 2590 5208 ζόμενος.
2645 5139 2763 5190 Ἔτι
2816 5137 3071 5191 δὲ’τοῦτο
3111 5135 3412 5203 πράττοντα
3462 5135 3812 5197 συλλαϐόντες
3857 5137 3900 5186 ol

2348 5223 2456 5275 τῶν
2500 5225 2670 5292 φόνων
2711 5225 2944 5279 διάκονοι
2993 5221 3321 5292 προσάγουσι
3349 5222 3424 5291 τῷ
3457 5224 3696 5293 ἄρχοντι.
3752 5224 3810 5277 '0
3851 5222 3903 5274 δὲ

2351 5302 2633 5367 ἀκόλουθα
2654 5318 2719 5385 τῇ
2757 5314 3069 5386 προαιρέσει
3112 5314 3308 5378 τελῶν,
3343 5315 3535 5383 μακρῷ
3578 5316 3673 5367 καὶ
3724 5315 3903 5367 τοῦτον

2352 5406 2485 5476 πυρὶ
2514 5406 2890 5475 παραδίδωσιν.
2938 5402 3093 5454 Οὕτω
3137 5403 3269 5472 δῆτα
3298 5406 3390 5458 καὶ
3443 5405 3729 5469 Ἰουλιανὸς
3759 5418 3907 5470 σκιρ-

2350 5580 2464 5651 neri
2489 5581 2679 5651 debeat
2712 5599 2724 5631 :
2760 5588 2919 5646 atque
2950 5578 3000 5631 id
3042 5578 3130 5651 hic
3162 5579 3265 5633 dici
3290 5581 3449 5638 credo
3477 5581 3782 5651 τριγονείας
3810 5592 3906 5651 πα-

2348 5649 2511 5718 τέρας
2537 5649 2785 5702 Valesius
2823 5660 2999 5700 tamen
3033 5650 3185 5703 aliter
3216 5652 3393 5709 vertit,
3429 5648 3564 5719 quod
3603 5652 3773 5703 tertia:
3794 5648 3905 5714 jam

2349 5722 2527 5839 stirpis
2561 5730 2766 5786 nepotes
2796 5719 3001 5771 haberet
3031 5735 3048 5771 :
3080 5719 3170 5774 sed
3211 5719 3313 5775 hoc
3360 5720 3612 5774 Straboni
3654 5720 3909 5771 scribitur

2349 5804 2473 5841 τοιγ
2506 5804 2639 5841 νεια.

2387 5805 2639 5857 ριγενεια.
