4118 6350
686 531 824 587 9555

1810 578 1813 579 κ
1859 537 1915 590 s.
1955 532 2274 589 PAMPHILI
2302 492 2671 588 'ttan'rvms

3730 538 3861 593 {5‘53

751 647 914 705 XXII.
952 649 1233 715 Declaudo
1253 655 1320 708 ab
1348 664 1469 710 ortu
1500 656 1595 725 qui
1625 653 1830 725 Lystris
1855 662 1990 718 erat,
2022 654 2182 723 quiqu

2274 656 2293 708 ι
2390 616 2515 701 ICB'.
2557 650 2688 720 Περὶ
2708 650 2799 703 τοῦ
2819 651 2879 703 ἐν
2903 650 3163 721 Λύστροις
3194 654 3258 704 ἐκ
3284 638 3538 721 γενντλτῆς
3560 652 3665 721 (62)
3694 650 3858 719 χωλοῦ

677 738 749 794 ab
774 742 1026 809 apostolis
1052 753 1269 799 sanatus
1302 756 1384 799 est
1409 765 1420 799 :
1445 754 1769 814 quapropter
1794 747 1863 800 ab
1884 746 2074 799 incolis
2095 745 2182 797 det

2324 737 2561 800 ίαθέντος
2600 738 2686 790 διὰ
2717 738 2822 791 τῶν
2879 740 3210 792 ἀποστόλων·
3252 740 3435 808 διόπερ
3473 737 3608 793 εἷναί
3655 758 3713 793 τε
3754 740 3860 793 θεοὶ

606 842 611 847 ‘
676 842 798 884 esse
851 840 903 885 et
945 832 1225 889 advenisse
1268 845 1513 904 putatum
1559 846 1658 891 est.
1699 837 1797 892 Ubi
1834 838 1994 892 etiam
2038 848 2182 905 poste

2320 830 2412 883 καὶ
2447 830 2695 898 παρεῖναι
2738 828 2921 895 ἔδοξαν
2964 834 3077 894 τοῖς
3117 833 3417 906 ἐγχωρίοις.
3458 832 3623 885 Ἔνθα
3669 832 3733 901 δὴ
3772 834 3858 884 καί⁵

675 918 877 978 Paulus
895 925 1166 995 lapidatur
1189 943 1219 982 a
1246 928 1624 997 pepularibus.

744 1094 926 1150 XXIII.
964 1097 1116 1164 Quod
1145 1057 1215 1185 ex
1241 1093 1576 1171 dogmateet
1604 1105 1810 1187 judicio
1848 1109 2215 1176 apostolorum

2321 922 2610 991 μετέπειτα
2640 918 2912 991 λιθάζεται
2954 922 2982 972 ὁ
3025 923 3233 986 Παῦλος
3270 922 3421 995 παρά
3461 922 3567 975 τῶν
3611 924 3859 989 ἀστυγει-

2379 1032 2480 1065 νων
2487 1054 2499 1065 .

2379 1032 2404 1063 ν
2487 1054 2499 1065 .

2317 1014 2515 1157 τάξῃ..
2540 1105 2660 1158 Ὅτι
2700 1106 2759 1157 ού
2790 1105 2871 1157 δεῖ
2892 1102 3307 1174 περιτέμνεσθαι
3334 1106 3457 1166 τοὺς
3484 1105 3543 1169 ἐξ
3570 1104 3735 1161 ἐθνῶν
3768 1120 3854 1155 πι-

673 1201 780 1240 non
825 1198 1069 1255 oporteat
1116 1182 1301 1245 ﬁdeles
1340 1207 1406 1248 ex
1445 1182 1687 1263 gentibus
1730 1197 2074 1264 circumcidi;
2125 1200 2182 1251 ul

2316 1194 2616 1261 στεύοντας,
2664 1197 2887 1265 δόγματι
2918 1196 3011 1247 καὶ
3048 1195 3224 1265 κρίσει
3254 1194 3360 1247 τῶν
3389 1197 3716 1248 ἀποστόλων·
3746 1198 3763 1215 ⁹
3798 1198 3855 1247 ἐν

670 1278 909 1355 epistola
927 1282 1291 1348 apostolorum
1326 1284 1391 1335 ad
1415 1282 1595 1338 ﬁdeles
1618 1300 1681 1337 ex
1712 1287 1959 1354 gentibus
1986 1288 2125 1340 circa
2151 1303 2212 1339 ea

668 1382 701 1421 a
727 1369 926 1436 quibus
956 1384 1075 1423 sese
1111 1372 1386 1428 custodire
1418 1375 1700 1430 debebant.
1743 1376 2031 1430 Dissidium
2062 1378 2210 1432 Pauli

636 1460 637 1463 “
667 1476 789 1513 cum
822 1460 1062 1515 Barnaba
1084 1472 1300 1531 propter
1322 1463 1581 1520 Marcum.

736 1547 924 1601 XXIV.
967 1550 1039 1605 De
1058 1553 1322 1606 catechesi
1346 1553 1630 1621 Timothei,
1647 1568 1699 1613 et
1720 1559 1783 1613 de
1801 1558 2039 1626 profectu
2057 1557 2208 1612 Pauli

668 1636 721 1688 in
753 1636 1118 1693 Macedoniam
1150 1658 1241 1710 per
1264 1646 1671 1712 revelationem;
1699 1650 1785 1700 ubi
1810 1650 1873 1702 de
1902 1649 2085 1703 lide'et
2116 1666 2207 1703 sa—

665 1725 774 1780 lute
796 1729 1039 1782 mulieris
1059 1731 1335 1797 cujusdam
1355 1733 1552 1804 Lydiae,
1574 1745 1627 1788 et
1648 1738 1711 1789 de
1728 1739 2004 1793 curatione
2021 1741 2207 1807 puellae

663 1831 783 1883 qua!
810 1818 1057 1885 spiritum
1098 1819 1355 1890 Pythonis
1385 1825 1633 1891 habebat,
1675 1836 1890 1895 propter
1915 1846 2073 1897 quam
2112 1832 2204 1883 do-

662 1907 796 1961 mini
819 1909 1008 1977 puellae
1029 1909 1249 1966 Paulum
1280 1916 1331 1968 in
1364 1931 1629 1977 carcerem
1661 1918 2028 1985 conjccerunt;
2056 1938 2117 1975 ac
2138 1924 2202 1975 de
2239 1976 2270 1990 η
2302 1912 2508 1980 δίσκηςν
2540 1912 2607 1963 δι’
2639 1914 2704 1981 ἣν
2730 1911 2821 1963 τδν
2843 1913 3050 1965 Παῦλον
3080 1910 3368 1983 καθεῖρξαν
3395 1912 3441 1963 οἱ
3474 1911 3751 1989 δεσπόται-

2236 1976 2273 2026 Ιδ
2303 2003 2396 2070 τῆς
2425 1976 2519 2071 τῆς
2544 1976 2849 2071 παιδίσκης·
2882 2005 2899 2021 ‘
2936 2003 3028 2055 καὶ
3060 2004 3185 2071 περὶ
3211 1976 3305 2081 τοῦ
3334 1999 3637 2070 συμϐάντος
3677 1983 3847 2050 ἐκεῖσε

662 2004 817 2053 ιρι-τω
848 2008 996 2053 motu
1032 2002 1124 2069 qui
1161 2003 1357 2058 ibidem
1388 2006 1626 2075 contigit,
1660 2023 1757 2063 nec
1791 2026 1896 2063 nou
1934 2011 2000 2063 de
2037 2013 2200 2064 mira-

675 2088 783 2140 :ulo
812 2106 824 2141 :
856 2097 911 2141 et
942 2094 1211 2158 quomodo
1239 2095 1469 2147 carceris
1509 2106 1691 2151 custos
1714 2114 1833 2151 cum
1863 2100 2194 2163 credidisset,

677 2193 718 2229 ea
749 2177 863 2246 ipsa
903 2190 1057 2235 nocte
1091 2183 1271 2251 statim
1310 2183 1608 2251 baptizatus
1639 2196 1720 2265 est
1750 2205 1870 2243 cum
1896 2201 2003 2244 tota
2037 2193 2196 2246 domo

673 2284 777 2322 sua.
815 2270 965 2335 Quod
996 2274 1174 2342 rogati
1218 2276 1438 2342 apostoli
1471 2284 1596 2331 tunc
1616 2280 1818 2347 egressi
1850 2282 1957 2335 sint
1984 2298 2047 2336 ex
2077 2299 2196 2337 car—

668 2371 795 2411 .‘CI‘C.
1158 2386 1159 2389 ‘

728 2446 892 2501 XXV.
935 2450 1008 2503 De
1056 2453 1316 2508 seditione
1366 2455 1760 2512 Thessalonicae
1797 2458 1934 2513 facta
1980 2473 2195 2530 propter
2250 2474 2253 2475 '

656 2538 1110 2605 praedicationem,
1148 2552 1201 2596 et
1243 2544 1308 2597 de
1338 2544 1460 2614 fuga
1494 2546 1929 2602 Pauli'Berteam
1979 2563 2031 2605 et
2072 2554 2193 2607 inde

654 2627 911 2693 Athenas.

723 2716 910 2773 XXVI.
953 2718 1410 2794 Ile-inscriptione
1449 2729 1677 2787 Athenis
1712 2748 1874 2802 super
1907 2734 2096 2800 altari;
2126 2738 2191 2790 de

653 2807 1018 2878 pliiloSOpltica
1056 2812 1425 2881 praedicatione
1452 2828 1503 2872 et
1528 2821 1722 2888 pietate
1743 2821 1917 2877 Pauli.

720 2899 925 2957 XXVII.
967 2902 1041 2959 De
1062 2906 1251 2975 Aquila
1281 2920 1334 2963 et
1365 2909 1625 2975 Priscilla,
1653 2915 1790 2967 etde
1818 2916 2189 2972 incredulitate

630 2979 1080 3060 'Corin’thiorum,
1121 3000 1331 3053 etiamsi
1371 2999 1536 3055 Paulo
1569 3006 1862 3059 secundum
1904 3010 2187 3075 prtescien-

651 3081 780 3131 tiam
822 3079 1207 3150 beneplacitum
1246 3086 1339 3141 Dei
1374 3104 1497 3157 erga
1534 3089 1654 3143 illos
1690 3092 1977 3146 revelatum
2009 3106 2183 3163 esset;

646 3169 742 3221 ubi
772 3169 836 3222 de
859 3166 1040 3225 Prisco
1065 3175 1293 3245 (Crispo)
1319 3180 1755 3250 archisynagogo,
1795 3182 1885 3250 qui
1916 3198 2035 3237 cum
2068 3187 2185 3239 aliis

647 3257 1211 3338 quibusdam'credidit
1232 3273 1281 3317 et
1303 3265 1601 3336 baptizatus
1623 3277 1721 3323 est.
1750 3267 1901 3335 Quod
1924 3270 2186 3326 seditione

646 3338 891 3403 Corinthi
923 3349 1099 3415 muta,
1136 3352 1337 3411 Paulus
1379 3360 1687 3426 recesserit;
1744 3370 1798 3416 et
1854 3363 2020 3432 quod,
2062 3379 2183 3417 cum

645 3438 914 3507 Ephesum
939 3444 1189 3508 venisset,
1218 3446 1425 3501 exierit.
1461 3448 1534 3504 De
1558 3452 1747 3521 Apollo
1767 3453 1883 3508 viro
1904 3454 2189 3535 eloquente

646 3546 709 3584 ac
736 3531 894 3586 ﬁdeli.

612 3642 617 3645 η
715 3621 947 3678 XXVIII.
988 3623 1062 3679 De
1088 3626 1406 3695 baptismate
1432 3638 1483 3682 et
1508 3629 1572 3683 de
1599 3628 1827 3699 Spiritus
1853 3636 2020 3689 sancti
2044 3635 2185 3689 dono

644 3726 904 3769 concesso
938 3716 1276 3772 credentibus
1313 3716 1509 3787 Ephesi
1550 3734 1642 3787 per
1684 3722 1975 3776 orationem
2008 3723 2181 3790 Pauli,

643 3814 695 3856 et
736 3809 1009 3863 curatione
1056 3812 1255 3879 populi.
1306 3810 1379 3865 De
1422 3813 1545 3867 ﬁliis
1574 3812 1774 3880 Scene,
1818 3824 1872 3869 et
1906 3821 2047 3883 quod
2075 3835 2181 3872 non

642 3905 882 3961 oporteat
909 3900 1161 3953 accedere
1183 3902 1247 3954 ad
1276 3902 1515 3957 inﬁdeles
1539 3910 1593 3957 ct
1614 3905 1715 3957 ﬁde
1742 3905 2007 3974 indignos,
2036 3924 2096 3960 ac
2119 3911 2184 3963 de

643 3983 979 4039 confessione
1017 3990 1362 4043 credentium.
1406 3992 1481 4047 De
1519 3996 1777 4049 seditione
1815 3995 2010 4063 Ephesi
2042 4010 2183 4052 mota

644 4086 739 4137 per
765 4071 1090 4129 Demetrium
1120 4084 1477 4148 argentarium
1499 4096 1687 4141 contra
1712 4087 2005 4156 apostolus.

638 4502 1042 4571 adhortationes
1084 4496 1375 4581 pastorales
1408 4496 1647 4587 ejusdem
1674 4512 1828 4578 Pauli
1858 4527 1923 4579 ad
1954 4528 2175 4596 presbyo

2311 1274 2355 1346 ᾧ
2400 1283 2647 1353 ἐπιστολὴ
2693 1284 2871 1336 αὐτῶν
2911 1283 3215 1336 ἀποστόλων
3253 1283 3387 1352 πρὸς
3417 1285 3542 1346 τοὺς
3585 1285 3646 1347 ἐξ
3691 1284 3855 1337 ἐθνῶν

2312 1372 2435 1440 περὶ
2466 1372 2571 1426 τῶν
2603 1374 2912 1442 φυλακτέων
2931 1375 3037 1443 (65)
3071 1378 3085 1394 ¹
3130 1374 3462 1444 Ἀντὶῤῥησις
3484 1376 3697 1428 Παύλου
3723 1374 3854 1445 πρὸς

2310 1464 2589 1533 Βαρνάϐαν
2620 1464 2707 1516 διά
2735 1467 2978 1535 Μάρκον.

2302 1570 2311 1578 ’
2379 1556 2499 1607 KA’.
2536 1555 2668 1624 Περὶ
2718 1556 3070 1624 κατηχήσεως
3116 1551 3399 1622 Τιμοθέου,
3446 1554 3549 1606 καὶ
3581 1555 3681 1623 τῆς
3737 1552 3850 1606 κατ’

2308 1643 2641 1713 ἀποκάλυψιν
2667 1645 2903 1713 ἀφίξεως
2932 1644 3144 1696 Παύλου
3176 1646 3255 1705 εἰς
3282 1641 3637 1696 Μακεδονίαν·
3674 1649 3694 1666 ⁸
3725 1647 3779 1697 ἐν
3810 1638 3850 1710 ᾧ

2306 1734 2432 1801 περὶ
2462 1735 2689 1797 πίστεως
2714 1736 2804 1787 καὶ
2840 1735 3109 1805 σωτηρίας
3143 1733 3393 1802 γυναικός
3425 1750 3564 1796 τινος
3593 1734 3807 1796 Λυδίας,
3832 1736 3850 1755 ⁸

2305 1824 2395 1874 καὶ
2425 1824 2550 1891 περὶ
2587 1822 2775 1885 ίάσεως
2806 1823 2902 1891 τῆς
2939 1822 3152 1892 πνεῦμα
3186 1821 3437 1884 Πύθωνος
3464 1821 3694 1892 ἐχούσης
3728 1841 3847 1874 παι-

2302 1912 2508 1980 δίσκης,
2540 1912 2607 1963 δι’
2639 1914 2704 1981 ἣν
2730 1911 2821 1963 τὸν
2843 1913 3050 1965 Παῦλον
3080 1910 3368 1983 καθεῖρξαν
3395 1912 3441 1963 οἱ
3474 1911 3728 1963 δεσπόται
3757 1914 3848 1963 αύ-

2304 2091 2522 2160 σεισμοῦ
2556 2093 2648 2145 καὶ
2679 2092 2983 2162 θαύματος·
3035 2095 3128 2146 καὶ
3166 2094 3311 2155 ὅπως
3345 2090 3637 2152 πιστεύσας
3660 2091 3689 2140 ό
3744 2092 3851 2159 εἱρ-

2301 2183 2585 2251 κτοφύλαξ,
2609 2187 2676 2247 ,ἐν
2701 2185 2837 2254 αὐτῇ
2868 2187 2933 2253 τῇ
2966 2187 3120 2239 νυκτὶ
3148 2182 3448 2253 ἐϐαπτίσθη
3488 2180 3845 2251 παραχρῆμα.

2301 2272 2582 2333 πανεύτιος
2612 2272 2741 2341 (64).
2776 2275 2797 2294 ⁸
2837 2274 2956 2326 Ὅτι
3005 2274 3443 2344 παρακληθέντες
3477 2272 3698 2343 ἐξῆλθον
3730 2272 3844 2322 τότε

2299 2364 2361 2415 ὲκ
2390 2354 2481 2415 τοῦ
2508 2364 2873 2434 δεσμωτηρίου
2904 2367 2951 2417 oi
2984 2366 3286 2417 ἀπόστολοι.

2367 2454 2491 2506 ΚΕ¹.
2532 2453 2667 2524 Περὶ
2700 2454 2936 2517 στάσεως
2966 2454 3259 2523 γενομένης
3278 2456 3334 2505 ἐν
3356 2450 3723 2522 Θεσσαλονίκῃ
3753 2450 3843 2503 τοῦ

2298 2543 2646 2612 κηρύγματος
2679 2545 2879 2607 ἕνεκεν,
2915 2546 3089 2615 φυγῆς
3136 2562 3193 2597 τε
3238 2546 3447 2598 Παύλου
3480 2548 3558 2609 είς
3605 2546 3845 2615 Βέροιαν,

2300 2633 2549 2685 κάκεῖθεν
2576 2637 2656 2696 είς
2701 2636 2940 2706 Ἀθήνας.

2367 2724 2509 2787 KG’.
2548 2723 2683 2793 Περὶ
2729 2725 2825 2793 τῆς
2869 2728 2925 2777 ἐν
2984 2726 3228 2798 Ἀθήναις
3278 2726 3581 2795 ἐπιϐωμίου
3611 2724 3851 2795 γραφῆς,

2296 2811 2577 2880 φιλοσόφου
2604 2831 2663 2866 τε
2690 2815 3038 2885 κηρύγματος
3058 2816 3151 2868 καὶ
3176 2816 3451 2879 εὐσεϐείας
3480 2814 3575 2867 τοῦ
3610 2815 3841 2866 Παύλου.

2362 2903 2483 2957 ΚΖ’.
2522 2906 2656 2976 Περὶ
2698 2908 2895 2961 Ἀκύλα
2920 2908 3014 2960 καὶ
3050 2908 3375 2981 Πρισκίλλης
3404 2908 3495 2959 καὶ
3522 2907 3621 2974 τῆς
3654 2907 3844 2972 Κοριν-

2292 2995 2419 3047 θίων
2449 2996 2748 3061 ἀπειθείας,
2784 2998 2999 3067 καὶτῆς
3026 2998 3164 3057 κατά
3190 2996 3492 3067 πρόγνωσιν
3521 2997 3706 3055 αὐτοῖς
3736 2994 3838 3063 (65)

2290 3087 2533 3151 εὐδοκίας
2563 3088 2657 3141 τοῦ
2681 3088 2816 3141 Θεοῦ
2843 3088 3309 3157 ἁποκαλυφθείσης
3338 3086 3415 3155 τῷ
3432 3087 3644 3155 Παύλῳ·
3672 3092 3690 3107 ⁸
3712 3089 3767 3138 ἐν

2291 3181 2417 3249 περ)¹
2447 3178 2684 3249 Πρίσκου
2716 3178 2824 3247 (66)
2854 3176 3297 3247 ἀρχισυναγώγου
3331 3177 3717 3241 πιστεύσαντος
3746 3180 3840 3230 σὺν

2289 3268 2493 3339 ἐτέροις
2521 3270 2661 3321 τισὶν
2680 3269 2772 3319 καὶ
2806 3267 3204 3336 βαπτισθέντος.
3235 3270 3252 3287 ⁴
3281 3270 3400 3321 Ὅτι
3434 3269 3673 3332 στάσεως
3698 3286 3837 3341 mve-

2291 3358 2475 3425 θείσης
2506 3360 2563 3408 ἐν
2603 3358 2869 3428 Κορίνθῳ,
2908 3360 2937 3410 ό
2970 3358 3173 3423 Παῦλος
3207 3359 3643 3430 ὑπανεχώρησεν·
3673 3360 3833 3411 ἐλθών

2284 3464 2343 3498 τε
2368 3449 2446 3508 είς
2482 3447 2709 3515 Ἔφεσον
2758 3449 2849 3501 καὶ
2880 3449 3198 3520 διαλεχθεὶς,
3234 3450 3474 3520 ἐξῆλθεν.
3498 3454 3511 3470 “
3554 3452 3664 3503 Καὶ
3712 3450 3833 3520 περὶ

2298 3536 2532 3588 ’Δπολλὼ
2562 3538 2751 3609 ἀνδρὸς
2780 3540 2956 3608 λογίου
2985 3541 3077 3594 καὶ
3108 3542 3317 3595 πιστοῦ.

2355 3629 2486 3681 κη’.
2522 3631 2657 3700 Περὶ
2701 3630 3066 3701 βαπτίσματος
3095 3632 3188 3686 καὶ
3218 3633 3316 3701 τῆς
3344 3631 3437 3685 τοῦ
3477 3632 3630 3699 ἀγίου
3669 3630 3833 3683 Πνεύο

2286 3735 2451 3787 ματος
2490 3720 2696 3789 δωρεᾶς
2739 3720 2980 3790 δοθείσης
3014 3722 3099 3775 διά
3140 3725 3441 3794 προσευχῆς
3479 3722 3692 3774 Παύλου
3724 3724 3828 3780 τοῖς

2284 3812 2340 3863 ἐν
2400 3809 2605 3882 Ἐφέσῳ
2662 3814 2967 3865 πιστεύουσι
2993 3812 3124 3884 (67),
3180 3814 3272 3866 καὶ
3316 3814 3443 3882 περὶ
3492 3812 3686 3875 ίάσεως
3736 3811 3824 3863 τοῦ

2280 3906 2425 3960 λαοῦ.
2459 3908 2479 3929 ³
2512 3903 2644 3973 Περὶ
2663 3903 2769 3955 τῶν
2801 3902 2928 3954 υίῶν
2951 3904 3145 3970 Σκευᾶ,
3173 3905 3266 3956 καὶ
3290 3904 3372 3955 ὅτι
3394 3903 3453 3954 οὑ
3482 3902 3560 3953 δεῖ
3585 3918 3825 3971 προσ-χωρ

2282 4000 2394 4066 ρεῖν
2422 3994 2531 4067 (68)
2559 3994 2804 4055 ἀπίστοις
2832 3994 2923 4045 καὶ
2955 3992 3192 4060 ἀναξίοις
3222 3994 3320 4062 τῆς
3348 3994 3581 4055 πίστεως
3607 3993 3819 4061 γινομέ-

2164 4108 2167 4109 ν
2278 4102 2415 4150 νοις,
2480 4084 2573 4137 καὶ
2618 4084 2745 4152 περὶ
2801 4081 3227 4153 ἐξομολογήσεως
3274 4081 3381 4133 τῶν
3430 4083 3818 4135 πιστευόντων·

2279 4179 2298 4197 "
2320 4176 2447 4245 περὶ
2471 4175 2641 4243 τῆςέν
2672 4172 2879 4241 Ἐφέσῳ
2910 4173 3215 4243 κινηθείσης
3246 4171 3484 4235 στάσεως
3518 4174 3621 4225 ὑπὸ
3644 4176 3821 4244 Δημη-

2276 4266 2426 4335 τρίου
2456 4264 2550 4317 τοῦ
2579 4263 2952 4333 ἀργυροκόπου
2983 4263 3122 4317 κατά
3144 4261 3261 4315 τῶν
3281 4262 3611 4316 ἀποστόλων.

2347 4354 2472 4408 K8”.
2519 4354 2767 4424 Περίοδος
2800 4353 3031 4415 Παύλου,
3061 4356 3118 4405 ἐν
3149 4348 3183 4426 ᾖ
3212 4352 3278 4405 τά
3322 4354 3449 4424 περὶ
3474 4354 3566 4406 τοῦ
3597 4354 3815 4407 θανάτου

2124 4441 2136 4489 ί
2164 4457 2175 4490 2
2277 4448 2367 4499 καὶ
2398 4440 3009 4517 ἀνακλήσεωςἘὺτύχου
3042 4445 3130 4499 διὰ
3151 4445 3454 4515 προσευχῆς
3492 4447 3547 4497 ἐν
3577 4446 3814 4517 Τρωάδι·

2278 4540 2619 4607 παραινέσεις
2647 4555 2705 4590 τε
2734 4537 2894 4591 αὑτοῦ
2929 4538 3138 4591 Παύλου
3163 4537 3514 4605 ποιμαντικαὶ
3542 4537 3653 4607 (69)
3686 4536 3811 4605 πρὸς

640 4608 782 4654 toros
823 4600 1038 4669 Ephesi.
1091 4601 1372 4674 Navigatio
1421 4609 1567 4665 Pauli
1620 4606 1829 4682 Epheso
1876 4616 2171 4671 Caesaream

2275 4600 2404 4688 τοῦς
2439 4630 2495 4681 ἐν
2554 4630 2759 4698 Ἐφέσῳ
2802 4600 3275 4699 πρεσϐυτέρους-λ
3319 4627 3376 4678 ὲν
3423 4620 3467 4693 ᾧ
3505 4600 3810 4698 παράπλους

635 4686 946 4747 Palaestinas.
994 4718 997 4723 ν

703 4858 869 4912 XXX.
910 4862 1078 4927 Agabl
1122 4863 1398 4933 prophetia
1427 4866 1493 4918 de
1528 4868 1593 4922 iis
1628 4886 1745 4938 qua:
1771 4876 1935 4931 Padto
1964 4890 2174 4933 contin-

630 4960 753 5010 (ζειν
781 4948 1018 5000 futurum
1043 4961 1157 5003 erat
1185 4955 1237 5005 in
1260 4954 1577 5008 Jerusalem.

700 5029 888 5084 XXXI.
934 5034 1254 5093 Adhortatio
1273 5040 1455 5096 Jacobi
1477 5045 1540 5095 ad
1567 5042 1809 5114 Paulum,
1833 5070 1898 5108 ne
1920 5056 2170 5114 Hobrmos

626 5118 906 5175 cohiberet
932 5137 960 5175 a
988 5126 1418 5185 circumcisione.
1510 5156 1513 5159 λ

692 5212 907 5268 XXXII.
949 5218 1021 5271 De
1074 5225 1302 5279 tumultu
1350 5238 1468 5282 orto
1516 5228 1571 5282 in
1624 5228 1918 5287 Jerusalem
1982 5252 2166 5296 contra

627 5296 871 5369 Paulum,
904 5315 957 5360 et
986 5315 1257 5377 quomodo
1292 5334 1415 5373 eum
1465 5324 1707 5375 centurio
1753 5339 1781 5376 a
1827 5327 2166 5385 multitudine

624 5392 914 5463 eripuerit;
948 5400 1039 5453 ubi
1074 5400 1225 5458 Pauli
1250 5412 1442 5464 concio
1471 5414 1535 5466 de
1566 5430 1623 5468 se
1664 5416 1800 5482 ipso,
1836 5426 1889 5469 et
1916 5419 1978 5471 de
2010 5436 2166 5475 voca-

836 5597 1046 5675 Euthal.
1081 5602 1145 5654 ἐκ
1172 5608 1415 5675 γενετῆς.
1517 5622 1524 5627 ·

618 5657 803 5780 (oga?)
844 5664 932 5719 Sic
979 5682 1123 5724 recte
1168 5657 1532 5748 Euthall.rpro
1584 5684 1861 5750 φυλακέων
1910 5689 2025 5742 cod.
2070 5705 2167 5743 ms.

700 5799 1068 5892 (fit-lyctius
1102 5809 1294 5892 iterum
1338 5816 1567 5892 Euthalii
1617 5825 1825 5881 codices
1864 5830 2164 5892 πανέστιος.

626 5894 692 5905 —--
716 5866 897 5922 Montl'.
931 5873 1133 5944 legebat
1164 5866 1390 5938 πανοικί.

2278 4717 2485 4769 Παύλου
2526 4719 2633 4771 ἀπὸ
2674 4720 2894 4787 Ἐφέσου
2934 4720 3060 4790 ἄχρι
3102 4716 3430 4785 Καισαρείας
3473 4717 3571 4788 τῆς
3615 4718 3807 4771 Παλαι-

2276 4805 2475 4874 στίνης.
3098 4844 3119 4861 κ

2342 4893 2418 4943 Λ’.
2485 4893 2709 4960 Ἀγάϐου
2741 4896 3047 4967 προφητεία
3084 4894 3209 4965 περ).
3248 4894 3355 4946 τῶν
3396 4897 3808 4968 συμϐησομένων

2270 4980 2347 5061 τῷ
2376 4981 2567 5050 Παύλῳ
2597 4984 2655 5035 ἐν
2694 4986 3057 5055 Ἰερουσαλήμ.
3312 5054 3319 5061 ὴ

2340 5071 2461 5123 AA'.
2501 5072 2818 5140 Παραίνεσις
2857 5074 3106 5127 Ἰακώϐου
3154 5073 3520 5153 πρὸςςΠαῦλον
3546 5080 3672 5146 περὶ
3696 5076 3806 5136 τοῦ,

2271 5162 2344 5231 μὴ
2377 5161 2549 5213 δοκεῖν
2576 5160 2799 5216 κωλύειν
2837 5164 3114 5234 Ἑϐραίους
3141 5165 3567 5234 περιτέμνεσθαι.
3652 5197 3660 5205 -

2336 5254 2455 5305 AB'.
2499 5253 2632 5319 Περὶ
2658 5254 2755 5321 τῆς
2805 5257 2862 5306 ἐν
2908 5254 3255 5324 Ἰερουσαλὴμ
3295 5256 3433 5308 κατά
3471 5256 3565 5309 τοῦ
3600 5257 3805 5309 Παύλου

2267 5340 2574 5411 κινηθείσης
2604 5341 2843 5407 ἀταξίας,
2879 5345 3026 5407 ὅπως
3054 5361 3112 5395 τε
3158 5344 3317 5399 αὐτὸν
3344 5348 3372 5398 ὁ
3404 5346 3681 5417 χιλίαρχος
3718 5346 3805 5398 τοῦ

2266 5431 2500 5499 πλήθους
2533 5430 2853 5499 ἐξαιρεῖται·
2885 5435 2902 5454 ⁶
2931 5436 2999 5487 ἐν·
3019 5427 3062 5500 ᾧ
3091 5434 3299 5486 Παύλου
3329 5437 3656 5500 κατάστασις
3684 5438 3804 5504 περὶ

2498 5636 2733 5715 ξηιιιθίη
2775 5641 2859 5715 ἐπ’
2897 5642 3093 5715 αὐτοῖς.
3130 5644 3234 5709 A1,,
3274 5649 3358 5699 ἐπ’
3396 5652 3627 5715 αὐτούς.,

2344 5704 2457 5775 (66)
2498 5707 2761 5775 Κρίσπου,
2801 5709 3013 5763 Euthal.

2278 5810 2281 5811 ν
2347 5772 2457 5839 (67)
2497 5772 2865 5839 Πιστεύσασιν,
2910 5780 2979 5832 id.

2491 5845 2615 5919 gl;
2638 5849 2915 5919 ἐγχειρεῖν.

2350 5908 2457 5980 (69)
2496 5908 2747 5984 ΕυιὴείῘ,
2774 5908 3085 5989 παραίνεσις
3123 5924 3473 5993 ποιμαντικίι.
