4118 6350
299 475 437 530 I557

1422 466 1785 523 EXPOSITIO
1825 467 1889 520 IN
1929 466 2080 520 ACT.
2125 466 2368 522 APOST.

3358 464 3495 518 1553

294 589 487 642 ἑαυτοῦ
512 578 607 641 καὶ
629 589 726 657 τῆς
754 590 830 649 εἰς
853 588 1141 654 ἀπόστολον
1160 586 1350 639 ἑαυτοῦ
1374 586 1612 657 κλήσεως
1632 604 1645 617 ·
1671 592 1686 609 ⁸
1717 602 1783 637 πε
1793 586 1844 654 pi.
1877 591 1901 645 Α

1954 584 2110 636 tione,
2135 599 2234 637 sua
2281 586 2334 637 in
2384 582 2723 651 apostolum;
2774 583 2841 637 de
2892 583 3119 636 adventu
3171 580 3390 634 Ananiae
3429 582 3495 633 ad

295 674 373 733 ὧν
399 681 427 730 ὁ
469 678 708 740 Ἀνανίας
736 678 845 747 (70)
893 679 1026 745 πρὸς
1069 677 1157 729 τὸν
1205 676 1411 730 Παῦλον
1454 681 1510 729 ἐν
1554 674 1845 746 Δαμασκῷ,

1950 670 2173 725 Paulum
2198 672 2466 737 Damasci,
2492 672 2557 724 dc
2579 670 2783 723 visione
2806 678 2859 723 et
2885 684 3013 723 voce
3040 668 3130 721 Dei
3160 668 3222 721 ad
3255 682 3375 720 eum
3400 667 3498 720 ali-

296 770 557 833 ὀπτασίας
584 787 640 822 τε
685 770 776 822 καὶ
818 769 999 838 φωνῆς
1033 768 1167 820 Θεοῦ
1212 768 1502 839 γενομένης
1540 769 1667 820 ποτὲ
1716 769 1850 838 πρὸς

1954 759 2165 826 quando
2190 759 2388 812 emissa
2421 758 2475 811 in
2509 756 2729 825 templo.
2765 755 2919 821 Quod
2953 773 3076 810 cum
3111 756 3197 809 his
3228 756 3294 810 de
3318 755 3497 809 causis

297 862 459 913 αὑτὸν
489 865 546 914 ἐν
564 860 641 930 τῷ
669 859 816 931 ἱερῷ.
852 863 871 884 ‘
904 862 1022 913 Ὅτι
1062 859 1266 928 μέλλων
1296 860 1388 911 ἐπὶ
1413 859 1619 920 τούτοις
1652 862 1680 912 ὁ
1707 858 1852 910 Παῦ-

299 950 391 1014 λος
439 950 751 1012 τύπτεσθαι,
806 950 973 1004 εἰπὼν
1034 952 1114 1003 ὅτι
1155 948 1417 1019 Ῥωμαῖός
1472 951 1657 1010 ἐστιν,
1707 948 1849 1000 ἀνείη

431 1041 543 1095 71).

431 1041 490 1093 71
528 1080 543 1095 .

299 1040 664 1185 ΘηΛ(Γ⁹.)Ὂσα
697 1131 909 1195 Παῦλος
945 1131 1188 1194 καταϐὰς
1220 1135 1300 1194 είς
1325 1132 1385 1185 τὸ
1408 1131 1683 1201 συνέδριον
1720 1131 1851 1183 ἐπαο

299 1223 389 1276 Οέν
418 1239 475 1274 τε
501 1224 594 1276 καὶ
618 1220 788 1287 εἶπεν,
822 1225 916 1276 καὶ
947 1222 1247 1286 εὐθυὸόλως
1274 1223 1524 1292 ἔπραξεν.

368 1404 485 1456 ΛΔ’.
524 1404 658 1474 Περὶ
688 1403 975 1473 ἐπιϐουλῆς
1006 1404 1385 1474 μελετωμένης
1422 1404 1694 1465 Ἰουδαίοις
1744 1402 1852 1475 (72)

299 1496 440 1549 κατά
473 1496 703 1560 Παύλου,
735 1498 826 1549 καὶ
872 1496 1152 1567 μηνύσεως
1192 1496 1358 1565 αὐτῆς
1406 1496 1540 1566 πρὸς
1572 1496 1771 1548 Λυσίαν
1795 1514 1806 1524 ·
1837 1498 1853 1516 ⁶

297 1587 359 1639 ἓν
387 1580 430 1653 ᾧ
466 1588 543 1639 ὅτι
576 1586 942 1657 παρεπέμφθη
967 1589 995 1639 ὁ
1020 1586 1226 1648 Παῦλος
1254 1587 1331 1655 τῷ
1362 1589 1586 1657 ἡγεμόνι
1614 1590 1689 1650 είς
1723 1589 1858 1640 Και-

298 1676 517 1746 σάρειαν
548 1676 682 1746 μετὰ
717 1675 1057 1746 στρατιωτῶν
1088 1677 1180 1728 καὶ
1214 1678 1573 1745 γραμμάτων.

372 1768 492 1821 AE'.
523 1768 818 1840 Τερτύλλου
863 1769 989 1837 περ).
1018 1767 1227 1821 Παύλου
1261 1770 1594 1839 κατηγορίας
1626 1769 1733 1839 (75)
1767 1771 1858 1823 καὶ

220 1906 229 1919 τ
299 1859 464 1913 αὐτοῦ
494 1859 782 1927 ἀπολογίας
816 1859 907 1911 ἐπὶ
930 1858 1023 1910 τοῦ
1051 1860 1339 1929 ἡγεμόνος.

297 1937 305 1947 ’
372 1951 510 2015 AG".
544 1950 677 2018 Περὶ
721 1949 821 2015 τῆς
860 1949 1088 2017 Φήλικος
1123 1949 1369 2019 διαδοχῆς
1406 1950 1624 2018 καὶτῆς
1648 1951 1853 2021 Φήστου

298 2039 681 2109 προσαγωγῆς,
708 2036 808 2105 τῆς
833 2054 891 2089 τε
915 2039 999 2089 ἐπ’
1023 2037 1197 2091 αὐτῶν
1220 2038 1328 2107 (74)
1352 2039 1688 2109 ἀνακρίσεως
1713 2039 1856 2091 Παύ-

299 2129 393 2180 λου
419 2128 512 2179 καὶ
539 2127 802 2194 ἀφέσεως.

371 2217 489 2270 AZ'.
535 2216 836 2284 Ἀγρίππου
865 2217 958 2269 καὶ
996 2216 1257 2288 Βερνίκης
1286 2219 1572 2288 παρουσία,
1605 2217 1699 2270 καὶ
1726 2216 1857 2269 πεῦ-

220 2296 223 2299 ¹
302 2321 387 2367 at;
412 2303 518 2357 τῶν
538 2304 675 2375 κατά
705 2305 916 2358 Παύλου
949 2306 1079 2375 (75).
1113 2309 1129 2327 ‘
1172 2306 1257 2359 ‘Ev
1290 2302 1333 2373 ᾧ
1356 2306 1615 2375 ἀπολογία
1648 2306 1857 2359 Παύλου

297 2394 391 2444 ἐπὶ
434 2394 730 2463 Ἀγρίππου
768 2399 861 2449 καὶ
894 2398 1175 2469 Βερνίκης,
1213 2402 1338 2472 περὶ
1360 2402 1461 2471 τῆς
1490 2404 1547 2454 ἐν
1577 2404 1721 2475 νόμῳ
1745 2406 1854 2474 (76)

300 2483 592 2551 θρησκείας
622 2484 784 2537 αὑτοῦ
827 2488 917 2539 καὶ
964 2487 1204 2558 κλήσεως
1256 2492 1335 2552 είς
1378 2492 1437 2543 τὸ
1509 2490 1850 2559 Εὺαγγὲλιον.

309 2574 397 2635 Ὠς
429 2573 578 2626 οὐδὲν
602 2575 774 2628 ἀδικεῖ
810 2576 1087 2641 Ἰουδαίους
1112 2582 1139 2631 ὁ
1166 2578 1394 2642 Παῦλος,
1428 2581 1729 2651 Ἀγρίππας
1752 2582 1854 2655 ἔφη

294 2660 375 2730 τῷ
404 2663 613 2730 Φήστῳ.
899 2679 903 2684 ’

378 2755 504 2808 ΑΠ’.
545 2753 720 2819 Πλοῦς
766 2756 975 2810 Παύλου
1007 2759 1099 2810 ἐπὶ
1149 2757 1385 2829 Ῥώμην,
1430 2759 1684 2813 κινδύνων
1714 2763 1862 2815 πλεί-

302 2860 443 2897 στων
470 2861 529 2896 τε
558 2846 651 2897 καὶ
679 2846 943 2915 μεγίστων
972 2849 1269 2918 πάμπλεως
1289 2848 1422 2919 (77)-
1458 2850 1479 2872 "
1509 2852 1566 2901 ὲν
1597 2844 1640 2916 ᾧ
1665 2853 1863 2921 παραί-

302 2949 452 2996 νεσις
481 2935 693 2987 Παύλου
728 2937 861 3007 πρὸς
888 2939 1015 3001 τοὺς
1048 2941 1142 2993 σὺν
1168 2940 1314 3010 αὐτῷ
1346 2941 1473 3010 περὶ
1514 2941 1724 3004 ἐλπίδος
1760 2960 1863 2995 σω-

301 3024 519 3093 τηρίας.
543 3027 562 3046 ⁶
596 3024 865 3107 Ναυάγιον
898 3028 1133 3093 Παύλου,
1171 3018 1317 3092 ὅπως
1337 3048 1395 3083 τε
1424 3031 1752 3103 διεσώθησαν
1784 3038 1863 3097 είς

306 3114 543 3185 Μελίτην
586 3115 684 3186 τὴν
744 3118 925 3187 νῆσον,
971 3123 1065 3174 καὶ
1105 3123 1204 3176 ὅσα
1231 3128 1287 3175 τε
1322 3124 1379 3175 ὲν
1405 3123 1539 3195 αὐτῇ
1593 3124 1860 3197 ὲοαυματο

264 3226 267 3230 ⁴
304 3204 511 3273 ούργεα

376 3296 497 3348 ΛΘ’.
526 3296 709 3360 Ὅπως
746 3300 853 3351 ἀπὸ
902 3302 1138 3373 Μελίτης
1164 3305 1243 3367 είς
1280 3305 1495 3377 Ῥώμην
1530 3311 1862 3381 κατήντησεν

305 3390 336 3439 ὁ
368 3387 595 3450 Παῦλος.

378 3480 465 3533 Μ’.
512 3480 645 3550 Περὶ
679 3481 960 3549 διαλέξεως
999 3486 1208 3541 Παύλου
1251 3492 1387 3561 πρὸς
1418 3494 1544 3555 τοὺς
1579 3494 1638 3546 ὲν
1678 3494 1862 3568 Ῥώμῃ

322 3569 625 3633 Ἰουδαίους.

380 3660 661 3729 Κεφάλαια
691 3662 789 3732 μὲν
825 3663 890 3715 τὰ
919 3664 1014 3717 ὅλα
1049 3674 1100 3735 μ’
1121 3686 1133 3697 ·
1174 3669 1243 3722 τὰ
1271 3670 1325 3723 δὲ
1356 3672 1563 3737 τούτοις
1602 3676 1855 3746 ἑπόμενα,

306 3748 467 3804 ἅτινα
495 3751 593 3814 τὰς
619 3753 940 3822 σημειώσεις
969 3757 1147 3827 ἔχουσι
1181 3760 1288 3831 (78)
1325 3763 1410 3817 διὰ
1428 3764 1577 3830 τοῦθ,
1612 3773 1718 3836 μη’.

382 3922 492 3991 (70)
532 3920 696 3980 Εἶπεν
725 3929 859 3983 adde
891 3946 955 3984 ex
982 3929 1192 3987 Euthal.

384 3994 495 4063 (Ἠ)
541 3994 766 4078 Frustra
803 4000 1036 4078 _conjicit
1086 4001 1272 4078 MontI.
1323 4006 1606 4077 legendum
1636 4008 1813 4078 ἀνέθη
1845 4051 1859 4075 ,

209 4091 211 4093 ι
312 4070 597 4146 utramque
626 4068 769 4120 enim
801 4067 1031 4123 formam
1059 4074 1274 4128 tradunt
1312 4067 1670 4146 grammatici.
1701 4067 1860 4133 Emi“.

312 4131 554 4187 Parnm).

539 4202 679 4272 ῨὙπὸ
715 4205 999 4272 Ἰουδαίων,
1020 4207 1234 4263 Euthal.

665 4278 959 4349 κατηγορία
982 4268 1036 4333 et
1065 4278 1342 4349 ἀπολογία.

385 4337 495 4407 (74)
532 4337 633 4407 Id.,
662 4344 747 4395 ἐπ’
769 4337 950 4401 αὐτοῦ.

328 4537 3447 4569 WW-

1949 846 2302 902 Paulusmox
2332 846 2698 901 verberandus
2730 856 2889 911 esset,
2943 862 3066 900 cum
3095 845 3323 900 dixisset
3342 862 3365 923 γε
3396 843 3499 899 Ro-

1952 954 2135 992 manus
2166 954 2301 1001 sum,
2332 938 2587 992 dimissus
2613 948 2713 994 est.

2024 1118 2262 1172 XXXIII.
2303 1118 2557 1183 Quaenam
2604 1116 2823 1181 Paulus,
2864 1132 2986 1172 cum
3016 1117 3250 1169 venisset
3282 1114 3335 1168 in
3370 1129 3500 1168 con-

1956 1212 2162 1275 cilium,
2191 1201 2384 1279 passus
2414 1210 2502 1273 sit,
2525 1224 2645 1277 qua:
2673 1208 2888 1272 dixerit,
2921 1215 2974 1262 et
2995 1221 3110 1275 quae
3138 1206 3399 1275 sagaciter
3428 1205 3497 1259 fc-

1955 1303 2105 1357 cerit.
3278 1302 3283 1307 ”
3311 1358 3315 1362 .

2024 1391 2264 1445 XXXIV.
2308 1390 2382 1444 De
2412 1390 2621 1444 insidiis
2652 1405 2749 1458 per
2791 1389 3004 1445 Judzeos
3049 1397 3235 1443 contra
3277 1383 3503 1438 Paulum

1957 1486 2197 1546 structis,
2250 1492 2302 1536 ct
2330 1484 2394 1536 de
2432 1481 2823 1551 signiﬁcatione
2855 1481 2972 1549 ejus
3006 1479 3069 1533 ad
3103 1478 3315 1548 Lysiam
3342 1476 3499 1529 facta.

1957 1573 2111 1639 Quod
2142 1572 2342 1627 Paulus
2367 1573 2564 1627 missus
2588 1572 2658 1626 sit
2673 1570 2972 1625 Caesaream
2996 1570 3061 1623 ad
3084 1566 3358 1637 praesidem
3383 1579 3505 1643 cum

1957 1665 2217 1719 militibus
2245 1672 2296 1717 et
2324 1664 2536 1717 litteris.

2027 1752 2243 1808 XXXV.
2285 1754 2360 1807 De
2404 1751 2627 1805 Tertulli
2670 1759 2854 1805 contra
2888 1746 3115 1821 Paulum
3145 1747 3503 1812 accusatione,
3546 1786 3551 1791 .

1960 1855 2012 1900 et
2047 1846 2115 1898 de
2147 1844 2395 1913 apologia
2424 1842 2543 1911 ejus
2575 1856 2758 1896 coram
2786 1838 3029 1909 praeside.

1889 1916 1930 1969 Β
1969 1898 2007 1900 ν
2030 1898 2268 1989 XXXVI.
2309 1898 2472 1988 {Felici
2506 1934 2750 1989 Succedit
2787 1898 3007 1985 -Festus.
3056 1929 3254 1985 Paulus
3288 1898 3508 1985 cauam

1959 2043 2111 2081 suam
2147 2026 2257 2096 agit
2281 2025 2423 2093 apud
2454 2025 2666 2088 ambos,
2691 2034 2745 2079 et
2765 2024 3075 2078 dimittitur.

2027 2204 2291 2260 XXXVII.
2333 2204 2580 2274 Agrippae
2603 2212 2656 2257 et
2676 2202 2928 2259 Bernices
2953 2188 3233 2264 adventus,
3248 2202 3315 2254 ,ει
3341 2199 3509 2253 inter-

1958 2300 2165 2367 rogatio
2202 2298 2346 2352 circa
2386 2296 2537 2350 Pauli
2570 2309 2811 2349 causam.
2844 2294 3102 2361 Apologia
3137 2290 3291 2346 Pauli
3322 2305 3509 2345 coram

1958 2391 2191 2461 Agrippa
2228 2399 2281 2444 et
2309 2388 2555 2450 Bernice,
2584 2387 2651 2441 de
2678 2401 2777 2440 suo
2814 2384 3107 2439 secundum
3146 2384 3315 2454 legem
3338 2384 3509 2448 cultu,

1962 2483 2136 2550 deque
2182 2480 2465 2534 vocatione
2514 2495 2609 2533 sua
2660 2477 2723 2530 ad
2754 2474 3124 2545 Evangelium.
3170 2472 3414 2545 Agrippa
3437 2474 3512 2528 ait

1963 2572 2146 2639 Festo,
2176 2571 2406 2626 Paulum
2437 2569 2652 2624 Iudaeos
2686 2569 2823 2622 nihil
2855 2568 3069 2622 laedere.

2029 2749 2314 2804 XXXVIII.
2356 2745 2636 2819 Navigatio
2672 2745 2821 2800 Pauli
2854 2744 3078 2798 Romam
3106 2760 3229 2800 cum
3259 2738 3513 2814 periculis

1960 2842 2148 2896 multis
2178 2839 2572 2908 maximisque;
2607 2837 2695 2890 ubi
2726 2836 3032 2889 adhortatio
3058 2833 3210 2887 Pauli
3239 2835 3305 2888 ad
3334 2842 3513 2893 socios
3596 2864 3599 2865 ν

1962 2932 2027 2985 de
2057 2946 2151 2999 spe
2170 2929 2381 2983 salutis.
2408 2926 2760 2997 Naufragium
2779 2924 2950 2981 Pauli.
2971 2922 3253 2990 Quomodo
3271 2934 3515 2984 vectores
3538 2937 3590 2977 μὲν

1962 3022 2015 3074 in
2046 3020 2283 3075 Melitam
2324 3020 2557 3075 insulam
2600 3018 2885 3083 evaserint,
2916 3026 2969 3070 et
2998 3030 3120 3085 qua:
3146 3014 3219 3069 ibi
3241 3010 3569 3069 mirabilia”

1963 3114 2276 3183 patravcrit.

2038 3316 2275 3369 XXXIX.
2310 3313 2586 3377 Quomodo
2617 3326 2683 3396 ex
2724 3313 2896 3367 Melita
2929 3312 3156 3367 Romam
3193 3310 3388 3369 Paulus
3419 3310 3517 3367 ad-

1966 3416 2265 3547 velXiffLDc
2292 3491 2565 3563 colloquio
2606 3490 2759 3546 Pauli
2785 3504 2906 3546 cum
2939 3489 3136 3545 Iudaeis
3194 3489 3288 3557 qui
3328 3485 3515 3542 Rom“

1967 3594 2139 3639 erant.

2036 3676 2221 3745 Capita‘
2254 3677 2473 3747 quidem
2498 3674 2853 3746 quadraginta
2885 3678 3010 3724 sunt
3044 3688 3056 3722 :
3085 3682 3206 3738 qua:
3236 3682 3364 3721 vero
3390 3678 3512 3735 post

1967 3768 2143 3839 capita
2172 3769 2433 3824 asterisco
2466 3775 2739 3831 notantur,
2763 3761 3115 3833 quadraginta
3147 3768 3201 3814 et
3227 3767 3368 3813 octo.

2034 3940 2146 4011 (75)
2184 3940 2338 4011 Κατά
2368 3937 2596 4011 Παῦλον,
2630 3936 2703 3991 id.
2766 3942 2767 3951 ‘

2033 4008 2144 4080 (76)
2193 4010 2465 4080 Έννύμου,
2500 4008 2574 4061 id.

2032 4076 2144 4150 (77)
2185 4076 2648 4150 magian-15mg.”
2867 4145 2878 4150 _
2922 4095 2934 4105 ’

2036 4141 2146 4218 (78)
2184 4141 2400 4210 Ι(1.,Ῑδὶἀ
2432 4146 2816 4217 κινναϐάρεως.
2856 4145 3005 4213 Apud
3036 4141 3511 4218 eumdengjhiient

1966 4208 2185 4274 noiatur
2213 4208 2469 4271 numerus
2498 4208 2691 4285 στίχων
2721 4229 2812 4269 seu
2837 4208 3073 4285 versuum
3101 4213 3227 4281 ροβο,
3260 4210 3379 4263 I72.
3408 4208 3510 4263 Sed

1966 4291 2055 4343 ille
2087 4289 2240 4357 longe
2271 4286 2555 4357 minor-est
2586 4280 2688 4355 pro
2719 4293 2833 4337 toto
2863 4282 3004 4336 libro
3034 4280 3318 4341 ActOrum,
3350 4294 3512 4350 quem

1968 4375 2021 4428 p.
2048 4356 2148 4413 411
2181 4353 2390 4425 reperio
2417 4353 2578 4407 2556.

1465 4717 1583 4830 s.
1695 4718 2362 4835 PAMPHILI

1137 4948 1732 5045 APOLOGIA
1804 4950 2037 5042 PRO
2108 4948 2683 5040 ORIGENE.

315 5136 797 5219 Apologeticum
834 5140 893 5198 S.
935 5138 1245 5219 Pamphili
1284 5155 1397 5219 pro
1440 5142 1713 5219 Origene
1767 5135 2133 5199 retinuimus
2183 5137 2351 5200 inter
2382 5137 2610 5219 scripta
2649 5134 2725 5219 ad
2779 5131 3126 5219 Qrigenem
3168 5130 3510 5219 spectantia

400 5212 549 5296 qua;
576 5215 779 5296 ipsius
809 5212 1112 5292 operibus
1144 5220 1209 5277 in
1246 5212 1527 5280 editione
1557 5212 1834 5279 'Rureana
1868 5220 2369 5296 subjunguntur.
2407 5214 2526 5277 Adi
2560 5212 2961 5275 Collectionis
2995 5219 3226 5275 nostra
3267 5215 3507 5270 tomum

400 5294 694 5373 quintum
726 5292 1066 5355 decimum.
1106 5298 1280 5358 Ευιτ.
1320 5298 1587 5359 ΡΑΤιιοι.
