4118 6350
649 465 3831 511 MM

1649 499 2116 525 ...Ὗ-η...

1744 621 1948 670 οιιιω’
1979 629 2194 671 unus
2222 627 2448 672 υοωκι
2488 629 2732 671 ccxcvx.
2803 615 2806 618 ’

1595 664 2876 967 sitam

1157 1063 1724 1188 THMUEO‘S
1773 1063 2457 1192 EPISCOPUS
2534 1078 2682 1188 ET
2774 1033 3303 1212 MAR-TYR.

1922 1342 2554 1500 NOTITIA.

1450 1606 1735 1667 totum»,
1764 1606 1870 1655 Vel.
1897 1605 2039 1653 Patr.
2079 1593 2325 1665 Biblioth.,
2351 1608 2466 1652 tom.
2495 1602 2575 1663 IV,
2603 1578 2820 1664 Proleg.,
2845 1616 2891 1665 p.
2923 1603 3026 1658 vn.)

714 1806 750 1864 Ι.
792 1810 1005 1890 Phileas
1041 1822 1150 1865 tum
1183 1814 1332 1890 rebus
1358 1815 1608 1890 praeclare
1645 1817 1821 1890 gestis,
1875 1824 1983 1866 tum
2027 1816 2268 1890 doctrina
2318 1824 2365 1868 et
2393 1816 2588 1882 pietate
2635 1817 2864 1868 maxime
2904 1824 3179 1882 praestans.
3233 1812 3562 1865 Tltmuitante
3600 1807 3837 1862 Ecclesia

635 1895 920 1953 epts‘copys,
959 1883 1022 1953 de
1052 1883 1344 1952 martyrum
1374 1885 1529 1934 laude
1561 1885 1790 1953 scripsit,
1814 1886 2141 1950 postmodum
2167 1895 2215 1937 et
2248 1887 2353 1953 ipse
2378 1893 2596 1951 martyr.
2728 1951 2766 1953 __
2960 1892 3000 1953 _'

713 1943 752 2002 11
806 1943 1106 2022 Ερὶειοιαηι
1136 1943 1334 2020 quoque
1362 1954 1560 2003 dudum
1597 1943 1823 2013 editam,
1841 1963 2067 2021 quatuor
2094 1943 2447 2022 episcoporum
2489 1943 2692 2005 nomine
2715 1951 2924 2005 Meletio
2948 1950 3320 2021 Lycopolitano
3355 1949 3687 2016 insc‘ripsisse
3724 1944 3838 2000 Phi;

637 2018 744 2071 leas
774 2018 1126 2074 existimatur.

581 2140 584 2142 _
677 2088 794 2167 ιω.
839 2089 950 2151 Quo
978 2100 1201 2155 tempore
1226 2091 1417 2157 scripta
1447 2089 1604 2157 fuerit
1626 2089 1882 2157 ejusmodi
1906 2090 2143 2158 epistola,
2169 2091 2494 2160 cxpenditur.

706 2202 745 2256 Ι.
785 2201 1000 2258 Phileas
1049 2204 1217 2272 patria
1267 2203 1624 2259 Thmuitanus
1653 2205 1705 2258 in
1736 2203 1966 2275 Egypto
1993 2248 2007 2267 ,
2054 2215 2188 2260 teste
2217 2211 2261 2266 Α
2290 2217 2433 2260 tasse
2461 2205 2716 2258 llilariaui
2743 2205 2860 2266 :evi,
2891 2220 2956 2259 ex
2989 2205 3217 2273 abrupto
3242 2203 3492 2273 loquendi
3520 2216 3714 2271 genere
3737 2201 3832 2253 rite

639 2293 966 2364 Hieronymo
995 2293 1104 2362 (l),
1143 2296 1227 2349 vir
1259 2295 1358 2349 fuit
1389 2298 1597 2350 cunctis
1638 2297 1691 2350 in
1741 2297 1873 2350 urbe
1898 2296 2192 2351 honoribus

638 2401 700 2440 ac
737 2385 1049 2440 muneribus
1093 2403 1304 2441 summa
1330 2404 1451 2442 cum
1501 2389 1656 2442 laude
1691 2388 2021 2457 perfunctus,
2054 2399 2104 2442 et
2137 2391 2190 2443 in

637 2475 1019 2550 philosophicis
1067 2477 1363 2547 disciplinis
1402 2480 1710 2533 excolendis
1755 2479 2040 2532 admodum
2085 2481 2192 2534 cla-

635 2581 767 2629 rus,
820 2575 878 2620 ut
931 2568 1117 2621 scribit
1162 2568 1425 2622 Eusebius
1460 2569 1573 2637 (2);
1617 2571 1869 2638 quodque
1920 2572 2195 2639 rei-caput

621 2644 751 2721 Vest,
787 2661 981 2727 pietate
1029 2660 1082 2711 in
1132 2658 1296 2712 Deum
1347 2674 1408 2711 ac
1452 2658 1766 2712 fortitudine
1811 2660 2043 2713 maxime
2073 2661 2194 2713 illu—

634 2747 761 2800 stris
804 2748 876 2816 ('5)
923 2765 936 2800 :
976 2747 1188 2816 ἀληθῶς
1225 2747 1504 2814 φιλόσοπ
1545 2764 1604 2799 τε
1643 2747 1774 2816 ὁμοῦ
1827 2750 1917 2800 καὶ
1955 2748 2194 2815 φιλόθεος

578 2851 613 2880 ·έ
641 2839 866 2904 μάρτυς.
901 2855 1010 2891 vere
1056 2839 1390 2907 philosophus
1431 2837 1690 2905 simulque
1726 2839 1931 2890 divinus
1971 2850 2189 2908 martyr.
2218 2872 2225 2877 -

641 2927 885 2981 Ecclesiae
916 2929 1097 2995 patria:
1125 2939 1360 2997 suscepto
1388 2931 1687 2997 episcopatu
1708 2969 1722 2995 ,
1753 2928 2190 2997 elegantissimum

638 3015 828 3066 librum
866 3013 927 3067 de
971 3027 1262 3085 martyrum
1303 3019 1456 3071 laude
1482 3018 1766 3086 composuit
1803 3018 1911 3087 (4),
1945 3020 2037 3087 qui
2071 3020 2194 3074 Ale—

639 3105 877 3158 xandrim
915 3110 1204 3173 praesertim
1242 3118 1466 3162 mortem
1512 3124 1610 3179 pro
1653 3109 1853 3163 Christi
1898 3109 2001 3163 fide
2051 3110 2194 3163 obie-

639 3203 790 3257 rant;
823 3194 1104 3262 ipsumque
1133 3195 1394 3252 Thmuitis
1428 3201 1719 3266 inscripsit,
1751 3199 2026 3267 epistolam
2053 3201 2192 3270 stylo

639 3292 968 3337 contextum.
1018 3281 1192 3350 Hujus
1239 3284 1447 3354 insigne
1487 3289 1844 3357 fragmentum
1885 3289 2040 3343 nobis
2081 3305 2204 3342 sera

641 3375 783 3429 vavit
824 3374 1085 3428 Eusebius
1116 3375 1231 3445 (5),
1273 3377 1414 3430 unde
1453 3379 1580 3433 illud
1626 3381 2034 3448 exscripsimus.
2084 3379 2190 3432 Pro

638 3464 858 3519 Christo
884 3465 1096 3519 demum
1133 3454 1302 3534 capite
1333 3474 1599 3519 truncatus
1621 3481 1694 3522 est
1722 3471 1906 3524 beatus
1942 3472 2184 3530 antistes,

637 3556 813 3631 eodem
843 3556 898 3608 in
931 3554 1162 3626 [Egypto
1197 3557 1564 3624 persecutionis
1600 3568 1832 3618 auctore.
1868 3577 1966 3628 quo
2003 3560 2186 3613 Lacia-

637 3665 735 3702 nus
783 3647 1144 3720 Nicomedia,
1185 3660 1245 3703 ut
1283 3649 1359 3702 ait
1400 3647 1758 3718 Hieronymus
1783 3651 1861 3717 (6)
1908 3669 1922 3703 :
1959 3653 2187 3704 Alexan-

638 3741 769 3792 driae
799 3740 1059 3793 nimirum
1102 3741 1204 3794 sub
1244 3738 1559 3801 Maximino,
1586 3739 1728 3792 circa
1761 3739 1956 3792 Christi
1979 3758 2185 3809 annmn

639 3826 739 3878 307
767 3827 861 3895 (7).
894 3827 1022 3895 Ejus
1050 3829 1285 3897 martyrii
1313 3829 1441 3881 Acta
1476 3838 1597 3896 post
1624 3826 2004 3882 Bollandianos
2028 3829 2190 3882 edidit

640 3913 1010 3968 Theodoricus
1053 3914 1366 3985 Bulnarlius
1395 3918 1467 3985 (8)
1506 3937 1518 3969 ;
1555 3933 1673 3985 quas
1717 3917 1859 3968 enim
1895 3916 2075 3970 Graece
2120 3920 2191 3972 si-

642 4002 753 4057 mul
783 4012 837 4056 et
874 4001 1154 4088 Latine‘in
1186 3979 1478 4074 Triur‘nphis
1533 3979 1679 4061 lectis
1721 4016 2010 4074 martyrum
2041 4011 2188 4061 evul-

643 4093 788 4160 κεινὴ
815 4093 1203 4160 Combefisius,
1234 4092 1438 4153 'minus
1486 4100 1696 4153 sincera
1745 4098 1972 4153 eruditis
2015 4100 2194 4152 existi-

645 4192 880 4237 tuantur.

713 4274 778 4328 ll.
820 4274 958 4329 Huic
997 4284 1171 4329 autem
1202 4277 1373 4332 sancti
1407 4276 1604 4332 Philete
1631 4278 1948 4348 fragmento,
1980 4293 2047 4332 ex
2075 4277 2205 4345 ejus-

643 4367 780 4421 lihro
824 4363 901 4418 De
957 4369 1268 4433 martyribus
1319 4369 1682 4425 Alexandrinis
1717 4383 2001 4441 excerpta,
2055 4371 2192 4424 inte-

641 4472 791 4526 grani
838 4457 1132 4534 adjecimus
1174 4459 1473 4525 epistolam,
1517 4478 1674 4531 quam
1713 4462 1925 4516 Meletio
1953 4461 2192 4531 Lyc0po-

640 4549 810 4602 litano
835 4548 1105 4617 episcopo,
1138 4555 1249 4600 tum
1287 4562 1386 4601 suo
1426 4558 1536 4602 tum
1566 4553 1723 4604 etiam
1755 4554 1916 4609 trium
1960 4556 2188 4607 aliorum

643 4641 1014 4716 episcoporum
1048 4639 1278 4694 nomine
1313 4636 1450 4689 idem
1488 4637 1697 4696 Phileas
1742 4644 2086 4712 inscripsisse
2116 4647 2192 4698 vi-

641 4734 817 4785 detur.
851 4731 984 4786 Eam
1009 4745 1135 4785 vero
1158 4744 1281 4784 cum
1315 4727 1434 4782 aliis
1457 4731 1830 4788 ecclesiasticae
1853 4739 2189 4805 antiquitatis

643 4821 1024 4884 monumentis,
1057 4821 1123 4874 ad
1153 4819 1385 4874 schisma
1413 4817 1747 4874 Meletianum
1777 4826 2041 4893 praecipue
2071 4841 2190 4895 per-
2217 4859 2256 4915 Ο

644 4909 957 4972 tinentibus,
1003 4909 1208 4975 primus
1251 4906 1387 4960 haud
1420 4907 1494 4959 ita
1524 4908 1726 4974 pridem
1758 4911 1809 4963 in
1843 4913 2013 4967 lucem
2047 4916 2187 4967 eruit

639 5013 706 5049 cx
741 5007 953 5050 vetusto
1002 5013 1100 5051 ms.
1151 4998 1335 5051 codice
1377 4995 1596 5064 capituli
1648 4994 1968 5056 Veronensis
1996 5005 2075 5056 vir
2115 5007 2185 5057 cl.

643 5085 821 5155 Scipio
854 5086 1092 5140 illaﬂ'eius
1123 5088 1195 5156 (9-)
1222 5129 1234 5141 .
1287 5087 1418 5152 Quae
1449 5086 1664 5156 quidem
1695 5104 1816 5141 cum
1867 5094 2085 5162 reliquis
2113 5097 2181 5150 ei-

641 5177 759 5229 dem
810 5177 1027 5244 adjectis
1051 5193 1124 5252 ex
1156 5177 1340 5231 Graeco
1369 5191 1487 5233 esse
1533 5179 1788 5233 translata
1829 5187 2186 5250 compcritur;

646 5269 1166 5336 vetustissimamque
1198 5280 1448 5337 praeterea
1477 5285 1598 5324 esse
1630 5271 1948 5335 versionem,
1982 5291 2042 5328 ac
2081 5276 2188 5329 lor-

713 5395 787 5465 (1)
826 5395 901 5465 De
925 5398 1017 5451 vir.
1063 5397 1258 5452 illustr.
1282 5438 1296 5460 ,
1339 5414 1453 5465 cap.
1488 5397 1572 5451 78.

715 5464 788 5536 (3)
827 5464 970 5536 ψει.
997 5470 1120 5520 eccl.
1143 5508 1157 5530 ,
1193 5469 1283 5520 lib.
1313 5464 1427 5532 vui,
1457 5483 1573 5536 cap.
1615 5469 1666 5522 9.

716 5531 787 5604 (ᾗ)
959 5536 1085 5588 ibid.
1109 5578 1122 5597 ,
1162 5554 1277 5604 cap.
1310 5537 1393 5590 10.

717 5600 790 5663 (ιι)
827 5599 1040 5656 Hieron.
1064 5646 1076 5667 ,
1107 5608 1206 5658 loc.
1229 5599 1328 5659 'cit.

830 5667 953 5743 μου.
986 5674 1072 5726 cit.
1097 5715 1110 5737 ,
1137 5691 1256 5743 cap.
1297 5675 1379 5729 10.

718 5736 791 5803 (ὅ)
831 5736 958 5792 an.
991 5742 1084 5793 cit.

2296 2290 2472 2364 arguit
2499 2295 2897 2350 eruditissimus
2927 2295 3117 2347 editor.
3154 2294 3392 2358 Quatuor
3419 2309 3584 2362 porro
3609 2292 3838 2359 episcopi

2292 2388 2381 2455 qui
2412 2403 2527 2441 eam
2558 2387 2833 2455 epistolam
2860 2401 3112 2440 exarasse
3139 2385 3504 2452 perhibentur,
3531 2385 3633 2437 hoc
3658 2384 3840 2437 ordine

2292 2479 2565 2537 distributi
2597 2487 2911 2545 comparent
2933 2495 2945 2530 :
2968 2475 3276 2544 Hesychius,
3307 2471 3642 2540 Pacltomius,
3681 2475 3840 2527 Theo-

2247 2623 2253 2628 ,
2291 2569 2448 2620 dorus
2482 2579 2533 2621 et
2580 2556 2791 2632 Phileas
2823 2583 2841 2619 :
2877 2567 3034 2619 iidem
3088 2568 3342 2620 nimirum
3385 2582 3616 2635 quorum
3659 2565 3843 2618 memi-

2294 2661 2371 2712 nit
2391 2657 2652 2712 Eusebius
2677 2659 2761 2713 his
2790 2659 2966 2711 verbis
2988 2657 3097 2725 (10)
3126 2677 3189 2710 ει(
3223 2657 3295 2710 Ex
3332 2658 3414 2710 his
3445 2674 3573 2711 vero
3599 2657 3693 2725 qui
3721 2655 3842 2708 Ale-

2255 2808 2257 2810 η
2294 2751 2533 2805 xandria:
2560 2759 2614 2803 et
2641 2765 2733 2818 per
2773 2758 2936 2803 totam
2966 2747 3254 2818 Egyptum
3287 2763 3357 2813 ac,
3377 2738 3709 2801 Thebaidem
3749 2761 3840 2798 no-

2290 2840 2382 2893 bili
2425 2836 2680 2909 martyrio
2736 2837 2998 2907 perfuncti
3025 2847 3193 2899 sunt,
3247 2847 3593 2891 recensentur
3637 2837 3844 2888 Phileas

2291 2939 2342 2983 et
2372 2927 2688 2999 Hesychius,
2725 2927 3044 2982 Pachomius
3070 2939 3122 2982 et
3145 2927 3476 2992 Theodorus,
3508 2929 3838 2979 diversarum

2292 3020 2345 3073 in
2379 3019 2607 3088 .‘Egypto
2643 3018 2999 3071 Ecclesiarum
3034 3017 3289 3085 episcopi.
3341 3035 3359 3067 ι
3396 3018 3572 3085 Atque
3599 3019 3700 3071 hac
3733 3018 3843 3085 ipsa

2291 3108 2588 3163 Eusebiana
2617 3110 2753 3161 serie
2773 3109 2893 3162 illos
2921 3109 3044 3160 item
3069 3117 3410 3162 enumeratos
3437 3109 3694 3162 exhibent
3715 3109 3840 3160 Acta

2291 3201 2556 3269 passionis
2606 3199 2777 3252 sancti
2844 3197 2982 3250 Petri
3039 3198 3382 3252 Alexandrini
3444 3215 3475 3252 a
3522 3198 3845 3253 Combelisio

2291 3289 2552 3356 evulgata.
2598 3287 2701 3351 Qui
2749 3297 2924 3340 tamen
2970 3288 3177 3354 primus
3219 3289 3507 3357 utrobique
3536 3290 3846 3343 nominatur

2288 3377 2532 3443 Phileas,
2575 3387 2760 3432 contra
2806 3378 2893 3431 hic
2937 3389 3241 3446 postremus
3289 3380 3624 3433 inscribitur.
3678 3380 3845 3433 Eccur

2281 3469 2541 3528 'demum‘t.
2569 3466 2806 3535 inquies.
2856 3465 3119 3520 Nimirum
3185 3469 3463 3537 epistolam
3507 3468 3723 3522 Phileas
3765 3469 3844 3535 ἱει-

2289 3567 2457 3613 semet
2499 3559 2856 3625 perscribens,
2906 3560 3103 3628 quippe
3141 3561 3234 3628 qui
3275 3562 3484 3615 caeteris
3525 3559 3844 3628 eloquentia:

2285 3661 2338 3706 et
2381 3650 2635 3703 doctrina:
2668 3649 2826 3703 laude
2855 3661 3152 3719 praastarel,
3199 3661 3256 3705 ut
3302 3653 3460 3706 modo
3509 3668 3574 3706 ex
3613 3651 3844 3706 Eusebio

2286 3750 2447 3810 atque
2510 3739 2833 3810 Hieronymo
2901 3744 3245 3808 accepimus,
3302 3743 3492 3795 ultimo
3563 3752 3840 3810 propterea

2287 3832 2407 3884 loco
2433 3830 2723 3884 modestia;
2738 3845 2897 3882 causa
2931 3845 2988 3884 se
3018 3831 3192 3898 ipsum
3239 3831 3534 3883 nominavit
3567 3848 3581 3882 :
3615 3845 3734 3897 quae
3763 3839 3840 3882 est

2289 3923 2641 3976 laudatissimi
2672 3922 2767 3974 viri
2795 3925 3124 3992 conjectura.

2357 4009 2445 4067 Ill.
2484 4012 2745 4066 Caeterum
2775 4014 2818 4066 si
2852 4024 3061 4083 tempus
3095 4012 3334 4079 requiras
3365 4024 3473 4077 quo
3495 4011 3696 4076 scripta
3729 4011 3836 4066 fue-

2287 4104 2356 4155 rit
2393 4104 2650 4171 epistola,
2685 4104 2840 4172 plane
2885 4112 3094 4158 constat
3125 4101 3288 4154 fuisse
3337 4099 3480 4152 illam
3528 4111 3834 4166 exaratam,

2285 4191 2411 4244 dum
2442 4195 2616 4248 adhuc
2652 4197 2703 4247 in
2737 4194 2874 4248 vivis
2904 4205 3083 4268 ageret
3113 4193 3348 4244 sanctus
3373 4189 3565 4246 Petrus
3610 4193 3837 4246 Alexan-

2287 4282 2453 4335 drinae
2485 4282 2734 4336 Ecclesiae
2762 4269 3003 4336 antistes.
3057 4279 3146 4333 Sic
3173 4278 3314 4331 enim
3348 4277 3421 4330 ibi
3461 4280 3733 4334 Meletium
3763 4281 3837 4333 al-

2287 4371 2582 4438 loquuntur
2625 4372 2863 4443 illustres
2893 4369 3093 4426 ChriSLi
3143 4365 3526 4422 confessores:
3567 4388 3586 4420 ι
3627 4368 3708 4422 Tu
3754 4385 3836 4420 au-

2288 4468 2390 4513 tem
2423 4479 2530 4515 non
2565 4463 2911 4517 considerans
2957 4457 3136 4528 magni
3183 4461 3416 4528 episcopi
3449 4476 3513 4515 ac
3541 4461 3711 4529 patris
3740 4476 3834 4512 no-

2289 4552 2383 4602 stri
2427 4551 2570 4604 Petri
2618 4553 2899 4615 honorem,
2930 4567 2994 4604 ex
3023 4563 3131 4616 quo
3159 4549 3335 4602 cuncti
3369 4565 3466 4617 per
3496 4566 3647 4619 spem
3678 4563 3834 4618 quam

2292 4640 2546 4694 habemus
2595 4643 2646 4694 in
2703 4642 2927 4694 Domino
2965 4646 3153 4691 nostro
3196 4635 3321 4692 Jesu
3353 4639 3607 4703 Christo,
3653 4640 3834 4710 pende-

2290 4743 2401 4778 mus
2437 4746 2454 4776 ι
2489 4737 2590 4781 etc.
2619 4728 2802 4798 Neque
2835 4729 2974 4781 ullus
3009 4725 3288 4779 dubitandi
3317 4728 3468 4782 locus
3496 4730 3834 4798 relinquitur,

2289 4819 2418 4885 quin
2449 4818 2481 4869 ii
2505 4820 2748 4871 eamdem
2789 4820 3068 4887 epistolam
3108 4817 3438 4885 scripserint,
3471 4821 3598 4874 dum
3635 4822 3688 4874 in
3722 4837 3834 4875 car—

2289 4923 2410 4961 ccrc
2457 4907 2822 4962 detinerentur
2855 4927 2869 4962 :
2903 4917 2961 4961 ut
2989 4905 3213 4974 proinde
3260 4907 3385 4962 hinc
3422 4908 3653 4965 fortasse
3684 4911 3827 4965 Mele-

2289 4997 2862 5065 tiusperniciosissimi
2898 4999 2948 5050 in
2981 4996 3212 5065 .‘Egypto
3235 4999 3540 5055 schismatis
3574 5001 3832 5056 conflandi

2289 5103 2475 5142 ansam
2501 5088 2804 5153 arripuerit.
2837 5087 2990 5153 Quod
3017 5087 3228 5155 quidem
3252 5105 3372 5144 cum
3400 5103 3588 5146 nostro
3611 5092 3834 5147 Baronio

2289 5182 2519 5249 aliisque
2568 5177 2696 5230 viris
2746 5179 2921 5233 doctis
2951 5178 3092 5232 circa
3138 5181 3337 5251 armum
3386 5180 3493 5237 ’506
3550 5184 3834 5255 contigisse

2290 5271 2685 5326 existimamus.

2362 5405 2439 5476 (Ζ)
2476 5402 2708 5476 Tillem.,
2753 5401 3071 5474 Mlm.,tom.
3103 5400 3166 5466 ν,
3196 5420 3310 5476 pag.
3351 5404 3468 5470 780,
3513 5422 3628 5462 net.
3660 5411 3716 5475 5,
3746 5423 3839 5466 sur

2295 5470 2349 5526 S.
2369 5464 2616 5526 "Phileas.

2362 5544 2437 5607 is)
2479 5546 2593 5595 Act.
2632 5549 2788 5592 mart.
2825 5541 2994 5604 siuet,
3024 5555 3144 5608 pag.
3183 5543 3304 5597 454.

2363 5614 2432 5688 (tl)
2477 5611 2896 5688 Osserv.!etter.,
2930 5617 3060 5662 tom.
3090 5611 3173 5676 Ill,
3204 5629 3318 5682 pag.
3349 5613 3530 5668 ll-l'l.
3554 5644 3622 5656 —
3647 5615 3840 5688 Opuu.

2292 5682 2467 5730 certos.
2489 5723 2501 5738 .
2532 5696 2653 5748 pag.
2686 5679 2792 5732 εἰει
2826 5694 2974 5747 seqq.

2366 5749 2470 5817 (10)
2517 5748 2654 5804 (list.
2687 5748 2816 5804 εισι.
2843 5748 2934 5802 lib.
2973 5762 3093 5815 vni,
3116 5763 3234 5818 cap.
3271 5750 3355 5804 l3.
