4118 6350
639 483 662 536 l
673 483 777 541 563

1843 484 1900 539 S.
1942 483 2213 539 PHILEIE
2253 481 2629 540 THMUITANI

3717 477 3848 531 1565

639 601 856 670 ungulis
894 601 1237 658 adhibebant.
1271 603 1502 669 Quidam
1538 620 1667 658 vero
1711 606 1877 659 altera
1923 623 2083 660 manu
2122 607 2187 660 ad

2292 576 2396 657 ἀπὺ
2427 607 2524 676 τῆς
2549 608 2710 668 στοᾶς
2757 607 2884 676 μιᾶς
2914 604 3089 674 χειρὸς
3132 600 3489 673 ἐξηρτημένοι
3534 600 3843 668 αἰωροῦντο,

638 693 904 760 porticum
943 695 1192 762 suSpensi
1225 695 1566 763 pendebant;
1601 695 1799 764 quibus
1841 699 2193 752 articulorum

572 847 593 857 _
638 789 1113 859 membrorumque
1147 789 1388 843 omnium
1431 791 1694 845 distensio
1721 793 1916 861 quovis
1949 793 2193 846 cruciatu

635 884 756 930 erat
781 877 1046 930 acerbior.
1088 877 1194 931 Alii
1226 879 1466 933 vultibus
1503 879 1558 931 in
1597 895 1654 933 se
1695 888 1886 935 mutuo
1914 881 2194 935 conversis

638 968 706 1021 ad
735 968 1018 1022 columnas
1047 970 1430 1038 alligabantur,
1465 970 1690 1038 pedibus
1713 970 1888 1024 solum
1931 987 2036 1025 non
2065 987 2195 1026 con-

566 1047 569 1049 ’
640 1059 1001 1126 tingentibus;
1043 1059 1180 1112 adeo
1230 1065 1290 1111 ut
1325 1059 1547 1112 vincula
1589 1061 1854 1128 gravitate
1903 1075 2192 1127 corporum

637 1148 847 1213 adacta,
880 1150 1059 1204 acrius
1105 1150 1533 1204 intenderentu‘r.
1578 1150 1756 1219 Atque
1800 1151 1853 1204 id
1895 1151 2194 1205 tolerabant

639 1253 745 1291 non
781 1239 957 1292 solum
1006 1239 1248 1308 quandiu
1297 1255 1495 1307 praeses
1540 1255 1633 1294 eos
1671 1241 2066 1310 alloquebatur,
2104 1250 2196 1294 aut

638 1330 926 1396 audiendis
952 1329 1088 1396 ipsis
1114 1328 1365 1390 vacabat,
1395 1329 1487 1384 sed
1523 1338 1641 1384 toto
1667 1332 2052 1399 propemodum
2086 1331 2190 1385 die.

636 1418 770 1471 Nam
809 1420 900 1471 ubi
933 1419 998 1472 ad
1041 1419 1177 1481 alios
1205 1419 1498 1475 audiendos
1546 1421 1864 1484 transierat,
1915 1421 2193 1477 ministros

637 1507 799 1560 ollicii
836 1508 918 1560 sui
959 1508 1326 1577 relinquebat,
1371 1510 1465 1578 qui
1511 1510 1783 1579 prioribus
1820 1503 2191 1574 imminerent;

639 1600 682 1650 si
712 1596 851 1651 forte
883 1598 1008 1666 quis
1052 1607 1443 1653 tormentorum
1486 1601 1777 1655 acerbitate
1803 1602 1977 1656 victus
2018 1618 2046 1655 a
2072 1617 2195 1670 pro-

637 1687 814 1756 posito
841 1686 1143 1744 desciscere
1165 1687 1455 1742 videretur.
1503 1687 1838 1758 Juhcbatque
1871 1704 1964 1744 eos
1990 1689 2195 1758 absque

639 1778 744 1830 ulla
776 1777 1124 1831 miseratione
1149 1780 1378 1834 vinculis
1404 1779 1616 1850 stringi,
1644 1789 1700 1834 et.
1719 1788 1904 1849 postea
1928 1796 2049 1834 cum
2079 1780 2191 1848 jam

637 1868 874 1920 animam
921 1869 1258 1940 exhalarent,
1312 1871 1464 1924 humi
1486 1871 1722 1940 abjectos
1781 1872 1939 1925 trahi.
2012 1869 2195 1939 Neque

2301 697 2480 766 πάσης
2529 697 2813 766 ἀλγηδόνος
2863 695 3163 761 δεινοτέραν
3214 694 3310 764 τὴν
3350 692 3456 746 ἀπὸ
3497 691 3604 744 τῶν
3638 690 3844 762 ἄρθρων

2300 788 2392 838 καὶ
2429 786 2602 856 μελῶν
2629 786 2783 839 τάσιν
2824 784 3038 855 ἔχοντες
3059 801 3071 813 ⁸
3103 783 3259 850 mm
3276 783 3332 835 δὲ
3367 783 3502 852 πρὸς
3531 784 3646 843 τοῖς
3679 781 3842 832 κίοσιν

2300 878 2699 948 ἀντιπρόσωποι
2731 876 2940 930 ἐδοῦντο
2972 877 3032 928 ού
3072 875 3467 946 βεϐηκόσιτοῖς
3499 875 3648 934 ποσὶ,
3677 871 3754 939 τῷ
3792 870 3842 924 δὲ

2302 969 2455 1038 βάρει
2487 968 2577 1021 τοῦ
2609 967 2854 1038 σώματος
2885 966 3214 1038 βιαζομένων
3243 965 3378 1038 μετὰ
3404 965 3614 1041 τάσεως
3635 961 3842 1015 ἀνελκο-

2293 1044 2607 1129 ’μένωντῶν
2633 1059 2840 1128 δεσμῶν
2863 1076 2875 1097 θ
2911 1060 3002 1111 καὶ
3021 1057 3164 1110 τοῦθ’
3187 1058 3471 1127 ὑπέμενον,
3499 1055 3598 1108 οὑκ
3626 1054 3709 1121 ἐφ’
3729 1053 3840 1104 ὅσον

2301 1150 2723 1226 προσδιελέγετο,
2749 1149 2855 1202 οὐδ’
2881 1150 3062 1212 αὐτοῖς
3088 1147 3370 1217 ἐσχόλαζεν
3389 1150 3418 1200 ὁ
3445 1137 3689 1217 ἡγεμὼν,
3719 1141 3840 1194 ἀλλὰ

2303 1242 2580 1310 μονονουχὶ
2617 1241 2682 1292 δι’
2728 1239 2853 1309 ὅλης
2897 1239 2995 1308 τῆς
3027 1240 3258 1309 ἡμέρας.
3306 1240 3434 1290 Ὅτε
3481 1236 3590 1306 γὰρ
3628 1233 3722 1288 καὶ
3764 1232 3838 1300 ἐφ’

2300 1331 2519 1402 ἑτέρους
2545 1330 2841 1402 μετέϐαινε.
2870 1331 2982 1392 τοῖς
3002 1329 3282 1399 προτέροις
3307 1327 3705 1396 κατελίμπανεν
3735 1324 3842 1390 ἔφε-

2299 1422 2508 1493 δρεύειν
2545 1423 2670 1486 τοὺς
2699 1424 2764 1492 τῇ
2795 1405 3007 1490 ἐξουσίᾳ
3030 1418 3194 1473 αὑτοῦ
3221 1416 3692 1490 ὑπηρετουμένους
3720 1413 3837 1484 (15)·

2301 1515 2355 1567 εἴ
2384 1515 2484 1568 πού
2527 1532 2611 1577 τις
2647 1513 2900 1584 ἡττηθεὶς
2937 1499 3045 1565 τῶν
3076 1512 3321 1582 βασάνων
3366 1509 3622 1562 ἐνδιδόναι
3651 1506 3837 1557 ἐδόκειο

2257 1637 2259 1641 ι
2300 1602 2530 1673 ἀφειδῶς
2560 1605 2614 1656 δὲ
2655 1603 2888 1656 κελεύων
2914 1604 3006 1655 καὶ
3035 1605 3146 1665 τοῖς
3169 1602 3382 1671 δεσμοῖς
3413 1595 3694 1668 προσιέναι
3719 1593 3838 1662 (is),

2301 1694 2393 1746 καὶ
2425 1678 2729 1762 μεταταῧτα
2765 1690 3238 1762 ψυχορῥαγοῦντας
3269 1688 3462 1750 αὐτοὺς
3494 1682 3840 1752 κατατιθεμέ-

2301 1799 2424 1844 νους
2465 1782 2545 1844 είς
2575 1782 2673 1852 τὴν
2703 1782 2804 1852 γῆν
2840 1778 3106 1833 ἕλκεσθαιο
3143 1779 3201 1831 οὑ
3242 1777 3350 1848 γὰρ
3381 1772 3517 1828 εἶναι
3550 1773 3654 1826 κᾶν
3693 1772 3843 1842 μέρος

2300 1874 2482 1935 αὐτοῖς
2525 1873 2799 1943 φροντίδος
2825 1872 2952 1942 περὶ
3192 1868 3301 1921 ἀλλ’
3335 1865 3475 1920 οὕτω
3507 1865 3601 1917 καὶ
3626 1863 3838 1916 διανοεῖ-

635 1954 780 2011 enim
809 1957 994 2027 aiebat
1021 1960 1104 2014 vel
1151 1960 1431 2014 minimam
1481 1961 1649 2015 nostri
1679 1976 1864 2014 curam
1893 1960 2193 2015 habendam

2299 1963 2416 2015 σθαι
2442 1962 2564 2033 ’(17)
2609 1964 2703 2016 καὶ
2752 1965 3028 2034 πράττειν,
3076 1961 3151 2023 ὡς
3201 1959 3386 2030 μηκέτ’
3429 1957 3618 2010 ὅντων·
3648 1945 3842 2022 ’ταῦτην

634 2065 757 2102 esse
782 2068 796 2102 :
822 2051 914 2104 sed
943 2060 1168 2107 cunctos
1197 2052 1274 2106 sic
1306 2052 1372 2106 de
1398 2053 1556 2106 nobis
1585 2054 1805 2115 sentire,
1835 2052 1915 2106 sic
1944 2067 2068 2120 erga
2095 2067 2194 2105 nos

593 2195 598 2198 _
635 2154 794 2207 agere
815 2141 1031 2206 debere,
1063 2142 1235 2210 quasi
1257 2158 1369 2194 non
1391 2143 1624 2212 amplius
1653 2143 1900 2196 homines
1928 2156 2190 2196 essemus.

637 2227 792 2282 Hunc
836 2231 1045 2285 scilicet
1077 2230 1396 2294 jsecundum
1448 2231 1747 2285 cruciatum
1802 2239 1925 2299 post
1969 2231 2195 2284 verbera

637 2319 841 2372 inimici
873 2320 1043 2377 nostri
1068 2319 1529 2388 excogitaverant.

708 2408 794 2466 Ill.
836 2407 1065 2478 Quidam
1095 2411 1253 2464 etiam
1283 2419 1407 2481 post
1443 2395 1708 2466 tormenta
1731 2411 1784 2464 in
1825 2426 1989 2465 nervo
2010 2409 2196 2479 jacue-

634 2510 803 2568 runt,
860 2503 1087 2572 pedibus
1123 2503 1189 2558 ad
1218 2514 1453 2573 quatuor
1489 2519 1663 2573 usque
1701 2503 1970 2558 foramina
1997 2503 2195 2557 divari-

610 2581 805 2659 catis;
843 2592 917 2647 ita
957 2601 1016 2647 ut
1052 2594 1231 2663 supini
1274 2609 1396 2648 esse
1439 2583 1780 2664 cogerentur,
1822 2610 1945 2648 cum
1992 2595 2063 2648 ob
2103 2609 2193 2647 re-

634 2697 817 2743 centes
848 2690 1124 2758 plagarum
1155 2675 1439 2741 cicatrices
1466 2701 1603 2755 quas
1639 2671 1752 2740 toto
1789 2699 2017 2754 corpore
2041 2700 2193 2752 gere-

637 2778 788 2840 bant,
821 2789 964 2831 stare
989 2778 1212 2831 omnino
1236 2792 1343 2831 non
1367 2763 1608 2845 possent.
1651 2776 1753 2827 Alii
1791 2775 1939 2827 humi
1964 2773 2191 2844 projeeti

631 2869 882 2938 jacebant
899 2883 1005 2938 prae
1020 2869 1184 2923 nimia
1207 2875 1600 2921 tormentorum
1624 2868 1940 2931 acerbitate;
1957 2875 2011 2919 et
2025 2866 2192 2919 multo

635 2960 853 3030 gravius
877 2976 1036 3028 quam
1058 2961 1185 3014 dum
1205 2950 1579 3012 cruciarentur
1595 2957 1956 3024 spectaculum
1983 2956 2194 3010 intuen-

639 3047 784 3102 tibus
820 3049 1154 3117 praabebant,
1189 3049 1338 3103 varia
1403 3062 1468 3101 ac
1526 3046 1844 3114 multiplicia
1895 3053 2223 3099 tormento-'

639 3155 760 3192 rum
808 3140 1107 3208 excogitata
1153 3155 1349 3207 genera
1397 3137 1718 3206 corporibus
1761 3136 1875 3190 suis
1904 3135 2192 3189 circumfe-

641 3239 840 3286 rentes.
879 3228 1009 3293 Qua:
1046 3244 1169 3282 cum
1216 3232 1290 3282 ita
1315 3238 1649 3299 gererentur,
1693 3227 1784 3280 alii
1827 3227 1880 3280 in
1916 3226 2048 3294 ipsis
2077 3235 2189 3279 tor-

638 3322 835 3376 mentis
861 3319 1238 3388 exspirabant,
1279 3321 1580 3372 constantia
1615 3334 1711 3372 sua
1742 3317 2001 3388 pudorem
2043 3317 2193 3370 incu-

641 3417 836 3470 tientes
893 3409 1224 3489 adversario.
1295 3411 1398 3462 Alii
1459 3413 1754 3468 semineces
1811 3413 1865 3466 in
1920 3427 2192 3465 carcerem

636 3507 798 3571 trusi,
846 3505 1035 3576 paucis
1060 3511 1181 3572 post
1208 3501 1399 3556 diebus
1429 3502 1706 3556 doloribus
1745 3504 1992 3572 oppressi
2023 3503 2191 3556 vitam

633 3599 914 3659 ﬁnierunt.
978 3594 1190 3664 Reliqui
1247 3593 1554 3647 curantium
1601 3595 1853 3648 remediis
1885 3594 2190 3659 refocillati,

639 3699 882 3756 tempore
912 3689 1031 3755 ipso
1060 3702 1122 3740 ac
1150 3685 1406 3740 diuturna
1435 3683 1674 3736 carceris
1707 3697 1856 3736 mora
1883 3685 2192 3740 fidentiores

640 3791 876 3847 evasere.
937 3777 1124 3849 Itaque
1185 3775 1309 3829 cum
1349 3782 1534 3845 postea
1594 3772 1914 3842 iuberentur
1970 3775 2190 3844 eligere,

642 3873 824 3917 utrum
885 3866 1144 3926 mallent,
1199 3881 1267 3918 an
1318 3862 1582 3919 contactis
1640 3860 1864 3914 nefariis
1915 3864 2192 3919 sacriﬁciis

642 3955 792 4007 omni
827 3955 1066 4007 molestia
1107 3955 1343 4018 liberari,
1383 3965 1437 4009 et
1470 3951 1845 4010 abominanda:
1895 3953 2190 4009 absolutio-

549 4061 560 4088 :
639 4048 728 4100 nis
763 4045 1079 4098 sententiam
1109 4045 1176 4098 ab
1204 4044 1336 4112 ipsis
1376 4046 1666 4114 consequi;
1704 4060 1772 4097 an
1809 4058 1940 4097 vero
1987 4047 2192 4111 sacrifi-

638 4154 766 4194 care
793 4138 1088 4194 abnuentes
1137 4137 1312 4206 capite
1357 4137 1602 4192 damnari
1635 4155 1647 4192 :
1677 4127 1868 4198 (ilnnes
1895 4136 2028 4188 nihil
2055 4152 2192 4190 cun-

710 4291 821 4358 (15)
861 4292 1004 4357 Τοὺς
1034 4291 1109 4359 τῇ
1132 4292 1383 4361 ἐξουσίᾳ
1424 4289 1963 4360 ὐπηρετουμένους.
2012 4290 2190 4361 Appa-

637 4361 855 4431 ritores,
892 4377 984 4413 seu
1018 4362 1269 4415 ofliciales
1298 4359 1571 4431 intelligit,
1601 4364 1693 4429 qui
1729 4359 2192 4431 prtelecto_Au_gu-

640 4429 766 4483 stali
803 4430 1255 4496 obsequebantur.
1291 4431 1365 4483 De
1400 4427 1502 4485 hoc
1532 4427 1674 4484 enim
1715 4427 1952 4498 loquitur
1979 4427 2190 4483 Phileas

640 4500 694 4551 in
729 4500 828 4569 hac
855 4499 1099 4569 epistola,
1132 4512 1178 4551 et
1207 4501 1448 4569 ἡγεμόνα
1473 4518 1596 4555 eum
1627 4511 1802 4554 vocat.
1846 4498 2014 4569 Porro
2044 4498 2190 4560 ἐξου-

642 4569 732 4620 σία
765 4566 878 4638 fere
907 4568 981 4638 de
1008 4566 1617 4638 majoribus'judicibus
1647 4571 1864 4637 dicitur,
1897 4568 1987 4637 qui
2022 4569 2187 4638 habe—

638 4615 778 4689 ha'nt—
793 4615 894 4707 vitis
913 4615 1113 4707 i—iJ
1338 4615 1546 4694 δίᾶ
1556 4615 1833 4707 ᾞοῖἑέὶὶιῖ
1851 4615 2184 4707 ἐὗρὲιίξιῖἶιῇ
2219 4615 2262 4668 D

641 4716 699 4760 ut
728 4703 1115 4777 ait_U|pianus_._
1151 4703 1278 4768 ane
1303 4723 1400 4762 vox
1429 4725 1495 4763 eo
1519 4703 1680 4764 sensu
1716 4703 1913 4777 saepius
1937 4703 2189 4761 occurrit

637 4776 776 4844 apud
801 4773 1547 4846 JoannemChrysostomum.
1574 4779 1744 4831 Porro
1771 4773 2055 4846 praefectus
2079 4780 2186 4829 Au-

637 4846 862 4913 gustalis
918 4855 982 4896 eo
1013 4843 1501 4915 quidem_tempore
1529 4858 1646 4903 erat
1674 4843 1968 4912 Hierocles,
2003 4863 2187 4915 quem-

635 4910 928 4967 admodum
980 4912 1165 4966 scribit
1218 4910 1551 4983 Epiplianins
1608 4919 1663 4971 in
1714 4918 1901 4971 liaaresi
1955 4910 2187 4973 Melctia-

633 4996 825 5035 Ilﬂl‘lllll
837 5026 846 5034 .

703 5056 812 5121 (tu)
847 5051 979 5116 Τοῖς
1013 5049 1256 5121 δεσμοῖς
1296 5052 1619 5117 προσιέναι.
1667 5054 1813 5109 Nova
1867 5065 1921 5110 et
1951 5056 2184 5110 insolens

633 5122 764 5173 mihi
797 5120 1009 5175 videtur
1040 5120 1151 5173 haec
1186 5120 1407 5173 locutio.

703 5191 811 5260 (l7)
848 5192 1009 5242 Οὕτω
1044 5191 1140 5242 καὶ
1174 5189 1553 5260 διανοεῖσθαι.
1576 5189 1754 5245 Nostri
1782 5195 1994 5247 codices
2020 5193 2178 5256 Maz.,

635 5255 770 5339 μω.
796 5255 851 5312 et
871 5259 1005 5313 Fuk.
1033 5275 1214 5314 vocem
1240 5258 1443 5312 addunt
1470 5260 1572 5313 hoc
1594 5264 1775 5323 modo,
1801 5262 1942 5315 οὓτω
1967 5255 2180 5316 ἐδόκουν

634 5341 857 5381 οιαν.....
1873 5376 1876 5379 .

638 5459 648 5467 υ
703 5397 813 5463 (18)
868 5397 1098 5466 Ταύτην
1142 5397 1425 5464 δευτέραν
1454 5395 1752 5460 βάσανον.
1803 5397 2175 5465 Raptationem

636 5467 894 5528 intelligit.
930 5467 1144 5522 Primus
1174 5469 1315 5521 enim
1356 5467 1632 5520 cruciatus
1664 5474 1779 5518 erat
1801 5470 2081 5519 verberum
2113 5486 2177 5524 ac

633 5529 906 5606 plagarum
944 5545 997 5589 et
1025 5538 1369 5605 ungularum.
1399 5537 1699 5606 Secundus,
1733 5544 1790 5587 ut
1836 5535 1985 5588 humi
2008 5537 2172 5605 depo-

631 5605 1091 5674 sititraherentur
1125 5617 1177 5658 et
1208 5615 1548 5674 raptarentur
1584 5605 1635 5656 in
1667 5619 1951 5674 carcerem.

707 5669 811 5732 (l9)
865 5675 986 5724 Ἐπὶ
1011 5675 1116 5727 τοῦ
1143 5669 1334 5738 ξύλου
1369 5677 1642 5742 κείμενοι.
1693 5671 1929 5726 Pessime
1959 5672 2173 5743 Langus

636 5743 893 5792 ratastam
943 5745 1122 5797 vertit.
1160 5745 1257 5797 llic
1285 5746 1427 5798 enim
1462 5745 1522 5796 τὸ
1553 5743 1703 5807 ξύλον
1744 5744 1898 5796 aliter
1939 5746 2174 5799 sumitur

637 5814 699 5882 ὃς
727 5809 1065 5882 διιρεο.-Νοηι
1100 5829 1259 5881 supra
1307 5815 1519 5881 quidem
1552 5814 1767 5882 ponitur
1791 5829 1886 5882 pro
1920 5815 2167 5880 equuleo,

640 5877 696 5923 ut
727 5886 788 5924 ex
823 5873 1014 5933 Rufino
1049 5873 1370 5938 monuimus.
1409 5882 1504 5938 Hic
1536 5873 1659 5943 vero
1693 5873 1804 5953 pro'
1826 5873 1991 5939 nervo
2021 5873 2170 5954 poni;

2295 2051 2548 2120 δευτέραν
2576 2051 2804 2120 βάσανον
2830 2049 2938 2120 (18)
2966 2049 3059 2103 ἐπὶ
3085 2050 3204 2111 ταῖς
3228 2045 3458 2116 πληγαῖς
3487 2043 3599 2098 τῶν
3629 2043 3844 2096 ὑπεναν-

2295 2141 2424 2194 τίων
2459 2141 2811 2211 ἐφευρόντων.
3078 2179 3081 2181 -
3381 2160 3384 2164 λ

2364 2417 2540 2476 Ἦσαν
2571 2408 2626 2476 δὲ
2651 2422 2699 2475 οἱ
2740 2423 2834 2477 καὶ
2869 2423 3004 2494 μετὰ
3033 2424 3158 2487 τοὺς
3187 2423 3474 2494 αἰκισμοὺς
3517 2421 3613 2475 ἐπὶ
3639 2419 3734 2475 τοῦ
3763 2419 3845 2484 ξύ·
3919 2425 3923 2427 “

2293 2514 2383 2566 λου
2415 2515 2652 2584 κείμενοι
2686 2514 2795 2583 (l9)
2829 2514 2916 2568 διὰ
2953 2514 3061 2567 τῶν
3092 2515 3370 2584 τεσσάρων
3413 2510 3562 2565 ὀπῶν
3597 2512 3840 2565 διατετα-

2297 2604 2442 2674 μένοι
2474 2603 2640 2672 ἄμφω
2675 2603 2751 2654 τὼ
2783 2602 2932 2666 πόδε,
2961 2604 3034 2666 ὡς
3068 2604 3160 2657 καὶ
3205 2604 3322 2656 κατ’
3363 2603 3610 2672 ἀνάγκην
3659 2601 3848 2662 αὐτοὺς

2270 2754 2273 2755 ν
2295 2693 2386 2746 ἐπὶ
2413 2692 2504 2745 τοῦ
2523 2692 2676 2758 ξύλου
2696 2693 2916 2756 ὑπτίους
2931 2689 3088 2758 εἶναι,
3111 2694 3184 2765 μὴ
3201 2693 3526 2764 δυναμένους
3544 2693 3780 2762 (19”)διὰ
3795 2693 3850 2743 τὸ

2292 2783 2487 2836 ἔναυλα
2513 2783 2580 2835 τὰ
2607 2783 2892 2854 τραύματα
2924 2785 3030 2838 ἀπὸ
3058 2785 3166 2838 τῶν
3196 2785 3417 2856 πληγῶν
3447 2785 3573 2838 καθ’
3608 2784 3731 2836 ὅλου
3762 2781 3848 2835 τοῦ

2294 2873 2542 2944 σώματος
2556 2873 2718 2944 ἔχειν’
2738 2874 2913 2946 ἕτεροι
2927 2876 2984 2928 δὲ
3003 2877 3081 2939 είς
3094 2874 3351 2942 τοῦδαφος
3370 2876 3637 2944 ῥιφέντες.
3652 2873 3850 2925 ἔκειντο

2292 2965 2395 3016 ὑπὸ
2426 2962 2527 3033 τῆς
2549 2965 2656 3018 τῶν
2683 2964 2926 3032 βασάνων
2957 2964 3157 3035 ἁθρόας
3183 2963 3483 3032 προσόολῆς
3503 2979 3516 2992 ’
3550 2962 3848 3032 δεινοτέραν

2291 3057 2386 3125 τὴν
2410 3055 2529 3123 ὄψιν
2558 3056 2655 3124 τῆς
2686 3055 2962 3124 ἐνεργείας
2994 3058 3106 3117 τοῖς
3130 3055 3296 3124 ὁρῶσι
3328 3054 3678 3122 παρέχοντες,
3732 3071 3847 3106 ποι-

2293 3146 2444 3208 κίλας
2472 3146 2564 3197 καὶ
2609 3145 2897 3214 διαφόρους
2944 3149 3001 3198 ἐν
3038 3147 3147 3208 τοῖς
3184 3145 3395 3214 σώμασι
3441 3145 3698 3215 φέροντες
3746 3145 3847 3196 τῶν

2297 3234 2537 3303 βασάνων
2582 3234 2682 3296 τὰς
2715 3235 2973 3298 ἐπινοίας.
3029 3236 3243 3288 Τούτων
3284 3234 3454 3298 οὕτως
3514 3236 3766 3306 ἐχόντων,
3798 3240 3843 3287 οι

2298 3327 2393 3396 μὲν
2425 3322 2817 3395 ἐναπέθνησκον
2848 3329 2964 3390 ταῖς
2991 3326 3261 3396 βασάνοις,
3287 3330 3350 3397 τῇ
3373 3328 3637 3398 καρτερίᾳ
3665 3344 3841 3380 καται-

2296 3417 2582 3486 σχύναντες
2610 3416 2712 3471 τὸν·
2731 3417 3015 3471 ἀντίπαλον
3035 3436 3048 3448 ·
3082 3420 3129 3471 οἱ
3162 3419 3217 3471 δὲ
3256 3418 3546 3490 ἡμιθνῆτες
3579 3420 3635 3471 ἐν
3663 3418 3740 3489 τῷ
3763 3418 3844 3471 δε-

2296 3508 2588 3579 σμωτηρίῳ
2635 3509 3066 3579 συγκλειόμενοι,
3117 3493 3233 3580 μετ’
3281 3511 3342 3562 οὐ
3375 3510 3595 3573 ’πολλὰς
3640 3510 3848 3580 ἡμέρας

2291 3601 2411 3661 ταῖς
2442 3596 2693 3669 ἀλγηδόσι
2728 3600 3068 3669 συνεχόμενοι
3104 3600 3459 3653 ὲτελειοῦντο·
3496 3603 3546 3654 οἱ
3580 3601 3635 3653 δὲ
3677 3601 3848 3654 λοιποὶ

2291 3689 2387 3758 τῆς
2436 3689 2542 3741 ἀπὸ
2581 3689 2679 3757 τῆς
2727 3688 3016 3758 θεραπείας
3063 3691 3404 3761 ἀνακτήσεως
3455 3692 3727 3761 τυχόντες,

2293 3779 2464 3850 χρόνῳ
2493 3781 2585 3833 καὶ
2610 3783 2673 3850 τῇ
2707 3780 2805 3849 τῆς
2834 3780 3079 3849 φυλακῆς
3105 3781 3376 3852 διατριϐῇ,
3415 3781 3844 3853 θαρσαλεώτεροι

2292 3875 2581 3942 ἐγίγνοντο.
2606 3872 2760 3926 Οὕτω
2796 3870 2921 3937 γοῦν
2954 3871 3114 3941 ἡνίκα
3137 3873 3553 3941 προσετέτακτο,
3585 3874 3844 3943 αἱρέσεως

2292 3981 2374 4017 κει
2383 3964 2592 4035 μένηςῆ
2617 3963 2960 4034 ἐφαψάμενον
2985 3957 3081 4032 τῆς
3097 3960 3320 4028 ἐναγοῦς
3352 3961 3840 4032 θυσίαςάνενόχλη-

2290 4071 2379 4108 τον
2400 4052 2555 4118 εἶναι,
2595 4056 2690 4125 τῆς
2723 4053 2995 4125 ἐπαράτου
3021 4051 3325 4122 ἐλευθερίας
3357 4052 3466 4122 (20)
3512 4053 3642 4122 παρ’
3670 4053 3842 4106 αὐτῶν

2290 4148 2517 4218 τυχόντα
2535 4164 2547 4178 ·
2577 4149 2610 4218 ἦ
2644 4148 2717 4218 μὴ
2741 4146 2954 4210 θύοντα,
2986 4145 3081 4214 τὴν
3111 4144 3200 4196 ἐπὶ
3216 4142 3426 4213 θανάτῳ
3451 4143 3606 4214 δίκην
3628 4144 3840 4213 ὲκδέχευ

2289 4309 2408 4367 tur,
2430 4302 2479 4357 id
2508 4310 2588 4356 est
2620 4301 2971 4369 compedibus
2990 4296 3202 4366 ligneis.
3233 4293 3408 4369 Latini
3439 4297 3599 4369 etiam
3634 4298 3834 4367 lignum

2289 4385 2354 4424 eo
2383 4366 2543 4426 Sensu
2572 4366 2843 4425 dixerunt.
2879 4370 2952 4422 De
2980 4369 3064 4421 his
3088 4366 3434 4438 compedibus
3459 4366 3836 4438 intelligendus
3876 4425 3878 4427 ς

2288 4450 2371 4493 est
2398 4442 2547 4495 locus
2577 4442 2627 4494 in
2653 4444 2798 4493 Actis
2830 4448 3120 4506 martyrum
3151 4435 3375 4488 Tarae/ti
3399 4475 3414 4496 ,
3466 4435 3708 4491 Probi—et
3733 4439 3835 4490 An-

2290 4508 2488 4562 dronici
2516 4529 2534 4565 :
2562 4509 2692 4564 Cum
2717 4512 3012 4563 verberatus
3045 4516 3196 4569 esset,
3225 4521 3414 4570 pra'ses
3440 4508 3576 4560 dixit
3605 4528 3616 4560 :
3642 4507 3835 4560 llittite

2291 4578 2371 4648 illi
2399 4580 2593 4644 ferrum
2617 4595 2706 4648 per
2731 4589 2956 4648 quatuor
2981 4577 3097 4630 lora
3133 4590 3421 4648 negarunt,
3449 4587 3497 4628 et
3518 4579 3832 4648 dimittente;

2293 4643 2521 4714 aliquam
2582 4643 2759 4700 curant
2795 4650 2842 4700 ei
2879 4661 3148 4715 apponere.
3208 4643 3274 4715 Et
3318 4644 3370 4697 in
3417 4648 3565 4699 Actis
3615 4646 3833 4700 Luciani

2294 4718 2556 4798 nturtyris.
2589 4718 2844 4798 Synesius
2877 4714 2929 4798 in
2947 4714 3195 4798 oratione
3222 4714 3286 4798 de
3315 4731 3504 4798 regno:
3539 4715 3677 4797 Ἀλλ’
3710 4716 3830 4798 σύγε

2295 4784 2492 4857 μᾶλλον
2505 4783 2800 4857 *κινῆσεται
2820 4786 2945 4857 ζτῶν
2989 4788 3051 4857 ἐν
3081 4787 3146 4854 τῇ
3175 4783 3459 4857 ,ποδοκάκῃ
3479 4826 3494 4847 ,
3537 4785 3616 4855 τῷ
3649 4786 3831 4857 φαυλο-

2291 4855 2433 4924 τᾴτῳ
2462 4853 2578 4924 τῶν
2597 4854 2782 4916 ξύλων.
2819 4854 2987 4909 Porro
3011 4853 3146 4924 sicut
3171 4855 3222 4905 in
3252 4853 3351 4906 hac
3378 4853 3826 4924 Ph’ilem‘ep’istola

2291 4922 2446 4988 ξύλον
2464 4923 2619 4993 ιη(ρο
2635 4939 2728 4989 pro
2744 4926 2970 4993 equuleo
2982 4922 3232 4986 sumitur,
3254 4924 3414 4993 modo
3430 4940 3526 4992 pro
3539 4922 3707 4978 nervo
3722 4943 3745 4993 ι,
3759 4924 3825 4977 ita

2291 4993 2344 5051 in
2371 4992 2512 5063 Actis
2544 4990 2801 5063 Theodori
2824 4995 3070 5063 martyris
3103 5007 3222 5061 qua-
3263 4990 3528 5063 haben—tur
3550 4993 3695 5060 apud
3723 4992 3824 5063 Su;

2289 5063 2430 5142 rium
2461 5060 2548 5113 die
2587 5061 2619 5113 9
2645 5060 2978 5128 Novembris,
3019 5060 3225 5132 lignum
3257 5060 3660 5140 duplicimodo
3689 5060 3822 5116 acci-

2328 5142 2451 5184 lllll‘.

2288 5147 2520 5274 {us-Ila)”
2553 5196 2713 5253 Deest
2765 5203 3087 5274 ἐστηκέναι,
3147 5201 3290 5268 quod
3351 5201 3476 5266 legit
3538 5203 3820 5269 interpres.

2287 5268 2446 5325 Eni'r.
2485 5268 2721 5321 ΡΑτιιοι..

2355 5362 2464 5432 (90)
2501 5359 2619 5426 Τῆς
2647 5359 2939 5432 ἐπαράτων
2950 5361 3303 5429 ἐλευθερίας.
3329 5360 3646 5432 Libertatem
3665 5367 3816 5432 mea.

2282 5423 2430 5495 bant,
2447 5423 2704 5501 eumquis
2720 5423 2946 5501 vinculis
2973 5423 3283 5494 solveretur,
3299 5439 3351 5485 et
3367 5430 3526 5484 libere
3542 5443 3650 5501 quo
3665 5423 3815 5501 vellet

2281 5489 2430 5572 abire
2451 5489 2742 5555 sineretur.
2805 5497 2933 5563 Qua!
2967 5516 3066 5553 vox
3108 5517 3218 5572 non
3254 5489 3376 5572 raro
3401 5489 3640 5572 occurrit
3676 5489 3811 5572 apud

2281 5569 2593 5633 Eusebium,
2636 5584 2700 5621 eo
2726 5561 2886 5621 sensu
2929 5584 3086 5635 quem
3114 5571 3242 5624 dixi.
3271 5570 3359 5624 Sic
3385 5569 3572 5621 Antor
3598 5564 3654 5615 in
3678 5561 3768 5615 lib.
3793 5571 3809 5610 l

2277 5643 2585 5707 Apostolij
2611 5638 2873 5693 Itistoriw:

2732 5767 2766 5780 ..
2869 5724 3151 5781 Damnatio
3173 5728 3304 5795 justi

2490 5798 2728 5853 Libertas
2758 5805 2832 5849 est
2860 5795 2997 5863 facta
3023 5798 3141 5849 reis.

2355 5884 2408 5941 id
2436 5897 2514 5943 est
2540 5885 2808 5942 absolutio
2839 5893 2890 5940 et
2917 5881 3189 5938 relaxatio.
