4118 6350
263 544 401 598 1565
1154 538 1369 594 EPIST.
1410 537 1499 591 AD
1535 532 1830 590 MELETIU

1929 524 2410 585 LYCOPOLYTAN
2420 525 2457 581 U
2470 523 2535 577 Μ.
3317 508 3451 565 1566

263 656 418 708 σθαι·
460 655 609 708 οὐδὲν
643 655 1020 727 μελλήσαπες,
1052 620 1299 726 ἀσμένως
1342 656 1434 707 ἐπὶ
1460 654 1550 706 τὸν
1588 628 1811 707 Θάνατον

1929 648 2061 711 :tati;
2090 646 2274 701 libenti
2303 644 2486 698 animo
2508 640 2574 695 ad
2602 646 2825 700 mortem
2852 639 3222 703 perrexerunt.
3245 628 3452 697 Quippe

261 743 517 815 ἐχώρουν.
568 717 806 815 ᾜὲεσαν.
838 744 946 816 γὰρ
984 717 1061 797 ⁷’ἑὰ
1250 717 1356 797 τῶν
1383 744 1541 814 ἱερῶν
1583 741 1809 812 Γραφῶ»

1929 738 2076 792 irobe
2110 744 2325 799 norant,
2354 748 2475 802 quae
2511 732 2565 784 in
2602 728 2771 785 sacris
2793 726 2985 780 litteris
3014 717 3454 801 ‘nohisprazscri-

429 808 830 905 προορίσθέντα.
850 808 861 815 ⁷
889 808 951 889 ’ὸ
981 836 1088 906 γὰρ
1126 808 1450 898 θυσιάζαηρξ
1477 808 1638 904 φησὶξ
1658 808 1817 891 θέοἷς

1929 844 1997 884 ita
2022 837 2167 883 sunt.
2207 826 2309 890 Qui
2347 824 2491 879 enim
2530 820 2794 888 sacriﬁcat
2821 817 2923 870 diis
2959 814 3176 876 alienis,
3212 813 3287 865 ait
3308 808 3457 863 Scri-

259 898 499 993 ἇέροιςί,
525 898 1119 995 ἐὲολοθρευθήσεξάι·
1152 927 1246 979 καὶ
1280 927 1381 990 ὅτι,
1570 917 1807 975 ἔσονται

1929 930 2066 973 ηιμ-ει
2099 918 2142 983 ³,
2171 913 2628 970 exterminabitur.
2667 910 2735 963 Et
2772 910 2966 962 iterum
2991 905 3046 960 ’δε
3083 903 3206 956 Νοη
3247 898 3460 955 habebis

261 1029 363 1087 σοι
397 1013 519 1067 θεοὶ
552 1013 738 1082 ἕτεροι
771 1015 937 1084 πλὴν
964 1016 1109 1085 ἐμοῦ
1127 1000 1286 1086 ’(21).’
1348 1018 1355 1021 ’

1929 1011 2033 1064 leas
2064 1008 2258 1062 alienos
2279 1016 2469 1075 prwter
2497 1020 2598 1058 me.

1367 1178 1372 1192 ί
1850 1190 1853 1192 .

712 1385 1245 1476 EIUSDEM
1317 1374 1728 1472 SANCTI
1800 1377 2280 1481 PHILEjE
2351 1367 3036 1462 THMUITANI

849 1571 1184 1632 EPISTOLA
1232 1572 1321 1626 AD
1354 1542 1708 1627 Μειετιωι
1743 1562 2319 1623 LYCOPOLITANUM
2352 1558 2732 1618 EPISCOPUM
2772 1558 2913 1630 (22).

1313 1893 1565 1937 INITIUK
1613 1891 1821 1935 EPISTU
1832 1891 1922 1931 LE
1963 1887 2417 1932 EPISCOPORUM.

360 2012 672 2119 Hestcntcs‘,
724 2017 1052 2101 Pacuouius,
1102 2034 1444 2101 Taeononus,
1482 2034 1735 2100 PHILEAS,
1773 2033 2019 2088 MELETIO
2050 2026 2244 2086 dilecto
2276 2037 2331 2085 et
2355 2025 2730 2099 comministro
2770 2025 2825 2078 in
2854 2021 3080 2077 Domino
3123 2020 3376 2077 salutem.

336 2190 579 2261 Simplici
628 2194 838 2247 ratione
885 2163 1087 2244 incerta
1129 2189 1292 2243 verba
1336 2169 1663 2243 aestimantes
1699 2201 1819 2256 quae
1848 2192 1893 2250 Β
1922 2196 2020 2241 nec
2058 2170 2262 2240 nostris
2303 2178 2853 2244 inearcerationihus,
2883 2184 2935 2231 et
2956 2170 3377 2239 tentationibus,
3418 2173 3476 2227 et

264 2283 335 2337 de
361 2292 411 2336 te
441 2281 829 2344 audiebantur,
864 2279 1204 2350 quibusdam
1226 2278 1291 2332 ad
1320 2281 1420 2333 nes
1461 2278 1820 2347 pervenienti-

266 2373 371 2426 bus
396 2369 679 2423 nuntiatur
713 2370 886 2423 aliena
912 2385 943 2423 a
969 2383 1121 2423 more
1152 2370 1334 2422 divino
1364 2378 1418 2421 et
1436 2368 1619 2436 regula
1651 2366 1823 2419 eccle-

268 2464 511 2527 siastica,
546 2475 666 2531 qua:
690 2476 720 2515 a
753 2470 805 2516 te
829 2471 1132 2524 conantur,
1168 2460 1277 2514 imo
1305 2459 1476 2529 magis
1501 2460 1670 2524 fiunt,
1705 2474 1824 2526 quae

267 2569 372 2608 nec
414 2553 638 2608 auribus
685 2553 968 2621 suscipere
993 2552 1282 2614 vellemus,
1329 2550 1733 2604 considerantes
1766 2549 1822 2602 in

270 2643 644 2713 magnitudine
698 2642 980 2696 audaciam
1028 2651 1080 2695 et
1126 2648 1352 2695 conatus
1400 2641 1653 2695 incertos.
1718 2626 1823 2694 Sed

268 2734 528 2805 quoniam
562 2734 616 2786 in
649 2731 934 2802 praesentia
978 2731 1318 2785 advenientes
1345 2730 1501 2785 multi
1542 2732 1626 2785 his
1664 2730 1823 2785 fidem

271 2827 682 2894 imposuerunt,
730 2831 783 2877 et
824 2822 1117 2878 contestari
1166 2821 1303 2889 facta
1347 2837 1456 2876 non
1486 2822 1825 2887 dubitabant,

276 2916 441 2971 nimis
461 2915 789 2969 admirantes
815 2914 1079 2982 compulsi
1109 2926 1296 2966 sumus
1334 2913 1431 2966 bas
1457 2913 1663 2966 litteras
1690 2926 1825 2965 con-

272 3006 435 3060 ﬁcere
468 3006 536 3060 ad
565 3015 617 3063 te
648 3023 663 3059 :
696 3004 912 3074 qualem
958 3004 1120 3059 etiam
1163 3004 1577 3058 commotionem
1630 3003 1741 3072 (25)
1773 3013 1828 3057 et

270 3096 547 3150 tristitiam
579 3098 940 3150 communiter
965 3094 1237 3159 omnibus,
1276 3102 1330 3148 et
1362 3093 1668 3164 singillatim
1698 3092 1823 3146 uni-

272 3188 488 3256 cuique,
520 3189 745 3256 praehuit
769 3204 799 3242 a
844 3198 894 3242 te
927 3186 1067 3242 facta
1092 3187 1361 3241 ordinatio
1402 3186 1455 3239 in
1480 3184 1729 3255 parceciis
1761 3184 1829 3238 ad

273 3288 328 3331 te
354 3279 574 3331 minime
620 3279 1033 3347 pertinentibus,
1064 3294 1164 3332 nec
1186 3278 1365 3333 dicere
1392 3278 1551 3331 etiam
1578 3276 1833 3345 praevale-

274 3386 419 3425 mus.
478 3368 655 3423 Pauca
700 3378 879 3423 tamen
925 3378 975 3424 te
1010 3379 1296 3438 arguentes
1340 3384 1446 3422 non
1475 3369 1834 3423 cessavimus.

277 3457 389 3511 Lex
419 3466 502 3511 est
529 3465 739 3526 patrum
766 3466 819 3510 et
848 3466 1181 3525 propatrnm,
1217 3470 1377 3525 quam
1403 3471 1503 3510 nec
1540 3457 1651 3525 ipse
1674 3458 1829 3527 igno-

276 3562 389 3612 ras,
415 3548 704 3601 constituta
739 3548 1034 3601 secundum
1062 3546 1300 3600 divinum
1322 3554 1375 3599 et
1403 3523 1827 3601 ecclesiasticum
1855 3523 1899 3581 δ

276 3637 521 3690 ordinem
549 3654 564 3691 :
596 3652 720 3689 nam
748 3645 939 3691 cuncta
965 3634 1183 3705 pro‘Dei
1208 3636 1403 3705 placito
1428 3646 1481 3690 et
1502 3637 1616 3691 zelo
1648 3636 1832 3689 melio-

277 3745 419 3783 rum.
478 3729 561 3783 Ab
597 3728 728 3798 ipsis
753 3737 836 3782 est
861 3727 1215 3783 constitutum
1241 3735 1295 3780 et
1322 3726 1487 3780 fixum
1508 3766 1522 3791 ,
1558 3725 1610 3779 in
1639 3725 1831 3779 alienis

276 3821 529 3891 parteciis
572 3836 680 3875 non
734 3820 896 3874 licere
923 3816 1087 3872 alicui
1130 3818 1505 3886 episcoporum
1535 3814 1830 3869 ordinatio—

278 3931 378 3970 nes
405 3915 711 3977 celebrare;
761 3928 883 3983 qua:
927 3912 1010 3969 lex
1053 3911 1189 3966 bene
1230 3911 1390 3964 nimis
1420 3921 1609 3976 magna
1631 3916 1744 3968 est,
1779 3915 1832 3961 et

279 4020 403 4059 cum
429 4005 691 4075 sapientia
723 4004 1034 4058 adinventa.
1069 4000 1335 4067 Quoniam
1366 3999 1597 4068 primum
1624 4005 1833 4065 oportet

278 4102 746 4155 conversationem
791 4106 845 4152 et
894 4098 1059 4149 vitam
1110 4110 1297 4150 eorum
1354 4092 1444 4161 qui
1491 4091 1828 4154 ordinantur,

282 4206 405 4244 cum
462 4205 655 4258 magna
700 4187 1117 4257 scrupulositate
1160 4182 1389 4238 scrutari
1442 4199 1456 4236 :
1501 4180 1728 4239 deinde,
1775 4190 1833 4233 ut

282 4279 461 4333 omnis
483 4278 733 4333 confusio
771 4285 825 4333 et
858 4273 1180 4331 turbolentia
1208 4271 1513 4337 auferatur;
1561 4270 1649 4325 vix
1686 4270 1831 4324 enim

284 4369 657 4437 unusquisque
686 4367 978 4437 parmeiam
1011 4380 1192 4434 regere
1220 4362 1411 4431 poterit
1440 4376 1615 4423 suam,
1648 4369 1701 4414 et
1725 4377 1834 4414 ina-

284 4475 389 4531 gna
419 4460 760 4514 solicitudine
787 4458 1079 4526 multisque
1115 4453 1528 4523 cogitationibus
1558 4452 1834 4507 ministros

284 4550 519 4625 reperire
538 4590 553 4614 ,
582 4564 704 4601 cum
733 4549 931 4617 quibus
982 4560 1139 4600 omne
1168 4552 1375 4612 tempus
1406 4543 1525 4595 vitae
1554 4544 1832 4612 transegit,

284 4652 338 4696 et
372 4642 425 4695 in
455 4640 699 4694 manibus
724 4640 842 4708 ejus
893 4647 1021 4693 sunt
1071 4634 1303 4689 educati.
1373 4630 1453 4685 Tu
1499 4642 1675 4686 autem
1701 4635 1835 4688 nihil

287 4734 480 4787 horum
512 4729 894 4806 considerans,
946 4744 1047 4784 nec
1083 4726 1260 4779 futura
1297 4724 1699 4790 contemplans,
1736 4739 1835 4778 nec

1922 2276 2209 2332 cotidianis
2240 2290 2305 2329 ac
2331 2271 2700 2342 multiplicatis
2730 2266 3065 2339 Opprobriis,
3110 2278 3217 2319 nec
3252 2276 3475 2332 oppres-

1923 2367 2165 2421 sinnibus
2194 2376 2245 2421 et
2274 2364 2539 2435 angustiis
2569 2362 2710 2432 apud
2746 2374 2935 2415 omnes
2979 2359 3256 2428 placatus,
3292 2352 3475 2408 omnia

1922 2459 2122 2529 pariter
2160 2444 2407 2512 evertere'
2423 2470 2591 2510 ausus
2621 2470 2700 2508 es.
2736 2451 3072 2529 Pro‘quibus
3108 2462 3229 2516 quae
3255 2445 3351 2500 tibi
3379 2459 3479 2497 ex-

1922 2548 2220 2602 cusationis
2241 2544 2458 2600 occasio
2486 2543 2858 2612 relinquetur?
2891 2539 2997 2594 Sed
3030 2537 3257 2593 forsitan
3283 2533 3429 2588 dices
3457 2548 3473 2587 :

1923 2635 2214 2705 Egentibus
2244 2633 2495 2704 gregibus
2523 2647 2587 2686 ac
2611 2630 2887 2694 desolatis,
2910 2635 3128 2697 pastore
3155 2638 3266 2678 non
3296 2621 3478 2677 subsi-

1923 2738 2113 2790 stente,
2148 2742 2214 2781 ne
2237 2725 2528 2780 multorum
2554 2722 2925 2776 incredulitate
2955 2716 3109 2772 multi
3147 2713 3476 2781 subtrahan-

1924 2833 2035 2885 tur,
2068 2820 2135 2874 ad
2162 2821 2262 2873 hoc
2291 2816 2529 2888 perveni.
2571 2815 2675 2869 Sed
2706 2813 3065 2869 certissimum
3090 2806 3192 2872 est,
3215 2805 3337 2861 illos
3366 2818 3476 2859 non

1925 2924 2082 2979 egere
2114 2927 2126 2962 :
2162 2908 2395 2978 primum
2441 2906 2567 2976 quia
2602 2905 2754 2958 multi
2799 2909 2925 2957 sunt
2951 2899 3379 2956 circumeuntes,
3423 2902 3476 2945 et

1925 3014 2171 3075 potentes
2195 3004 2445 3067 visitare;
2472 3000 2664 3055 deinde
2684 2998 2782 3053 etsi
2815 2996 2940 3066 quid
2963 2994 3029 3047 ab
3055 2992 3186 3061 ipsis
3213 2987 3418 3057 neglige

1927 3097 2035 3151 tius
2079 3095 2372 3165 agebatur,
2407 3097 2717 3161 oportuerat
2760 3102 2824 3139 ex
2860 3083 3055 3154 populo
3100 3093 3390 3151 properare

1930 3202 2031 3241 nos
2057 3187 2270 3256 exigere
2299 3198 2395 3254 pro
2422 3183 2630 3237 merito.
2677 3177 2777 3230 Sed
2808 3174 3054 3229 sciebant
3102 3186 3160 3225 se
3197 3167 3476 3227 ministro-

1930 3293 2051 3331 rum
2084 3292 2192 3331 non
2222 3290 2341 3330 esse
2383 3286 2601 3341 egenos,
2642 3277 2695 3322 et
2722 3266 2841 3321 ideo
2869 3266 2934 3319 ad
2964 3265 3062 3318 hos
3091 3260 3345 3331 petendos
3367 3271 3477 3311 non

1931 3374 2309 3438 pervenerunt.
2372 3362 2624 3415 Sciebant
2645 3398 2659 3421 ,
2687 3358 2829 3427 quod
2852 3356 3130 3409 monentes
3157 3367 3248 3406 eos
3278 3350 3345 3403 ab
3377 3348 3480 3404 hac

1933 3457 2281 3527 inquisitione
2310 3461 2404 3507 aut
2428 3450 2851 3511 dimittebamus,
2885 3455 2974 3499 ant
2998 3458 3119 3498 cum
3148 3440 3295 3494 omni
3319 3452 3477 3492 scru-

1931 3550 2213 3619 pulositate
2256 3547 2417 3600 fiebat
2459 3548 2602 3615 quod
2632 3543 2760 3597 utile
2786 3538 3093 3599 videbatur;
3146 3532 3306 3585 ﬁebat
3331 3527 3475 3613 enim

1930 3642 2031 3695 sub
2056 3630 2345 3707 arguente,
2396 3646 2449 3691 et
2498 3638 2551 3689 in
2598 3634 2846 3687 manibus
2887 3627 3151 3697 probitate
3187 3620 3479 3676 constituta

1929 3714 2285 3801 cogitabatur.
2350 3727 2433 3782 Tu
2466 3736 2652 3782 autem
2700 3735 2807 3778 tam
2848 3720 3073 3783 viriliter
3117 3712 3476 3783 quorumdam

1929 3821 2281 3877 considerans
2307 3820 2667 3887 deceptiones,
2692 3822 2745 3866 et
2773 3811 2951 3865 inania
2978 3808 3162 3869 verba,
3190 3805 3478 3872 subreptus

1930 3913 1997 3968 ad
2026 3910 2397 3967 ordinationes
2430 3902 2747 3977 prosiluisti.
2807 3900 2863 3957 Si
2896 3901 3039 3956 enim
3072 3895 3483 3965 adstringebant

1930 4005 2343 4059 circumstantes
2377 4007 2444 4061 te,
2474 4003 2528 4049 et
2563 3991 2961 4061 compellehant
2993 3991 3302 4058 ignorantes
3330 3984 3480 4039 ordi-

1931 4112 2054 4150 nem
2085 4092 2536 4153 ecclesiasticum,
2572 4094 2886 4148 oportuerat
2912 4092 2964 4138 te
2991 4090 3304 4152 sequentem
3328 4090 3482 4144 regu-

1930 4188 2038 4240 lam
2067 4184 2258 4239 litteris
2281 4196 2380 4235 nos
2408 4180 2669 4245 edocere;
2698 4189 2752 4233 et
2777 4179 2849 4231 ita
2880 4175 3021 4244 quod
3053 4170 3302 4239 expedire
3326 4165 3478 4219 vide-

1932 4274 2110 4339 batur,
2145 4271 2321 4345 ﬁebat.
2353 4268 2421 4327 ,Si
2452 4268 2589 4324 forte
2612 4266 3001 4337 persuadebant
3022 4260 3116 4313 tibi
3143 4257 3359 4326 quidam
3395 4252 3480 4345 di-i-

1932 4376 2142 4426 centes,
2191 4344 2444 4417 de’nobis
2488 4360 2646 4414 tinem
2681 4370 2801 4410 esse
2840 4354 3038 4406 factum
3069 4348 3233 4419 (quod
3258 4360 3356 4400 nec
3382 4343 3481 4399 tibi

1933 4456 2035 4524 ipsi
2076 4462 2192 4508 erat
2238 4454 2500 4523 ignotum,
2537 4446 2679 4517 quod
2704 4452 2885 4498 essent
2914 4440 3068 4494 multi
3096 4445 3286 4492 euntes
3312 4444 3365 4488 et
3394 4449 3482 4489 re-

1932 4546 2157 4601 deuntes
2181 4545 2248 4599 ad
2278 4560 2411 4603 nos,
2474 4538 2567 4607 qui
2617 4543 2866 4605 poterant
2916 4529 3196 4598 visitare),
3248 4526 3347 4581 etsi
3378 4526 3482 4578 hoc

1934 4618 2146 4699 fuisset,
2186 4630 2529 4703 oportebatte
2550 4626 2770 4693 majoris
2800 4624 2965 4692 patris
2999 4627 3310 4689 exspectare
3335 4613 3483 4684 judi-

1932 4729 2101 4790 cium,
2125 4734 2181 4779 et
2200 4723 2359 4790 hujus
2388 4719 2463 4771 rei
2493 4716 2923 4785 permissionem.
2990 4712 3094 4767 Sed
3122 4712 3312 4764 horum
3346 4706 3481 4759 nihil

213 4869 220 4875 .
285 4827 563 4879 beatorum
591 4829 801 4890 patrum
826 4830 1132 4875 nostrorum
1152 4826 1203 4871 et
1221 4814 1433 4869 Christo
1461 4823 1833 4882 susceptorum
1867 4849 1910 4904 Β
1935 4818 2207 4887 cogitans,
2236 4822 2288 4864 et
2311 4807 2459 4865 aliud
2488 4822 2714 4875 sperans
2736 4846 2751 4868 ,
2783 4805 2950 4858 immo
2985 4802 3158 4871 magis
3187 4798 3355 4853 nostri
3385 4811 3492 4853 cu-,

287 4930 383 4986 per
404 4911 775 4967 successiones
809 4912 976 4981 legem
998 4950 1013 4973 ,
1065 4922 1235 4976 neque
1288 4903 1464 4971 magni
1499 4905 1739 4973 episcopi
1770 4920 1834 4958 ac

248 5068 249 5071 η
289 5002 457 5072 patris
480 5000 650 5055 nostri
669 4998 809 5053 Petri
841 5002 1122 5063 honorem,
1139 5013 1203 5051 ex
1229 5011 1337 5064 quo
1362 4996 1543 5049 cuncti
1568 5011 1661 5065 per
1686 5010 1834 5062 spem

288 5108 453 5160 quam
483 5082 744 5145 habemus
773 5093 826 5141 in
851 5089 1079 5144 Domino
1099 5086 1223 5141 Jesu
1245 5084 1481 5151 Christo,
1503 5082 1833 5154 pendemus;

363 5246 384 5277 ³
406 5243 571 5297 Exod.
595 5257 728 5306 xx",
753 5241 841 5295 20.
916 5242 937 5273 ⁸
959 5240 1126 5295 Exod.
1152 5254 1241 5303 xx,
1260 5238 1313 5292 3.

369 5399 479 5469 (2i)
510 5397 679 5463 Πλὴν
700 5396 879 5469 Αέμοῦ.Δ
902 5396 996 5469 liis
1023 5395 1304 5469 ex_Phile.'e
1334 5394 1558 5469 epistola
1584 5388 1823 5469 recitatis

298 5457 563 5524 Eusebius
592 5457 769 5519 εἱειιίιῇ
800 5466 1007 5519 subdit:
1029 5485 1047 5515 α
1071 5466 1191 5519 Haec
1216 5474 1341 5517 sunt
1362 5457 1482 5518 vere
1510 5457 1835 5531 philosophi,

304 5556 403 5592 nec
426 5539 602 5591 minus
626 5533 715 5586 Dei
745 5549 902 5600 quam
933 5536 1207 5601 sapientia:
1234 5534 1489 5586 amatoris
1514 5530 1694 5601 verba,
1721 5541 1841 5593 quae

303 5618 431 5661 ante
464 5598 974 5669 extremam—judicia
998 5598 1337 5664 sententiam,
1366 5602 1543 5655 adhuc
1583 5598 1634 5649 in
1661 5604 1841 5669 custo-

307 5677 394 5727 dia
437 5664 794 5732 constitutus,
825 5672 887 5722 ad
933 5671 1124 5725 fratres
1159 5672 1406 5725 Ecclesiae
1448 5683 1557 5724 suae
1588 5664 1836 5731 scripsit;

308 5744 498 5803 partim
539 5758 646 5812 quo
685 5742 735 5793 in
774 5749 911 5812 statu
955 5751 1607 5812 versareturiexponens;
1646 5734 1836 5800 partim

308 5823 403 5861 eos
434 5804 742 5872 adhortans,
775 5818 831 5861 ut
855 5810 1104 5875 pietatem
1149 5812 1199 5862 in
1229 5804 1502 5862 Christum
1528 5804 1687 5875 etiam
1720 5812 1841 5875 post

308 5878 508 5932 «tritum
554 5896 705 5936 suum
732 5872 951 5949 jamjam
985 5878 1376 5944 imminentem,
1410 5874 1683 5931 mordicus
1715 5872 1840 5927 reti-

1940 4922 2053 4961 ram
2088 4918 2195 4957 nou
2218 4914 2429 4969 gerens,
2453 4897 2769 4966 praepositos
2796 4894 3057 4964 quosdam
3081 4891 3273 4961 populo
3304 4886 3484 4955 provi-

1938 4995 2065 5050 disti
2122 5010 2137 5046 :
2198 5007 2324 5045 nam
2378 4992 2490 5059 jam
2554 4988 2926 5059 cognovimus,
2955 4994 3007 5039 et
3048 4983 3338 5043 schismata
3368 4976 3481 5044 (24)

1935 5082 2278 5153 fuisse,quod
2300 5080 2481 5134 multis
2508 5088 2597 5133 tua
2618 5077 2899 5147 displicuit
2922 5068 3308 5128 irrationabilis
3335 5065 3483 5119 ordi-

1942 5392 2150 5522 “fagi
2172 5402 2320 5505 l’ianc
2346 5449 2623 5522 epistolam
2652 5461 2770 5522 cum
2804 5439 3328 5522 altiseeclesiasticzg
3346 5440 3479 5519 anti.

1946 5505 2167 5588 quitat'is
2214 5505 2573 5574 monuinentis
2617 5515 2816 5588 primus
2864 5510 3027 5588 edidit
3074 5520 3126 5588 χ.
3156 5505 3254 5588 “cl.
3298 5506 3481 5587 Scipio

1946 5574 2190 5644 Slaffeius
2217 5606 2278 5643 ex
2311 5598 2523 5642 vetusto
2552 5574 2651 5637 ms.
2681 5583 2864 5634 codice
2891 5576 3105 5643 capituli
3156 5574 3482 5631 Veronensis

1948 5660 2001 5712 in
2036 5660 2240 5714 Osserv.
2273 5662 2462 5719 letter.,
2496 5664 2622 5707 tom.
2644 5650 2741 5714 ἸΙΙ,
2776 5665 2893 5718 pag.
2931 5650 2985 5719 il
3010 5676 3032 5685 -
3055 5645 3136 5707 i7,
3187 5658 3293 5719 qno
3323 5644 3478 5719 exhi-

2134 5710 2384 5780 Ht'sloriw
2416 5710 3141 5792 fragmentum'devschisnmle
3183 5710 3477 5763 Meletiuno.

2040 5799 2132 5863 25)
2173 5785 2599 5863 (ῖοηιηιοίῖοηξηιι,
2627 5789 2747 5863 Ms.,
2772 5785 3201 5863 communionem.

2040 5800 2132 5863 25)
2173 5800 2599 5853 Commotionem,
2627 5800 2747 5851 Ms.,
2772 5800 2973 5839 commu

2020 5800 2132 5938 ξει)
2171 5866 2483 5921 Schismata.
2515 5862 2635 5929 Ms.,
2674 5858 2973 5913 chrismate.
