4118 6350
600 410 746 487 ηδτ

1709 426 1768 478 S.
1812 423 1901 477 ΤΗ
1910 422 2109 477 ΕΟΝΕ
2148 417 2608 476 ALEXANDRINI

3664 410 3792 465 £538

610 547 775 598 natio.
824 546 904 598 Ad
942 547 1053 599 haec
1080 558 1179 598 nec
1205 541 1501 597 beatissimi
1530 538 1857 608 provisoris,
1896 547 1945 597 et
1983 535 2153 589 induti
2184 549 2228 602 Α
2257 534 2387 585 catis
2414 531 2639 583 alienis:
2666 529 2866 599 pariter
2900 540 3054 581 suam
3084 538 3209 594 erga
3237 523 3386 576 illum
3419 522 3790 575 demonstrans

607 641 882 693 Christum
931 640 1170 691 omnium
1207 646 1454 691 nostrum
1496 631 1722 700 apostoli
1748 630 1901 684 Pauli
1932 629 2151 683 verbum

608 730 778 781 suasit
805 728 1036 791 morari,
1067 738 1120 780 et
1147 725 1483 795 pr0positum
1519 720 1672 775 facile
1703 720 2013 783 continere;
2061 719 2155 785 qui

568 810 574 815 ’
607 817 849 870 scribens
883 814 1256 883 acceptissimo
1304 813 1414 865 tilio
1443 808 1727 863 Timotheo
1768 804 1900 862 dicit
1926 808 1948 838 '
1981 824 1996 859 :
2036 804 2153 857 Ha-

610 919 704 957 nus
732 905 925 957 nemini
952 906 1057 957 cito
1085 902 1413 973 imposueris,
1443 915 1531 952 nec
1559 896 2018 952 communicaveris
2038 910 2155 963 pec-

2257 620 2644 690 providentiam
2678 627 2731 671 et
2757 617 3082 684 exemplum,
3105 629 3167 669 ac
3190 614 3356 682 legem
3379 627 3485 680 qua
3501 626 3626 666 cum
3649 611 3787 663 omni

2252 709 2677 777 scrupulositate
2704 716 2758 761 et
2788 705 2995 761 cautela
3032 705 3297 773 eligantur
3339 701 3649 756 ordinandi.
3685 701 3787 753 Ad-

2258 796 2695 866 nuntiamus(25).
2716 797 2768 849 in
2796 804 3068 864 posterum
3093 795 3207 858 tibi,
3232 802 3290 847 ut
3314 792 3511 861 regulae
3542 800 3716 845 tutum
3740 797 3790 844 et

2257 889 2527 944 salubrem
2554 887 2838 941 terminum
2868 885 3184 941 continuare
3208 883 3421 939 studeas
3447 880 3582 952 (26).

1783 1013 1935 1067 Finis
1973 1008 2209 1080 epistula:
2255 1007 2630 1075 episcoporum.

676 1132 825 1187 Ilanc
868 1134 1147 1203 epistolam
1190 1144 1473 1203 postquam
1518 1130 1756 1199 suscepit
1783 1138 1837 1183 et
1865 1126 2026 1197 legit,
2058 1140 2156 1178 nec

607 1223 905 1291 rescripsit,
939 1237 1037 1276 nec
1064 1223 1130 1274 ad
1159 1237 1253 1275 eos
1276 1222 1511 1290 perrexit
1533 1222 1598 1275 ad
1628 1232 1899 1273 carcerem
1917 1256 1930 1279 ,
1959 1228 2056 1267 nec
2088 1212 2156 1266 ad

607 1311 820 1365 beatum
850 1311 1066 1365 Petrum
1098 1312 1157 1364 iit
1189 1330 1200 1363 :
1235 1311 1488 1363 omnibus
1530 1319 1708 1362 autem
1744 1306 1828 1360 his
1868 1304 2154 1374 episeopis,

608 1401 935 1469 presbyteris
970 1416 1032 1453 ac
1058 1400 1372 1454 diaconibus
1423 1398 1759 1451 Alexandria
1787 1397 1925 1465 apud
1970 1409 2154 1448 carce-

609 1504 721 1541 rem
772 1490 1089 1558 martyrium
1138 1492 1349 1558 passis,
1385 1491 1661 1558 ingressus
1702 1499 1783 1542 est
1824 1488 2004 1542 statim
2033 1486 2154 1539 Ale-

609 1577 909 1633 xandriam.
952 1576 1083 1630 Erat
1123 1591 1299 1631 autem
1347 1579 1399 1630 in
1432 1578 1644 1631 civitate
1670 1564 1886 1645 quidam
1916 1574 2153 1629 Isidorus

562 1712 567 1717 ,
609 1667 843 1726 nomine,
875 1665 1114 1718 moribus
1149 1666 1521 1729 turbulentus,
1555 1664 1792 1718 doctoris
1827 1664 2030 1715 habens
2060 1662 2155 1715 dc-

609 1754 902 1817 siderium;
948 1764 1003 1807 et
1030 1754 1191 1806 Arius
1218 1755 1434 1822 quidam
1462 1753 1703 1805 habitum
1731 1762 1953 1821 portans
1983 1752 2153 1819 picta-

2254 1129 2396 1173 esset
2424 1118 2566 1188 quod
2598 1101 2927 1186 requireret,
2981 1122 3357 1170 succurrentes
3381 1112 3430 1166 ei
3451 1153 3467 1177 ,
3501 1110 3792 1165 invidentes

2253 1210 2456 1264 scilicet
2485 1206 2853 1277 pontiﬁcatum
2896 1205 2958 1258 Β.
2986 1204 3160 1271 Petri,
3197 1215 3256 1258 ut
3284 1210 3642 1273 cognoscatur
3670 1216 3807 1266 eone

2252 1300 2583 1368 cupiscentia
2616 1290 2835 1360 Meletii,
2869 1296 3207 1367 presbyteros
3232 1294 3432 1363 quibus
3462 1291 3681 1346 dederat
3708 1306 3793 1360 po-

2252 1398 2497 1442 testatem
2546 1385 2605 1438 Β.
2656 1386 2846 1440 Petrus
2900 1385 2965 1438 de
3019 1384 3249 1454 partecia
3294 1382 3515 1437 visitare
3573 1380 3796 1434 Alexan—

2257 1479 2451 1539 driam,
2484 1477 2710 1528 latentes
2738 1472 2951 1527 Melctio
2970 1473 3491 1527 demonstraverunt.
3516 1468 3797 1522 Commen-

2257 1572 2387 1625 dans
2407 1571 2484 1624 eis
2524 1568 2863 1621 occasionem
2887 1565 3154 1631 Meletius,
3180 1564 3452 1633 separavit
3486 1579 3600 1625 eos,
3634 1572 3687 1615 et
3710 1578 3797 1615 or-

2258 1663 2461 1716 dinavit
2490 1662 2604 1730 ipse
2625 1662 2784 1723 duos,
2808 1678 2975 1715 unum
3006 1663 3059 1715 in
3086 1676 3322 1725 carcere,
3350 1669 3403 1713 et
3426 1659 3589 1713 alium
3618 1661 3673 1711 in
3695 1673 3799 1712 me-

2260 1753 2406 1808 lallo.

612 1843 794 1907 tis.,et
831 1843 940 1909 ipse
971 1842 1209 1897 doctoris
1243 1843 1568 1895 desiderium
1619 1843 1840 1895 habens.
1905 1839 1967 1891 Hi
2008 1847 2155 1906 post-
2187 1851 2225 1903 Β
2326 1843 2419 1896 llis
2436 1842 2661 1910 agnitis,
2690 1842 2746 1893 Β.
2770 1841 2956 1895 Petrus
2986 1856 3107 1895 cum
3138 1842 3303 1894 multa
3323 1840 3578 1910 patientia
3606 1837 3799 1907 popqu

610 1945 772 1999 quam
824 1940 1187 1998 cognoverunt
1236 1930 1581 1997 cupiditatem
1640 1928 1870 1990 Meletii,
1921 1937 1977 1980 et
2024 1926 2155 1996 quid

681 2059 790 2178 (21$)
830 2058 1143 2113 Ordinandi.
1165 2060 1569 2123 Adnuntiamtts.
1591 2058 1717 2126 Ms.,
1750 2054 2043 2114 ordinando
2069 2060 2159 2112 ad-

681 2146 715 2178 n
746 2145 844 2178 ias.

613 2145 844 2181 πιεηιιαε.

684 2197 794 2261 (26)
834 2191 1097 2260 Studeas,
1140 2195 1238 2251 Is.
1289 2196 1546 2250 studetur.
1600 2196 1660 2249 In
1703 2194 1920 2249 laudato
1949 2196 2155 2261 codice,

612 2267 941 2320 collectionis
979 2267 1219 2326 historiae
1259 2276 1450 2320 auctor
1480 2267 1661 2329 relata:
1688 2276 1924 2334 quatuor
1949 2266 2159 2335 episco-

2260 1926 2478 2002 scripsit
2506 1932 2869 2005 Alexandrino
2902 1931 3183 1999 epistolam
3218 1933 3322 1985 hoc
3351 1931 3511 1985 modo
3539 1927 3677 1999 (27).

2261 2075 2453 2129 porum
2477 2060 2718 2128 epistolas
2750 2075 2777 2111 a
2802 2058 2983 2111 Philea
3009 2069 3069 2113 ut
3089 2060 3301 2114 videtur
3319 2059 3659 2127 conscripta,
3682 2056 3803 2111 sub-

2262 2132 2340 2184 dit
2370 2130 2549 2197 statim
2583 2146 2703 2197 quaa
2731 2138 3050 2197 sequuntur.

2336 2198 2449 2267 (27)
2492 2194 2822 2249 Hoc‘modof
2868 2196 3017 2267 Hanc
3050 2206 3225 2249 autem
3250 2196 3627 2267 epistolath.
3664 2194 3804 2249 Petri

2262 2264 2607 2345 Alexandrini
2636 2268 2803 2321 habes
2835 2265 2972 2320 infra
2996 2268 3061 2320 ad
3092 2281 3217 2319 ann.
3244 2264 3347 2321 30%
3380 2276 3421 2320 t.
3449 2264 3591 2319 XVI.

617 2421 3812 2464 Μ

1706 2593 1891 2636 amca
1924 2564 2160 2637 annos!
2182 2592 2411 2636 DOIINI
2443 2594 2742 2639 ccxcvm.

1495 2728 1729 2958 δ.
1868 2781 2869 2960 THEONAS

1232 3032 1992 3198 EPISCOPUS
2046 3023 3182 3200 ALEXANDRINUS.

1966 3296 2514 3465 NOTITIA.

1452 3504 1736 3573 (Greciam,
1766 3508 1883 3565 Yet.
1916 3507 2054 3557 Patr.
2084 3505 2330 3568 Biblioth,
2353 3512 2389 3556 t.
2417 3507 2506 3568 IV,
2530 3508 2749 3571 Proleg.,
2772 3524 2819 3571 p.
2850 3512 2972 3573 vm.)

693 3792 731 3872 if
774 3789 1135 3872 ΪῘἮῨΜἾΠΨ
1182 3803 1405 3872 ξςηιροξε
1440 3791 1611 3872 “dent
1650 3791 2061 3872 Alexandrinam
2091 3798 2391 3872 obtinuerit.
2434 3801 2562 3869 Ejus
2591 3801 2903 3872 prwsulatus
2937 3803 3447 3869 anni'deﬁniuntur.
3484 3802 3593 3856 Sub
3631 3821 3689 3857 eo
3725 3806 3815 3872 ﬂo-

624 3862 733 3940 τυξί
767 3859 984 3940 Pieri-tl?
1010 3860 1153 3909 ίίίίιιδ
1182 3857 1423 3940 βτείεδὶω
1446 3862 1727 3939 presbyter.
1751 3864 1829 3913 vir
1852 3866 2349 3940 “minussi/leonis:
2376 3857 2623 3923 memoria
2652 3872 2704 3921 in
2731 3869 2882 3937 fastis
2910 3857 3270 3925 ecclesiasticis
3304 3874 3634 3939 consignata.
3669 3882 3679 3895 '

698 3927 753 3979 Il.
788 3926 992 4012 .Easmt
1019 3944 1079 3977 cx
1113 3929 1324 4012 antiqua
1360 3926 1743 4011 versione-ejus
1792 3933 2014 3999 epistola
2056 3936 2120 3988 ad
2145 3926 2450 3993 'Lucianum
2491 3926 2943 3995 cubiculariorum
2984 3941 3290 4011 praefectum
3323 3926 3482 4010 digna
3520 3943 3676 4009 plane
3711 3958 3817 4012 qua

622 3998 797 4064 magni
839 3999 1077 4062 ducatur.
1124 3994 1464 4065 Quandonam
1498 3994 1811 4065 conscripta.

693 4068 776 4119 ιιι.
822 4066 902 4117 Ex
933 4065 1154 4117 Eusebio
1190 4074 1238 4116 et
1265 4064 1541 4117 Lactantio
1566 4068 1674 4133 ejus
1701 4064 1975 4139 integritas
2006 4075 2388 4140 comprobatur.

692 4186 732 4239 ι.
772 4185 1001 4239 Maximo
1054 4184 1306 4239 Ecclesia:
1342 4184 1712 4241 Alexandrina:
1769 4190 2027 4251 antistiti.
2074 4192 2165 4260 qui
2194 4192 2372 4254 C'sub
2422 4195 2541 4265 ejus
2588 4194 2841 4249 nimirum
2891 4194 3149 4263 regimine
3194 4193 3437 4248 ﬂoruisse
3492 4194 3721 4249 Pierium
3755 4195 3814 4247 ad

628 4292 770 4329 anno
812 4276 969 4328 Probi
1007 4277 1344 4343 imperatoris
1384 4276 1594 4338 ultimo,
1626 4276 1822 4330 Christi
1848 4280 1950 4332 289.
1990 4281 2176 4337 deces-
2208 4310 2221 4321 ι

630 4367 734 4427 sit,
805 4374 863 4416 ut
933 4374 1121 4416 auctor
1184 4375 1265 4419 est
1308 4365 1581 4420 Eusebius
1629 4368 1744 4435 (I),
1790 4368 2045 4422 sul‘feCtus
2095 4378 2177 4422 est

630 4454 1021 4521 Theonas,‘qui
1070 4469 1237 4509 annos
1278 4458 1642 4511 novemdecim
1679 4457 1980 4529 ministerio
2013 4457 2180 4511 fuisse

630 4543 941 4614 perfunctus
975 4544 1196 4596 traditur
1229 4547 1294 4599 ab
1313 4546 1512 4601 'eodem
1535 4546 1765 4601 Eusebio
1792 4542 1898 4599 tam
1932 4547 1984 4599 in
2014 4546 2179 4599 Chro-

632 4638 744 4691 nico
773 4649 932 4709 quam
980 4635 1049 4686 in
1081 4634 1315 4688 Iliston‘a
1360 4638 1433 4705 (2)
1463 4678 1476 4699 ,
1518 4646 1575 4690 ut
1609 4638 1829 4706 proinde
1864 4651 2176 4703 supremum

630 4730 769 4780 diem
797 4724 988 4777 obierit
1015 4739 1153 4775 anno
1187 4725 1287 4777 300
1311 4736 1558 4781 currente
1590 4747 1603 4781 :
1635 4728 1896 4797 siquidem
1932 4726 2059 4781 anni
2090 4724 2177 4788 19.

634 4830 844 4868 nienses
900 4812 1109 4879 aliquos
1153 4812 1413 4865 duntaxat
1460 4816 1699 4883 attigisse
1745 4813 2058 4880 Theonam,
2111 4828 2177 4867 ex

634 4907 788 4957 initio
817 4904 1156 4972 episcopatus
1193 4899 1334 4953 Petri
1373 4902 1487 4969 ejus
1520 4905 1847 4958 successoris
1878 4904 2179 4959 Dodwellus

638 5007 816 5063 aperte
844 5000 1172 5049 demonstrat
1199 4993 1276 5061 (5)
1300 4991 1563 5058 ;‘ejusque
1594 4995 1867 5047 sententi?
1890 4993 2169 5048 Tillemoti-

636 5087 768 5137 tium
800 5100 1011 5153 quoque
1040 5083 1312 5171 adlimrere
1345 5081 1702 5147 comperimus
1738 5083 1834 5149 (ιι).

706 5174 877 5226 Pauca
913 5168 1349 5227 sunt’admodum
1380 5184 1410 5221 a
1439 5170 1704 5221 veteribus
1734 5171 1797 5221 de
1820 5168 2034 5223 Theona
2066 5187 2179 5225 mc-

641 5264 819 5316 moriaa
846 5263 1074 5330 prodita.
1104 5261 1237 5315 Illud
1263 5276 1429 5313 unum
1451 5259 1708 5313 discimus
1730 5274 1792 5310 ex
1818 5258 2041 5313 Eusebio
2072 5261 2177 5329 (5):

710 5374 732 5403 ι
761 5372 776 5423 l
808 5372 950 5425 Tim.
984 5389 1039 5437 ν,
1062 5370 1155 5423 se.

710 5483 783 5544 (ι)
822 5485 878 5535 In
907 5482 1097 5535 Chron.
1132 5482 1196 5535 ad
1223 5498 1347 5537 ann.
1375 5496 1679 5535 nccxcvii.

714 5552 787 5616 i2)
829 5551 927 5611 Id.,
969 5551 1108 5606 Hist.
1142 5553 1290 5614 ecet.,
1324 5553 1413 5605 lih.
1442 5567 1535 5612 vn,
1574 5565 1690 5617 cap.
1721 5549 1816 5603 ult.

714 5618 786 5689 (ὃ)
829 5619 1047 5689 [)issert.
1075 5622 1211 5689 sing.
1242 5623 1305 5673 ad
1329 5621 1508 5675 Pears.
1533 5616 1651 5687 cap.
1682 5618 1733 5681 6,
1764 5621 1790 5687 §
1819 5617 1907 5689 20,
1933 5633 2061 5689 νεα(
2092 5616 2177 5670 75.

654 5769 686 5822 ν
718 5686 983 5804 (gruem.
1007 5684 1209 5754 ecclést,
1241 5701 1367 5743 tom.
1409 5692 1493 5753 IV,
1516 5684 1625 5745 nui.
1654 5689 1707 5753 ‘3,
1738 5684 1831 5743 sur
1864 5684 2181 5750 SQThéonq

2279 4287 2590 4356 presbyterii
2621 4288 2879 4338 honorem
2920 4293 3161 4338 evectum
3183 4321 3199 4345 ,
3229 4284 3384 4351 eique
3413 4283 3729 4338 Christianae
3759 4284 3814 4339 ti-

2262 4370 2359 4428 dei
2388 4370 2855 4430 institutionem'in
2885 4374 3067 4429 schola
3090 4374 3445 4427 Alexandrina
3480 4374 3646 4429 fuisse
3678 4390 3815 4427 com-

2277 4466 2531 4531 missam;
2564 4468 2759 4536 quippe
2792 4467 2882 4535 qui
2925 4464 3255 4518 sublimioris
3281 4466 3632 4534 philosophiae
3666 4478 3816 4533 atque

2278 4556 2595 4622 evangelicae
2621 4549 3044 4610 conversationis
3073 4556 3339 4608 sincerum
3367 4559 3658 4625 specimen,
3694 4572 3814 4624 ope-

2279 4641 2429 4695 ribus
2482 4644 2610 4711 ipsis
2659 4661 2769 4713 pra:
2812 4644 3015 4698 caeteris
3044 4643 3293 4697 omnibus
3322 4646 3616 4699 exhiberet.
3656 4647 3817 4699 Caete-

2279 4746 2400 4782 rum
2430 4730 2661 4786 Thconre
2693 4734 3029 4795 memoriam,
3064 4741 3119 4785 ut
3163 4747 3194 4786 a
3222 4735 3351 4788 viris
3396 4735 3569 4789 doctis
3610 4734 3817 4787 Renau-

2279 4822 2427 4875 dotio
2462 4822 2534 4891 (6)
2565 4833 2618 4877 et
2648 4824 2939 4893 Lequienio
2969 4824 3044 4892 (7)
3069 4825 3362 4891 erudimur,
3413 4827 3683 4881 celebrant
3724 4826 3813 4877 Co-

2280 4911 2424 4978 ptita:
2456 4911 2539 4963 die
2573 4927 2610 4964 ιι
2657 4914 2858 4967 mensis
2894 4911 3046 4979 Tybi,
3076 4912 3187 4966 sive
3215 4914 3282 4968 28
3319 4914 3629 4969 Decembris
3662 4933 3676 4967 :
3704 4914 3819 4980 ejus

2272 5004 2458 5052 tamen
2488 5000 2599 5053 dies
2627 5001 2795 5059 festus
2828 5010 2879 5058 in
2914 5004 3105 5058 tabulis
3146 5006 3519 5060 ecclesiasticis
3552 5005 3694 5073 apud
3732 5001 3822 5056 La-

2281 5092 2424 5145 tinos
2449 5096 2625 5159 agitur
2652 5094 2735 5147 die
2758 5095 2829 5150 23
2857 5095 3102 5164 Augusti.

2350 5178 2417 5234 Il.
2465 5180 2750 5249 Superiore
2805 5185 2999 5237 saeculo
3047 5183 3185 5237 edita
3229 5194 3313 5238 est
3353 5201 3382 5238 a
3436 5184 3700 5238 Dacherio
3750 5179 3820 5249 (8)

2280 5272 2509 5341 epistola
2561 5268 2780 5325 Theonis
2828 5274 3052 5342 episcopi
3102 5274 3332 5329 Luciano
3385 5276 3824 5328 cubiculariorum

2350 5490 2429 5555 (5)
2472 5486 2607 5540 Hist.
2639 5484 2787 5549 πει..
2819 5483 2854 5537 Ι.
2885 5498 2951 5541 c..
2990 5536 3061 5555 Α.

2352 5553 2427 5627 (6)
2468 5556 2607 5627 "ist.
2625 5555 2924 5627 patriai-ch.
2965 5553 3111 5627 Alea.
3132 5594 3147 5613 ,
3180 5554 3413 5627 pag.

2356 5622 2432 5693 (7⁷)
2474 5626 2567 5681 0r.
2609 5622 3004 5693 Christ.,_tom.
3038 5622 3099 5679 II.
3133 5622 3398 5693 pag.’596.

2354 5688 2429 5765 (8)
2467 5695 2671 5765 Spicil.,
2700 5704 2829 5749 tom.
2856 5690 2941 5759 ιιι,
2971 5708 3090 5763 pag.
3118 5688 3221 5749 997
3246 5709 3371 5749 nov.
3391 5691 3522 5746 edit.

4022 870 4027 973 i
