4118 6350
695 327 825 423 tsit

1828 366 1885 419 S.
1928 362 2225 419 THEONE
2264 359 2723 416 ALEXANDRINI

3740 356 3864 407 157‘}

689 494 853 539 mter
876 484 964 554 qui
1004 485 1060 537 in
1099 483 1239 536 castis
1282 492 1356 536 est
1394 453 1537 536 Deus
1570 482 1586 513 ¹
1613 500 1627 548 ;
1674 481 1814 551 quod
1861 483 2004 535 velut
2044 481 2233 550 praeci-
2259 491 2302 539 Α
2327 479 2524 533 Christi
2552 477 2879 547 rcpleamini.
2908 477 3095 531 Omnia
3126 484 3336 544 propter
3365 473 3537 541 ipsum
3563 472 3861 525 Creatorem

689 590 854 643 puum
888 589 920 628 a
960 575 1123 628 nobis
1168 587 1266 642 pro
1309 572 1480 627 salute
1520 581 1724 635 nostra,
1768 571 1812 626 si
1845 570 2135 626 Christiani
2167 586 2227 623 re

688 665 864 733 potius
888 678 1047 732 quam
1094 664 1271 717 verbis
1302 678 1420 717 esse
1449 662 1731 730 cupimus,
1771 662 2116 731 quaerendum
2155 670 2229 713 at-

685 754 1171 822 queexoptandum
1198 762 1300 808 est.
1331 752 1464 808 Nam
1496 754 1541 807 si
1573 753 1794 824 gloriam
1819 760 2056 805 nostram
2083 766 2247 819 quae-

687 845 877 908 rimus,
911 858 1023 898 rem
1049 858 1242 897 vanam
1278 844 1643 911 caducamque
1668 842 1987 911 appetimus,
2025 850 2081 896 et
2107 856 2228 909 quae

686 950 784 988 nos
822 936 966 1003 ipsos
995 934 1061 987 ad
1105 942 1330 987 mortem
1361 934 1602 1001 perducit
1638 951 1649 985 :
1690 942 1745 985 at
1774 933 1942 1002 gloria
1970 931 2146 986 Patris
2175 941 2228 987 et

684 1021 802 1074 Filii
837 1023 928 1090 qui
974 1035 1072 1089 pro
1122 1022 1294 1075 salute
1320 1029 1502 1075 nostra
1545 1021 1693 1075 cruci
1733 1020 1923 1075 aﬂlxus
1965 1019 2085 1085 fuit,
2128 1036 2226 1075 nos

684 1108 862 1163 salvos
896 1107 1025 1162 facit
1084 1109 1137 1160 in
1188 1109 1601 1177 redemptionem
1645 1110 2063 1177 sempiternam;
2107 1126 2226 1179 quae

682 1200 916 1253 maxima
955 1198 1383 1252 Christianorum
1417 1207 1497 1251 est
1528 1198 1878 1266 exspectatio.

749 1290 865 1347 Non
896 1308 1042 1362 ergo,
1094 1294 1183 1346 mi
1209 1292 1460 1359 Lueiane,
1510 1302 1561 1346 te
1601 1293 1793 1361 jactari
1831 1306 1923 1349 aut
1964 1303 2094 1361 puto
2134 1302 2226 1347 aut

679 1383 803 1436 volo
847 1385 988 1452 quod
1026 1383 1197 1447 multi
1222 1399 1284 1437 ex
1343 1382 1539 1453 palatio
1604 1384 1860 1452 principis
1913 1399 2006 1452 per
2062 1393 2113 1438 te
2158 1385 2222 1437 ad

680 1473 1005 1540 agnitionem
1052 1474 1290 1526 veritatis
1329 1464 1702 1543 pervenerunt,
1751 1473 1843 1527 sed
1892 1473 2063 1544 magis
2104 1489 2225 1542 gra-

679 1565 783 1619 tias
826 1562 937 1617 Deo
974 1575 1158 1617 nostro
1203 1562 1399 1617 referre
1449 1564 1628 1629 decet,
1660 1563 1751 1632 qui
1792 1572 1843 1617 te
1892 1563 2095 1617 bonum
2144 1564 2226 1617 in»

679 1656 1039 1709 strumentum
1087 1655 1140 1708 in
1186 1671 1297 1710 rem
1343 1657 1539 1710 bonam
1589 1654 1852 1721 confecit,
1898 1663 2056 1724 teque
2087 1656 2223 1723 apud

676 1745 971 1814 principem
1000 1745 1710 1819 sublimavihutChristiani
1737 1745 1973 1800 nominis
2003 1742 2221 1799 odorem

679 1833 734 1887 in
767 1848 921 1901 suam
968 1836 1189 1905 gloriam
1215 1848 1268 1891 et
1305 1837 1597 1892 multorum
1625 1836 1850 1892 salutem
1878 1834 2223 1890 diﬁ‘underes.

668 1919 810 1977 Nam
861 1935 1061 1994 quanto
1118 1927 1290 1996 magis
1341 1928 1589 1995 princeps
1626 1928 1741 1995 ipse
1784 1926 2023 1981 nondum
2070 1925 2227 1979 Chri-

676 2012 866 2067 stiana:
910 2014 1156 2091 religioni
1205 2015 1509 2084 ascriptus,
1560 2016 1691 2085 ipsis
1734 2015 2055 2071 Christianis
2084 2015 2229 2071 velut

677 2098 1005 2159 fidelioribus
1048 2106 1214 2160 vitam
1256 2114 1309 2160 et
1348 2120 1545 2175 corpus
1574 2121 1734 2160 suum
1765 2106 2064 2161 curandum
2109 2119 2229 2160 ere-

674 2192 839 2256 didit;
882 2200 1031 2248 tanto
1054 2194 1207 2251 dewt
1238 2209 1335 2250 vos
1362 2195 1718 2259 sollicitiores,
1770 2210 1833 2250 ac
1870 2197 1924 2249 in
1957 2195 2101 2250 illius
2135 2210 2226 2250 sa-

674 2282 839 2337 lutem
876 2294 933 2353 et
977 2299 1163 2339 curam
1194 2285 1557 2355 diligentiores
1584 2301 1706 2341 esse
1733 2295 1784 2339 et
1813 2278 2223 2355 prospectiores,

674 2384 735 2427 ut
764 2390 865 2442 per
904 2375 955 2429 id
1006 2376 1293 2444 plurimum
1321 2376 1521 2431 Christi
1556 2391 1751 2431 nomen
1781 2376 2125 2445 gloriﬁcetur,
2172 2384 2227 2430 et

640 2511 646 2519 .
675 2464 820 2519 illius
847 2460 978 2521 ﬁdes
1010 2481 1106 2536 per
1148 2482 1246 2523 vos
1274 2467 1368 2536 qui
1412 2467 1709 2538 principem
1739 2464 1948 2530 fovetis,
1982 2464 2224 2535 quotidie

649 2567 931 2626 augeatur
961 2574 977 2611 :
1013 2573 1136 2611 nam
1160 2559 1287 2628 quia
1315 2573 1415 2613 nos
1441 2558 1714 2613 maleﬁcos
1738 2557 1866 2611 olim
1891 2563 1944 2611 et
1968 2556 2224 2609 omnibus

672 2648 886 2718 ﬂagitiis
916 2649 1142 2703 refertos
1172 2650 1415 2703 nonnulli
1448 2649 1655 2716 priores
1689 2646 1960 2719 principes
1997 2653 2221 2714 putave-

671 2749 829 2802 runt;
864 2739 957 2795 sed
983 2740 1095 2808 jam
1120 2738 1363 2794 videntes
1389 2746 1566 2793 vestra
1597 2738 1735 2810 bona
1760 2750 1943 2806 Opera,
1975 2750 2080 2790 non
2105 2749 2225 2805 pos-

670 2826 779 2883 sint
810 2828 915 2883 nisi
946 2828 1124 2898 ipsum
1149 2826 1421 2883 Christum
1452 2825 1774 2897 gloriﬁcare.

739 2916 802 2971 ll.
843 2916 1026 2988 itaque
1065 2933 1275 2973 summa
1308 2933 1409 2989 ope
1437 2918 1590 2972 vobis
1621 2916 1972 2979 annitendum
2012 2926 2114 2981 est,
2153 2932 2221 2971 ne

669 3024 764 3063 vos
808 3008 1008 3079 aliquid
1052 3016 1206 3078 turpe
1250 3018 1345 3063 aut
1384 3008 1750 3071 inhonestum,
1802 3022 1869 3061 ne
1897 3006 2217 3077 flagitiosum

670 3098 965 3162 nominem,
998 3099 1273 3167 sentiatis;
1313 3114 1381 3154 ne
1408 3099 1608 3155 Christi
1641 3112 1842 3153 nomen
1871 3114 1967 3169 per
2002 3114 2103 3155 vos
2133 3101 2219 3169 ip-

658 3205 769 3261 sos.
790 3189 1207 3259 blasphematur.

622 3272 673 3333 πθ
724 3279 892 3335 .Absit
919 3295 950 3333 a
977 3279 1131 3333 vobis
1164 3290 1223 3332 ut
1257 3274 1639 3335 aditum-alicui
1670 3280 1737 3335 ad
1762 3280 2060 3351 principem
2093 3294 2218 3348 pre-

669 3371 744 3425 tio
770 3371 1042 3436 vendatis;
1086 3378 1144 3425 ut
1194 3370 1475 3424 inhonesta
1500 3381 1594 3425 aut
1622 3374 1889 3445 precibus,
1930 3382 2023 3427 aut
2049 3373 2219 3442 pretio

576 3462 579 3465 “
669 3463 799 3519 victi
830 3463 1011 3531 aliquo
1046 3471 1205 3531 pacto
1238 3462 1464 3531 principi
1493 3466 1809 3533 suggeratis.
1859 3463 2048 3519 Omnis
2094 3481 2218 3519 ava-

668 3554 825 3632 ritia.
853 3555 1014 3608 ardor
1056 3569 1088 3607 a
1132 3554 1284 3607 vobis
1332 3553 1585 3607 abscedat
1617 3556 1672 3620 ⁸,
1701 3570 1819 3623 qua:
1864 3556 2215 3610 idololatriam

669 3645 846 3713 potius
876 3659 1035 3713 quam
1065 3642 1263 3697 Christi
1315 3644 1630 3715 religionem
1680 3653 1951 3712 operatur.
2001 3644 2215 3701 Nullum

669 3742 827 3804 turpe
854 3726 1061 3789 lucrum
1094 3734 1419 3818 Christiano,
1442 3734 1588 3789 nulla
1618 3734 1901 3802 duplicitas
1933 3737 2219 3791 convenire

671 3833 867 3893 potest,
897 3824 988 3891 qui
1020 3824 1292 3878 Christum
1333 3825 1628 3894 simplicem
1676 3832 1731 3878 et
1772 3824 1975 3883 nudum
2019 3829 2217 3896 ample-

670 3916 853 3971 ctitur.
879 3912 1033 3969 Nulla
1061 3916 1362 3971 scurrilitas
1402 3926 1496 3972 aut
1541 3918 1926 3988 turpiloquium
1960 3917 2097 3971 inter
2124 3934 2219 3972 vos

673 4006 934 4060 habeatur
961 4006 1001 4060 ⁸.
1042 4004 1234 4060 Omnia
1267 4022 1388 4061 cum
1420 4008 1998 4071 modestia,'comitate,
2034 4008 2219 4062 aﬂabi-

672 4098 818 4151 litate
858 4104 911 4149 et
952 4095 1159 4164 justitia
1186 4098 1490 4169 exigantur,
1523 4109 1583 4153 ut
1627 4100 1683 4153 in
1725 4098 1976 4152 omnibus
2022 4112 2216 4152 nomen

672 4187 765 4241 Dei
798 4193 852 4240 et
878 4185 1086 4239 Domini
1112 4189 1276 4241 nostri
1309 4187 1437 4244 Jesu
1466 4189 1665 4245 Christi
1699 4180 2045 4258 gloriﬁcetur.

742 4276 924 4331 Oﬁ‘tcia
974 4284 1150 4330 vestra
1200 4276 1265 4329 ad
1309 4292 1429 4346 qua
1475 4279 1671 4349 singuli
1722 4277 2001 4333 constituti
2046 4276 2216 4335 estis.

674 4369 821 4422 omni
871 4382 995 4421 cum
1042 4367 1231 4419 timore
1277 4365 1369 4421 Dei
1418 4377 1472 4422 et
1519 4384 1703 4425 amore
1747 4369 2005 4439 principis
2059 4377 2219 4436 atque

675 4468 859 4511 exacta
898 4457 1170 4525 diligentia
1196 4458 1581 4524 exsequamini.
1628 4459 1932 4515 Mandatum
1962 4458 2217 4527 principis

677 4548 818 4615 quod
846 4547 1011 4602 Deum
1059 4562 1164 4602 non
1212 4546 1461 4612 oﬂ‘endit,
1504 4549 1572 4602 ab
1612 4550 1728 4620 ipso
1753 4550 1862 4605 Deo
1891 4550 2218 4621 processisse

680 4637 902 4704 putetis;
942 4653 1123 4692 amore
1150 4638 1349 4708 pariter
1373 4648 1426 4693 et
1448 4639 1661 4705 timore,
1704 4651 1862 4710 atque
1903 4644 2048 4697 omni
2092 4659 2213 4696 cum

669 4725 1009 4796 jucunditate
1039 4728 1291 4793 perﬁcite.
1330 4728 1581 4783 Nihilest
1607 4730 1745 4801 enim
1778 4734 1921 4799 quod
1945 4734 2212 4787 hominem

677 4815 891 4884 magnis
926 4814 1305 4884 agitationibus
1348 4817 1630 4890 fatigatum
1683 4818 1754 4871 ita
1802 4830 2022 4883 recreet,
2078 4822 2217 4876 sicut

676 4905 851 4961 intimi
884 4906 1158 4960 servituris
1198 4909 1519 4963 conveniens
1550 4908 1878 4976 jucunditas,
1907 4917 1960 4961 et
1990 4911 2215 4980 benigna

679 4995 963 5063 patientia;
1006 5009 1104 5049 nec
1132 4994 1239 5048 ulla
1263 4994 1455 5050 iterum
1477 5012 1561 5052 res
1583 4998 1887 5051 econtrario
1920 4996 2067 5050 illum
2097 5014 2216 5067 per-

680 5086 981 5138 turbatione
1011 5084 1085 5137 ita
1114 5082 1274 5137 afﬁcit
1298 5094 1351 5136 et
1374 5086 1673 5151 contristat,
1702 5087 1839 5141 sicut
1868 5085 2083 5139 tristitia
2119 5089 2219 5140 im-

681 5176 1074 5240 patientiaque.
1122 5183 1175 5227 et
1210 5172 1377 5241 ipsius
1426 5176 1699 5231 servitoris
1736 5176 2212 5231 submurmuratio.

680 5264 869 5315 Absint
898 5263 1009 5316 haec
1038 5278 1067 5316 a
1095 5264 1245 5318 vobis
1268 5262 1589 5319 Christianis
1608 5305 1625 5330 ,
1665 5268 1757 5335 qui
1792 5268 1905 5321 zelo
1932 5266 2052 5322 ﬁdei
2081 5268 2217 5323 ince-

681 5353 841 5417 ditis;
879 5353 970 5405 sed
1015 5361 1074 5405 ut
1120 5353 1173 5406 in
1213 5354 1377 5409 ‘vobis
1418 5354 1549 5421 ipsis
1596 5354 1979 5410 bonoritlcetur
2006 5356 2146 5411 Deus
2174 5360 2215 5421 ⁸,

681 5439 857 5490 omnia
884 5438 1007 5491 vitia
1033 5440 1223 5495 mentis
1247 5449 1301 5495 et
1322 5440 1563 5510 corporis
1583 5444 1895 5510 supprimite
1918 5458 1968 5499 et
1994 5446 2214 5501 calcate.

682 5525 965 5584 lnduimini
998 5531 1248 5600 patientia
1277 5542 1331 5587 et
1365 5533 1704 5598 alfabilitate;
1740 5536 2026 5590 virtutibus
2049 5546 2100 5590 et
2126 5553 2218 5606 spe

2327 580 2564 625 vestrum
2595 569 2830 631 suﬂ‘erte,
2876 569 3055 623 omnia
3091 565 3354 635 patimini,
3382 565 3561 617 omnia
3594 564 3794 617 vincite
3817 573 3866 617 et

2329 657 2702 727 supplantate,
2768 666 2828 709 ut
2883 654 3155 709 Christum
3213 653 3496 723 Dominum
3556 654 3862 721 acquiratis.

2328 746 2513 817 Magna
2552 756 2677 800 sunt
2712 746 2825 800 hzec
2864 754 2919 798 et
2964 745 3233 800 laboribus
3275 740 3433 814 plena
3484 762 3498 796 :
3545 744 3638 799 sed
3688 745 3777 812 qui
3816 745 3864 794 in

2327 854 2485 906 agone
2502 838 2783 899 contendit,
2806 836 2868 889 ab
2890 836 3123 888 omnibus
3143 852 3194 888 se
3223 836 3475 898 abstinet;
3494 847 3540 888 et
3562 835 3645 887 illi
3666 834 3865 902 quidem

2327 938 2385 980 ut
2441 927 2847 996 corruptibilem.
2897 943 3137 979 coronam
3201 927 3455 993 accipiant
3483 964 3498 989 ,
3544 942 3639 978 nos
3699 933 3863 976 autem

2326 1019 2676 1087 incorruptam
2702 1018 2747 1072 ⁸.

2394 1128 2479 1182 lll.
2517 1130 2620 1183 Sed
2666 1129 2821 1197 quia,
2855 1138 2913 1182 ut
2954 1129 3128 1183 sentio
3154 1167 3169 1192 ,
3218 1127 3445 1181 diversis
3493 1126 3682 1181 oﬁiciis
3740 1128 3867 1180 estis

2325 1222 2563 1289 ascripti,
2604 1230 2656 1272 et
2692 1220 2932 1273 omnium
2969 1228 3021 1271 tu
3044 1260 3058 1282 ,
3090 1217 3347 1280 Luciane,
3382 1218 3701 1286 przepositus
3730 1218 3865 1271 diee-

2324 1312 2420 1376 ris,
2447 1326 2585 1381 quos
2612 1325 2797 1363 omnes
2831 1309 2998 1379 gratia
3036 1309 3232 1362 Christi
3264 1308 3357 1361 tibi
3387 1324 3643 1363 concessa
3681 1318 3863 1376 potens

2323 1416 2383 1454 es
2418 1410 2473 1454 et
2505 1402 2747 1469 regulare
2792 1408 2845 1452 et
2895 1398 3191 1461 instruere;
3228 1406 3405 1451 certus
3445 1411 3599 1459 sum,
3636 1412 3745 1449 non
3775 1396 3864 1449 tibi

2323 1491 2626 1560 displicebit
2672 1504 2758 1543 me
2790 1488 2950 1542 etiam
2996 1488 3059 1541 de
3100 1487 3285 1541 ciliciis
3333 1487 3437 1540 illis
3481 1487 3659 1554 aliqua
3706 1488 3865 1554 parti-

2324 1583 2539 1635 culatim
2568 1590 2624 1637 et
2648 1582 2939 1636 summarie
2966 1579 3057 1633 tibi
3083 1577 3280 1633 referre
3302 1590 3420 1645 quae
3447 1590 3687 1630 sensero.
3736 1575 3861 1628 Nam

2324 1672 2556 1739 aliquem
2598 1685 2664 1725 ex
2690 1670 2843 1725 vobis
2886 1684 3097 1725 servare
3125 1669 3359 1737 privatas
3405 1666 3661 1735 principis
3706 1681 3864 1733 pecu-

2326 1762 2445 1815 nias
2474 1761 2673 1827 audio;
2710 1761 2874 1814 alium
2906 1769 3079 1813 vestes
3106 1768 3160 1812 ct
3186 1764 3497 1811 ornamenta
3534 1756 3862 1824 imperialia;

2328 1851 2492 1905 alium
2520 1866 2649 1906 vasa
2675 1853 2941 1920 pretiosa;
2987 1851 3149 1904 alium
3178 1848 3365 1912 libros,
3400 1861 3561 1917 quem
3590 1861 3701 1903 non
3730 1847 3866 1900 hunc

2326 1944 2503 2000 adhuc
2536 1958 2603 1997 ex
2643 1942 2985 1997 credentibus
3017 1940 3271 2011 intelligo,
3305 1939 3469 1994 alium
3503 1939 3665 1991 aliam
3694 1938 3865 2007 supel—

2326 2035 2576 2090 lectilem.
2620 2033 2751 2100 Quae
2779 2049 2910 2089 sane
2936 2033 3383 2103 quemadmodum
3412 2032 3692 2085 tractanda
3728 2031 3864 2087 mihi

2324 2124 2635 2190 videantur,
2662 2124 2855 2192 paucis
2875 2123 3142 2179 indicabo.
3620 2130 3623 2133 ⁷
3658 2116 3659 2119 “

2394 2234 2482 2289 IV.
2524 2235 2626 2301 Qui
2651 2237 2885 2305 privatas
2915 2236 3171 2305 principis
3207 2237 3463 2305 pecunias
3494 2236 3719 2303 detinet,
3755 2252 3865 2291 om-

2324 2326 2413 2380 nia
2445 2326 2548 2382 sub
2579 2334 2728 2381 certo
2752 2326 2960 2407 calculo
2984 2334 3296 2389 conservet;
3324 2335 3539 2395 paratus
3566 2327 3637 2381 sit
3663 2342 3866 2395 semper

2324 2418 2566 2471 omnium
2599 2426 2801 2471 certam
2840 2416 3061 2471 reddere
3091 2416 3354 2470 rationem
3391 2433 3405 2469 :
3441 2417 3623 2469 omnia
3649 2417 3861 2481 scribat,

2321 2509 2479 2581 etiam
2529 2507 2575 2561 si
2612 2507 2865 2577 possibile
2913 2516 3030 2573 est,
3084 2514 3371 2575 antequam
3418 2506 3570 2560 alteri
3618 2508 3865 2575 pecunias

2322 2597 2591 2668 porrigat;
2624 2613 2897 2666 nunquam
2928 2597 3199 2651 memorias
3228 2596 3479 2663 conﬁdat,
3526 2612 3648 2666 qum
3685 2598 3752 2651 ad
3784 2598 3861 2650 di-

2321 2704 2475 2743 versa
2508 2689 2748 2758 quotidie
2778 2689 3030 2744 distracta
3069 2688 3226 2744 facile
3263 2689 3481 2753 labitur,
3533 2689 3606 2742 ita
3653 2698 3713 2743 ut
3754 2690 3863 2743 sine

2322 2782 2609 2849 scriptura,
2643 2782 2802 2835 etiam
2833 2797 2953 2851 quae
2990 2783 3135 2836 nullo
3159 2789 3314 2851 pacto
3342 2779 3561 2835 fuerunt
3602 2796 3668 2834 ex
3712 2782 3861 2835 corde

2322 2887 2705 2941 nonnunquam
2732 2871 3089 2938 aﬂirmemus;
3128 2886 3229 2925 nec
3256 2870 3493 2940 vulgaris
3527 2870 3599 2923 sit
3628 2870 3864 2939 hujusce-

2319 2964 2461 3016 modi
2487 2950 2775 3031 scriptura,
2821 2962 2911 3015 sed
2948 2976 3069 3029 quae
3094 2958 3247 3015 facile
3272 2971 3325 3014 et
3355 2962 3498 3015 clare
3519 2962 3706 3015 omnia
3738 2976 3861 3031 pan-

2318 3053 2427 3118 dat,
2461 3063 2517 3108 et
2559 3063 2795 3108 mentem
2832 3051 3152 3121 requirentis
3194 3051 3312 3105 sine
3355 3053 3609 3123 scrupulo
3638 3063 3734 3107 aut
3770 3054 3861 3108 du-

2244 3124 2287 3181 c
2320 3146 2575 3199 bitatione
2616 3145 2886 3215 relinquat
2916 3162 2930 3198 :
2962 3143 3104 3213 quod
3153 3140 3308 3198 facile
3357 3142 3480 3207 ﬁet,
3529 3145 3577 3197 si
3617 3144 3861 3200 distincte

2319 3252 2438 3307 quae
2462 3237 2791 3307 recipiuntur
2834 3244 2887 3289 et
2927 3250 3022 3304 per
3049 3250 3106 3289 se
3132 3236 3459 3301 scribantur,
3502 3242 3558 3289 et
3594 3249 3706 3304 quo
3734 3242 3860 3289 tem-

2316 3344 2468 3398 pore,
2500 3337 2553 3383 et
2579 3323 2673 3397 per
2694 3343 2851 3397 quem
2889 3335 3096 3397 recepta
3139 3327 3356 3393 fuerint,
3388 3339 3442 3384 et
3467 3343 3577 3397 quo
3609 3329 3666 3381 in
3702 3329 3816 3384 loco
3844 3347 3854 3379 :

2319 3419 2566 3493 similiter
2597 3430 2649 3473 et
2677 3420 2819 3487 quod
2848 3420 2968 3474 aliis
2995 3430 3268 3489 erogatur,
3304 3421 3386 3474 vel
3427 3419 3688 3488 principis
3716 3435 3857 3473 man-

2317 3512 2441 3566 dato
2468 3509 2790 3579 impenditur
2816 3524 2908 3578 per
2935 3524 2992 3564 se
3016 3524 3115 3563 suo
3139 3511 3326 3565 ordine
3350 3510 3624 3579 digeratur
3655 3527 3669 3564 :
3697 3508 3855 3562 ﬁdelis

2319 3604 2389 3657 sit
2424 3604 2511 3658 ille
2543 3617 2729 3658 servus
2752 3611 2803 3680 et
2826 3601 3082 3671 prudens,
3113 3612 3173 3657 ut
3193 3601 3420 3677 gaudeat
3450 3600 3714 3658 Dominus
3741 3616 3851 3652 eum

2319 3710 2480 3762 super
2516 3684 2663 3748 bona
2704 3692 3191 3750 sua'constituisse
3220 3693 3272 3757 ‘,
3303 3700 3359 3746 et
3375 3682 3659 3746 Christum
3688 3691 3740 3744 in
3769 3690 3852 3743 illo

2320 3788 2595 3857 gloriﬁcet.

2388 3899 2453 3952 ν.
2495 3899 2603 3954 Nec
2645 3898 2820 3953 minor
2850 3899 2956 3953 erit
2995 3899 3070 3952 illi
3098 3898 3371 3969 diligentia
3401 3906 3455 3951 et
3480 3911 3610 3950 cura
3638 3896 3731 3965 qui
3766 3910 3847 3949 ve-

2320 4001 2429 4045 stes
2474 4000 2525 4043 et
2560 3991 2854 4059 imperialia
2881 3989 3079 4043 detinet
3127 3999 3473 4049 ornamenta,
3522 4002 3645 4057 qua
3685 3987 3847 4043 omnia

2319 4082 2418 4136 sub
2462 4080 2763 4139 certissimo
2790 4080 2971 4156 indice
2999 4079 3193 4134 habeat
3239 4088 3290 4133 et
3342 4081 3559 4135 adnatet
3606 4096 3724 4151 qua:
3769 4080 3844 4133 illa

2319 4170 2446 4236 sint,
2489 4169 2691 4237 qualia,
2721 4170 2918 4239 quibus
2962 4170 3015 4222 in
3062 4170 3194 4225 locis
3225 4171 3516 4235 recondna,
3552 4172 3761 4241 quando
3790 4185 3851 4243 ea

2320 4260 2582 4329 acceperit
2626 4269 2734 4313 eta
2782 4259 3010 4327 quibus,
3057 4276 3124 4313 an
3168 4250 3429 4315 maculata
3456 4262 3585 4315 .sint
3630 4262 3708 4315 vel
3743 4260 3843 4314 sine

2322 4353 2528 4406 macula
2559 4371 2573 4405 :
2607 4352 2696 4406 illa
2732 4351 2911 4405 omnia
2946 4365 3043 4405 sua
3078 4348 3350 4421 diligentia
3381 4362 3692 4419 conservet;
3721 4365 3842 4417 sepe

2252 4438 2292 4491 D
2322 4443 2574 4505 revideat,
2624 4458 2764 4511 saepe
2808 4449 3093 4511 pertractet
3130 4438 3188 4497 ut
3230 4441 3438 4499 facilius
3467 4457 3840 4513 recognoscan-

2324 4541 2409 4584 tur
2444 4552 2458 4585 :
2490 4534 2669 4587 omnia
2698 4534 2773 4587 illi
2802 4536 2911 4587 sint
2936 4534 2988 4586 in
3016 4543 3283 4602 promptu,
3312 4522 3698 4605 omnia-parata
3722 4551 3740 4588 :
3763 4549 3842 4603 pe-

2322 4623 2480 4676 tentis
2523 4639 2731 4693 semper
2776 4624 3035 4693 principis
3074 4632 3167 4677 aut
3199 4628 3463 4695 praepositi
3508 4629 3591 4682 sui
3620 4638 3840 4681 mentem

2322 4712 2374 4764 in
2413 4713 2559 4765 omni
2586 4730 2642 4768 re
2672 4716 2832 4784 petita
2862 4714 3214 4768 clarissmam
3242 4716 3459 4782 reddat;
3502 4719 3575 4772 ita
3601 4730 3768 4771 tamen
3794 4730 3843 4769 ut

2322 4799 2505 4852 omnia
2532 4815 2653 4853 cum
2686 4803 2984 4857 humilitate
3017 4811 3070 4857 et
3088 4803 3322 4871 jucunda
3349 4808 3605 4878 patientia
3631 4811 3773 4871 ﬁant,
3798 4817 3845 4858 rt

2321 4888 2519 4944 Christi
2550 4905 2740 4944 nomen
2774 4893 2934 4945 etiam
2967 4894 3019 4946 in
3051 4906 3108 4946 re
3132 4907 3292 4962 parva
3317 4894 3581 4950 laudetur.

2392 4996 2480 5053 Vl.
2522 4996 2693 5050 Simili
2722 5000 2880 5053 modo
2902 5000 2987 5054 ille
3009 5009 3149 5069 agat,
3179 5001 3333 5071 cujus
3359 5004 3481 5057 ﬁdei
3507 5005 3709 5059 credita
3734 5015 3845 5059 sunt

2324 5106 2449 5145 vasa
2494 5102 2746 5160 argentea
2770 5133 2785 5155 ,
2819 5108 3014 5155 aurea,
3061 5093 3387 5163 crystallina,
3426 5096 3509 5149 vel
3549 5097 3841 5155 murrhina.

2322 5183 2551 5245 escaria,
2582 5181 2669 5234 vel
2699 5182 2933 5249 potoria;
2967 5182 3144 5236 omnia
3171 5184 3438 5255 disponat,
3484 5188 3668 5242 omnia
3687 5196 3843 5247 notet.

2321 5279 2375 5324 et
2396 5279 2529 5340 quot
2548 5270 2797 5338 qualesve
2826 5273 2933 5325 sint
2957 5271 3009 5323 in
3037 5271 3140 5326 illis
3162 5272 3366 5343 lapides
3394 5277 3613 5345 pretiosi
3641 5292 3735 5330 sua
3769 5276 3843 5328 di—

2320 5360 2534 5429 ligentia
2567 5369 2947 5423 connumeret;
2982 5362 3160 5415 omnia
3198 5377 3391 5434 magna
3417 5380 3540 5419 cum
3569 5366 3843 5435 prudentia

2323 5452 2643 5520 consideret,
2677 5452 2853 5502 omnia
2883 5450 2991 5505 suis
3020 5451 3149 5507 locis
3187 5463 3241 5508 et
3281 5456 3609 5525 temporibus
3635 5458 3839 5526 prodat:

2322 5543 2404 5595 cui
2436 5543 2524 5595 dat
2545 5551 2594 5594 et
2626 5541 2858 5611 quando,
2884 5556 2912 5594 a
2936 5542 3127 5609 quibus
3152 5560 3213 5600 ea
3236 5547 3423 5615 recipit
3451 5547 3843 5618 diligentissime

788 5702 804 5732 ⁸
842 5701 1021 5757 Matth.
1052 5721 1104 5767 v,
1139 5705 1221 5759 16.
1264 5708 1283 5737 ’
1312 5707 1521 5763 Coloss.
1554 5720 1634 5772 nt,
1667 5709 1717 5763 5.
1794 5710 1814 5741 ⁸
1838 5708 2029 5779 Ephes.
2064 5728 2112 5776 v,
2141 5714 2190 5765 ι.

2272 5715 2285 5743 ⁵
2316 5714 2332 5766 ι
2366 5714 2472 5769 Pet.
2506 5732 2577 5777 tv,
2616 5715 2695 5769 Η.
2737 5715 2755 5745 ⁸
2784 5713 2801 5767 l
2835 5714 2956 5770 Cor.
2988 5732 3061 5782 lx,
3084 5717 3170 5774 25.
3208 5720 3229 5751 ⁸
3256 5718 3441 5775 Matth.
3472 5734 3617 5787 utv,
3646 5719 3735 5785 ιδ,
3764 5718 3861 5772 d'l.’
