4118 6350
342 318 479 416 ista

1294 340 1507 414 Emsr.
1548 358 1638 411 AD
1676 354 2026 413 LL’CIANUM
2060 354 2600 415 ,CUBlCULARIUM.

3416 364 3555 418 1574

333 479 630 550 inspiciat,
672 494 738 534 ne
783 494 940 534 error
985 480 1041 532 et
1084 476 1322 547 suspicio
1382 476 1522 531 mala
1571 472 1745 532 etiam
1773 491 1896 531 cum
1924 478 1973 535 A
1997 473 2157 528 etiam
2188 488 2411 541 corpore
2448 483 2500 527 et
2539 474 2878 542 indumentis
2905 477 3090 534 mundi
3122 486 3175 532 et
3198 478 3375 555 nitidi,
3404 486 3563 557 nulla‘

339 571 539 638 majori.
562 571 758 626 damno
784 571 837 624 in
866 570 1025 629 rebus
1054 568 1305 637 pretiosis
1330 580 1600 623 occurrat.

346 658 347 661 “
412 659 520 713 Vll.
565 661 654 713 Ille
686 668 864 713 tamen
911 654 1213 727 praecipuus
1253 657 1393 730 inter
1436 672 1531 711 vos
1576 655 1680 709 erit
1720 663 1774 709 et
1817 653 1899 707 di-

337 750 745 821 ligentissimus,
776 749 863 803 cui
893 748 1059 803 libros
1082 748 1375 826 servandos
1402 748 1652 817 princeps
1680 746 1913 800 mandam

298 875 303 879 -
337 832 516 898 verit:
550 840 833 910 hunc‘ipse
861 857 927 895 ex
956 842 1177 909 probata
1213 834 1437 901 scientia
1475 839 1576 895 sibi
1620 839 1780 908 eliget
1810 839 1897 892 vi-

336 950 460 989 rum
492 949 706 1000 gravem
736 940 789 989 et
817 932 1027 1001 magnis
1078 932 1238 985 rebus
1284 938 1488 1001 aptum,
1536 946 1600 985 ac
1644 931 1897 985 omnibus

250 1036 263 1039 ν
337 1019 577 1087 quaesitis
607 1009 927 1088 respondere
952 1027 1231 1088 paratum,
1271 1018 1896 1087 qualem‘Philailelphus

334 1110 606 1163 Aristeum
653 1109 902 1163 intimum
952 1109 1338 1164 cubicularium
1386 1109 1440 1162 in
1464 1124 1522 1162 re
1551 1109 1650 1163 hac
1679 1110 1893 1180 delegit,

334 1213 402 1251 ac
448 1196 799 1251 nobilissimae
850 1196 1185 1251 bibliothecae
1234 1196 1566 1265 praeposuit,
1618 1211 1776 1265 quem
1828 1198 1894 1250 ad

333 1287 650 1342 Eleazarum
681 1287 929 1343 maximis
952 1303 1075 1342 cum
1101 1287 1412 1341 muneribus
1440 1303 1537 1356 pro
1564 1287 1893 1341 traducenda

335 1376 611 1446 Scriptura
638 1392 789 1432 sacra
817 1377 1048 1446 legatum
1084 1375 1230 1430 misit
1259 1391 1272 1428 :
1309 1376 1395 1429 hic
1427 1376 1565 1429 idem
1612 1375 1893 1429 historiam

335 1466 684 1537 Septuaginta
712 1469 1070 1536 lnterpretum
1100 1468 1255 1535 plene
1283 1464 1528 1534 scripsit.
1554 1465 1608 1520 Si
1638 1466 1800 1534 igitur
1827 1481 1892 1519 ex

331 1559 673 1617 credentibus
711 1558 765 1611 in
788 1556 1067 1617 Christum
1104 1556 1171 1613 ad
1209 1557 1311 1610 hoc
1340 1556 1519 1624 ipsum
1543 1555 1773 1611 oﬂicium
1798 1557 1896 1611 ad-
1949 1628 1951 1630 η

329 1649 513 1702 vocari
559 1646 856 1715 contingat,
902 1662 1009 1701 non
1058 1654 1277 1715 spernat
1302 1657 1356 1701 et
1387 1646 1502 1714 ipse
1542 1646 1747 1707 litteras
1791 1663 1893 1703 sa:-

330 1735 543 1789 cnlares
590 1743 645 1790 et
686 1736 963 1804 gentilium
992 1735 1226 1804 ingenia,
1255 1750 1375 1805 qua:
1409 1736 1707 1806 principem
1739 1737 1891 1791 oble-

2005 570 2181 615 tamcn
2206 563 2573 631 superfluitate
2597 573 2690 617 aut
2711 565 3046 623 all‘ectatione
3068 568 3309 633 notandi.
3326 571 3553 626 neChri-

2001 652 2173 704 stiana
2203 652 2461 707 modestia
2492 653 2824 727 detu‘rpetur.
2855 657 3045 713 Omnia
3080 650 3195 713 suis
3224 662 3557 729 temporibus

2000 742 2108 795 sint
2156 754 2368 811 parata,
2411 746 2604 798 et’suo
2642 747 2831 801 ordine
2874 764 3033 817 quam
3084 748 3286 816 optime
3326 752 3554 822 digesta.

2002 831 2084 886 Sit
2120 834 2255 885 ordo
2304 833 2442 887 inter
2476 848 2573 888 vos
2619 845 2675 889 ct
2726 836 3029 905 diligentia,
3083 854 3151 892 ne
3200 839 3450 895 confusio
3495 841 3551 903 in

1999 937 2186 993 opere,
2213 935 2305 977 aut
2337 940 2518 979 rerum
2566 928 2791 982 amissio
2822 930 3002 999 aliquo
3035 939 3192 998 pacto
3220 932 3499 999 proveniat
3538 954 3550 987 :
3592 936 3597 942 ’

1997 1012 2353 1080 disponantur
2385 1022 3081 1086 ornenturqueoppottuna
3122 1019 3235 1072 loca
3265 1012 3364 1090 pro
3394 1032 3555 1091 captu

1995 1108 2048 1154 et
2078 1102 2337 1170 dignitate
2364 1103 2626 1158 locorum.
3068 1116 3089 1121 “
3348 1156 3350 1160 ,
3404 1136 3434 1151 ι

2046 1188 2188 1245 ’δὶιιι
2242 1194 2466 1262 insuper
2520 1203 2573 1248 et
2618 1195 2756 1248 servi
2788 1197 2953 1249 vestri
3003 1198 3407 1260 honestissimi,
3444 1197 3551 1252 sint

1995 1284 2279 1349 compositi
2309 1293 2362 1340 et
2400 1271 2647 1350 modesti,
2696 1293 2749 1337 et
2778 1285 2935 1341 vobis
2963 1302 3124 1355 quam
3154 1287 3554 1342 convenientiae
3642 1355 3646 1359 ~

1952 1406 1956 1411 η
1995 1372 2158 1436 simi;
2209 1388 2346 1441 quos
2390 1374 2441 1426 in
2473 1390 2597 1428 vera
2642 1374 2886 1429 doctrina
2933 1378 3079 1431 omni
3124 1394 3247 1431 cum
3296 1379 3555 1447 patientia

1993 1472 2045 1515 et
2079 1454 2338 1517 eliaritate
2366 1463 2567 1518 Christi
2602 1466 2851 1520 instruite
2876 1477 2930 1520 et
2957 1467 3171 1535 docete;
3217 1470 3357 1537 quod
3387 1469 3432 1522 si
3464 1469 3554 1530 in—

1996 1552 2322 1608 structiones
2371 1562 2583 1608 vestras
2632 1556 2904 1625 negligant
2949 1566 3001 1609 et
3048 1554 3471 1626 parvipendant,
3524 1573 3555 1611 a

1993 1642 2146 1696 vobis
2180 1643 2418 1711 abjicite,
2464 1659 2531 1697 ne
2578 1645 2794 1699 illorum
2832 1647 3068 1715 nequitia
3098 1649 3281 1718 aliquo
3312 1640 3555 1718 pactoin
3646 1635 3651 1644 λ

1996 1748 2091 1787 vos
2138 1733 2422 1788 redundet.
2477 1734 2611 1790 Nam
2644 1736 2944 1791 dill‘amatos
2989 1738 3243 1819 dominos
3274 1753 3341 1795 ex
3373 1754 3558 1806 servo-

328 1836 495 1882 ctant.
543 1816 989 1882 Laudandisunt
1030 1838 1202 1896 poetae
1238 1828 1293 1879 in
1342 1829 1711 1894 magnitudine
1743 1830 1893 1899 inge-
1921 1827 1973 1881 Β
1993 1839 2111 1876 rum
2138 1825 2467 1894 malignilale
2495 1827 2822 1897 quandoque
2850 1829 3102 1897 Vidimus,
3142 1816 3196 1884 ei
3235 1846 3375 1901 saepe
3401 1831 3556 1886 andi-
3648 1822 3649 1825 η

330 1921 430 1982 nii,
465 1919 519 1973 in
561 1919 901 1977 inventorum
940 1908 1209 1980 acumine,
1255 1918 1309 1971 in
1355 1920 1721 1987 expressionis
1764 1935 1883 1988 pro-

329 2009 556 2079 prietate
600 2018 653 2063 et
696 2007 1000 2076 eloquentia
1047 2022 1286 2072 summa;
1328 2008 1579 2062 laudandi
1612 2019 1889 2077 oratores,

328 2100 582 2155 laudandi
616 2099 921 2170 philosophi
951 2093 1230 2177 ingenere
1267 2115 1400 2166 suo;
1442 2101 1693 2155 laudandi
1721 2102 1892 2156 histo-

328 2190 428 2246 rici
470 2192 564 2260 qui
608 2198 876 2261 gestarum
903 2205 1106 2244 rerum
1144 2190 1360 2253 seriem,
1410 2190 1677 2260 majorum
1715 2208 1893 2247 mores

327 2290 384 2335 et
415 2283 659 2337 instituta
691 2280 863 2336 nobis
910 2280 1217 2349 explicant,
1264 2280 1356 2348 qui
1390 2281 1600 2334 vivendi
1645 2297 1892 2336 normam

328 2388 397 2427 cx
431 2374 775 2440 antiquorum
802 2371 966 2440 gestis
995 2369 1305 2424 ostendunt.
1350 2370 1624 2423 interdum
1669 2383 1722 2424 et
1756 2372 1894 2425 divi-

329 2479 429 2518 nas
466 2462 776 2531 Scripturas
824 2460 1031 2513 laudari
1081 2461 1382 2521 conabitur,
1427 2474 1565 2529 quas
1603 2461 1736 2513 mira
1771 2460 1892 2515 dili-

329 2552 507 2621 gentia
536 2560 591 2605 et
617 2549 921 2619 largissimo
964 2548 1234 2612 impendio
1260 2531 1597 2604 Ptolemaeus
1622 2546 1891 2602 Philadel-

328 2638 471 2712 phus
501 2642 553 2695 in
583 2641 821 2710 linguam
853 2631 1091 2693 nostram
1129 2639 1335 2692 traduci
1366 2638 1575 2692 curavit
1603 2634 1747 2707 (l9);
1780 2639 1894 2694 lau-

287 2728 547 2793 ‘gdabitur
571 2737 626 2781 et
649 2727 857 2780 interim
881 2724 1249 2795 Evangelium,
1277 2726 1671 2795 Apostolusque
1692 2742 1789 2795 pro
1812 2730 1894 2781 di-

328 2818 473 2891 vinis
529 2816 794 2881 oraculis;
848 2806 1127 2883 insurgere
1157 2814 1364 2883 .poterit
1402 2813 1600 2869 Christi
1654 2817 1890 2881 mentio;

330 2909 686 2977 explicabitur
736 2906 997 2977 paulatim
1044 2905 1163 2974 ejus
1211 2905 1326 2959 sola
1369 2905 1655 2970 divinitas;
1711 2908 1893 2962 omnia

328 3000 446 3053 haec
473 3013 603 3064 cum,
626 2996 827 3067 Christi
861 2982 1134 3064 adjutorio
1162 2994 1449 3064 provenire
1477 3002 1737 3064 possent..

402 3089 549 3144 Sciat
593 3086 724 3156 ergo
750 3088 840 3140 ille
876 3087 1043 3140 libros
1093 3100 1282 3141 omnes
1328 3100 1467 3156 quos
1504 3082 1754 3155 princeps
1798 3086 1897 3140 ha-

1993 1929 2192 1970 Vtmus.
2452 1932 2455 1934 ’
2856 1936 2857 1943 ‘
3359 1969 3362 1971 λ

2065 2006 2121 2058 Si
2161 2005 2225 2059 ad
2260 2006 2555 2077 Angustam
2587 2012 2876 2064 accesserit
2906 2013 3173 2083 princeps,
3221 2015 3304 2070 vel
3343 1993 3459 2085 ipsa
3487 2014 3557 2070 ari
3600 2004 3603 2009 ’

1992 2094 2167 2155 illum.
2212 2096 2331 2149 sitis
2357 2106 2498 2165 _tunc
2546 2112 2643 2177 vos
2678 2113 2891 2173 quoque
2921 2112 2971 2154 et
3002 2104 3173 2157 oculis
3219 2110 3274 2157 et
3317 2112 3469 2169 gestu
3506 2113 3562 2165 et
3590 2088 3615 2117 1‘
3688 2094 3691 2099 ’

1990 2184 2171 2237 verbis
2210 2186 2462 2240 omnibus
2503 2202 2663 2255 quam
2712 2190 3196 2256 compositissimi;
3248 2191 3425 2263 videat
3470 2192 3556 2245 illa
3643 2203 3647 2225 ‘-

1991 2280 2226 2325 vestram
2262 2274 2649 2328 continentiam
2679 2283 2731 2327 et
2769 2274 3124 2343 modestiam;
3170 2278 3387 2332 videant
3412 2279 3559 2333 illius

1991 2361 2216 2416 comites
2249 2371 2302 2415 et
2332 2365 2682 2433 pedissequm,
2741 2352 2952 2418 videant
2997 2353 3436 2435 etadmirentur,
3473 2380 3559 2423 at-
3648 2426 3652 2431 ,

1992 2466 2097 2520 que
2123 2452 2245 2505 inde
2268 2450 2450 2507 Iesum
2476 2454 2766 2509 Christum
2792 2455 3078 2511 Dominum
3109 2468 3348 2513 nostrum
3381 2460 3433 2513 in
3462 2458 3558 2513 vo-
3634 2516 3641 2518 _

1993 2544 2075 2597 bis
2127 2543 2259 2611 ipsis
2329 2544 2654 2598 collaudem.
2695 2545 2953 2615 ,Laquela
3019 2558 3435 2620 vestra‘semper
3491 2551 3560 2607 sit
3652 2610 3655 2614 ,

1992 2648 2155 2701 parca
2200 2642 2253 2687 et
2286 2636 2551 2700 modesta,
2591 2647 2752 2706 atque
2801 2639 3058 2708 religione
3099 2641 3245 2696 velut
3288 2642 3396 2694 sale
3434 2658 3560 2695 con-
3608 2660 3613 2667 ’

1992 2728 2108 2780 dita
2136 2729 2177 2780 '.
2208 2727 2364 2784 Nulla
2396 2745 2618 2798 prorsus
2660 2732 2799 2785 inter
2823 2733 3013 2787 vo‘ssit
3040 2733 3262 2797 invidia,
3297 2744 3390 2789 aut
3422 2750 3582 2791 con-»

1994 2816 2191 2881 tentio,
2241 2832 2358 2885 quae
2392 2818 2446 2871 in
2484 2833 2701 2872 omnem
2749 2817 3123 2873 confusionem
3153 2830 3206 2875 et
3236 2822 3554 2877 divisionem

1993 2907 2430 2971 vos'deduceret,
2485 2917 2539 2962 et
2580 2904 2901 2990 sicquoque
2941 2909 2994 2962 in
3034 2900 3215 2965 odium
3263 2892 3461 2969 Christi
3504 2923 3558 2968 et
3618 2900 3647 2989 ’

1993 2998 2257 3068 principis
2302 3007 2464 3068 atque
2494 2982 2760 3061 summam
2806 3000 3263 3056 abominationem
3298 3005 3557 3075 perduce~
3645 2982 3648 2989 V

1998 3097 2099 3154 ret,
2136 3105 2237 3144 nec
2264 3090 2400 3159 lapis
2424 3099 2709 3143 structurae
2734 3096 2928 3144 vestra:
2954 3104 3115 3161 supra
3146 3090 3380 3162 lapidein
3412 3105 3558 3151 stata

328 3170 534 3255 buerit;
587 3191 728 3245 saepe
770 3176 892 3230 illos
929 3174 1165 3229 revolvat
1200 3183 1253 3230 ct
1294 3190 1394 3230 suo
1446 3174 1636 3229 ordine
1672 3189 1769 3244 per
1808 3176 1895 3227 iit-'-
1922 3166 1965 3222 C
1998 3188 2200 3248 posset.

328 3274 501 3327 dicem
526 3270 753 3339 pulchre
782 3268 1035 3335 disponat
1067 3284 1082 3319 :
1115 3266 1159 3319 si
1192 3280 1319 3317 vero
1367 3279 1536 3319 novos
1575 3265 1660 3320 vel
1690 3274 1894 3322 veteres

327 3361 619 3418 transcribi
663 3358 894 3429 curabit,
933 3357 1145 3429 studeat
1189 3354 1659 3410 enrendatissimos
1699 3357 1894 3411 habere

330 3451 580 3508 librarios
612 3468 626 3505 :
657 3449 800 3518 quod
854 3447 911 3514 si
945 3445 1061 3499 ﬁeri
1107 3452 1465 3514 non'potest,
1515 3443 1661 3497 viros
1706 3444 1893 3497 doctos

329 3541 815 3601 ad'emendandum
841 3540 1114 3608 disponat,
1148 3538 1362 3613 illisque
1386 3549 1484 3604 pro
1510 3531 1783 3615 laboribus
1806 3536 1894 3602 ju-

300 3629 415 3691 'ste
453 3619 780 3697 satisfaciat;
818 3621 1021 3685 veteres
1070 3630 1197 3683 item
1228 3628 1563 3708 codiceslpro
1601 3620 1892 3692 indigentia

328 3727 582 3785 resarciri
625 3732 897 3799 procuret,
933 3729 1201 3800 .ornetque
1231 3734 1340 3773 non
1370 3723 1577 3771 tantum
1607 3714 1670 3767 ad
1704 3729 1893 3782 super—

328 3821 571 3877 stitiosos
600 3826 879 3886 sumptus,
923 3820 1182 3883 quantum
1212 3811 1278 3864 ad
1309 3810 1435 3862 utile
1474 3814 1848 3861 ornamentum
1875 3822 1890 3871 ;

331 3913 514 3981 itaque
545 3909 708 3964 scribi
738 3907 792 3960 in
826 3902 1120 3975 purpureis
1138 3892 1469 3955 membranis
1496 3905 1549 3949 et
1571 3897 1764 3949 litteris
1793 3910 1893 3948 au-

331 3980 441 4069 reis
468 4010 608 4059 totos
636 3997 1015 4070 codices,.nisi
1060 3991 1364 4068 specialiter
1392 3988 1641 4057 princeps
1671 3980 1893 4041 deman~

334 4089 562 4153 daverit,
612 4101 720 4140 non
771 4083 988 4138 aﬂectet
1010 4100 1024 4147 ;
1045 4080 1242 4134 omnia
1271 4086 1449 4131 tamen
1480 4074 1678 4129 Caasari
1704 4085 1853 4145 grata
1876 4114 1891 4138 ,

331 4166 566 4234 maxima
598 4190 720 4230 cum
752 4160 1056 4226 obedientia
1084 4159 1459 4237 proSequetur.
1505 4163 1765 4233 Suggeret
1794 4178 1893 4233 pro

242 4282 251 4287 '
330 4286 493 4341 posse
518 4276 573 4327 et
599 4264 749 4318 omni
770 4277 895 4316 cum
928 4259 1191 4313 modestia
1231 4255 1481 4337 principi,
1517 4263 1577 4308 ut
1604 4268 1698 4309 eos
1725 4252 1889 4323 legat,

230 4352 233 4353 ν
329 4362 416 4416 vel
446 4357 547 4428 legi
579 4354 761 4430 audiat
785 4352 974 4416 libros,
997 4348 1087 4419 qui
1124 4356 1179 4401 et
1214 4346 1379 4400 statui
1408 4351 1461 4398 et
1497 4343 1691 4397 honori
1722 4343 1889 4409 illius,

272 4504 282 4511 .
332 4470 398 4509 ac
434 4448 648 4506 utilitati
679 4446 851 4514 magis
875 4457 1039 4514 quam
1079 4438 1451 4494 tantummodo
1476 4436 1735 4505 voluptati
1762 4453 1887 4499 con-

331 4544 553 4598 veniant
598 4557 614 4592 :
658 4543 847 4590 noscat
897 4534 1013 4601 ipse
1055 4531 1209 4599 prius
1244 4524 1445 4596 Optime
1494 4526 1643 4589 illos;
1692 4527 1888 4595 saepius

331 4633 525 4689 deinde
556 4642 739 4685 coram
764 4623 1006 4694 principe
1030 4621 1231 4684 laudet,
1268 4634 1331 4677 ac
1365 4632 1551 4671 eorum
1577 4616 1669 4685 qui
1694 4631 1892 4686 appro-

331 4725 467 4786 bant
492 4718 856 4776 testimonium
880 4723 935 4767 et
955 4713 1304 4766 auctoritates
1325 4707 1607 4761 commode
1637 4708 1887 4777 explicet,

333 4808 404 4869 ne
430 4827 530 4866 suo
557 4807 738 4869 sensui
766 4814 975 4859 tantum
1010 4802 1253 4855 videatur
1280 4793 1458 4852 inniti.

406 4901 542 4965 Vill.
582 4899 684 4966 Qui
727 4912 856 4951 vero
904 4907 1101 4963 corpus
1136 4890 1393 4959 principis
1434 4902 1628 4943 curare
1666 4886 1885 4946 habent,

333 4984 447 5049 sint
468 4994 525 5047 in
557 4989 810 5046 omnibus
839 4980 999 5053 quam
1034 4977 1444 5050 promptissimi,
1473 4977 1632 5031 hilari
1654 4988 1885 5042 semper.

333 5095 397 5138 ut
428 5083 683 5147 diximus,
712 5078 887 5141 vultu,
925 5073 1080 5129 faceti
1110 5085 1522 5138 nonnunquam,
1555 5068 1647 5123 sed
1678 5078 1887 5121 summa

333 5189 547 5244 semper
571 5188 694 5228 cum
719 5165 1000 5229 modestia,
1027 5166 1187 5234 quam
1229 5162 1283 5215 in
1319 5162 1470 5214 vobis
1502 5155 1893 5244 omnibus-prie

332 5241 545 5319 ceteris
598 5262 760 5316 rebus
804 5256 1020 5317 laudet,
1073 5254 1327 5321 illamque
1375 5266 1441 5302 ex
1472 5250 1597 5318 ipsa
1635 5241 1892 5311 religione

331 5335 536 5408 Christi
581 5348 864 5420 provenire
918 5352 1227 5411 cognoscat.
1282 5339 1412 5393 Sitis
1450 5346 1505 5391 et
1564 5350 1657 5387 vos
1703 5345 1889 5385 omnes

2065 3269 2158 3324 lx.
2199 3265 2265 3322 Et
2319 3277 2415 3333 tu,
2480 3266 2716 3321 Luciane
2768 3269 3125 3337 charissime,
3183 3285 3305 3327 cum
3341 3273 3417 3329 sis
3465 3288 3556 3343 sa-
3606 3250 3613 3257 ’

1994 3361 2147 3428 piens
2177 3359 2220 3422 ⁸,
2271 3357 2497 3411 libenter
2527 3367 2787 3429 supporta
2821 3360 3135 3429 insipientes
3166 3375 3182 3426 ;
3234 3370 3288 3415 et
3338 3362 3439 3432 ipsi
3469 3381 3558 3422 sa-

1995 3450 2204 3518 pientes
2237 3449 2389 3511 tiant.
2642 3490 2650 3498 .
3140 3508 3147 3515 ⁸
3267 3496 3273 3509 ι
3316 3500 3317 3503 η
3490 3442 3491 3445 “

2067 3539 2208 3600 Nulli
2240 3556 2479 3615 unquam
2517 3542 2816 3595 molestiam
2850 3539 3060 3603 inferte,
3095 3529 3298 3595 nullum
3324 3543 3389 3598 ad
3414 3545 3559 3611 iram

1999 3627 2286 3683 concitate.
2347 3626 2401 3681 Si
2458 3628 2611 3684 vobis
2666 3628 2859 3695 injuria
2905 3628 3212 3696 irrOgatur,
3263 3626 3318 3684 in
3367 3630 3552 3689 Iesum

1993 3720 2266 3778 Christum
2317 3720 2609 3789 respicite;
2655 3728 2708 3771 et
2751 3720 3207 3785 quemadmodum
3258 3724 3455 3791 optatis
3482 3720 3553 3785 ut

2000 3812 2153 3866 vobis
2187 3814 2299 3881 ipse
2337 3812 2604 3872 remittat,
2645 3809 2721 3861 sic
2766 3803 2950 3863 et‘vos
2990 3811 3095 3865 illis
3120 3810 3371 3883 dimittite
3398 3818 3420 3848 °
3450 3836 3463 3870 :
3498 3828 3565 3872 et~

1995 3907 2125 3953 tunc
2166 3914 2380 3969 quoque
2431 3911 2643 3967 omnem
2684 3896 2939 3951 invidiam
3001 3900 3445 3970 supplantabitis;
3499 3918 3591 3971 et,

1993 4000 2154 4059 caput
2196 3988 2402 4062 antiqui
2451 3987 2714 4053 serpentis
2770 3990 3057 4042 c'onteretis
3102 3991 3179 4053 ¹⁰,
3220 3993 3313 4061 qui
3359 3997 3551 4053 vestris

1994 4079 2151 4134 bonis
2177 4078 2429 4147 operibus
2456 4082 2509 4128 et
2536 4076 2879 4150 successibus
2902 4078 3047 4129 omni
3086 4093 3210 4132 cum
3244 4084 3441 4136 astutia
3467 4086 3551 4137 in-

1995 4171 2243 4225 sidiatur.
2296 4166 2413 4220 Non
2456 4173 2735 4233 praetereat
2763 4166 2878 4219 dies
2918 4167 3049 4234 quin
3077 4181 3381 4239 opportuno
3414 4182 3550 4227 tem-
3617 4173 3621 4177 ’

1995 4276 2125 4332 pore
2160 4262 2285 4314 dato
2311 4258 2510 4325 aliquid
2551 4262 2824 4310 sacrarunt
2855 4257 3143 4311 lectionum
3177 4260 3393 4328 legatis,
3442 4264 3549 4316 ali-
3611 4308 3615 4313 .

1992 4351 2124 4422 quid
2157 4347 2611 4425 contempl’etnini,
2648 4361 2747 4399 nec
2771 4361 2938 4401 sacra:
2966 4346 3257 4415 Scriptura:
3280 4352 3546 4405 litteram--

1994 4457 2108 4499 ram
2137 4435 2681 4517 prorsusabjiciatis;
2711 4436 2843 4490 nihil
2870 4438 3003 4491 adeo
3030 4438 3265 4491 animam
3298 4442 3469 4507 pascit
3493 4452 3553 4517 et

1995 4526 2223 4587 mentem
2269 4515 2597 4597 impinguat,‘
2630 4529 2770 4582 sicut
2803 4544 2969 4584 sacrzc
3000 4527 3202 4583 faciunt
3235 4530 3493 4589 lectiones
3529 4554 3542 4589 :

1993 4624 2084 4676 sed
2126 4624 2196 4673 ex
2239 4618 2346 4671 illis
2389 4619 2531 4672 hunc
2568 4619 2802 4673 maxime
2840 4620 3013 4686 capite
3056 4605 3318 4691 fructum,
3350 4630 3410 4675 ut
3447 4637 3544 4689 pa-

1988 4710 2174 4765 tientia
2216 4695 2575 4773 vestrajuste
2619 4710 2841 4777 et-pie,
2899 4709 3003 4763 hnc
3052 4704 3135 4764 eSt
3186 4711 3237 4763 in
3284 4713 3547 4767 charitate

1986 4797 2218 4859 Christi,
2256 4805 2434 4851 vestra
2472 4796 2641 4853 officia
2680 4784 3050 4869 exsequamini
3076 4834 3090 4858 ,
3137 4804 3191 4849 et
3236 4798 3544 4852 transitoria

1990 4888 2171 4942 omnia
2202 4887 2272 4941 ob
2302 4888 2421 4956 ejus
2452 4886 2847 4954 promissiones
2880 4874 3109 4940 attentas
3154 4887 3541 4949 contemnatis,

1994 4992 2113 5051 qua:
2142 4992 2271 5031 sane
2301 4993 2518 5031 sensum
2546 4990 2761 5031 omnem
2805 4984 2860 5029 et
2890 4976 3214 5035 intellectum
3246 4972 3541 5028 humanum

1992 5060 2315 5143 exsuperant
2343 5070 2406 5132 ",
2438 5080 2491 5121 et
2518 5058 2617 5121 vos
2643 5068 2785 5134 ipsos
2817 5066 2871 5118 in
2901 5063 3203 5118 felicitatem
3233 5073 3541 5130 perpetuam

1994 5160 2312 5213 conducent.
2351 5158 2481 5221 Vale
2506 5157 2730 5211 feliciter
2753 5156 2807 5209 in
2829 5154 3067 5216 Christo,
3095 5152 3169 5205 mi
3190 5152 3404 5206 domine
3436 5151 3543 5206 Lu-

1992 5264 2165 5304 etane.

440 5477 462 5507 ν
494 5465 705 5521 Coloss.
745 5476 818 5528 tv,
850 5459 902 5513 6.
979 5458 1003 5489 ⁸
1025 5455 1067 5509 ll
1095 5456 1217 5511 Cor.
1259 5471 1334 5521 in,
1363 5454 1447 5507 l9.
1521 5452 1541 5481 '
1584 5448 1747 5501 Marc.
1778 5460 1851 5503 ιι,
1885 5444 1973 5498 25.
2052 5446 2095 5476 ⁸ο
2129 5444 2287 5497 Rom.
2322 5458 2430 5507 xvi,
2469 5441 2557 5494 20.
2637 5439 2677 5469 “
2710 5436 2935 5504 Philipp.
2969 5449 3039 5498 tv,
3074 5433 3119 5485 7.

304 5562 309 5567 Δ
406 5562 519 5660 (19)
557 5584 833 5640 Notandus
868 5578 957 5633 hic
995 5578 1167 5660 locus,
1190 5576 1295 5660 'ubi
1324 5564 1887 5660 allcl2{:l‘ﬂ_tltiilfllfivf:

847 5663 1051 5724 quas...
1078 5636 1887 5724 _Ptolemtcus"l’ltilndelphusuiu

337 5709 1089 5787 Eiscbau'uosrnu"traduci
1124 5711 1343 5767 curavit.
1393 5709 1524 5762 Hinc
1548 5709 1668 5776 jure
1714 5713 1890 5772 arguit

1995 5563 2274 5622 Achcrius.
2327 5563 2465 5615 hanc
2512 5556 2789 5627 epistolam
2823 5554 2890 5608 ab
2921 5553 3133 5606 homine
3161 5550 3349 5610 Graeco
3378 5551 3544 5609 fuisse

1996 5636 2364 5704 perscriptum.
