4118 6350
609 471 739 526 1591

1543 471 1885 528 nonnum.
1923 502 1993 517 -.
2024 452 2079 523 s‘.
2121 426 2415 524 οιοΝγειι
2455 469 2914 525 “summa!

3677 470 3817 525 1592

611 587 785 640 facere
816 598 1045 657 nequeat
1075 629 1089 655 ,
1133 590 1370 667 exceptis
1410 591 1478 646 iis
1516 606 1636 660 qua:
1668 591 1845 646 facere
1879 606 1983 645 non
2029 590 2157 644 vult.

2264 589 2425 642 τινῶν
2455 591 2621 644 ὄντων
2646 592 2919 645 ἀδυνάτων
2960 591 3036 661 τῷ
3069 592 3185 662 Θεῷ
3212 591 3452 662 ποιῆσαι,
3483 588 3622 661 πλὴν
3658 590 3815 659 μόνου

611 674 714 731 Sed
750 716 765 731 .
803 718 817 732 .
850 718 865 733 .
902 720 916 735 .
954 681 1235 736 confestim
1277 683 1569 738 roboratus
1616 685 1913 739 secundum
1966 686 2159 737 huma-

612 768 831 823 nitatem
861 786 893 824 a
916 771 1449 839 Paterna'divinitate,
1476 776 1723 829 tutiorem
1748 777 2160 845 postulationem

614 857 759 924 facit,
785 876 881 915 nec
917 864 1146 931 amplius
1180 864 1413 934 idipsum
1450 864 1581 930 vult,
1619 864 1710 919 sed
1739 875 1796 920 ut
1821 867 1996 936 placet
2017 864 2161 919 Patri

611 951 864 1019 gloriose,
904 963 957 1024 et
988 964 1318 1020 constanter,
1348 952 1401 1010 et
1436 955 1756 1025 plene,Hoc
1785 958 1931 1031 enim
1960 959 2163 1012 audivit

612 1036 866 1105 Joannes,
896 1044 1011 1110 ipso
1035 1044 1267 1109 dicente,
1293 1046 1383 1113 qui
1420 1040 1806 1101 Sublimissima
1836 1056 1890 1100 et
1926 1047 2160 1101 divinis-

612 1130 747 1183 sima
777 1148 1003 1202 quaeque
1031 1149 1341 1188 sermonum
1383 1144 1435 1189 et
1462 1151 1685 1205 operum
1730 1135 2029 1191 Salv'atoris
2082 1138 2163 1192 di-

611 1220 777 1288 gessit
806 1241 817 1275 :
860 1219 929 1274 Et
952 1221 1165 1274 calicem
1188 1237 1337 1290 quem
1364 1223 1505 1276 dedit
1533 1223 1661 1276 mihi
1691 1220 1846 1277 Pater
1877 1238 2041 1287 meus,
2065 1240 2161 1275 an-

612 1326 714 1362 non
730 1310 902 1363 bibam
930 1311 1077 1363 illum
1105 1311 1148 1341 “
1172 1310 1194 1363 ?
1233 1309 1421 1377 Bibere
1445 1328 1608 1382 porro
1629 1314 1851 1368 calicem
1880 1354 1894 1378 ,
1943 1326 2059 1370 erat
2105 1325 2162 1369 ut

612 1395 971 1455 ministerium
996 1402 1224 1470 iinplens
1243 1443 1257 1467 ,
1302 1412 1577 1473 totamque
1605 1398 1918 1460 tentationis
1946 1420 2163 1462 (econo—

611 1490 797 1551 miam,
831 1489 1037 1544 fortiter
1064 1508 1263 1547 morem
1296 1504 1503 1565 gereret
1526 1496 1673 1551 Patri
1702 1498 1901 1551 volenti
1948 1508 2007 1552 ut
2057 1507 2166 1553 ter-

611 1580 843 1634 minaret
871 1590 922 1634 et
956 1586 1430 1653 supergrederetur
1480 1602 1771 1643 aerumnas.
1811 1589 1945 1648 Illud
1973 1584 1992 1642 ε’
2022 1589 2164 1654 Quid

612 1678 692 1722 me
743 1669 1063 1742 dereliquisti
1095 1675 1135 1704 *7
1169 1674 1192 1725 ?
1244 1666 1574 1744 sequebatur
1625 1678 1810 1747 utique
1850 1679 2010 1733 exiis
2042 1694 2162 1747 qua:

612 1772 766 1815 antea
798 1763 1319 1849 postulaverat..(Cur
1344 1766 1477 1818 mihi
1520 1766 1780 1820 hactenus
1828 1778 1974 1821 mors
2032 1783 2163 1821 con-

2260 675 2321 732 οὖ
2365 681 2438 753 μὴ
2478 680 2741 750 βούλεται.
2801 681 3026 737 Ἀλλὰ...
3084 682 3417 753 παραχρῆμα
3457 678 3813 752 ἐπιρρωσθεὶς

2260 772 2396 824 κατὰ
2416 772 2509 824 ἀνθ
2517 774 2802 845 ρωπότητα
2823 772 2925 826 ὑπὸ
2950 772 3048 843 τῆς
3067 773 3341 845 [ἰατρικῆς
3364 772 3632 841 θεότητος,
3653 772 3816 837 ἀσφα-

2258 859 2514 932 λεστέραν
2551 865 2779 915 ποιεῖται
2806 861 2904 932 τὴν
2931 862 3161 931 αἴτησιν,
3192 863 3283 915 καὶ
3313 862 3491 914 οὐκέτι
3523 861 3657 914 αὐτὸ
3691 859 3813 929 βού-

2258 948 2423 1015 λεται,
2456 951 2568 1003 ἀλλ’
2598 951 2673 1013 ὠς
2700 952 2916 1023 ἀρέσκει
2942 949 3019 1020 τῷ
3041 950 3214 1020 Πατρὶ
3245 949 3463 1017 ἐνδόξως
3489 950 3582 1002 καὶ
3617 965 3813 1018 καρτε-

2262 1043 2369 1113 ρῶς
2398 1043 2489 1096 καὶ
2518 1042 2719 1113 πλῆρές
2752 1042 2933 1110 ποθεν.
2973 1041 3138 1094 Τοῦτο
3167 1042 3275 1113 γὰρ
3299 1044 3527 1113 ἤκουσεν
3565 1042 3814 1110 Ἰωάννης

2260 1136 2423 1189 αὑτοῦ
2454 1136 2718 1204 λέγοντος,
2739 1137 2780 1187 ό
2811 1134 2886 1208 τὰ.
2906 1133 3294 1204 μεγαλειότατα
3325 1133 3417 1185 καί
3438 1132 3687 1186 θειότατα
3711 1132 3813 1183 τῶν

2257 1227 2352 1280 τοῦ
2386 1228 2634 1299 Σωτῆρος
2673 1226 2845 1295 λόγων
2878 1226 2972 1279 καὶ
3006 1225 3183 1295 ἔργων
3209 1214 3813 1295 ὑλιτομνηματισάμενοςο
3892 1280 3897 1283 Α

2259 1320 2367 1372 Καὶ
2396 1317 2461 1371 τὸ
2482 1317 2764 1385 ποτήριον
2792 1316 2822 1370 ὃ
2848 1315 3063 1369 δέδωκέ
3080 1333 3181 1384 μοι
3209 1318 3241 1367 ὀ
3263 1314 3465 1382 Πατήρ
3481 1332 3619 1383 μου,
3638 1316 3712 1368 οὐ
3730 1310 3813 1382 μὴ

2262 1409 2373 1460 πίω
2415 1410 2594 1470 mind;
2629 1407 2859 1460 Histvﬁé
2894 1403 2960 1478 ἦν
2998 1407 3060 1460 τὸ
3097 1408 3369 1476 ποτήριον,
3408 1404 3689 1476 πληρῶσαι
3719 1404 3814 1474 τὴν

2262 1500 2552 1563 διακονίαν,
2581 1502 2675 1553 καὶ
2705 1502 2883 1552 πᾶσαν
2905 1497 2998 1551 τοῦ
3027 1497 3327 1570 πειρασμοῦ
3355 1498 3454 1567 τὴν
3482 1495 3812 1566 οἰκονομίαν,

2264 1591 2521 1659 ἀνδρείως
2577 1590 2828 1661 ἐχόμενον
2871 1589 2964 1642 τοῦ
3014 1579 3223 1660 Πατρδς
3261 1588 3510 1658 ἑλομένου
3552 1587 3813 1649 διανύσαι,

2265 1681 2357 1733 καὶ
2391 1679 2688 1753 ὑπερϐῆναι
2715 1681 2785 1734 τὰ
2819 1680 2979 1734 δεινά*
3014 1681 3074 1734 τὸ
3101 1681 3179 1746 δέ,
3223 1680 3283 1734 Τί
3303 1696 3379 1748 με
3400 1676 3815 1749 ἐταατέλιπες;

2265 1768 2331 1843 ἦν
2364 1772 2469 1842 ἄρα
2506 1767 2589 1835 οἷς
2614 1771 3278 1843 προηξίωσενάκόλουθον.
3312 1771 3375 1825 Τί
3410 1789 3497 1841 μοι
3534 1770 3696 1841 μέχρι
3725 1768 3816 1823 νῦν

606 1852 793 1920 juncta
820 1863 932 1919 est,
967 1864 1020 1909 et
1061 1857 1300 1910 nondum
1356 1858 1577 1910 calicem
1621 1857 1947 1912 circumfero
1970 1859 1993 1911 ?
2016 1856 2164 1911 Hanc

2267 1864 2294 1915 ό
2327 1862 2551 1926 θάνατος
2588 1862 2950 1928 συνέζευκται,
2988 1862 3258 1933 καὶούπω
3293 1863 3356 1916 τὸ
3383 1863 3637 1931 ποτήριον
3669 1877 3819 1929 περι-

610 1951 742 2011 puto
772 1944 940 2001 fuisse
982 1946 1277 2003 Salvatoris
1321 1949 1643 2001 sententiam
1693 1949 1751 2001 in
1794 1949 2012 2004 concisa
2067 1950 2164 2002 hac

2270 1948 2446 2019 φέρω;
2475 1947 2691 2018 Ταύτην
2716 1925 2810 2000 τοῦ
3107 1930 3204 2018 τὴν
3231 1946 3463 2001 διάνοιαν
3585 1946 3652 2016 τῇ

610 2048 757 2088 νοοθ.
823 2076 826 2078 ~

680 2121 745 2177 Et
769 2130 893 2177 vera
917 2139 1046 2179 sane
1076 2126 1242 2192 dicit,
1277 2135 1330 2180 et
1367 2135 1549 2181 tamen
1594 2142 1701 2181 non
1728 2127 1829 2182 fuit
1858 2129 2164 2185 derelictus.

613 2210 719 2267 Sed
746 2216 927 2269 statim
958 2212 1554 2286 ebibit,'utpostulavit,
1574 2228 1627 2273 et
1646 2222 1977 2289 pertransiit.
1995 2222 2168 2290 Atque

611 2304 775 2375 hujus
806 2307 887 2360 rei
924 2308 1139 2363 videtur
1167 2309 1300 2363 mihi
1331 2310 1502 2365 fuisse
1520 2313 1843 2381 symbolum,
1866 2314 2010 2384 quod
2038 2330 2166 2383 por-

608 2392 819 2475 rectum
840 2409 921 2453 est
948 2400 1023 2455 illi
1049 2411 1281 2457 acetum.
1317 2401 1578 2457 Mutatum
1601 2403 1743 2458 enim
1766 2405 1951 2458 vinum
1976 2406 2165 2460 innue-

610 2489 703 2544 bat
731 2489 885 2548 facile
909 2504 1209 2564 promptam
1248 2495 1395 2550 illius
1446 2498 1800 2551 mutationem
1843 2508 2001 2566 atque
2036 2514 2165 2551 con-

608 2581 909 2637 versionem
930 2599 1092 2653 quam
1126 2588 1359 2655 recepit,
1393 2603 1501 2656 pro
1536 2589 1790 2655 passione
1840 2603 2033 2659 nempe
2062 2590 2163 2643 im-

607 2673 1032 2747 passibilitatem,
1054 2686 1105 2732 et
1124 2692 1218 2746 pro
1240 2691 1411 2735 morte
1430 2682 1908 2745 immortalitatem,
1926 2691 1977 2736 et
1992 2699 2164 2750 proco

527 2837 529 2840 ι
609 2776 669 2834 ut
693 2766 1044 2837 judicaretur,
1075 2758 1354 2839 judicare;
1385 2780 1438 2824 et
1469 2786 1563 2839 pro
1592 2787 1656 2826 eo
1675 2780 1732 2825 ut
1761 2772 1862 2825 sibi
1889 2774 2165 2843 tyrannice
2190 2827 2195 2831 _

532 2870 569 2897 '-
609 2855 985 2927 imperaretur,
1022 2874 1247 2928 reg-nare
1288 2860 1582 2929 accipiens.
1632 2860 1867 2931 Spongia
1890 2862 2033 2915 enim
2060 2904 2074 2927 ,
2108 2873 2165 2915 ut

611 2945 861 3025 existimo
886 2989 903 3015 ,
960 2950 1224 3019 integram
1270 2953 1493 3005 omnino
1535 2952 1704 3006 sancti
1738 2952 1972 3019 Spiritus
2002 2953 2055 3005 in
2100 2970 2164 3006 eo

613 3030 911 3102 natantem
958 3044 1453 3111 attemperationem
1497 3043 1777 3108 ostendit;
1823 3052 1873 3097 et
1924 3044 2165 3097 calamus

569 3134 573 3141 ’
612 3132 881 3200 sceptrum
912 3132 1110 3200 regale,
1137 3148 1198 3189 ac
1219 3135 1457 3191 divinam
1484 3138 1653 3205 legem
1689 3134 2070 3189 subindicavit.
2099 3136 2165 3188 At

2190 2051 2198 2060 ‘
2266 2040 2416 2111 τόμῳ
2442 2042 2589 2109 φωνῇ
2620 2039 2981 2111 τεκμαίρομαι
3000 2039 3300 2107 γεγονέναι.

2336 2131 2444 2183 Καὶ
2473 2130 2643 2199 ἀληθῆ
2686 2146 2749 2197 γε
2793 2128 2973 2195 ἔλεγεν
3013 2128 3145 2199 (15),
3187 2128 3279 2181 καὶ
3308 2126 3407 2180 οὐκ
3449 2124 3818 2195 smmum,

2268 2233 2413 2269 πται.
2458 2215 2593 2273 Ἀλλ’
2639 2216 2795 2277 εὐθὺς
2836 2214 3065 2277 ἐξέπιεν,
3110 2214 3183 2277 ὡς
3217 2212 3434 2283 ἠξίωσε,
3465 2212 3559 2263 καὶ
3588 2210 3819 2281 παρελη-

2266 2309 2411 2364 λυθε.
2440 2309 2555 2362 Καὶ
2574 2307 2731 2360 τοῦτό
2770 2324 2857 2377 μοι
2897 2306 3118 2373 δοκεῖτὸ
3157 2305 3480 2376 παρενεχθὲν
3514 2303 3632 2367 ὅξος
3676 2301 3819 2372 αύτῷ

2266 2399 2544 2469 γεγονέναι
2586 2397 2866 2467 σύμϐολον.
2919 2397 2977 2450 '0
3014 2396 3122 2466 γὰρ
3153 2397 3436 2469 ὲντροπίας
3475 2391 3615 2458 οἶνος
3644 2394 3817 2464 διεσή-
3860 2440 3865 2443 ,

2268 2507 2453 2561 μαινεν
2476 2488 2603 2551 ἴσως
2627 2488 2725 2559 τὴν
2750 2488 2927 2553 ὀξεῖαν
2948 2487 3109 2541 αὑτοῦ
3140 2487 3346 2559 τροπὴν
3374 2488 3468 2541 καὶ
3498 2485 3815 2557 μεταϐολὴν,

2218 2577 2224 2581 ’
2265 2583 2330 2653 ἥν
2367 2578 2705 2643 κατεδέξατο,
2746 2580 2864 2631 ἀντὶ
2894 2578 2988 2633 τοῦ
3034 2578 3234 2641 πάθους
3264 2578 3361 2649 τὴν
3404 2578 3693 2639 ἀπάθειαν,
3731 2577 3819 2628 καὶ

2264 2674 2384 2727 ἀντὶ
2403 2672 2496 2725 τοῦ
2525 2672 2751 2725 θανάτου
2783 2673 2882 2743 τὴν
2914 2671 3231 2735 ἀθανασίαν,
3265 2672 3358 2724 καὶ⁵
3376 2671 3496 2723 ἀντὶ
3525 2669 3617 2722 τοῦ
3648 2669 3817 2739 κρίνε-

2266 2761 2388 2814 σθαι
2415 2761 2477 2813 τὸ
2507 2762 2732 2831 κρίνειν,
2768 2761 2887 2814 ἀντὶ
2911 2760 3005 2814 τοῦ
3032 2760 3403 2832 τυραννεῖσθαι
3434 2758 3495 2809 τὸ
3524 2756 3817 2826 βασιλεύειν

2267 2853 2598 2924 μεταλαϐών.
2637 2855 2703 2913 Ὅ
2737 2871 2794 2905 τε
2824 2853 2931 2924 γὰρ
2980 2854 3232 2920 σπόγγος,
3252 2851 3327 2913 ὡς
3364 2845 3536 2917 οἶμαι,
3568 2848 3667 2916 τὴν
3698 2847 3818 2914 ὃλην

2263 2946 2329 2998 δι’
2359 2946 2480 2999 ὅλου
2506 2943 2598 2997 τοῦ
2624 2946 2776 3013 ἁγίου
2802 2942 2942 2998 Πνεύ
2952 2961 3114 3013 ματος
3138 2946 3193 2995 ὲν
3213 2941 3360 3010 αὐτῷ
3378 2938 3675 3009 γενομένην
3698 2938 3819 2990 ἀνά-

2265 3055 2457 3109 κρασιν
2499 3039 2741 3106 ἐνέφηνε
2782 3037 2874 3089 καὶ
2924 3036 2951 3087 ὁ
2999 3035 3239 3103 κάλαμος
3282 3034 3343 3086 τὸ
3388 3032 3656 3102 βασίλειον
3730 3030 3819 3099 κῆ-

2267 3125 2452 3198 ἁττρον,
2484 3132 2575 3181 καὶ
2601 3128 2691 3181 τὸν
2718 3122 2857 3181 θεῖον
2881 3128 3040 3197 νόμον
3065 3129 3357 3199 ὐπὲφηνεν.
3402 3129 3461 3179 '0
3492 3128 3548 3179 δὲ
3577 3126 3817 3184 ὓσσωπος

614 3219 879 3290 hyssopus
908 3220 1173 3276 vivificam
1204 3223 1603 3296 salutaremque
1652 3224 1772 3293 ejus
1802 3225 2164 3291 resurrectio-

2268 3219 2630 3290 thvﬁmmﬁv
2661 3219 2751 3273 καὶ
2782 3220 3041 3290 σωτήριον
3072 3219 3284 3291 ἔγερσιν
3315 3217 3500 3284 αὑτοῦ,
3540 3219 3606 3270 δι’
3635 3213 3703 3288 ἧς
3730 3214 3818 3268 καὶ

612 3325 755 3375 nem,
786 3326 882 3380 per
901 3326 1063 3379 quam
1098 3320 1151 3367 et
1185 3326 1284 3365 nos
1324 3314 1683 3369 incolumitati
1722 3314 1999 3369 restitutos
2044 3314 2164 3367 reda

610 3401 763 3456 didit.
1090 3459 1098 3468 ,
1194 3414 1199 3417 ’
1942 3462 1947 3467 .

682 3489 747 3545 ν.
779 3492 865 3546 45.
897 3493 1154 3562 Apparuit
1175 3502 1346 3546 autem
1378 3493 1457 3546 illi
1486 3494 1697 3562 angelus
1742 3513 1767 3549 e
1803 3495 1931 3552 calo
1954 3498 2167 3565 confor-

612 3570 725 3636 tans
754 3598 889 3637 eum.

680 3670 747 3727 ν.
777 3674 865 3728 44.
897 3662 960 3727 Ει
986 3690 1101 3727 cum
1118 3674 1236 3743 jam
1270 3683 1404 3728 esset
1445 3674 1499 3727 in
1526 3675 1716 3743 agonia
1755 3676 2006 3732 intensius
2044 3697 2167 3732 ora-

611 3761 718 3817 bat.
753 3761 879 3817 Fuit
912 3772 1084 3817 autem
1118 3765 1283 3819 sudor
1307 3765 1441 3833 ejus,
1472 3775 1525 3817 ut
1552 3765 1778 3834 grummi
1799 3804 1814 3829 ,
1854 3770 1939 3835 qui
1960 3769 2170 3822 descen-

611 3854 743 3907 dunt
767 3856 821 3906 in
856 3863 1065 3907 terram.
1887 3876 1891 3880 '

682 3943 1040 3999 Proverbialis
1070 3946 1273 4002 locutio
1305 3958 1385 4003 est
1407 3950 1472 4023 de
1493 3950 1559 4004 iis
1580 3949 1669 4018 qui
1696 3948 2169 4005 vehementissime

613 4033 795 4086 dolent
841 4042 895 4087 et
930 4035 1289 4092 colluctantur
1318 4057 1329 4092 :
1363 4037 1646 4110 Sanguinis
1674 4040 1876 4102 sudor;
1922 4051 1973 4093 et
2005 4042 2068 4096 de
2102 4044 2168 4097 iis

614 4125 709 4193 qui
753 4140 935 4179 amare
988 4138 1323 4195 queruntur:
1372 4129 1669 4202 Sanguine:
1697 4134 1807 4201 ﬂet.
1840 4130 2036 4185 Diceris
2060 4171 2075 4197 ,
2112 4143 2167 4186 ut

613 4217 838 4286 grummi
860 4220 1162 4284 sanguinis,
1199 4236 1307 4276 non
1353 4238 1633 4292 grummos
1673 4224 1891 4279 sudoris
1936 4226 2169 4280 ostendit

612 4307 911 4374 sanguinis.
943 4305 1061 4385 Non
1091 4311 1234 4364 enim
1257 4313 1318 4367 ad
1348 4313 1517 4368 instar
1532 4301 1721 4376 horum
1745 4314 1971 4369 dixisset
2000 4314 2167 4371 fuisse

614 4398 859 4449 sudores.
898 4394 1008 4451 Hoc
1032 4397 1196 4465 enim,
1222 4409 1279 4452 ut
1301 4403 1545 4469 gmmmi,
1578 4402 1860 4470 significat.
1894 4402 2035 4468 Quin
2066 4419 2165 4471 po-

612 4486 721 4539 tius
744 4485 929 4541 volens
951 4485 1248 4549 ostendere,
1268 4491 1410 4557 quod
1433 4504 1540 4544 non
1567 4492 1819 4547 tenuibus
1840 4491 2162 4566 quibusdam

2271 3312 2415 3383 ἡμᾶς
2449 3310 2573 3377 ὖγια
2606 3310 2714 3381 (14)
2746 3309 2959 3374 ἔδειξεν.

2338 3492 2485 3561 Στιχ.
2523 3498 2630 3561 μγ.
2671 3491 2853 3559 Ὠφθη
2875 3490 2941 3543 δὲ
2969 3489 3126 3555 αὐτῷ
3152 3490 3402 3560 ἅγγελος
3431 3489 3532 3543 ἀπ’
3561 3484 3813 3554 οὐρανοῦ

2267 3584 2565 3651 ἐνισχύων
2589 3583 2792 3633 αὐτόν.
3024 3649 3026 3653 τ

2338 3677 2483 3743 Στιχ.
2519 3673 2618 3743 μδ’.
2658 3673 2764 3724 Καὶ
2797 3672 3110 3740 γενόμενος
3137 3670 3207 3723 ἐν
3233 3668 3452 3737 ἀγωνίᾳ
3486 3665 3821 3719 ἐκτενέστε-

2261 3783 2375 3834 ρον
2400 3764 2795 3833 προσηύχετο.
2845 3762 3109 3831 Ἐγένετο
3134 3760 3200 3812 δὲ
3230 3762 3261 3811 ὀ
3303 3758 3475 3825 ἱδρὼς
3506 3756 3712 3819 αὐτοῦ,
3742 3755 3817 3821 ὡς

2268 3862 2319 3911 οἱ
2352 3858 2588 3925 θρόμϐοι
2620 3854 2729 3923 (15)
2759 3856 2811 3906 οἱ
2837 3854 3289 3913 καταϐαίνοντες
3323 3848 3418 3900 ἐπὶ
3452 3847 3565 3912 τὴν
3596 3845 3732 3915 γῆν.

2337 3948 2610 4019 Παροιμία
2638 3946 2847 4012 λέγεται
2874 3948 2963 3998 ἐπὶ
2989 3943 3095 3996 τῶν
3122 3940 3324 4010 σφόδρα
3343 3936 3695 4007 λυπουμένων
3727 3936 3816 3988 καὶ

2267 4039 2641 4107 ἀγωνιώντων,
2674 4037 2917 4105 αἳματος
2952 4035 3209 4101 ῖδρωσις·
3244 4030 3430 4097 ὥσπερ
3460 4029 3553 4081 καὶ
3594 4030 3685 4080 ἐπὶ
3714 4028 3816 4078 τῶν

2267 4131 2477 4203 πικρῶς
2497 4129 2854 4199 ὀδυρομένων,
2874 4128 3090 4193 αἵματα
3110 4122 3321 4175 κλαίει.
3351 4122 3469 4173 ’Ὁτι
3488 4122 3629 4174 ὡσεὶ
3656 4123 3816 4189 θρόμ-

2267 4228 2355 4278 ϐοι
2390 4225 2633 4292 αἵματος
2661 4220 2847 4284 εἰπὼν,
2874 4222 2934 4271 οὐ
2960 4215 3228 4288 θρόμ6ους
3256 4213 3474 4284 ἱδρῶτος
3506 4215 3817 4287 ἀπεφήνατο

2267 4318 2513 4387 αἵματος.
2556 4316 2627 4367 Θύ
2662 4316 2770 4386 γὰρ
2810 4314 2875 4375 ἂν
2915 4311 3031 4365 καθ’
3071 4308 3358 4377 ὁμοιότητα
3400 4308 3601 4370 τούτων
3634 4310 3814 4377 εἴρηκε

2264 4408 2509 4474 γενέσθαι
2535 4407 2656 4469 τοὺς
2684 4400 3104 4474 ἱδρῶτας.Τοῦτο
3126 4398 3231 4469 γὰρ
3254 4399 3392 4451 ὡσεὶ
3412 4400 3651 4467 θρόμϐοι
3678 4416 3815 4467 παρ-

2270 4496 2463 4565 ίστησι.
2506 4497 2684 4551 θέλων
2734 4497 2789 4547 δὲ
2824 4492 3018 4563 μᾶλλον
3056 4488 3308 4558 δηλῶσαι,
3347 4489 3421 4551 ὡς
3448 4490 3569 4559 οὐχὶ
3598 4490 3815 4551 λεπταῖς

613 4577 833 4644 guttulis
853 4615 867 4639 ,
913 4574 1176 4645 quasique
1206 4577 1271 4629 ad
1295 4578 1552 4635 indicium
1592 4582 1752 4637 modo
1775 4583 2161 4652 apparentibus

2264 4603 2369 4638 τισι
2402 4587 2587 4650 νοτίσι,
2618 4590 2712 4641 καὶ
2730 4580 2839 4638 οἷον
2864 4580 3136 4643 ἐνδείξεως
3163 4579 3317 4649 χάριν
3351 4581 3811 4649 ἐπιφαινομέναις,

612 4668 953 4723 Doniinicum
1005 4682 1205 4736 corpus
1250 4672 1664 4736 perstillaverit:
1716 4674 1807 4727 sed
1841 4676 1986 4743 quod
2039 4691 2164 4730 vere

612 4760 922 4815 uberiorum
950 4768 1223 4827 guttarum
1250 4759 1418 4814 instar
1438 4772 1608 4817 totum
1628 4766 1917 4820 sudoribus
1941 4766 2133 4835 perfun
2149 4796 2164 4807 -

611 4852 855 4916 debatur,
909 4848 1189 4919 sanguinis
1240 4865 1517 4917 grummos
1556 4855 1621 4909 ad
1672 4858 2161 4925 repraesentandam

609 4944 688 4997 rei
718 4943 1007 5013 imaginem
1024 4940 1335 5009 assumpsit.
1370 4938 1757 5001 Ostendebatur
1782 4963 1945 5016 porro
1971 4965 2162 5018 quem-

610 5036 901 5090 admodum
948 5035 1110 5090 etiam
1146 5049 1241 5102 per
1275 5033 1697 5090 intensissimam
1730 5042 2026 5095 orationem
2058 5082 2075 5107 ,
2111 5051 2163 5095 et

611 5128 834 5181 multam
862 5128 1133 5195 agoniam,
1163 5126 1234 5179 ita
1258 5127 1418 5178 etiam
1443 5139 1540 5193 per
1563 5126 1820 5181 sudorum
1838 5133 2159 5194 crassitiem,

610 5219 734 5285 quia
758 5220 1075 5274 naturaliter
1102 5229 1156 5273 et
1203 5219 1401 5288 reipsa,
1432 5232 1536 5270 non
1565 5232 1694 5271 vero
1743 5222 2081 5286 speeietenus
2113 5234 2163 5278 et

608 5310 964 5377 phantastice,
996 5313 1159 5366 homo
1187 5319 1304 5365 erat
1330 5308 1595 5372 Salvator,
1632 5318 1684 5362 et
1705 5312 2040 5368 naturalibus
2067 5316 2165 5368 ho-

610 5398 839 5464 minum,
866 5402 1151 5467 inculpatis
1184 5410 1384 5463 tamen,
1436 5398 1761 5451 inserviebat
1795 5398 2157 5465 paSsionibus.

610 5483 969 5542 Nihilominus
992 5492 1119 5543 illud
1154 5508 1167 5543 :
1203 5490 1521 5544 Potestatem
1553 5488 1711 5542 habeo
1731 5492 2161 5556 ponereanimam

614 5596 798 5646 nteant,
831 5596 878 5637 et
911 5596 1216 5653 potestatem
1244 5586 1297 5638 lu
1377 5602 1403 5637 ο
1439 5586 1628 5639 iterum
1673 5585 1913 5636 sumendi
1952 5600 2065 5636 eam
2096 5587 2157 5649 ⁸⁸,

681 5694 727 5725 ⁸⁵
757 5691 909 5747 Joan.
941 5712 1093 5759 xvm,
1134 5698 1217 5751 li.
1298 5702 1309 5729 ’

712 5808 794 5881 l3?)
827 5809 1041 5881 flouifer.
1075 5811 1323 5881 Theophy
1394 5815 1444 5864 in
1470 5813 1725 5865 Marcum.

712 5808 794 5869 15)
827 5809 1041 5861 Confer.
1075 5811 1232 5877 Theo]

684 5808 795 5948 lit)
826 5877 961 5945 Lege
999 5880 1232 5944 ι’)γέειτεν.

2270 4677 2331 4727 τὸ
2381 4676 2691 4729 δεσποτικὸν
2749 4671 3014 4735 ὲνοτίζετο
3072 4670 3247 4739 σῶμα,
3304 4670 3414 4723 ἀλλ’
3474 4671 3548 4733 ὡς
3608 4670 3813 4740 ἀληθῶς

2270 4763 2443 4833 ἁδρῶν
2467 4767 2738 4832 σταγόνων
2760 4762 2911 4831 δίκην
2932 4760 3049 4812 ὅλον
3069 4761 3179 4821 τοῖς
3207 4759 3389 4828 ἱδρῶσι
3409 4760 3811 4830 περιεσταζετο,

2268 4857 2391 4917 τοὺς
2415 4854 2521 4904 τῶν
2544 4857 2785 4923 αἱμάτων
2812 4851 3078 4922 θρόμϐους
3100 4852 3176 4911 εἰς
3200 4852 3379 4904 εἰκόνα
3402 4852 3494 4904 τοῦ
3522 4852 3816 4921 γεγενημέ-

2270 4961 2359 4996 νου
2390 4941 2749 5010 -παρείληφεν.
2793 4942 3007 5011 Ἐδήλου
3045 4939 3099 4991 δὲ
3128 4941 3232 5010 ἄρα
3261 4940 3447 5011 ῶσπερ
3480 4942 3572 4993 καὶ
3610 4941 3699 4993 διὰ
3725 4941 3813 5009 τῆς

2270 5032 2625 5102 ἐντεταμένης
2667 5032 2994 5102 προσευχῆς,
3041 5030 3131 5082 καὶ
3178 5030 3274 5100 τῆς
3318 5031 3513 5099 πολλῆς
3557 5029 3810 5097 ἀγωνίας.

2267 5127 2408 5179 οὕτω
2433 5125 2525 5176 καὶ
2558 5122 2643 5174 διὰ
2670 5122 2769 5191 τῆς
2796 5123 2900 5176 τῶν
2929 5120 3163 5192 ἱδρώτων
3197 5121 3521 5190 παχύτητος,
3555 5120 3630 5182 ib;
3663 5120 3811 5187 φύσει

2266 5222 2359 5274 καὶ
2401 5216 2631 5287 ἀληθῶς,
2678 5216 2789 5267 ἀλλ’
2837 5217 2935 5267 οὐκ
2980 5213 3227 5278 ἐπιδείξει
3271 5215 3362 5268 καὶ
3401 5213 3690 5283 φαντασία,
3728 5213 3811 5265 ἁν-

2268 5314 2482 5384 θρωπός
2506 5328 2563 5362 τε
2597 5308 2958 5378 ἐχρημάτισεν
2999 5308 3026 5356 ὁ
3064 5306 3269 5377 ἃοτὴρ,
3303 5308 3393 5360 καὶ
3423 5310 3534 5369 τοῖς
3558 5308 3811 5373 φυσικοῖς

2267 5408 2373 5458 τῶν
2403 5401 2697 5473 ἀνθρώπων
2724 5401 2813 5451 καί
2843 5397 3175 5467 ἀδιαὸλήτοις
3198 5400 3575 5470 ὑπηρετήσατο
3604 5399 3809 5452 πάθεσι.

2228 5516 2231 5521 ·
2268 5499 2339 5549 Τὸ
2369 5498 2573 5566 μέντοι,
2618 5491 2929 5553 Ἐξουσίαν
2947 5488 3063 5555 ἔχω
3092 5491 3272 5543 θεῖναι
3303 5490 3415 5556 τὴν
3446 5490 3658 5558 ψυχήν
3678 5508 3810 5559 μου,

2268 5588 2362 5641 καὶ
2390 5586 2675 5649 ἐξουσίαν
2702 5582 2818 5648 ἔχω
2847 5577 3029 5631 πάλιν
3059 5580 3261 5632 λαϐεῖν
3289 5579 3500 5645 αὐτὴν,
3529 5582 3587 5631 ὲν
3609 5580 3811 5641 τούτοις

1396 5696 1562 5752 datth.
1618 5712 1749 5760 xvn,
1784 5694 1873 5761 46;
1908 5695 2069 5750 Marc.
2104 5716 2189 5767 xv,
2220 5702 2307 5756 54.
2374 5701 2429 5730 ³⁸
2458 5698 2613 5751 Joan.
2642 5712 2697 5759 ι,
2724 5693 2806 5746 18.

2340 5814 2448 5884 (15)
2488 5814 2639 5867 Deest
2677 5812 2920 5881 αἵματος,
2946 5817 3003 5862 ut
3030 5818 3171 5877 patet
3199 5825 3260 5860 ex
3291 5807 3665 5875 sequentibus.
