  <div class='ocr_page' id='page_1' title='image "/cluster/home/n/w/nwhite01/storage/ocr_20150623/10/pst.000005711901/825.png"; bbox 0 0 4118 6350; ppageno 0'>
   <div class='ocr_carea' id='block_1_1' title="bbox 657 387 794 441">
    <p class='ocr_par' dir='ltr' id='par_1_1' title="bbox 657 387 794 441">
     <span class='ocr_line' id='line_1_1' title="bbox 657 387 794 441; baseline 0.029 -4"><span class='ocrx_word' id='word_1_1' title='bbox 657 387 794 441; x_wconf 71' lang='grc' dir='ltr'><strong>11)Ὁό</strong></span> 
     </span>
    </p>
   </div>
   <div class='ocr_carea' id='block_1_2' title="bbox 2100 388 2439 443">
    <p class='ocr_par' dir='ltr' id='par_1_2' title="bbox 2100 388 2439 443">
     <span class='ocr_line' id='line_1_2' title="bbox 2100 388 2439 443; baseline 0.003 -1"><span class='ocrx_word' id='word_1_2' title='bbox 2100 388 2439 443; x_wconf 72' lang='lat' dir='ltr'><strong>ADDENDA.</strong></span> 
     </span>
    </p>
   </div>
   <div class='ocr_carea' id='block_1_3' title="bbox 3760 380 3884 435">
    <p class='ocr_par' dir='ltr' id='par_1_3' title="bbox 3760 380 3884 435">
     <span class='ocr_line' id='line_1_3' title="bbox 3760 380 3884 435; baseline -0.008 0"><span class='ocrx_word' id='word_1_3' title='bbox 3760 380 3884 435; x_wconf 69' lang='grc' dir='ltr'>ιω</span> 
     </span>
    </p>
   </div>
   <div class='ocr_carea' id='block_1_4' title="bbox 1194 554 3380 798">
    <p class='ocr_par' dir='ltr' id='par_1_4' title="bbox 1194 554 3380 798">
     <span class='ocr_line' id='line_1_4' title="bbox 1194 554 3380 798; baseline 0 -57"><span class='ocrx_word' id='word_1_4' title='bbox 1194 610 1569 743; x_wconf 83' lang='lat' dir='ltr'><strong>ACTO</strong></span> <span class='ocrx_word' id='word_1_5' title='bbox 1607 632 1895 747; x_wconf 81' lang='lat' dir='ltr'><strong>BUM</strong></span> <span class='ocrx_word' id='word_1_6' title='bbox 1955 630 2506 798; x_wconf 21' lang='lat' dir='ltr'><strong>&#39;SANCT&#39;I</strong></span> <span class='ocrx_word' id='word_1_7' title='bbox 2612 554 3380 764; x_wconf 15' lang='lat' dir='ltr'><strong>HlPPOLYT-I</strong></span> 
     </span>
    </p>
   </div>
   <div class='ocr_carea' id='block_1_5' title="bbox 1502 804 3027 925">
    <p class='ocr_par' dir='ltr' id='par_1_5' title="bbox 1502 804 3027 925">
     <span class='ocr_line' id='line_1_5' title="bbox 1502 804 3027 925; baseline 0.002 -28"><span class='ocrx_word' id='word_1_8' title='bbox 1502 841 1713 925; x_wconf 64' lang='lat' dir='ltr'><strong>Graiae</strong></span> <span class='ocrx_word' id='word_1_9' title='bbox 1751 848 1811 901; x_wconf 91' lang='lat' dir='ltr'><strong>et</strong></span> <span class='ocrx_word' id='word_1_10' title='bbox 1848 838 2066 902; x_wconf 86' lang='lat' dir='ltr'><strong>Latine</strong></span> <span class='ocrx_word' id='word_1_11' title='bbox 2096 839 2267 901; x_wconf 87' lang='lat' dir='ltr'><strong>infra</strong></span> <span class='ocrx_word' id='word_1_12' title='bbox 2305 840 2324 919; x_wconf 91' lang='lat'>(</span> <span class='ocrx_word' id='word_1_13' title='bbox 2356 840 2476 902; x_wconf 91' lang='lat' dir='ltr'><strong>col.</strong></span> <span class='ocrx_word' id='word_1_14' title='bbox 2507 840 2647 916; x_wconf 61' lang='lat'><strong>511.7)</strong></span> <span class='ocrx_word' id='word_1_15' title='bbox 2711 840 3027 903; x_wconf 81' lang='lat' dir='ltr'><strong>editorum</strong></span> 
     </span>
    </p>
   </div>
   <div class='ocr_carea' id='block_1_6' title="bbox 1876 1004 2749 1127">
    <p class='ocr_par' dir='ltr' id='par_1_6' title="bbox 1876 1004 2749 1127">
     <span class='ocr_line' id='line_1_6' title="bbox 1876 1004 2749 1127; baseline -0.003 -31"><span class='ocrx_word' id='word_1_16' title='bbox 1876 1004 2311 1099; x_wconf 75' lang='lat' dir='ltr'><strong>vensro</strong></span> <span class='ocrx_word' id='word_1_17' title='bbox 2386 1004 2749 1127; x_wconf 80' lang='lat' dir='ltr'><strong>NOVA.</strong></span> 
     </span>
    </p>
   </div>
   <div class='ocr_carea' id='block_1_7' title="bbox 1239 1310 1647 1367">
    <p class='ocr_par' dir='ltr' id='par_1_7' title="bbox 1239 1310 1647 1367">
     <span class='ocr_line' id='line_1_7' title="bbox 1239 1310 1647 1367; baseline 0.007 -4"><span class='ocrx_word' id='word_1_18' title='bbox 1239 1310 1647 1367; x_wconf 73' lang='lat' dir='ltr'><strong>PROOEMIUM.</strong></span> 
     </span>
    </p>
   </div>
   <div class='ocr_carea' id='block_1_8' title="bbox 721 1399 2216 1475">
    <p class='ocr_par' dir='ltr' id='par_1_8' title="bbox 721 1399 2216 1475">
     <span class='ocr_line' id='line_1_8' title="bbox 721 1399 2216 1475; baseline 0.003 -20"><span class='ocrx_word' id='word_1_19' title='bbox 721 1400 762 1455; x_wconf 89' lang='grc'><strong>1.</strong></span> <span class='ocrx_word' id='word_1_20' title='bbox 788 1400 1114 1471; x_wconf 73' lang='lat' dir='ltr'><strong>imperatore</strong></span> <span class='ocrx_word' id='word_1_21' title='bbox 1139 1399 1366 1455; x_wconf 83' lang='lat' dir='ltr'><strong>Claudio</strong></span> <span class='ocrx_word' id='word_1_22' title='bbox 1405 1419 1527 1456; x_wconf 89' lang='lat' dir='ltr'><strong>cum</strong></span> <span class='ocrx_word' id='word_1_23' title='bbox 1568 1413 1712 1458; x_wconf 88' lang='lat' dir='ltr'><strong>esset</strong></span> <span class='ocrx_word' id='word_1_24' title='bbox 1754 1404 1988 1459; x_wconf 83' lang='lat' dir='ltr'><strong>vicarius</strong></span> <span class='ocrx_word' id='word_1_25' title='bbox 2028 1404 2216 1475; x_wconf 87' lang='lat' dir='ltr'><strong>Ulpius</strong></span> 
     </span>
    </p>
   </div>
   <div class='ocr_carea' id='block_1_9' title="bbox 649 1490 2213 1564">
    <p class='ocr_par' dir='ltr' id='par_1_9' title="bbox 649 1490 2213 1564">
     <span class='ocr_line' id='line_1_9' title="bbox 649 1490 2213 1564; baseline 0.006 -20"><span class='ocrx_word' id='word_1_26' title='bbox 649 1490 933 1555; x_wconf 82' lang='lat' dir='ltr'><strong>Romulus.</strong></span> <span class='ocrx_word' id='word_1_27' title='bbox 952 1492 1241 1546; x_wconf 79' lang='lat' dir='ltr'><strong>vehemens</strong></span> <span class='ocrx_word' id='word_1_28' title='bbox 1262 1495 1460 1547; x_wconf 81' lang='lat' dir='ltr'><strong>exarsit</strong></span> <span class='ocrx_word' id='word_1_29' title='bbox 1479 1499 1529 1547; x_wconf 91' lang='lat' dir='ltr'><strong>in</strong></span> <span class='ocrx_word' id='word_1_30' title='bbox 1542 1494 1882 1555; x_wconf 80' lang='lat' dir='ltr'><strong>Christianos</strong></span> <span class='ocrx_word' id='word_1_31' title='bbox 1897 1501 2213 1564; x_wconf 90' lang='lat' dir='ltr'><strong>persecutio.</strong></span> 
     </span>
    </p>
   </div>
   <div class='ocr_carea' id='block_1_10' title="bbox 647 1579 2220 1652">
    <p class='ocr_par' dir='ltr' id='par_1_10' title="bbox 647 1579 2220 1652">
     <span class='ocr_line' id='line_1_10' title="bbox 647 1579 2220 1652; baseline 0.007 -18"><span class='ocrx_word' id='word_1_32' title='bbox 647 1579 781 1636; x_wconf 82' lang='lat' dir='ltr'><strong>Nam</strong></span> <span class='ocrx_word' id='word_1_33' title='bbox 795 1580 1125 1636; x_wconf 82' lang='lat' dir='ltr'><strong>Censorinus</strong></span> <span class='ocrx_word' id='word_1_34' title='bbox 1138 1583 1387 1652; x_wconf 76' lang='lat' dir='ltr'><strong>magister</strong></span> <span class='ocrx_word' id='word_1_35' title='bbox 1401 1585 1721 1650; x_wconf 77' lang='lat' dir='ltr'><strong>ofﬁciorum,</strong></span> <span class='ocrx_word' id='word_1_36' title='bbox 1740 1588 1947 1641; x_wconf 85' lang='lat' dir='ltr'><strong>occulte</strong></span> <span class='ocrx_word' id='word_1_37' title='bbox 1962 1588 2220 1644; x_wconf 85' lang='lat' dir='ltr'><strong>Christia-</strong></span> 
     </span>
    </p>
   </div>
   <div class='ocr_carea' id='block_1_11' title="bbox 650 1670 2220 1747">
    <p class='ocr_par' dir='ltr' id='par_1_11' title="bbox 650 1670 2220 1747">
     <span class='ocr_line' id='line_1_11' title="bbox 650 1670 2220 1747; baseline 0.006 -23"><span class='ocrx_word' id='word_1_38' title='bbox 650 1684 753 1725; x_wconf 87' lang='lat' dir='ltr'><strong>nus</strong></span> <span class='ocrx_word' id='word_1_39' title='bbox 787 1686 851 1725; x_wconf 90' lang='lat' dir='ltr'><strong>ac</strong></span> <span class='ocrx_word' id='word_1_40' title='bbox 874 1671 1070 1725; x_wconf 91' lang='lat' dir='ltr'><strong>timens</strong></span> <span class='ocrx_word' id='word_1_41' title='bbox 1098 1670 1283 1735; x_wconf 90' lang='lat' dir='ltr'><strong>Deum,</strong></span> <span class='ocrx_word' id='word_1_42' title='bbox 1303 1687 1331 1726; x_wconf 90' lang='lat' dir='ltr'><strong>a</strong></span> <span class='ocrx_word' id='word_1_43' title='bbox 1350 1674 1631 1741; x_wconf 64' lang='lat' dir='ltr'><strong>praesentia</strong></span> <span class='ocrx_word' id='word_1_44' title='bbox 1662 1675 1873 1741; x_wconf 84' lang='lat' dir='ltr'><strong>quidem</strong></span> <span class='ocrx_word' id='word_1_45' title='bbox 1908 1688 2220 1747; x_wconf 89' lang='lat' dir='ltr'><strong>conspectu-</strong></span> 
     </span>
    </p>
   </div>
   <div class='ocr_carea' id='block_1_12' title="bbox 648 1762 2213 1836">
    <p class='ocr_par' dir='ltr' id='par_1_12' title="bbox 648 1762 2213 1836">
     <span class='ocr_line' id='line_1_12' title="bbox 648 1762 2213 1836; baseline 0.006 -21"><span class='ocrx_word' id='word_1_46' title='bbox 648 1777 755 1831; x_wconf 85' lang='lat' dir='ltr'><strong>que</strong></span> <span class='ocrx_word' id='word_1_47' title='bbox 772 1762 1329 1832; x_wconf 83' lang='lat' dir='ltr'><strong>imperatorisClaudii</strong></span> <span class='ocrx_word' id='word_1_48' title='bbox 1353 1779 1456 1817; x_wconf 92' lang='lat' dir='ltr'><strong>non</strong></span> <span class='ocrx_word' id='word_1_49' title='bbox 1471 1764 1780 1831; x_wconf 79' lang='lat' dir='ltr'><strong>recedebat;</strong></span> <span class='ocrx_word' id='word_1_50' title='bbox 1807 1766 1852 1820; x_wconf 91' lang='lat' dir='ltr'><strong>si</strong></span> <span class='ocrx_word' id='word_1_51' title='bbox 1872 1784 2008 1836; x_wconf 86' lang='lat' dir='ltr'><strong>quos</strong></span> <span class='ocrx_word' id='word_1_52' title='bbox 2032 1778 2213 1824; x_wconf 90' lang='lat' dir='ltr'><strong>tamen</strong></span> 
     </span>
    </p>
   </div>
   <div class='ocr_carea' id='block_1_13' title="bbox 649 1852 2247 1921">
    <p class='ocr_par' dir='ltr' id='par_1_13' title="bbox 649 1852 2247 1921">
     <span class='ocr_line' id='line_1_13' title="bbox 649 1852 2247 1921; baseline 0.003 -15"><span class='ocrx_word' id='word_1_53' title='bbox 649 1853 874 1908; x_wconf 77' lang='lat' dir='ltr'><strong>vidisset</strong></span> <span class='ocrx_word' id='word_1_54' title='bbox 894 1869 927 1907; x_wconf 86' lang='lat' dir='ltr'><strong>e</strong></span> <span class='ocrx_word' id='word_1_55' title='bbox 950 1852 1375 1908; x_wconf 65' lang='lat' dir='ltr'><strong>Gliristianisad</strong></span> <span class='ocrx_word' id='word_1_56' title='bbox 1402 1862 1629 1909; x_wconf 90' lang='lat' dir='ltr'><strong>mortem</strong></span> <span class='ocrx_word' id='word_1_57' title='bbox 1660 1856 1743 1910; x_wconf 90' lang='lat' dir='ltr'><strong>vel</strong></span> <span class='ocrx_word' id='word_1_58' title='bbox 1769 1872 2040 1912; x_wconf 90' lang='lat' dir='ltr'><strong>carcerem</strong></span> <span class='ocrx_word' id='word_1_59' title='bbox 2067 1859 2214 1921; x_wconf 89' lang='lat' dir='ltr'><strong>duci,</strong></span> <span class='ocrx_word' id='word_1_60' title='bbox 2235 1864 2247 1878; x_wconf 91' lang='lat'><strong>&#39;</strong></span> 
     </span>
    </p>
   </div>
   <div class='ocr_carea' id='block_1_14' title="bbox 647 1944 2216 2016">
    <p class='ocr_par' dir='ltr' id='par_1_14' title="bbox 647 1944 2216 2016">
     <span class='ocr_line' id='line_1_14' title="bbox 647 1944 2216 2016; baseline 0.004 -18"><span class='ocrx_word' id='word_1_61' title='bbox 647 1944 785 1998; x_wconf 89' lang='lat' dir='ltr'><strong>clam</strong></span> <span class='ocrx_word' id='word_1_62' title='bbox 818 1956 913 1999; x_wconf 87' lang='lat' dir='ltr'><strong>eos</strong></span> <span class='ocrx_word' id='word_1_63' title='bbox 944 1944 1335 2009; x_wconf 78' lang='lat' dir='ltr'><strong>confirmabat,</strong></span> <span class='ocrx_word' id='word_1_64' title='bbox 1380 1953 1435 1997; x_wconf 92' lang='lat' dir='ltr'><strong>et</strong></span> <span class='ocrx_word' id='word_1_65' title='bbox 1476 1947 1652 2015; x_wconf 84' lang='lat' dir='ltr'><strong>quoad</strong></span> <span class='ocrx_word' id='word_1_66' title='bbox 1704 1958 1915 2016; x_wconf 83' lang='lat' dir='ltr'><strong>poterat</strong></span> <span class='ocrx_word' id='word_1_67' title='bbox 1961 1949 2216 2004; x_wconf 88' lang='lat' dir='ltr'><strong>alimenta</strong></span> 
     </span>
    </p>
   </div>
   <div class='ocr_carea' id='block_1_15' title="bbox 649 2036 2255 2110">
    <p class='ocr_par' dir='ltr' id='par_1_15' title="bbox 649 2036 2255 2110">
     <span class='ocr_line' id='line_1_15' title="bbox 649 2036 2255 2110; baseline 0.002 -21"><span class='ocrx_word' id='word_1_68' title='bbox 649 2036 733 2091; x_wconf 92' lang='lat' dir='ltr'><strong>his</strong></span> <span class='ocrx_word' id='word_1_69' title='bbox 763 2037 855 2106; x_wconf 88' lang='lat' dir='ltr'><strong>qui</strong></span> <span class='ocrx_word' id='word_1_70' title='bbox 897 2037 948 2090; x_wconf 85' lang='lat' dir='ltr'><strong>in</strong></span> <span class='ocrx_word' id='word_1_71' title='bbox 988 2037 1233 2092; x_wconf 88' lang='lat' dir='ltr'><strong>custodia</strong></span> <span class='ocrx_word' id='word_1_72' title='bbox 1262 2045 1317 2090; x_wconf 89' lang='lat' dir='ltr'><strong>et</strong></span> <span class='ocrx_word' id='word_1_73' title='bbox 1348 2038 1578 2094; x_wconf 85' lang='lat' dir='ltr'><strong>vinculis</strong></span> <span class='ocrx_word' id='word_1_74' title='bbox 1605 2048 1760 2094; x_wconf 88' lang='lat' dir='ltr'><strong>erant</strong></span> <span class='ocrx_word' id='word_1_75' title='bbox 1786 2042 2163 2110; x_wconf 82' lang='lat' dir='ltr'><strong>suppeditabat</strong></span> <span class='ocrx_word' id='word_1_76' title='bbox 2199 2057 2213 2093; x_wconf 89' lang='lat'><strong>:</strong></span> <span class='ocrx_word' id='word_1_77' title='bbox 2252 2072 2255 2073; x_wconf 53' lang='grc' dir='ltr'><em>ν</em></span> 
     </span>
    </p>
   </div>
   <div class='ocr_carea' id='block_1_16' title="bbox 645 2128 2215 2200">
    <p class='ocr_par' dir='ltr' id='par_1_16' title="bbox 645 2128 2215 2200">
     <span class='ocr_line' id='line_1_16' title="bbox 645 2128 2215 2200; baseline 0.004 -21"><span class='ocrx_word' id='word_1_78' title='bbox 645 2129 777 2196; x_wconf 85' lang='lat' dir='ltr'><strong>quin</strong></span> <span class='ocrx_word' id='word_1_79' title='bbox 826 2128 987 2182; x_wconf 85' lang='lat' dir='ltr'><strong>etiam</strong></span> <span class='ocrx_word' id='word_1_80' title='bbox 1035 2131 1437 2187; x_wconf 83' lang='lat' dir='ltr'><strong>catechumenis</strong></span> <span class='ocrx_word' id='word_1_81' title='bbox 1502 2140 1701 2200; x_wconf 72' lang='lat' dir='ltr'><strong>praesto</strong></span> <span class='ocrx_word' id='word_1_82' title='bbox 1750 2140 1867 2185; x_wconf 91' lang='lat' dir='ltr'><strong>erat</strong></span> <span class='ocrx_word' id='word_1_83' title='bbox 1912 2131 2215 2187; x_wconf 88' lang='lat' dir='ltr'><strong>ministerio</strong></span> 
     </span>
    </p>
   </div>
   <div class='ocr_carea' id='block_1_17' title="bbox 648 2217 2215 2291">
    <p class='ocr_par' dir='ltr' id='par_1_17' title="bbox 648 2217 2215 2291">
     <span class='ocr_line' id='line_1_17' title="bbox 648 2217 2215 2291; baseline 0.003 -20"><span class='ocrx_word' id='word_1_84' title='bbox 648 2217 821 2272; x_wconf 82' lang='lat' dir='ltr'><strong>verbi.</strong></span> <span class='ocrx_word' id='word_1_85' title='bbox 851 2220 973 2284; x_wconf 78' lang='lat' dir='ltr'><strong>Quo</strong></span> <span class='ocrx_word' id='word_1_86' title='bbox 1011 2222 1203 2290; x_wconf 80' lang='lat' dir='ltr'><strong>agnito</strong></span> <span class='ocrx_word' id='word_1_87' title='bbox 1222 2219 1479 2275; x_wconf 83' lang='lat' dir='ltr'><strong>Claudius</strong></span> <span class='ocrx_word' id='word_1_88' title='bbox 1508 2220 1690 2275; x_wconf 64' lang='lat' dir='ltr'><strong>Caesar</strong></span> <span class='ocrx_word' id='word_1_89' title='bbox 1717 2221 1889 2275; x_wconf 87' lang='lat' dir='ltr'><strong>iratus</strong></span> <span class='ocrx_word' id='word_1_90' title='bbox 1916 2220 2090 2291; x_wconf 90' lang='lat' dir='ltr'><strong>ipsum</strong></span> <span class='ocrx_word' id='word_1_91' title='bbox 2121 2238 2215 2291; x_wconf 91' lang='lat' dir='ltr'><strong>ap—</strong></span> 
     </span>
    </p>
   </div>
   <div class='ocr_carea' id='block_1_18' title="bbox 648 2307 2213 2381">
    <p class='ocr_par' dir='ltr' id='par_1_18' title="bbox 648 2307 2213 2381">
     <span class='ocr_line' id='line_1_18' title="bbox 648 2307 2213 2381; baseline 0.004 -24"><span class='ocrx_word' id='word_1_92' title='bbox 648 2307 944 2374; x_wconf 85' lang='lat' dir='ltr'><strong>prehendi,</strong></span> <span class='ocrx_word' id='word_1_93' title='bbox 992 2318 1045 2363; x_wconf 93' lang='lat' dir='ltr'><strong>et</strong></span> <span class='ocrx_word' id='word_1_94' title='bbox 1086 2309 1188 2363; x_wconf 80' lang='lat' dir='ltr'><strong>Sibi</strong></span> <span class='ocrx_word' id='word_1_95' title='bbox 1238 2324 1419 2363; x_wconf 81' lang='lat' dir='ltr'><strong>coram</strong></span> <span class='ocrx_word' id='word_1_96' title='bbox 1476 2310 1589 2363; x_wconf 84' lang='lat' dir='ltr'><strong>sisti</strong></span> <span class='ocrx_word' id='word_1_97' title='bbox 1640 2309 1792 2378; x_wconf 90' lang='lat' dir='ltr'><strong>jubet</strong></span> <span class='ocrx_word' id='word_1_98' title='bbox 1835 2328 1848 2362; x_wconf 90' lang='lat'><strong>:</strong></span> <span class='ocrx_word' id='word_1_99' title='bbox 1893 2308 2213 2381; x_wconf 60' lang='lat' dir='ltr'><strong>praesentem</strong></span> 
     </span>
    </p>
   </div>
   <div class='ocr_carea' id='block_1_19' title="bbox 645 2397 2213 2467">
    <p class='ocr_par' dir='ltr' id='par_1_19' title="bbox 645 2397 2213 2467">
     <span class='ocr_line' id='line_1_19' title="bbox 645 2397 2213 2467; baseline 0.003 -18"><span class='ocrx_word' id='word_1_100' title='bbox 645 2412 776 2450; x_wconf 87' lang='lat' dir='ltr'><strong>vero</strong></span> <span class='ocrx_word' id='word_1_101' title='bbox 809 2398 893 2452; x_wconf 90' lang='lat' dir='ltr'><strong>his</strong></span> <span class='ocrx_word' id='word_1_102' title='bbox 920 2409 1085 2467; x_wconf 87' lang='lat' dir='ltr'><strong>prope</strong></span> <span class='ocrx_word' id='word_1_103' title='bbox 1112 2400 1291 2452; x_wconf 85' lang='lat' dir='ltr'><strong>verbis</strong></span> <span class='ocrx_word' id='word_1_104' title='bbox 1324 2400 1589 2453; x_wconf 83' lang='lat' dir='ltr'><strong>allocutus</strong></span> <span class='ocrx_word' id='word_1_105' title='bbox 1618 2408 1703 2453; x_wconf 83' lang='lat' dir='ltr'><strong>est</strong></span> <span class='ocrx_word' id='word_1_106' title='bbox 1737 2418 1748 2452; x_wconf 96' lang='lat'>:</span> <span class='ocrx_word' id='word_1_107' title='bbox 1787 2397 1865 2453; x_wconf 88' lang='lat' dir='ltr'><strong>Tu</strong></span> <span class='ocrx_word' id='word_1_108' title='bbox 1909 2416 1967 2454; x_wconf 91' lang='lat' dir='ltr'><strong>es</strong></span> <span class='ocrx_word' id='word_1_109' title='bbox 2007 2401 2089 2453; x_wconf 88' lang='lat' dir='ltr'><strong>vir</strong></span> <span class='ocrx_word' id='word_1_110' title='bbox 2125 2400 2213 2454; x_wconf 91' lang='lat' dir='ltr'><strong>ille</strong></span> 
     </span>
    </p>
   </div>
   <div class='ocr_carea' id='block_1_20' title="bbox 644 2486 2213 2561">
    <p class='ocr_par' dir='ltr' id='par_1_20' title="bbox 644 2486 2213 2561">
     <span class='ocr_line' id='line_1_20' title="bbox 644 2486 2213 2561; baseline 0.003 -21"><span class='ocrx_word' id='word_1_111' title='bbox 644 2486 868 2556; x_wconf 87' lang='lat' dir='ltr'><strong>deorum</strong></span> <span class='ocrx_word' id='word_1_112' title='bbox 905 2488 1111 2557; x_wconf 79' lang='lat' dir='ltr'><strong>cultor,</strong></span> <span class='ocrx_word' id='word_1_113' title='bbox 1150 2499 1455 2559; x_wconf 84' lang='lat' dir='ltr'><strong>nostraeque</strong></span> <span class='ocrx_word' id='word_1_114' title='bbox 1491 2490 1786 2559; x_wconf 86' lang='lat' dir='ltr'><strong>majestatis</strong></span> <span class='ocrx_word' id='word_1_115' title='bbox 1816 2506 1991 2559; x_wconf 71' lang='lat' dir='ltr'><strong>praeco</strong></span> <span class='ocrx_word' id='word_1_116' title='bbox 2024 2507 2213 2561; x_wconf 84' lang='lat' dir='ltr'><strong>perpe-</strong></span> 
     </span>
    </p>
   </div>
   <div class='ocr_carea' id='block_1_21' title="bbox 643 2580 2207 2653">
    <p class='ocr_par' dir='ltr' id='par_1_21' title="bbox 643 2580 2207 2653">
     <span class='ocr_line' id='line_1_21' title="bbox 643 2580 2207 2653; baseline 0 -16"><span class='ocrx_word' id='word_1_117' title='bbox 643 2581 812 2637; x_wconf 75' lang='lat' dir='ltr'><strong>tuus?</strong></span> <span class='ocrx_word' id='word_1_118' title='bbox 848 2580 1108 2650; x_wconf 84' lang='lat' dir='ltr'><strong>Equidem</strong></span> <span class='ocrx_word' id='word_1_119' title='bbox 1139 2591 1322 2636; x_wconf 90' lang='lat' dir='ltr'><strong>nostra</strong></span> <span class='ocrx_word' id='word_1_120' title='bbox 1354 2581 1635 2636; x_wconf 90' lang='lat' dir='ltr'><strong>clementia</strong></span> <span class='ocrx_word' id='word_1_121' title='bbox 1666 2584 1936 2637; x_wconf 86' lang='lat' dir='ltr'><strong>neminem</strong></span> <span class='ocrx_word' id='word_1_122' title='bbox 1969 2600 2207 2653; x_wconf 90' lang='lat' dir='ltr'><strong>unquam</strong></span> 
     </span>
    </p>
   </div>
   <div class='ocr_carea' id='block_1_22' title="bbox 2156 1312 3886 1385">
    <p class='ocr_par' dir='ltr' id='par_1_22' title="bbox 2156 1312 3886 1385">
     <span class='ocr_line' id='line_1_22' title="bbox 2156 1312 3886 1385; baseline 0 -17"><span class='ocrx_word' id='word_1_123' title='bbox 2156 1354 2159 1355; x_wconf 47' lang='grc' dir='ltr'><em>ν</em></span> <span class='ocrx_word' id='word_1_124' title='bbox 2247 1326 2291 1379; x_wconf 74' lang='grc' dir='ltr'><strong>Α</strong></span> <span class='ocrx_word' id='word_1_125' title='bbox 2323 1315 2558 1385; x_wconf 90' lang='lat' dir='ltr'><strong>luptates</strong></span> <span class='ocrx_word' id='word_1_126' title='bbox 2603 1320 3015 1382; x_wconf 90' lang='lat' dir='ltr'><strong>temporaneas,</strong></span> <span class='ocrx_word' id='word_1_127' title='bbox 3072 1322 3236 1383; x_wconf 87' lang='lat' dir='ltr'><strong>atque</strong></span> <span class='ocrx_word' id='word_1_128' title='bbox 3284 1316 3558 1383; x_wconf 77' lang='lat' dir='ltr'><strong>agnoscite</strong></span> <span class='ocrx_word' id='word_1_129' title='bbox 3605 1312 3886 1368; x_wconf 86' lang='lat' dir='ltr'><strong>Dominum</strong></span> 
     </span>
    </p>
   </div>
   <div class='ocr_carea' id='block_1_23' title="bbox 2324 1406 3888 1476">
    <p class='ocr_par' dir='ltr' id='par_1_23' title="bbox 2324 1406 3888 1476">
     <span class='ocr_line' id='line_1_23' title="bbox 2324 1406 3888 1476; baseline -0.003 -12"><span class='ocrx_word' id='word_1_130' title='bbox 2324 1418 2564 1465; x_wconf 88' lang='lat' dir='ltr'><strong>nostrum</strong></span> <span class='ocrx_word' id='word_1_131' title='bbox 2608 1406 2793 1462; x_wconf 73' lang='lat' dir='ltr'><strong>Iesum</strong></span> <span class='ocrx_word' id='word_1_132' title='bbox 2821 1406 3124 1470; x_wconf 77' lang='lat' dir='ltr'><strong>Christum,</strong></span> <span class='ocrx_word' id='word_1_133' title='bbox 3169 1416 3486 1476; x_wconf 88' lang='lat' dir='ltr'><strong>perpetuum</strong></span> <span class='ocrx_word' id='word_1_134' title='bbox 3533 1422 3755 1476; x_wconf 79' lang='lat' dir='ltr'><strong>regem,</strong></span> <span class='ocrx_word' id='word_1_135' title='bbox 3801 1411 3888 1475; x_wconf 87' lang='lat' dir='ltr'><strong>qul</strong></span> 
     </span>
    </p>
   </div>
   <div class='ocr_carea' id='block_1_24' title="bbox 2320 1496 3891 1566">
    <p class='ocr_par' dir='ltr' id='par_1_24' title="bbox 2320 1496 3891 1566">
     <span class='ocr_line' id='line_1_24' title="bbox 2320 1496 3891 1566; baseline -0.003 -12"><span class='ocrx_word' id='word_1_136' title='bbox 2320 1508 2435 1554; x_wconf 88' lang='lat' dir='ltr'><strong>erat</strong></span> <span class='ocrx_word' id='word_1_137' title='bbox 2463 1508 2587 1553; x_wconf 90' lang='lat' dir='ltr'><strong>ante</strong></span> <span class='ocrx_word' id='word_1_138' title='bbox 2618 1497 2835 1561; x_wconf 64' lang='lat' dir='ltr'><strong>saecula,</strong></span> <span class='ocrx_word' id='word_1_139' title='bbox 2867 1496 2960 1566; x_wconf 91' lang='lat' dir='ltr'><strong>qui</strong></span> <span class='ocrx_word' id='word_1_140' title='bbox 2983 1497 3153 1551; x_wconf 86' lang='lat' dir='ltr'><strong>etiam</strong></span> <span class='ocrx_word' id='word_1_141' title='bbox 3171 1496 3717 1564; x_wconf 86' lang='lat' dir='ltr'><strong>venietjudicaturus</strong></span> <span class='ocrx_word' id='word_1_142' title='bbox 3746 1497 3891 1549; x_wconf 84' lang='lat' dir='ltr'><strong>vivos</strong></span> 
     </span>
    </p>
   </div>
   <div class='ocr_carea' id='block_1_25' title="bbox 2318 1582 3888 1653">
    <p class='ocr_par' dir='ltr' id='par_1_25' title="bbox 2318 1582 3888 1653">
     <span class='ocr_line' id='line_1_25' title="bbox 2318 1582 3888 1653; baseline -0.003 -11"><span class='ocrx_word' id='word_1_143' title='bbox 2318 1596 2373 1643; x_wconf 91' lang='lat' dir='ltr'><strong>et</strong></span> <span class='ocrx_word' id='word_1_144' title='bbox 2403 1596 2670 1651; x_wconf 92' lang='lat' dir='ltr'><strong>mortuos,</strong></span> <span class='ocrx_word' id='word_1_145' title='bbox 2713 1595 2765 1639; x_wconf 90' lang='lat' dir='ltr'><strong>et</strong></span> <span class='ocrx_word' id='word_1_146' title='bbox 2798 1584 3052 1639; x_wconf 75' lang='lat' dir='ltr'><strong>saeculum</strong></span> <span class='ocrx_word' id='word_1_147' title='bbox 3082 1584 3223 1638; x_wconf 91' lang='lat' dir='ltr'><strong>istud</strong></span> <span class='ocrx_word' id='word_1_148' title='bbox 3254 1598 3351 1653; x_wconf 91' lang='lat' dir='ltr'><strong>per</strong></span> <span class='ocrx_word' id='word_1_149' title='bbox 3378 1584 3578 1652; x_wconf 81' lang='lat' dir='ltr'><strong>ignem.</strong></span> <span class='ocrx_word' id='word_1_150' title='bbox 3622 1582 3888 1648; x_wconf 77' lang='lat' dir='ltr'><strong>Quoniam</strong></span> 
     </span>
    </p>
   </div>
   <div class='ocr_carea' id='block_1_26' title="bbox 2319 1675 3891 1750">
    <p class='ocr_par' dir='ltr' id='par_1_26' title="bbox 2319 1675 3891 1750">
     <span class='ocr_line' id='line_1_26' title="bbox 2319 1675 3891 1750; baseline -0.004 -18"><span class='ocrx_word' id='word_1_151' title='bbox 2319 1678 2613 1747; x_wconf 85' lang='lat' dir='ltr'><strong>pertransit</strong></span> <span class='ocrx_word' id='word_1_152' title='bbox 2642 1683 2886 1729; x_wconf 89' lang='lat' dir='ltr'><strong>nostrum</strong></span> <span class='ocrx_word' id='word_1_153' title='bbox 2912 1690 3109 1738; x_wconf 67' lang='lat' dir='ltr'><strong>aevum,</strong></span> <span class='ocrx_word' id='word_1_154' title='bbox 3138 1685 3192 1729; x_wconf 93' lang='lat' dir='ltr'><strong>et</strong></span> <span class='ocrx_word' id='word_1_155' title='bbox 3223 1675 3417 1730; x_wconf 81' lang='lat' dir='ltr'><strong>coelum</strong></span> <span class='ocrx_word' id='word_1_156' title='bbox 3448 1689 3513 1729; x_wconf 90' lang='lat' dir='ltr'><strong>ac</strong></span> <span class='ocrx_word' id='word_1_157' title='bbox 3543 1681 3891 1750; x_wconf 73' lang='lat' dir='ltr'><strong>terratrans-</strong></span> 
     </span>
    </p>
   </div>
   <div class='ocr_carea' id='block_1_27' title="bbox 2320 1761 3949 1822">
    <p class='ocr_par' dir='ltr' id='par_1_27' title="bbox 2320 1761 3949 1822">
     <span class='ocr_line' id='line_1_27' title="bbox 2320 1761 3949 1822; baseline -0.004 0"><span class='ocrx_word' id='word_1_158' title='bbox 2320 1769 2478 1822; x_wconf 88' lang='lat' dir='ltr'><strong>ibunt</strong></span> <span class='ocrx_word' id='word_1_159' title='bbox 2514 1785 2526 1820; x_wconf 92' lang='lat'>:</span> <span class='ocrx_word' id='word_1_160' title='bbox 2564 1766 2831 1819; x_wconf 90' lang='lat' dir='ltr'><strong>Dominus</strong></span> <span class='ocrx_word' id='word_1_161' title='bbox 2861 1773 3039 1819; x_wconf 88' lang='lat' dir='ltr'><strong>autem</strong></span> <span class='ocrx_word' id='word_1_162' title='bbox 3090 1773 3275 1819; x_wconf 84' lang='lat' dir='ltr'><strong>noster</strong></span> <span class='ocrx_word' id='word_1_163' title='bbox 3318 1761 3477 1818; x_wconf 65' lang='lat' dir='ltr'><strong>Iesus</strong></span> <span class='ocrx_word' id='word_1_164' title='bbox 3518 1763 3773 1818; x_wconf 84' lang='lat' dir='ltr'><strong>Christus</strong></span> <span class='ocrx_word' id='word_1_165' title='bbox 3812 1771 3893 1817; x_wconf 89' lang='lat' dir='ltr'><strong>est</strong></span> <span class='ocrx_word' id='word_1_166' title='bbox 3944 1772 3949 1775; x_wconf 77' lang='lat'><strong>&#39;</strong></span> 
     </span>
    </p>
   </div>
   <div class='ocr_carea' id='block_1_28' title="bbox 2320 1853 3891 1927">
    <p class='ocr_par' dir='ltr' id='par_1_28' title="bbox 2320 1853 3891 1927">
     <span class='ocr_line' id='line_1_28' title="bbox 2320 1853 3891 1927; baseline -0.006 -13"><span class='ocrx_word' id='word_1_167' title='bbox 2320 1874 2568 1927; x_wconf 87' lang='lat' dir='ltr'><strong>semper,</strong></span> <span class='ocrx_word' id='word_1_168' title='bbox 2608 1854 2771 1925; x_wconf 85' lang='lat' dir='ltr'><strong>atque</strong></span> <span class='ocrx_word' id='word_1_169' title='bbox 2814 1855 2954 1910; x_wconf 89' lang='lat' dir='ltr'><strong>idem</strong></span> <span class='ocrx_word' id='word_1_170' title='bbox 2990 1855 3113 1909; x_wconf 89' lang='lat' dir='ltr'><strong>erit.</strong></span> <span class='ocrx_word' id='word_1_171' title='bbox 3150 1854 3421 1916; x_wconf 84' lang='lat' dir='ltr'><strong>Custodes</strong></span> <span class='ocrx_word' id='word_1_172' title='bbox 3462 1867 3594 1921; x_wconf 80' lang='lat' dir='ltr'><strong>vero</strong></span> <span class='ocrx_word' id='word_1_173' title='bbox 3639 1853 3891 1907; x_wconf 83' lang='lat' dir='ltr'><strong>dixerunt</strong></span> 
     </span>
    </p>
   </div>
   <div class='ocr_carea' id='block_1_29' title="bbox 2317 1942 3884 2019">
    <p class='ocr_par' dir='ltr' id='par_1_29' title="bbox 2317 1942 3884 2019">
     <span class='ocr_line' id='line_1_29' title="bbox 2317 1942 3884 2019; baseline -0.006 -16"><span class='ocrx_word' id='word_1_174' title='bbox 2317 1950 2475 2003; x_wconf 89' lang='lat' dir='ltr'><strong>beato</strong></span> <span class='ocrx_word' id='word_1_175' title='bbox 2516 1947 2754 2002; x_wconf 83' lang='lat' dir='ltr'><strong>Maximo</strong></span> <span class='ocrx_word' id='word_1_176' title='bbox 2792 1946 3105 2016; x_wconf 85' lang='lat' dir='ltr'><strong>presbytero</strong></span> <span class='ocrx_word' id='word_1_177' title='bbox 3140 1964 3154 1999; x_wconf 74' lang='grc' dir='ltr'>ε</span> <span class='ocrx_word' id='word_1_178' title='bbox 3192 1944 3259 2019; x_wconf 72' lang='lat' dir='ltr'><strong>Et</strong></span> <span class='ocrx_word' id='word_1_179' title='bbox 3301 1945 3431 2014; x_wconf 89' lang='lat' dir='ltr'><strong>quid</strong></span> <span class='ocrx_word' id='word_1_180' title='bbox 3476 1942 3744 1998; x_wconf 76' lang='lat' dir='ltr'><strong>faciemus</strong></span> <span class='ocrx_word' id='word_1_181' title='bbox 3787 1957 3884 2011; x_wconf 90' lang='lat' dir='ltr'><strong>pro</strong></span> 
     </span>
    </p>
   </div>
   <div class='ocr_carea' id='block_1_30' title="bbox 2318 2035 3886 2108">
    <p class='ocr_par' dir='ltr' id='par_1_30' title="bbox 2318 2035 3886 2108">
     <span class='ocr_line' id='line_1_30' title="bbox 2318 2035 3886 2108; baseline -0.004 -15"><span class='ocrx_word' id='word_1_182' title='bbox 2318 2040 2458 2102; x_wconf 90' lang='lat' dir='ltr'><strong>isto,</strong></span> <span class='ocrx_word' id='word_1_183' title='bbox 2502 2053 2663 2108; x_wconf 83' lang='lat' dir='ltr'><strong>quem</strong></span> <span class='ocrx_word' id='word_1_184' title='bbox 2705 2046 2763 2090; x_wconf 88' lang='lat' dir='ltr'><strong>tu</strong></span> <span class='ocrx_word' id='word_1_185' title='bbox 2793 2036 3157 2106; x_wconf 83' lang='lat' dir='ltr'><strong>depraedicas,</strong></span> <span class='ocrx_word' id='word_1_186' title='bbox 3206 2050 3366 2104; x_wconf 89' lang='lat' dir='ltr'><strong>quem</strong></span> <span class='ocrx_word' id='word_1_187' title='bbox 3414 2035 3689 2105; x_wconf 5' lang='lat' dir='ltr'><strong>novimus,</strong></span> <span class='ocrx_word' id='word_1_188' title='bbox 3704 2048 3801 2103; x_wconf 88' lang='lat' dir='ltr'><strong>per</strong></span> <span class='ocrx_word' id='word_1_189' title='bbox 3826 2048 3886 2086; x_wconf 81' lang='lat' dir='ltr'><strong>ea</strong></span> 
     </span>
    </p>
   </div>
   <div class='ocr_carea' id='block_1_31' title="bbox 2317 2128 3882 2201">
    <p class='ocr_par' dir='ltr' id='par_1_31' title="bbox 2317 2128 3882 2201">
     <span class='ocr_line' id='line_1_31' title="bbox 2317 2128 3882 2201; baseline -0.005 -14"><span class='ocrx_word' id='word_1_190' title='bbox 2317 2148 2437 2201; x_wconf 71' lang='lat' dir='ltr'><strong>quze</strong></span> <span class='ocrx_word' id='word_1_191' title='bbox 2476 2147 2508 2186; x_wconf 88' lang='lat' dir='ltr'><strong>a</strong></span> <span class='ocrx_word' id='word_1_192' title='bbox 2554 2140 2607 2185; x_wconf 88' lang='lat' dir='ltr'><strong>te</strong></span> <span class='ocrx_word' id='word_1_193' title='bbox 2647 2130 2969 2199; x_wconf 22' lang='lat' dir='ltr'><strong>dicta‘sunt,</strong></span> <span class='ocrx_word' id='word_1_194' title='bbox 2999 2145 3062 2184; x_wconf 89' lang='lat' dir='ltr'><strong>ac</strong></span> <span class='ocrx_word' id='word_1_195' title='bbox 3090 2144 3187 2199; x_wconf 90' lang='lat' dir='ltr'><strong>per</strong></span> <span class='ocrx_word' id='word_1_196' title='bbox 3213 2129 3366 2198; x_wconf 89' lang='lat' dir='ltr'><strong>signa</strong></span> <span class='ocrx_word' id='word_1_197' title='bbox 3406 2128 3521 2198; x_wconf 89' lang='lat' dir='ltr'><strong>ipsa</strong></span> <span class='ocrx_word' id='word_1_198' title='bbox 3559 2128 3613 2181; x_wconf 88' lang='lat' dir='ltr'><strong>in</strong></span> <span class='ocrx_word' id='word_1_199' title='bbox 3639 2128 3759 2196; x_wconf 81' lang='lat' dir='ltr'><strong>ejus</strong></span> <span class='ocrx_word' id='word_1_200' title='bbox 3789 2141 3882 2179; x_wconf 77' lang='lat' dir='ltr'><strong>no—</strong></span> 
     </span>
    </p>
   </div>
   <div class='ocr_carea' id='block_1_32' title="bbox 2316 2218 3878 2291">
    <p class='ocr_par' dir='ltr' id='par_1_32' title="bbox 2316 2218 3878 2291">
     <span class='ocr_line' id='line_1_32' title="bbox 2316 2218 3878 2291; baseline -0.004 -15"><span class='ocrx_word' id='word_1_201' title='bbox 2316 2224 2462 2276; x_wconf 92' lang='lat' dir='ltr'><strong>mine</strong></span> <span class='ocrx_word' id='word_1_202' title='bbox 2488 2229 2719 2291; x_wconf 89' lang='lat' dir='ltr'><strong>patrata,</strong></span> <span class='ocrx_word' id='word_1_203' title='bbox 2756 2220 2973 2290; x_wconf 87' lang='lat' dir='ltr'><strong>quando</strong></span> <span class='ocrx_word' id='word_1_204' title='bbox 3008 2220 3180 2287; x_wconf 89' lang='lat' dir='ltr'><strong>ipsius</strong></span> <span class='ocrx_word' id='word_1_205' title='bbox 3208 2218 3470 2289; x_wconf 85' lang='lat' dir='ltr'><strong>potentia.</strong></span> <span class='ocrx_word' id='word_1_206' title='bbox 3505 2218 3725 2286; x_wconf 89' lang='lat' dir='ltr'><strong>tuisque</strong></span> <span class='ocrx_word' id='word_1_207' title='bbox 3758 2231 3878 2285; x_wconf 84' lang='lat' dir='ltr'><strong>pre-</strong></span> 
     </span>
    </p>
   </div>
   <div class='ocr_carea' id='block_1_33' title="bbox 2315 2307 3885 2381">
    <p class='ocr_par' dir='ltr' id='par_1_33' title="bbox 2315 2307 3885 2381">
     <span class='ocr_line' id='line_1_33' title="bbox 2315 2307 3885 2381; baseline -0.004 -13"><span class='ocrx_word' id='word_1_208' title='bbox 2315 2314 2469 2368; x_wconf 91' lang='lat' dir='ltr'><strong>cibus</strong></span> <span class='ocrx_word' id='word_1_209' title='bbox 2499 2313 2712 2367; x_wconf 91' lang='lat' dir='ltr'><strong>vincula</strong></span> <span class='ocrx_word' id='word_1_210' title='bbox 2753 2308 3199 2381; x_wconf 77' lang='lat' dir='ltr'><strong>disrumpuntur?</strong></span> <span class='ocrx_word' id='word_1_211' title='bbox 3236 2310 3430 2365; x_wconf 89' lang='lat' dir='ltr'><strong>Beatus</strong></span> <span class='ocrx_word' id='word_1_212' title='bbox 3464 2310 3744 2380; x_wconf 80' lang='lat' dir='ltr'><strong>presbyter</strong></span> <span class='ocrx_word' id='word_1_213' title='bbox 3779 2307 3885 2362; x_wconf 71' lang='lat' dir='ltr'><strong>Ma-</strong></span> 
     </span>
    </p>
   </div>
   <div class='ocr_carea' id='block_1_34' title="bbox 2315 2387 3883 2474">
    <p class='ocr_par' dir='ltr' id='par_1_34' title="bbox 2315 2387 3883 2474">
     <span class='ocr_line' id='line_1_34' title="bbox 2315 2387 3883 2474; baseline -0.006 -16"><span class='ocrx_word' id='word_1_214' title='bbox 2315 2405 2496 2461; x_wconf 81' lang='lat' dir='ltr'><strong>ximus</strong></span> <span class='ocrx_word' id='word_1_215' title='bbox 2526 2387 2803 2474; x_wconf 74' lang='lat' dir='ltr'><strong>respondit</strong></span> <span class='ocrx_word' id='word_1_216' title='bbox 2832 2421 2846 2456; x_wconf 88' lang='lat'><strong>:</strong></span> <span class='ocrx_word' id='word_1_217' title='bbox 2873 2402 3188 2473; x_wconf 72' lang='lat' dir='ltr'><strong>Baptizatur</strong></span> <span class='ocrx_word' id='word_1_218' title='bbox 3210 2402 3592 2471; x_wconf 86' lang='lat' dir='ltr'><strong>unusquisque</strong></span> <span class='ocrx_word' id='word_1_219' title='bbox 3620 2411 3883 2463; x_wconf 86' lang='lat' dir='ltr'><strong>vestrum,</strong></span> 
     </span>
    </p>
   </div>
   <div class='ocr_carea' id='block_1_35' title="bbox 2312 2488 3883 2551">
    <p class='ocr_par' dir='ltr' id='par_1_35' title="bbox 2312 2488 3883 2551">
     <span class='ocr_line' id='line_1_35' title="bbox 2312 2488 3883 2551; baseline -0.005 0"><span class='ocrx_word' id='word_1_220' title='bbox 2312 2504 2367 2551; x_wconf 90' lang='lat' dir='ltr'><strong>et</strong></span> <span class='ocrx_word' id='word_1_221' title='bbox 2412 2496 2599 2551; x_wconf 89' lang='lat' dir='ltr'><strong>credat</strong></span> <span class='ocrx_word' id='word_1_222' title='bbox 2649 2495 2703 2547; x_wconf 92' lang='lat' dir='ltr'><strong>in</strong></span> <span class='ocrx_word' id='word_1_223' title='bbox 2755 2493 3030 2548; x_wconf 89' lang='lat' dir='ltr'><strong>Christum</strong></span> <span class='ocrx_word' id='word_1_224' title='bbox 3090 2490 3285 2545; x_wconf 87' lang='lat' dir='ltr'><strong>Filium</strong></span> <span class='ocrx_word' id='word_1_225' title='bbox 3325 2491 3418 2545; x_wconf 90' lang='lat' dir='ltr'><strong>Dei</strong></span> <span class='ocrx_word' id='word_1_226' title='bbox 3460 2510 3474 2545; x_wconf 89' lang='lat'><strong>:</strong></span> <span class='ocrx_word' id='word_1_227' title='bbox 3516 2488 3624 2546; x_wconf 74' lang='lat' dir='ltr'><strong>sed</strong></span> <span class='ocrx_word' id='word_1_228' title='bbox 3654 2500 3708 2545; x_wconf 87' lang='lat' dir='ltr'><strong>et</strong></span> <span class='ocrx_word' id='word_1_229' title='bbox 3749 2504 3883 2543; x_wconf 85' lang='lat' dir='ltr'><strong>vana</strong></span> 
     </span>
    </p>
   </div>
   <div class='ocr_carea' id='block_1_36' title="bbox 2314 2568 3879 2653">
    <p class='ocr_par' dir='ltr' id='par_1_36' title="bbox 2314 2568 3879 2653">
     <span class='ocr_line' id='line_1_36' title="bbox 2314 2568 3879 2653; baseline -0.005 -13"><span class='ocrx_word' id='word_1_230' title='bbox 2314 2587 2455 2641; x_wconf 92' lang='lat' dir='ltr'><strong>idola</strong></span> <span class='ocrx_word' id='word_1_231' title='bbox 2486 2568 2827 2653; x_wconf 75' lang='lat' dir='ltr'><strong>derelinquat</strong></span> <span class='ocrx_word' id='word_1_232' title='bbox 2868 2592 2921 2638; x_wconf 90' lang='lat' dir='ltr'><strong>et</strong></span> <span class='ocrx_word' id='word_1_233' title='bbox 2955 2583 3252 2653; x_wconf 58' lang='lat' dir='ltr'><strong>paeniteat;</strong></span> <span class='ocrx_word' id='word_1_234' title='bbox 3296 2597 3362 2636; x_wconf 90' lang='lat' dir='ltr'><strong>eo</strong></span> <span class='ocrx_word' id='word_1_235' title='bbox 3393 2581 3536 2649; x_wconf 91' lang='lat' dir='ltr'><strong>quod</strong></span> <span class='ocrx_word' id='word_1_236' title='bbox 3572 2580 3879 2651; x_wconf 58' lang='lat' dir='ltr'><strong>ignorantes</strong></span> 
     </span>
    </p>
   </div>
   <div class='ocr_carea' id='block_1_37' title="bbox 642 2670 3878 2746">
    <p class='ocr_par' dir='ltr' id='par_1_37' title="bbox 642 2670 3878 2746">
     <span class='ocr_line' id='line_1_37' title="bbox 642 2670 3878 2746; baseline -0.002 -17"><span class='ocrx_word' id='word_1_237' title='bbox 642 2674 1023 2729; x_wconf 22' lang='lat' dir='ltr'><strong>Id‘mlnistrum</strong></span> <span class='ocrx_word' id='word_1_238' title='bbox 1058 2673 1247 2742; x_wconf 84' lang='lat' dir='ltr'><strong>rejecit</strong></span> <span class='ocrx_word' id='word_1_239' title='bbox 1276 2690 1290 2726; x_wconf 89' lang='lat'><strong>:</strong></span> <span class='ocrx_word' id='word_1_240' title='bbox 1323 2672 1432 2725; x_wconf 90' lang='lat' dir='ltr'><strong>imo</strong></span> <span class='ocrx_word' id='word_1_241' title='bbox 1469 2687 1596 2727; x_wconf 91' lang='lat' dir='ltr'><strong>vero</strong></span> <span class='ocrx_word' id='word_1_242' title='bbox 1642 2674 1707 2727; x_wconf 90' lang='lat' dir='ltr'><strong>ad</strong></span> <span class='ocrx_word' id='word_1_243' title='bbox 1751 2689 1939 2728; x_wconf 91' lang='lat' dir='ltr'><strong>eorum</strong></span> <span class='ocrx_word' id='word_1_244' title='bbox 1983 2674 2208 2731; x_wconf 84' lang='lat' dir='ltr'><strong>famula-</strong></span> <span class='ocrx_word' id='word_1_245' title='bbox 2241 2670 2284 2725; x_wconf 85' lang='grc' dir='ltr'><strong>Β</strong></span> <span class='ocrx_word' id='word_1_246' title='bbox 2314 2677 2730 2746; x_wconf 85' lang='lat' dir='ltr'><strong>blasphemastis</strong></span> <span class='ocrx_word' id='word_1_247' title='bbox 2774 2689 2975 2729; x_wconf 88' lang='lat' dir='ltr'><strong>nomen</strong></span> <span class='ocrx_word' id='word_1_248' title='bbox 3023 2673 3215 2742; x_wconf 87' lang='lat' dir='ltr'><strong>ipsius,</strong></span> <span class='ocrx_word' id='word_1_249' title='bbox 3255 2680 3625 2741; x_wconf 73' lang='lat' dir='ltr'><strong>przetereaque</strong></span> <span class='ocrx_word' id='word_1_250' title='bbox 3666 2680 3878 2724; x_wconf 84' lang='lat' dir='ltr'><strong>sanctos</strong></span> 
     </span>
    </p>
   </div>
   <div class='ocr_carea' id='block_1_38' title="bbox 646 2755 2211 2832">
    <p class='ocr_par' dir='ltr' id='par_1_38' title="bbox 646 2755 2211 2832">
     <span class='ocr_line' id='line_1_38' title="bbox 646 2755 2211 2832; baseline -0.001 -14"><span class='ocrx_word' id='word_1_251' title='bbox 646 2771 761 2818; x_wconf 90' lang='lat' dir='ltr'><strong>tum</strong></span> <span class='ocrx_word' id='word_1_252' title='bbox 784 2770 893 2818; x_wconf 85' lang='lat' dir='ltr'><strong>nos</strong></span> <span class='ocrx_word' id='word_1_253' title='bbox 914 2755 1151 2818; x_wconf 69' lang='grc' dir='ltr'><strong>’σηιηῇοη</strong></span> <span class='ocrx_word' id='word_1_254' title='bbox 1180 2761 1571 2830; x_wconf 75' lang='lat' dir='ltr'><strong>rempublicam</strong></span> <span class='ocrx_word' id='word_1_255' title='bbox 1612 2761 1905 2832; x_wconf 85' lang='lat' dir='ltr'><strong>dirigentes</strong></span> <span class='ocrx_word' id='word_1_256' title='bbox 1926 2802 1941 2826; x_wconf 86' lang='lat'><strong>,</strong></span> <span class='ocrx_word' id='word_1_257' title='bbox 1985 2762 2211 2817; x_wconf 83' lang='lat' dir='ltr'><strong>feliciter</strong></span> 
     </span>
    </p>
   </div>
   <div class='ocr_carea' id='block_1_39' title="bbox 628 2850 2212 2925">
    <p class='ocr_par' dir='ltr' id='par_1_39' title="bbox 628 2850 2212 2925">
     <span class='ocr_line' id='line_1_39' title="bbox 628 2850 2212 2925; baseline 0 -16"><span class='ocrx_word' id='word_1_258' title='bbox 628 2850 1037 2925; x_wconf 46' lang='lat' dir='ltr'><strong>.gubernamusl</strong></span> <span class='ocrx_word' id='word_1_259' title='bbox 1073 2852 1209 2907; x_wconf 88' lang='lat' dir='ltr'><strong>Tum</strong></span> <span class='ocrx_word' id='word_1_260' title='bbox 1234 2855 1564 2912; x_wconf 88' lang='lat' dir='ltr'><strong>Censorinus</strong></span> <span class='ocrx_word' id='word_1_261' title='bbox 1591 2853 1869 2923; x_wconf 89' lang='lat' dir='ltr'><strong>respondit</strong></span> <span class='ocrx_word' id='word_1_262' title='bbox 1905 2873 1917 2907; x_wconf 93' lang='lat'>:</span> <span class='ocrx_word' id='word_1_263' title='bbox 1967 2854 2079 2924; x_wconf 86' lang='lat' dir='ltr'><strong>Ego</strong></span> <span class='ocrx_word' id='word_1_264' title='bbox 2134 2866 2212 2909; x_wconf 85' lang='lat' dir='ltr'><strong>te-</strong></span> 
     </span>
    </p>
   </div>
   <div class='ocr_carea' id='block_1_40' title="bbox 648 2941 2208 3023">
    <p class='ocr_par' dir='ltr' id='par_1_40' title="bbox 648 2941 2208 3023">
     <span class='ocr_line' id='line_1_40' title="bbox 648 2941 2208 3023; baseline -0.002 -22"><span class='ocrx_word' id='word_1_265' title='bbox 648 2944 961 3001; x_wconf 84' lang='lat' dir='ltr'><strong>stimonium</strong></span> <span class='ocrx_word' id='word_1_266' title='bbox 1012 2943 1303 3023; x_wconf 81' lang='lat' dir='ltr'><strong>dicam‘de</strong></span> <span class='ocrx_word' id='word_1_267' title='bbox 1351 2944 1578 3023; x_wconf 86' lang='lat' dir='ltr'><strong>Domino</strong></span> <span class='ocrx_word' id='word_1_268' title='bbox 1630 2958 1749 2997; x_wconf 91' lang='lat' dir='ltr'><strong>meo</strong></span> <span class='ocrx_word' id='word_1_269' title='bbox 1789 2941 1915 2998; x_wconf 87' lang='lat' dir='ltr'><strong>Jesu</strong></span> <span class='ocrx_word' id='word_1_270' title='bbox 1952 2945 2208 3011; x_wconf 86' lang='lat' dir='ltr'><strong>Christo;</strong></span> 
     </span>
    </p>
   </div>
   <div class='ocr_carea' id='block_1_41' title="bbox 645 3020 2214 3105">
    <p class='ocr_par' dir='ltr' id='par_1_41' title="bbox 645 3020 2214 3105">
     <span class='ocr_line' id='line_1_41' title="bbox 645 3020 2214 3105; baseline -0.001 -15"><span class='ocrx_word' id='word_1_271' title='bbox 645 3034 901 3105; x_wconf 80' lang='lat' dir='ltr'><strong>quoniam</strong></span> <span class='ocrx_word' id='word_1_272' title='bbox 926 3020 1053 3102; x_wconf 79' lang='lat' dir='ltr'><strong>ipse</strong></span> <span class='ocrx_word' id='word_1_273' title='bbox 1096 3042 1176 3087; x_wconf 89' lang='lat' dir='ltr'><strong>est</strong></span> <span class='ocrx_word' id='word_1_274' title='bbox 1216 3040 1380 3087; x_wconf 76' lang='lat' dir='ltr'><strong>verus</strong></span> <span class='ocrx_word' id='word_1_275' title='bbox 1425 3020 1599 3096; x_wconf 87' lang='lat' dir='ltr'><strong>Deus,</strong></span> <span class='ocrx_word' id='word_1_276' title='bbox 1650 3032 1743 3102; x_wconf 89' lang='lat' dir='ltr'><strong>qui</strong></span> <span class='ocrx_word' id='word_1_277' title='bbox 1781 3032 2112 3099; x_wconf 84' lang='lat' dir='ltr'><strong>crucifixus,</strong></span> <span class='ocrx_word' id='word_1_278' title='bbox 2159 3044 2214 3088; x_wconf 90' lang='lat' dir='ltr'><strong>et</strong></span> 
     </span>
    </p>
   </div>
   <div class='ocr_carea' id='block_1_42' title="bbox 646 3121 2210 3193">
    <p class='ocr_par' dir='ltr' id='par_1_42' title="bbox 646 3121 2210 3193">
     <span class='ocr_line' id='line_1_42' title="bbox 646 3121 2210 3193; baseline 0 -16"><span class='ocrx_word' id='word_1_279' title='bbox 646 3124 888 3193; x_wconf 84' lang='lat' dir='ltr'><strong>sepultus</strong></span> <span class='ocrx_word' id='word_1_280' title='bbox 918 3122 1037 3185; x_wconf 84' lang='lat' dir='ltr'><strong>fuit,</strong></span> <span class='ocrx_word' id='word_1_281' title='bbox 1067 3132 1121 3176; x_wconf 88' lang='lat' dir='ltr'><strong>et</strong></span> <span class='ocrx_word' id='word_1_282' title='bbox 1154 3121 1448 3177; x_wconf 78' lang='lat' dir='ltr'><strong>resurrexit</strong></span> <span class='ocrx_word' id='word_1_283' title='bbox 1478 3123 1632 3175; x_wconf 90' lang='lat' dir='ltr'><strong>tertia</strong></span> <span class='ocrx_word' id='word_1_284' title='bbox 1658 3122 1762 3185; x_wconf 90' lang='lat' dir='ltr'><strong>die,</strong></span> <span class='ocrx_word' id='word_1_285' title='bbox 1794 3124 2210 3193; x_wconf 86' lang='lat' dir='ltr'><strong>advigilantibus</strong></span> 
     </span>
    </p>
   </div>
   <div class='ocr_carea' id='block_1_43' title="bbox 643 3211 2273 3286">
    <p class='ocr_par' dir='ltr' id='par_1_43' title="bbox 643 3211 2273 3286">
     <span class='ocr_line' id='line_1_43' title="bbox 643 3211 2273 3286; baseline -0.003 -15"><span class='ocrx_word' id='word_1_286' title='bbox 643 3217 738 3286; x_wconf 85' lang='lat' dir='ltr'><strong>qui</strong></span> <span class='ocrx_word' id='word_1_287' title='bbox 759 3230 884 3270; x_wconf 85' lang='lat' dir='ltr'><strong>eum</strong></span> <span class='ocrx_word' id='word_1_288' title='bbox 915 3215 1063 3268; x_wconf 84' lang='lat' dir='ltr'><strong>cruci</strong></span> <span class='ocrx_word' id='word_1_289' title='bbox 1086 3213 1411 3267; x_wconf 76' lang='lat' dir='ltr'><strong>sutlixerant.</strong></span> <span class='ocrx_word' id='word_1_290' title='bbox 1440 3211 1487 3266; x_wconf 86' lang='lat' dir='ltr'><strong>ls</strong></span> <span class='ocrx_word' id='word_1_291' title='bbox 1514 3223 1863 3284; x_wconf 87' lang='lat' dir='ltr'><strong>posteaquam</strong></span> <span class='ocrx_word' id='word_1_292' title='bbox 1894 3216 2208 3280; x_wconf 79' lang='lat' dir='ltr'><strong>resurrexit,</strong></span> <span class='ocrx_word' id='word_1_293' title='bbox 2262 3212 2273 3215; x_wconf 62' lang='grc'><strong><em>⁷</em></strong></span> 
     </span>
    </p>
   </div>
   <div class='ocr_carea' id='block_1_44' title="bbox 634 3304 2210 3376">
    <p class='ocr_par' dir='ltr' id='par_1_44' title="bbox 634 3304 2210 3376">
     <span class='ocr_line' id='line_1_44' title="bbox 634 3304 2210 3376; baseline -0.003 -11"><span class='ocrx_word' id='word_1_294' title='bbox 634 3308 762 3365; x_wconf 60' lang='grc' dir='ltr'><strong>θυῖε</strong></span> <span class='ocrx_word' id='word_1_295' title='bbox 804 3307 1053 3376; x_wconf 82' lang='lat' dir='ltr'><strong>apparuit</strong></span> <span class='ocrx_word' id='word_1_296' title='bbox 1099 3304 1299 3359; x_wconf 87' lang='lat' dir='ltr'><strong>sanctis</strong></span> <span class='ocrx_word' id='word_1_297' title='bbox 1346 3304 1645 3372; x_wconf 88' lang='lat' dir='ltr'><strong>discipulis.</strong></span> <span class='ocrx_word' id='word_1_298' title='bbox 1698 3305 1873 3375; x_wconf 86' lang='lat' dir='ltr'><strong>iisque</strong></span> <span class='ocrx_word' id='word_1_299' title='bbox 1901 3307 2210 3375; x_wconf 83' lang='lat' dir='ltr'><strong>videntibus</strong></span> 
     </span>
    </p>
   </div>
   <div class='ocr_carea' id='block_1_45' title="bbox 647 3392 2210 3467">
    <p class='ocr_par' dir='ltr' id='par_1_45' title="bbox 647 3392 2210 3467">
     <span class='ocr_line' id='line_1_45' title="bbox 647 3392 2210 3467; baseline 0.001 -18"><span class='ocrx_word' id='word_1_300' title='bbox 647 3396 890 3451; x_wconf 87' lang='lat' dir='ltr'><strong>ascendit</strong></span> <span class='ocrx_word' id='word_1_301' title='bbox 921 3395 985 3449; x_wconf 91' lang='lat' dir='ltr'><strong>ad</strong></span> <span class='ocrx_word' id='word_1_302' title='bbox 1018 3394 1203 3448; x_wconf 81' lang='lat' dir='ltr'><strong>caelos.</strong></span> <span class='ocrx_word' id='word_1_303' title='bbox 1240 3392 1336 3446; x_wconf 86' lang='lat' dir='ltr'><strong>llic</strong></span> <span class='ocrx_word' id='word_1_304' title='bbox 1365 3394 1565 3446; x_wconf 84' lang='lat' dir='ltr'><strong>nostris</strong></span> <span class='ocrx_word' id='word_1_305' title='bbox 1599 3396 1928 3463; x_wconf 88' lang='lat' dir='ltr'><strong>temporibus</strong></span> <span class='ocrx_word' id='word_1_306' title='bbox 1959 3398 2210 3467; x_wconf 83' lang='lat' dir='ltr'><strong>dignatus</strong></span> 
     </span>
    </p>
   </div>
   <div class='ocr_carea' id='block_1_46' title="bbox 646 3482 2209 3554">
    <p class='ocr_par' dir='ltr' id='par_1_46' title="bbox 646 3482 2209 3554">
     <span class='ocr_line' id='line_1_46' title="bbox 646 3482 2209 3554; baseline 0 -15"><span class='ocrx_word' id='word_1_307' title='bbox 646 3498 728 3540; x_wconf 89' lang='lat' dir='ltr'><strong>est</strong></span> <span class='ocrx_word' id='word_1_308' title='bbox 748 3486 997 3540; x_wconf 87' lang='lat' dir='ltr'><strong>advenire</strong></span> <span class='ocrx_word' id='word_1_309' title='bbox 1026 3500 1053 3535; x_wconf 88' lang='lat' dir='ltr'><strong>a</strong></span> <span class='ocrx_word' id='word_1_310' title='bbox 1078 3482 1234 3535; x_wconf 71' lang='lat' dir='ltr'><strong>l’atrc</strong></span> <span class='ocrx_word' id='word_1_311' title='bbox 1259 3496 1380 3543; x_wconf 87' lang='lat' dir='ltr'><strong>suo,</strong></span> <span class='ocrx_word' id='word_1_312' title='bbox 1406 3491 1459 3534; x_wconf 92' lang='lat' dir='ltr'><strong>et</strong></span> <span class='ocrx_word' id='word_1_313' title='bbox 1482 3482 1629 3534; x_wconf 83' lang='lat' dir='ltr'><strong>nasci</strong></span> <span class='ocrx_word' id='word_1_314' title='bbox 1661 3496 1691 3534; x_wconf 89' lang='lat' dir='ltr'><strong>e</strong></span> <span class='ocrx_word' id='word_1_315' title='bbox 1720 3493 1905 3535; x_wconf 86' lang='lat' dir='ltr'><strong>ventre</strong></span> <span class='ocrx_word' id='word_1_316' title='bbox 1934 3483 2166 3554; x_wconf 81' lang='lat' dir='ltr'><strong>Virginis</strong></span> <span class='ocrx_word' id='word_1_317' title='bbox 2194 3504 2209 3539; x_wconf 89' lang='lat'><strong>:</strong></span> 
     </span>
    </p>
   </div>
   <div class='ocr_carea' id='block_1_47' title="bbox 650 3570 2208 3643">
    <p class='ocr_par' dir='ltr' id='par_1_47' title="bbox 650 3570 2208 3643">
     <span class='ocr_line' id='line_1_47' title="bbox 650 3570 2208 3643; baseline 0.001 -16"><span class='ocrx_word' id='word_1_318' title='bbox 650 3588 726 3627; x_wconf 65' lang='lat' dir='ltr'><strong>ac</strong></span> <span class='ocrx_word' id='word_1_319' title='bbox 742 3574 857 3643; x_wconf 85' lang='lat' dir='ltr'><strong>ipse</strong></span> <span class='ocrx_word' id='word_1_320' title='bbox 887 3572 1104 3642; x_wconf 86' lang='lat' dir='ltr'><strong>quidem</strong></span> <span class='ocrx_word' id='word_1_321' title='bbox 1134 3570 1412 3624; x_wconf 83' lang='lat' dir='ltr'><strong>descendit</strong></span> <span class='ocrx_word' id='word_1_322' title='bbox 1441 3571 1491 3622; x_wconf 94' lang='lat' dir='ltr'><strong>in</strong></span> <span class='ocrx_word' id='word_1_323' title='bbox 1524 3580 1719 3623; x_wconf 91' lang='lat' dir='ltr'><strong>terram</strong></span> <span class='ocrx_word' id='word_1_324' title='bbox 1749 3571 2023 3626; x_wconf 89' lang='lat' dir='ltr'><strong>hominum</strong></span> <span class='ocrx_word' id='word_1_325' title='bbox 2056 3589 2208 3629; x_wconf 84' lang='lat' dir='ltr'><strong>amo-</strong></span> 
     </span>
    </p>
   </div>
   <div class='ocr_carea' id='block_1_48' title="bbox 649 3660 2211 3732">
    <p class='ocr_par' dir='ltr' id='par_1_48' title="bbox 649 3660 2211 3732">
     <span class='ocr_line' id='line_1_48' title="bbox 649 3660 2211 3732; baseline 0 -14"><span class='ocrx_word' id='word_1_326' title='bbox 649 3664 1066 3729; x_wconf 30' lang='lat' dir='ltr'><strong>refotnlosnon</strong></span> <span class='ocrx_word' id='word_1_327' title='bbox 1089 3661 1483 3732; x_wconf 88' lang='lat' dir='ltr'><strong>derelinquens.</strong></span> <span class='ocrx_word' id='word_1_328' title='bbox 1516 3663 1594 3715; x_wconf 83' lang='lat' dir='ltr'><strong>Ad</strong></span> <span class='ocrx_word' id='word_1_329' title='bbox 1623 3660 1738 3715; x_wconf 60' lang='lat' dir='ltr'><strong>haec</strong></span> <span class='ocrx_word' id='word_1_330' title='bbox 1768 3663 1934 3717; x_wconf 86' lang='lat' dir='ltr'><strong>iratus</strong></span> <span class='ocrx_word' id='word_1_331' title='bbox 1954 3663 2211 3719; x_wconf 88' lang='lat' dir='ltr'><strong>Claudius</strong></span> 
     </span>
    </p>
   </div>
   <div class='ocr_carea' id='block_1_49' title="bbox 650 3750 2212 3823">
    <p class='ocr_par' dir='ltr' id='par_1_49' title="bbox 650 3750 2212 3823">
     <span class='ocr_line' id='line_1_49' title="bbox 650 3750 2212 3823; baseline 0 -14"><span class='ocrx_word' id='word_1_332' title='bbox 650 3754 787 3811; x_wconf 76' lang='lat' dir='ltr'><strong>dixit</strong></span> <span class='ocrx_word' id='word_1_333' title='bbox 818 3774 831 3809; x_wconf 89' lang='lat'><strong>:</strong></span> <span class='ocrx_word' id='word_1_334' title='bbox 864 3752 1094 3813; x_wconf 82' lang='lat' dir='ltr'><strong>Insanis,</strong></span> <span class='ocrx_word' id='word_1_335' title='bbox 1120 3750 1417 3806; x_wconf 88' lang='lat' dir='ltr'><strong>Censorine</strong></span> <span class='ocrx_word' id='word_1_336' title='bbox 1450 3772 1461 3806; x_wconf 90' lang='lat'><strong>:</strong></span> <span class='ocrx_word' id='word_1_337' title='bbox 1496 3764 1547 3807; x_wconf 90' lang='lat' dir='ltr'><strong>et</strong></span> <span class='ocrx_word' id='word_1_338' title='bbox 1576 3751 1860 3808; x_wconf 83' lang='lat' dir='ltr'><strong>confestim</strong></span> <span class='ocrx_word' id='word_1_339' title='bbox 1884 3753 2073 3808; x_wconf 90' lang='lat' dir='ltr'><strong>abduci</strong></span> <span class='ocrx_word' id='word_1_340' title='bbox 2095 3756 2212 3823; x_wconf 89' lang='lat' dir='ltr'><strong>jus-</strong></span> 
     </span>
    </p>
   </div>
   <div class='ocr_carea' id='block_1_50' title="bbox 650 3836 2211 3917">
    <p class='ocr_par' dir='ltr' id='par_1_50' title="bbox 650 3836 2211 3917">
     <span class='ocr_line' id='line_1_50' title="bbox 650 3836 2211 3917; baseline -0.001 -15"><span class='ocrx_word' id='word_1_341' title='bbox 650 3846 727 3902; x_wconf 73' lang='lat' dir='ltr'><strong>sit</strong></span> <span class='ocrx_word' id='word_1_342' title='bbox 765 3862 859 3917; x_wconf 80' lang='lat' dir='ltr'><strong>per</strong></span> <span class='ocrx_word' id='word_1_343' title='bbox 891 3845 1089 3899; x_wconf 67' lang='lat' dir='ltr'><strong>milites</strong></span> <span class='ocrx_word' id='word_1_344' title='bbox 1131 3843 1199 3897; x_wconf 88' lang='lat' dir='ltr'><strong>ad</strong></span> <span class='ocrx_word' id='word_1_345' title='bbox 1244 3836 1545 3898; x_wconf 77' lang='lat' dir='ltr'><strong>Ostiensem</strong></span> <span class='ocrx_word' id='word_1_346' title='bbox 1589 3846 1893 3908; x_wconf 86' lang='lat' dir='ltr'><strong>civitatem,</strong></span> <span class='ocrx_word' id='word_1_347' title='bbox 1941 3846 2121 3915; x_wconf 87' lang='lat' dir='ltr'><strong>ibique</strong></span> <span class='ocrx_word' id='word_1_348' title='bbox 2160 3847 2211 3901; x_wconf 94' lang='lat' dir='ltr'><strong>in</strong></span> 
     </span>
    </p>
   </div>
   <div class='ocr_carea' id='block_1_51' title="bbox 649 3936 2209 4001">
    <p class='ocr_par' dir='ltr' id='par_1_51' title="bbox 649 3936 2209 4001">
     <span class='ocr_line' id='line_1_51' title="bbox 649 3936 2209 4001; baseline -0.003 -5"><span class='ocrx_word' id='word_1_349' title='bbox 649 3938 896 3996; x_wconf 69' lang='lat' dir='ltr'><strong>Custodia</strong></span> <span class='ocrx_word' id='word_1_350' title='bbox 950 3937 1200 3993; x_wconf 83' lang='lat' dir='ltr'><strong>detineri.</strong></span> <span class='ocrx_word' id='word_1_351' title='bbox 1248 3936 1323 3990; x_wconf 87' lang='lat' dir='ltr'><strong>Eo</strong></span> <span class='ocrx_word' id='word_1_352' title='bbox 1367 3952 1489 3990; x_wconf 91' lang='lat' dir='ltr'><strong>cum</strong></span> <span class='ocrx_word' id='word_1_353' title='bbox 1534 3946 1676 3990; x_wconf 86' lang='lat' dir='ltr'><strong>esset</strong></span> <span class='ocrx_word' id='word_1_354' title='bbox 1722 3938 2029 4001; x_wconf 82' lang='lat' dir='ltr'><strong>abductus,</strong></span> <span class='ocrx_word' id='word_1_355' title='bbox 2067 3938 2209 3992; x_wconf 89' lang='lat' dir='ltr'><strong>haud</strong></span> 
     </span>
    </p>
   </div>
   <div class='ocr_carea' id='block_1_52' title="bbox 653 4028 2215 4103">
    <p class='ocr_par' dir='ltr' id='par_1_52' title="bbox 653 4028 2215 4103">
     <span class='ocr_line' id='line_1_52' title="bbox 653 4028 2215 4103; baseline -0.004 -15"><span class='ocrx_word' id='word_1_356' title='bbox 653 4032 843 4103; x_wconf 83' lang='lat' dir='ltr'><strong>procul</strong></span> <span class='ocrx_word' id='word_1_357' title='bbox 868 4032 935 4085; x_wconf 90' lang='lat' dir='ltr'><strong>ab</strong></span> <span class='ocrx_word' id='word_1_358' title='bbox 964 4032 1096 4083; x_wconf 84' lang='lat' dir='ltr'><strong>urbe</strong></span> <span class='ocrx_word' id='word_1_359' title='bbox 1128 4030 1321 4089; x_wconf 79' lang='lat' dir='ltr'><strong>Roma,</strong></span> <span class='ocrx_word' id='word_1_360' title='bbox 1357 4029 1448 4082; x_wconf 91' lang='lat' dir='ltr'><strong>sed</strong></span> <span class='ocrx_word' id='word_1_361' title='bbox 1480 4028 1729 4096; x_wconf 86' lang='lat' dir='ltr'><strong>passibus</strong></span> <span class='ocrx_word' id='word_1_362' title='bbox 1757 4029 1925 4083; x_wconf 92' lang='lat' dir='ltr'><strong>ferme</strong></span> <span class='ocrx_word' id='word_1_363' title='bbox 1956 4045 2038 4082; x_wconf 81' lang='lat' dir='ltr'><strong>xv.</strong></span> <span class='ocrx_word' id='word_1_364' title='bbox 2058 4030 2215 4082; x_wconf 85' lang='lat' dir='ltr'><strong>milli-</strong></span> 
     </span>
    </p>
   </div>
   <div class='ocr_carea' id='block_1_53' title="bbox 654 4117 2211 4180">
    <p class='ocr_par' dir='ltr' id='par_1_53' title="bbox 654 4117 2211 4180">
     <span class='ocr_line' id='line_1_53' title="bbox 654 4117 2211 4180; baseline -0.001 -4"><span class='ocrx_word' id='word_1_365' title='bbox 654 4124 794 4180; x_wconf 79' lang='lat' dir='ltr'><strong>bus.</strong></span> <span class='ocrx_word' id='word_1_366' title='bbox 849 4134 1066 4176; x_wconf 88' lang='lat' dir='ltr'><strong>carcere</strong></span> <span class='ocrx_word' id='word_1_367' title='bbox 1112 4129 1165 4173; x_wconf 91' lang='lat' dir='ltr'><strong>et</strong></span> <span class='ocrx_word' id='word_1_368' title='bbox 1200 4119 1435 4173; x_wconf 92' lang='lat' dir='ltr'><strong>vinculis</strong></span> <span class='ocrx_word' id='word_1_369' title='bbox 1485 4118 1812 4173; x_wconf 90' lang='lat' dir='ltr'><strong>constrictus</strong></span> <span class='ocrx_word' id='word_1_370' title='bbox 1856 4118 2043 4173; x_wconf 89' lang='lat' dir='ltr'><strong>laudes</strong></span> <span class='ocrx_word' id='word_1_371' title='bbox 2103 4117 2211 4174; x_wconf 89' lang='lat' dir='ltr'><strong>Deo</strong></span> 
     </span>
    </p>
   </div>
   <div class='ocr_carea' id='block_1_54' title="bbox 657 4210 1439 4279">
    <p class='ocr_par' dir='ltr' id='par_1_54' title="bbox 657 4210 1439 4279">
     <span class='ocr_line' id='line_1_54' title="bbox 657 4210 1439 4279; baseline -0.005 -11"><span class='ocrx_word' id='word_1_372' title='bbox 657 4212 1007 4268; x_wconf 82' lang='lat' dir='ltr'><strong>submittebat</strong></span> <span class='ocrx_word' id='word_1_373' title='bbox 1034 4210 1121 4263; x_wconf 92' lang='lat' dir='ltr'><strong>die</strong></span> <span class='ocrx_word' id='word_1_374' title='bbox 1150 4223 1439 4279; x_wconf 88' lang='lat' dir='ltr'><strong>noctuque.</strong></span> 
     </span>
    </p>
   </div>
   <div class='ocr_carea' id='block_1_55' title="bbox 730 4298 2214 4369">
    <p class='ocr_par' dir='ltr' id='par_1_55' title="bbox 730 4298 2214 4369">
     <span class='ocr_line' id='line_1_55' title="bbox 730 4298 2214 4369; baseline -0.003 -13"><span class='ocrx_word' id='word_1_375' title='bbox 730 4302 793 4357; x_wconf 91' lang='lat' dir='ltr'><strong>ll.</strong></span> <span class='ocrx_word' id='word_1_376' title='bbox 832 4302 888 4356; x_wconf 82' lang='lat' dir='ltr'><strong>In</strong></span> <span class='ocrx_word' id='word_1_377' title='bbox 916 4301 1101 4355; x_wconf 88' lang='lat' dir='ltr'><strong>eodem</strong></span> <span class='ocrx_word' id='word_1_378' title='bbox 1144 4300 1264 4353; x_wconf 90' lang='lat' dir='ltr'><strong>loco</strong></span> <span class='ocrx_word' id='word_1_379' title='bbox 1297 4315 1460 4368; x_wconf 86' lang='lat' dir='ltr'><strong>prepe</strong></span> <span class='ocrx_word' id='word_1_380' title='bbox 1490 4301 1659 4369; x_wconf 89' lang='lat' dir='ltr'><strong>ipsam</strong></span> <span class='ocrx_word' id='word_1_381' title='bbox 1693 4298 1993 4354; x_wconf 90' lang='lat' dir='ltr'><strong>Ostiensem</strong></span> <span class='ocrx_word' id='word_1_382' title='bbox 2025 4301 2214 4354; x_wconf 87' lang='lat' dir='ltr'><strong>civita-</strong></span> 
     </span>
    </p>
   </div>
   <div class='ocr_carea' id='block_1_56' title="bbox 660 4390 2215 4463">
    <p class='ocr_par' dir='ltr' id='par_1_56' title="bbox 660 4390 2215 4463">
     <span class='ocr_line' id='line_1_56' title="bbox 660 4390 2215 4463; baseline -0.001 -16"><span class='ocrx_word' id='word_1_383' title='bbox 660 4401 790 4455; x_wconf 81' lang='lat' dir='ltr'><strong>tem,</strong></span> <span class='ocrx_word' id='word_1_384' title='bbox 828 4394 1074 4463; x_wconf 82' lang='lat' dir='ltr'><strong>princeps</strong></span> <span class='ocrx_word' id='word_1_385' title='bbox 1101 4390 1342 4460; x_wconf 71' lang='lat' dir='ltr'><strong>quredam</strong></span> <span class='ocrx_word' id='word_1_386' title='bbox 1385 4390 1511 4443; x_wconf 84' lang='lat' dir='ltr'><strong>hera</strong></span> <span class='ocrx_word' id='word_1_387' title='bbox 1548 4391 1935 4456; x_wconf 88' lang='lat' dir='ltr'><strong>diversabatur,</strong></span> <span class='ocrx_word' id='word_1_388' title='bbox 1984 4394 2215 4460; x_wconf 86' lang='lat' dir='ltr'><strong>impera-</strong></span> 
     </span>
    </p>
   </div>
   <div class='ocr_carea' id='block_1_57' title="bbox 662 4478 2211 4551">
    <p class='ocr_par' dir='ltr' id='par_1_57' title="bbox 662 4478 2211 4551">
     <span class='ocr_line' id='line_1_57' title="bbox 662 4478 2211 4551; baseline -0.004 -14"><span class='ocrx_word' id='word_1_389' title='bbox 662 4484 801 4537; x_wconf 81' lang='lat' dir='ltr'><strong>torio</strong></span> <span class='ocrx_word' id='word_1_390' title='bbox 831 4497 1042 4551; x_wconf 75' lang='lat' dir='ltr'><strong>genere,</strong></span> <span class='ocrx_word' id='word_1_391' title='bbox 1074 4480 1292 4532; x_wconf 88' lang='lat' dir='ltr'><strong>nomine</strong></span> <span class='ocrx_word' id='word_1_392' title='bbox 1321 4478 1558 4546; x_wconf 76' lang='lat' dir='ltr'><strong>Chryse.</strong></span> <span class='ocrx_word' id='word_1_393' title='bbox 1596 4494 1715 4547; x_wconf 72' lang='lat' dir='ltr'><strong>qua:</strong></span> <span class='ocrx_word' id='word_1_394' title='bbox 1749 4480 1929 4546; x_wconf 79' lang='lat' dir='ltr'><strong>plures</strong></span> <span class='ocrx_word' id='word_1_395' title='bbox 1962 4496 2211 4547; x_wconf 84' lang='lat' dir='ltr'><strong>perpessa</strong></span> 
     </span>
    </p>
   </div>
   <div class='ocr_carea' id='block_1_58' title="bbox 664 4567 2217 4640">
    <p class='ocr_par' dir='ltr' id='par_1_58' title="bbox 664 4567 2217 4640">
     <span class='ocr_line' id='line_1_58' title="bbox 664 4567 2217 4640; baseline 0 -19"><span class='ocrx_word' id='word_1_396' title='bbox 664 4573 1099 4640; x_wconf 84' lang='lat' dir='ltr'><strong>persecutiones,</strong></span> <span class='ocrx_word' id='word_1_397' title='bbox 1147 4577 1200 4621; x_wconf 85' lang='lat' dir='ltr'><strong>et</strong></span> <span class='ocrx_word' id='word_1_398' title='bbox 1242 4567 1630 4625; x_wconf 84' lang='lat' dir='ltr'><strong>condemnata,</strong></span> <span class='ocrx_word' id='word_1_399' title='bbox 1682 4583 1805 4619; x_wconf 87' lang='lat' dir='ltr'><strong>cum</strong></span> <span class='ocrx_word' id='word_1_400' title='bbox 1842 4568 1943 4631; x_wconf 86' lang='lat' dir='ltr'><strong>piis</strong></span> <span class='ocrx_word' id='word_1_401' title='bbox 1991 4570 2119 4621; x_wconf 79' lang='lat' dir='ltr'><strong>viris</strong></span> <span class='ocrx_word' id='word_1_402' title='bbox 2164 4584 2217 4621; x_wconf 90' lang='lat' dir='ltr'><strong>et</strong></span> 
     </span>
    </p>
   </div>
   <div class='ocr_carea' id='block_1_59' title="bbox 666 4652 2213 4725">
    <p class='ocr_par' dir='ltr' id='par_1_59' title="bbox 666 4652 2213 4725">
     <span class='ocr_line' id='line_1_59' title="bbox 666 4652 2213 4725; baseline -0.001 -15"><span class='ocrx_word' id='word_1_403' title='bbox 666 4661 961 4725; x_wconf 72' lang='lat' dir='ltr'><strong>virginibus</strong></span> <span class='ocrx_word' id='word_1_404' title='bbox 1006 4659 1057 4711; x_wconf 89' lang='lat' dir='ltr'><strong>in</strong></span> <span class='ocrx_word' id='word_1_405' title='bbox 1110 4672 1211 4709; x_wconf 78' lang='lat' dir='ltr'><strong>suo</strong></span> <span class='ocrx_word' id='word_1_406' title='bbox 1241 4654 1441 4720; x_wconf 63' lang='lat' dir='ltr'><strong>praedio</strong></span> <span class='ocrx_word' id='word_1_407' title='bbox 1470 4652 1571 4701; x_wconf 79' lang='lat' dir='ltr'><strong>sibi</strong></span> <span class='ocrx_word' id='word_1_408' title='bbox 1596 4653 1694 4715; x_wconf 82' lang='lat' dir='ltr'><strong>ipsi</strong></span> <span class='ocrx_word' id='word_1_409' title='bbox 1726 4654 1963 4705; x_wconf 74' lang='lat' dir='ltr'><strong>vacabat.</strong></span> <span class='ocrx_word' id='word_1_410' title='bbox 2010 4652 2129 4709; x_wconf 72' lang='lat' dir='ltr'><strong>llaec</strong></span> <span class='ocrx_word' id='word_1_411' title='bbox 2157 4656 2213 4709; x_wconf 82' lang='lat' dir='ltr'><strong>S.</strong></span> 
     </span>
    </p>
   </div>
   <div class='ocr_carea' id='block_1_60' title="bbox 664 4738 2212 4810">
    <p class='ocr_par' dir='ltr' id='par_1_60' title="bbox 664 4738 2212 4810">
     <span class='ocr_line' id='line_1_60' title="bbox 664 4738 2212 4810; baseline -0.001 -13"><span class='ocrx_word' id='word_1_412' title='bbox 664 4746 962 4797; x_wconf 77' lang='lat' dir='ltr'><strong>Censorino</strong></span> <span class='ocrx_word' id='word_1_413' title='bbox 988 4760 1016 4795; x_wconf 89' lang='lat' dir='ltr'><strong>e</strong></span> <span class='ocrx_word' id='word_1_414' title='bbox 1044 4743 1205 4795; x_wconf 89' lang='lat' dir='ltr'><strong>domo</strong></span> <span class='ocrx_word' id='word_1_415' title='bbox 1232 4756 1327 4793; x_wconf 81' lang='lat' dir='ltr'><strong>sua</strong></span> <span class='ocrx_word' id='word_1_416' title='bbox 1360 4738 1598 4805; x_wconf 88' lang='lat' dir='ltr'><strong>quotidie</strong></span> <span class='ocrx_word' id='word_1_417' title='bbox 1626 4741 1819 4791; x_wconf 81' lang='lat' dir='ltr'><strong>victum</strong></span> <span class='ocrx_word' id='word_1_418' title='bbox 1848 4741 2168 4810; x_wconf 81' lang='lat' dir='ltr'><strong>largiebatur</strong></span> <span class='ocrx_word' id='word_1_419' title='bbox 2200 4762 2212 4796; x_wconf 89' lang='lat'>:</span> 
     </span>
    </p>
   </div>
   <div class='ocr_carea' id='block_1_61' title="bbox 671 4828 2217 4899">
    <p class='ocr_par' dir='ltr' id='par_1_61' title="bbox 671 4828 2217 4899">
     <span class='ocr_line' id='line_1_61' title="bbox 671 4828 2217 4899; baseline -0.001 -15"><span class='ocrx_word' id='word_1_420' title='bbox 671 4835 947 4899; x_wconf 72' lang='lat' dir='ltr'><strong>ipsiusque</strong></span> <span class='ocrx_word' id='word_1_421' title='bbox 974 4830 1185 4882; x_wconf 82' lang='lat' dir='ltr'><strong>vincula</strong></span> <span class='ocrx_word' id='word_1_422' title='bbox 1213 4830 1445 4897; x_wconf 78' lang='lat' dir='ltr'><strong>propriis</strong></span> <span class='ocrx_word' id='word_1_423' title='bbox 1476 4828 1722 4880; x_wconf 84' lang='lat' dir='ltr'><strong>manibus</strong></span> <span class='ocrx_word' id='word_1_424' title='bbox 1748 4828 1987 4893; x_wconf 85' lang='lat' dir='ltr'><strong>abluens,</strong></span> <span class='ocrx_word' id='word_1_425' title='bbox 2033 4832 2217 4885; x_wconf 79' lang='lat' dir='ltr'><strong>oeulos</strong></span> 
     </span>
    </p>
   </div>
   <div class='ocr_carea' id='block_1_62' title="bbox 672 4918 2218 4988">
    <p class='ocr_par' dir='ltr' id='par_1_62' title="bbox 672 4918 2218 4988">
     <span class='ocr_line' id='line_1_62' title="bbox 672 4918 2218 4988; baseline 0.001 -17"><span class='ocrx_word' id='word_1_426' title='bbox 672 4931 727 4972; x_wconf 89' lang='lat' dir='ltr'><strong>et</strong></span> <span class='ocrx_word' id='word_1_427' title='bbox 758 4919 947 4971; x_wconf 84' lang='lat' dir='ltr'><strong>faciem</strong></span> <span class='ocrx_word' id='word_1_428' title='bbox 999 4921 1253 4988; x_wconf 81' lang='lat' dir='ltr'><strong>tergebat.</strong></span> <span class='ocrx_word' id='word_1_429' title='bbox 1296 4918 1461 4972; x_wconf 75' lang='lat' dir='ltr'><strong>Erant</strong></span> <span class='ocrx_word' id='word_1_430' title='bbox 1506 4918 1559 4970; x_wconf 91' lang='lat' dir='ltr'><strong>in</strong></span> <span class='ocrx_word' id='word_1_431' title='bbox 1595 4919 1779 4970; x_wconf 88' lang='lat' dir='ltr'><strong>eodem</strong></span> <span class='ocrx_word' id='word_1_432' title='bbox 1811 4919 1926 4973; x_wconf 92' lang='lat' dir='ltr'><strong>loco</strong></span> <span class='ocrx_word' id='word_1_433' title='bbox 1952 4921 2218 4974; x_wconf 76' lang='lat' dir='ltr'><strong>Maximus</strong></span> 
     </span>
    </p>
   </div>
   <div class='ocr_carea' id='block_1_63' title="bbox 679 5008 2218 5078">
    <p class='ocr_par' dir='ltr' id='par_1_63' title="bbox 679 5008 2218 5078">
     <span class='ocr_line' id='line_1_63' title="bbox 679 5008 2218 5078; baseline 0.002 -19"><span class='ocrx_word' id='word_1_434' title='bbox 679 5008 958 5076; x_wconf 83' lang='lat' dir='ltr'><strong>presbyter</strong></span> <span class='ocrx_word' id='word_1_435' title='bbox 988 5011 1378 5072; x_wconf 87' lang='lat' dir='ltr'><strong>sanctissimus,</strong></span> <span class='ocrx_word' id='word_1_436' title='bbox 1419 5020 1470 5062; x_wconf 89' lang='lat' dir='ltr'><strong>et</strong></span> <span class='ocrx_word' id='word_1_437' title='bbox 1498 5008 1797 5061; x_wconf 80' lang='lat' dir='ltr'><strong>Archelaus</strong></span> <span class='ocrx_word' id='word_1_438' title='bbox 1823 5009 2099 5072; x_wconf 89' lang='lat' dir='ltr'><strong>diaconus,</strong></span> <span class='ocrx_word' id='word_1_439' title='bbox 2129 5011 2218 5078; x_wconf 91' lang='lat' dir='ltr'><strong>qui</strong></span> 
     </span>
    </p>
   </div>
   <div class='ocr_carea' id='block_1_64' title="bbox 681 5097 2223 5167">
    <p class='ocr_par' dir='ltr' id='par_1_64' title="bbox 681 5097 2223 5167">
     <span class='ocr_line' id='line_1_64' title="bbox 681 5097 2223 5167; baseline 0.001 -18"><span class='ocrx_word' id='word_1_440' title='bbox 681 5099 907 5165; x_wconf 83' lang='lat' dir='ltr'><strong>singulis</strong></span> <span class='ocrx_word' id='word_1_441' title='bbox 948 5097 1133 5151; x_wconf 81' lang='lat' dir='ltr'><strong>diebus</strong></span> <span class='ocrx_word' id='word_1_442' title='bbox 1169 5100 1277 5152; x_wconf 82' lang='lat' dir='ltr'><strong>Deo</strong></span> <span class='ocrx_word' id='word_1_443' title='bbox 1311 5100 1569 5154; x_wconf 84' lang='lat' dir='ltr'><strong>sacrificia</strong></span> <span class='ocrx_word' id='word_1_444' title='bbox 1596 5098 1887 5153; x_wconf 76' lang='lat' dir='ltr'><strong>oﬂ&#39;erebant</strong></span> <span class='ocrx_word' id='word_1_445' title='bbox 1918 5114 2037 5151; x_wconf 88' lang='lat' dir='ltr'><strong>cum</strong></span> <span class='ocrx_word' id='word_1_446' title='bbox 2070 5101 2223 5167; x_wconf 84' lang='lat' dir='ltr'><strong>hym-</strong></span> 
     </span>
    </p>
   </div>
   <div class='ocr_carea' id='block_1_65' title="bbox 684 5188 2223 5259">
    <p class='ocr_par' dir='ltr' id='par_1_65' title="bbox 684 5188 2223 5259">
     <span class='ocr_line' id='line_1_65' title="bbox 684 5188 2223 5259; baseline 0.001 -20"><span class='ocrx_word' id='word_1_447' title='bbox 684 5188 766 5239; x_wconf 84' lang='lat' dir='ltr'><strong>nis</strong></span> <span class='ocrx_word' id='word_1_448' title='bbox 799 5198 849 5241; x_wconf 91' lang='lat' dir='ltr'><strong>et</strong></span> <span class='ocrx_word' id='word_1_449' title='bbox 882 5188 1147 5243; x_wconf 82' lang='lat' dir='ltr'><strong>laudibus.</strong></span> <span class='ocrx_word' id='word_1_450' title='bbox 1204 5192 1280 5245; x_wconf 83' lang='lat' dir='ltr'><strong>Ac</strong></span> <span class='ocrx_word' id='word_1_451' title='bbox 1328 5191 1669 5244; x_wconf 75' lang='lat' dir='ltr'><strong>beatissimus</strong></span> <span class='ocrx_word' id='word_1_452' title='bbox 1698 5191 1914 5259; x_wconf 81' lang='lat' dir='ltr'><strong>quidem</strong></span> <span class='ocrx_word' id='word_1_453' title='bbox 1946 5189 2223 5259; x_wconf 78' lang='lat' dir='ltr'><strong>presbyter</strong></span> 
     </span>
    </p>
   </div>
   <div class='ocr_carea' id='block_1_66' title="bbox 2312 2760 3881 2831">
    <p class='ocr_par' dir='ltr' id='par_1_66' title="bbox 2312 2760 3881 2831">
     <span class='ocr_line' id='line_1_66' title="bbox 2312 2760 3881 2831; baseline -0.006 -9"><span class='ocrx_word' id='word_1_454' title='bbox 2312 2768 2606 2822; x_wconf 84' lang='lat' dir='ltr'><strong>alﬂixistis.</strong></span> <span class='ocrx_word' id='word_1_455' title='bbox 2644 2765 2797 2821; x_wconf 90' lang='lat' dir='ltr'><strong>Tunc</strong></span> <span class='ocrx_word' id='word_1_456' title='bbox 2829 2780 2936 2819; x_wconf 85' lang='lat' dir='ltr'><strong>una</strong></span> <span class='ocrx_word' id='word_1_457' title='bbox 2974 2773 3152 2818; x_wconf 91' lang='lat' dir='ltr'><strong>mente</strong></span> <span class='ocrx_word' id='word_1_458' title='bbox 3179 2778 3370 2818; x_wconf 85' lang='lat' dir='ltr'><strong>omnes</strong></span> <span class='ocrx_word' id='word_1_459' title='bbox 3394 2803 3411 2826; x_wconf 87' lang='lat'><strong>,</strong></span> <span class='ocrx_word' id='word_1_460' title='bbox 3463 2776 3658 2831; x_wconf 90' lang='lat' dir='ltr'><strong>nempe</strong></span> <span class='ocrx_word' id='word_1_461' title='bbox 3702 2760 3881 2819; x_wconf 67' lang='lat' dir='ltr'><strong>Felix.</strong></span> 
     </span>
    </p>
   </div>
   <div class='ocr_carea' id='block_1_67' title="bbox 2314 2850 3883 2923">
    <p class='ocr_par' dir='ltr' id='par_1_67' title="bbox 2314 2850 3883 2923">
     <span class='ocr_line' id='line_1_67' title="bbox 2314 2850 3883 2923; baseline -0.005 -11"><span class='ocrx_word' id='word_1_462' title='bbox 2314 2860 2601 2923; x_wconf 76' lang='lat' dir='ltr'><strong>Maximus,</strong></span> <span class='ocrx_word' id='word_1_463' title='bbox 2633 2857 2949 2919; x_wconf 86' lang='lat' dir='ltr'><strong>Faustinus,</strong></span> <span class='ocrx_word' id='word_1_464' title='bbox 2992 2853 3369 2917; x_wconf 76' lang='lat' dir='ltr'><strong>Herculianus,</strong></span> <span class='ocrx_word' id='word_1_465' title='bbox 3399 2850 3715 2916; x_wconf 87' lang='lat' dir='ltr'><strong>Numerius,</strong></span> <span class='ocrx_word' id='word_1_466' title='bbox 3764 2850 3883 2905; x_wconf 89' lang='lat' dir='ltr'><strong>Sto-</strong></span> 
     </span>
    </p>
   </div>
   <div class='ocr_carea' id='block_1_68' title="bbox 2312 2941 3881 3013">
    <p class='ocr_par' dir='ltr' id='par_1_68' title="bbox 2312 2941 3881 3013">
     <span class='ocr_line' id='line_1_68' title="bbox 2312 2941 3881 3013; baseline -0.006 -8"><span class='ocrx_word' id='word_1_467' title='bbox 2312 2952 2533 3005; x_wconf 90' lang='lat' dir='ltr'><strong>racinus</strong></span> <span class='ocrx_word' id='word_1_468' title='bbox 2554 2990 2567 3013; x_wconf 91' lang='lat'><strong>,</strong></span> <span class='ocrx_word' id='word_1_469' title='bbox 2613 2948 2797 3002; x_wconf 85' lang='lat' dir='ltr'><strong>Menas</strong></span> <span class='ocrx_word' id='word_1_470' title='bbox 2818 2989 2831 3011; x_wconf 90' lang='lat'><strong>,</strong></span> <span class='ocrx_word' id='word_1_471' title='bbox 2881 2946 3264 3008; x_wconf 90' lang='lat' dir='ltr'><strong>Commodius,</strong></span> <span class='ocrx_word' id='word_1_472' title='bbox 3316 2941 3574 3007; x_wconf 83' lang='lat' dir='ltr'><strong>Hermes,</strong></span> <span class='ocrx_word' id='word_1_473' title='bbox 3624 2942 3881 3003; x_wconf 83' lang='lat' dir='ltr'><strong>Maurus,</strong></span> 
     </span>
    </p>
   </div>
   <div class='ocr_carea' id='block_1_69' title="bbox 2315 3022 3881 3102">
    <p class='ocr_par' dir='ltr' id='par_1_69' title="bbox 2315 3022 3881 3102">
     <span class='ocr_line' id='line_1_69' title="bbox 2315 3022 3881 3102; baseline -0.003 -10"><span class='ocrx_word' id='word_1_474' title='bbox 2315 3040 2601 3101; x_wconf 88' lang='lat' dir='ltr'><strong>Eusebius,</strong></span> <span class='ocrx_word' id='word_1_475' title='bbox 2638 3022 2935 3101; x_wconf 74' lang='lat' dir='ltr'><strong>Rustic-ius,</strong></span> <span class='ocrx_word' id='word_1_476' title='bbox 2960 3034 3294 3099; x_wconf 83' lang='lat' dir='ltr'><strong>Monacrius,</strong></span> <span class='ocrx_word' id='word_1_477' title='bbox 3320 3034 3683 3098; x_wconf 84' lang='lat' dir='ltr'><strong>Amandinus,</strong></span> <span class='ocrx_word' id='word_1_478' title='bbox 3704 3032 3881 3102; x_wconf 75' lang='lat' dir='ltr'><strong>Olym-</strong></span> 
     </span>
    </p>
   </div>
   <div class='ocr_carea' id='block_1_70' title="bbox 2313 3122 3880 3201">
    <p class='ocr_par' dir='ltr' id='par_1_70' title="bbox 2313 3122 3880 3201">
     <span class='ocr_line' id='line_1_70' title="bbox 2313 3122 3880 3201; baseline -0.006 -15"><span class='ocrx_word' id='word_1_479' title='bbox 2313 3133 2436 3201; x_wconf 85' lang='lat' dir='ltr'><strong>pius</strong></span> <span class='ocrx_word' id='word_1_480' title='bbox 2461 3170 2474 3194; x_wconf 92' lang='lat'><strong>,</strong></span> <span class='ocrx_word' id='word_1_481' title='bbox 2510 3131 2772 3201; x_wconf 76' lang='lat' dir='ltr'><strong>Cyprius,</strong></span> <span class='ocrx_word' id='word_1_482' title='bbox 2810 3144 2932 3183; x_wconf 92' lang='lat' dir='ltr'><strong>cum</strong></span> <span class='ocrx_word' id='word_1_483' title='bbox 2970 3126 3259 3180; x_wconf 87' lang='lat' dir='ltr'><strong>Theodoro</strong></span> <span class='ocrx_word' id='word_1_484' title='bbox 3302 3122 3557 3189; x_wconf 87' lang='lat' dir='ltr'><strong>tribuno,</strong></span> <span class='ocrx_word' id='word_1_485' title='bbox 3610 3124 3679 3179; x_wconf 88' lang='lat' dir='ltr'><strong>ad</strong></span> <span class='ocrx_word' id='word_1_486' title='bbox 3725 3126 3880 3194; x_wconf 78' lang='lat' dir='ltr'><strong>pedes</strong></span> 
     </span>
    </p>
   </div>
   <div class='ocr_carea' id='block_1_71' title="bbox 2316 3215 3878 3288">
    <p class='ocr_par' dir='ltr' id='par_1_71' title="bbox 2316 3215 3878 3288">
     <span class='ocr_line' id='line_1_71' title="bbox 2316 3215 3878 3288; baseline -0.005 -13"><span class='ocrx_word' id='word_1_487' title='bbox 2316 3222 2612 3275; x_wconf 88' lang='lat' dir='ltr'><strong>beatissimi</strong></span> <span class='ocrx_word' id='word_1_488' title='bbox 2656 3217 2951 3288; x_wconf 86' lang='lat' dir='ltr'><strong>presbyteri</strong></span> <span class='ocrx_word' id='word_1_489' title='bbox 3002 3215 3219 3269; x_wconf 81' lang='lat' dir='ltr'><strong>Maximi</strong></span> <span class='ocrx_word' id='word_1_490' title='bbox 3247 3216 3408 3270; x_wconf 92' lang='lat' dir='ltr'><strong>simul</strong></span> <span class='ocrx_word' id='word_1_491' title='bbox 3446 3230 3504 3269; x_wconf 91' lang='lat' dir='ltr'><strong>se</strong></span> <span class='ocrx_word' id='word_1_492' title='bbox 3548 3215 3878 3284; x_wconf 71' lang='lat' dir='ltr'><strong>abiecerunt,</strong></span> 
     </span>
    </p>
   </div>
   <div class='ocr_carea' id='block_1_72' title="bbox 2312 3305 3877 3381">
    <p class='ocr_par' dir='ltr' id='par_1_72' title="bbox 2312 3305 3877 3381">
     <span class='ocr_line' id='line_1_72' title="bbox 2312 3305 3877 3381; baseline -0.004 -16"><span class='ocrx_word' id='word_1_493' title='bbox 2312 3312 2669 3381; x_wconf 87' lang='lat' dir='ltr'><strong>postulantes,</strong></span> <span class='ocrx_word' id='word_1_494' title='bbox 2721 3309 2798 3361; x_wconf 93' lang='lat' dir='ltr'><strong>uti</strong></span> <span class='ocrx_word' id='word_1_495' title='bbox 2826 3314 3014 3360; x_wconf 87' lang='lat' dir='ltr'><strong>sancto</strong></span> <span class='ocrx_word' id='word_1_496' title='bbox 3042 3306 3362 3374; x_wconf 87' lang='lat' dir='ltr'><strong>baptismate</strong></span> <span class='ocrx_word' id='word_1_497' title='bbox 3399 3305 3593 3373; x_wconf 78' lang='lat' dir='ltr'><strong>dignos</strong></span> <span class='ocrx_word' id='word_1_498' title='bbox 3621 3316 3877 3360; x_wconf 83' lang='lat' dir='ltr'><strong>censeret.</strong></span> 
     </span>
    </p>
   </div>
   <div class='ocr_carea' id='block_1_73' title="bbox 2314 3393 3880 3466">
    <p class='ocr_par' dir='ltr' id='par_1_73' title="bbox 2314 3393 3880 3466">
     <span class='ocr_line' id='line_1_73' title="bbox 2314 3393 3880 3466; baseline -0.005 -13"><span class='ocrx_word' id='word_1_499' title='bbox 2314 3400 2405 3454; x_wconf 88' lang='lat' dir='ltr'><strong>Ille</strong></span> <span class='ocrx_word' id='word_1_500' title='bbox 2433 3400 2500 3453; x_wconf 90' lang='lat' dir='ltr'><strong>ad</strong></span> <span class='ocrx_word' id='word_1_501' title='bbox 2530 3400 2664 3462; x_wconf 71' lang='lat' dir='ltr'><strong>htec,</strong></span> <span class='ocrx_word' id='word_1_502' title='bbox 2692 3412 2790 3466; x_wconf 91' lang='lat' dir='ltr'><strong>pro</strong></span> <span class='ocrx_word' id='word_1_503' title='bbox 2825 3404 3082 3451; x_wconf 91' lang='lat' dir='ltr'><strong>consueto</strong></span> <span class='ocrx_word' id='word_1_504' title='bbox 3104 3395 3210 3447; x_wconf 86' lang='lat' dir='ltr'><strong>ritu</strong></span> <span class='ocrx_word' id='word_1_505' title='bbox 3239 3410 3361 3449; x_wconf 92' lang='lat' dir='ltr'><strong>cum</strong></span> <span class='ocrx_word' id='word_1_506' title='bbox 3392 3397 3681 3448; x_wconf 90' lang='lat' dir='ltr'><strong>universos</strong></span> <span class='ocrx_word' id='word_1_507' title='bbox 3713 3393 3880 3461; x_wconf 74' lang='lat' dir='ltr'><strong>perfe-</strong></span> 
     </span>
    </p>
   </div>
   <div class='ocr_carea' id='block_1_74' title="bbox 2302 3483 3878 3553">
    <p class='ocr_par' dir='ltr' id='par_1_74' title="bbox 2302 3483 3878 3553">
     <span class='ocr_line' id='line_1_74' title="bbox 2302 3483 3878 3553; baseline -0.006 -10"><span class='ocrx_word' id='word_1_508' title='bbox 2302 3491 2497 3551; x_wconf 85' lang='lat' dir='ltr'><strong>cisset,</strong></span> <span class='ocrx_word' id='word_1_509' title='bbox 2527 3486 2769 3540; x_wconf 86' lang='lat' dir='ltr'><strong>vestibus</strong></span> <span class='ocrx_word' id='word_1_510' title='bbox 2821 3499 2850 3537; x_wconf 91' lang='lat' dir='ltr'><strong>a</strong></span> <span class='ocrx_word' id='word_1_511' title='bbox 2902 3484 3056 3536; x_wconf 91' lang='lat' dir='ltr'><strong>beata</strong></span> <span class='ocrx_word' id='word_1_512' title='bbox 3089 3484 3295 3553; x_wconf 87' lang='lat' dir='ltr'><strong>Chryse</strong></span> <span class='ocrx_word' id='word_1_513' title='bbox 3340 3483 3640 3549; x_wconf 89' lang='lat' dir='ltr'><strong>adornatis,</strong></span> <span class='ocrx_word' id='word_1_514' title='bbox 3669 3484 3878 3537; x_wconf 84' lang='lat' dir='ltr'><strong>eadem-</strong></span> 
     </span>
    </p>
   </div>
   <div class='ocr_carea' id='block_1_75' title="bbox 2312 3575 3877 3651">
    <p class='ocr_par' dir='ltr' id='par_1_75' title="bbox 2312 3575 3877 3651">
     <span class='ocr_line' id='line_1_75' title="bbox 2312 3575 3877 3651; baseline -0.004 -17"><span class='ocrx_word' id='word_1_515' title='bbox 2312 3596 2417 3651; x_wconf 89' lang='lat' dir='ltr'><strong>que</strong></span> <span class='ocrx_word' id='word_1_516' title='bbox 2470 3578 2671 3633; x_wconf 89' lang='lat' dir='ltr'><strong>cibaria</strong></span> <span class='ocrx_word' id='word_1_517' title='bbox 2706 3575 2773 3629; x_wconf 90' lang='lat' dir='ltr'><strong>ad</strong></span> <span class='ocrx_word' id='word_1_518' title='bbox 2803 3575 3002 3628; x_wconf 83' lang='lat' dir='ltr'><strong>victum</strong></span> <span class='ocrx_word' id='word_1_519' title='bbox 3052 3575 3533 3640; x_wconf 88' lang='lat' dir='ltr'><strong>subministrante;</strong></span> <span class='ocrx_word' id='word_1_520' title='bbox 3590 3575 3877 3643; x_wconf 73' lang='lat' dir='ltr'><strong>baptizavit</strong></span> 
     </span>
    </p>
   </div>
   <div class='ocr_carea' id='block_1_76' title="bbox 2312 3663 3875 3734">
    <p class='ocr_par' dir='ltr' id='par_1_76' title="bbox 2312 3663 3875 3734">
     <span class='ocr_line' id='line_1_76' title="bbox 2312 3663 3875 3734; baseline -0.004 -10"><span class='ocrx_word' id='word_1_521' title='bbox 2312 3686 2499 3725; x_wconf 87' lang='lat' dir='ltr'><strong>omnes</strong></span> <span class='ocrx_word' id='word_1_522' title='bbox 2530 3670 2582 3723; x_wconf 93' lang='lat' dir='ltr'><strong>iu</strong></span> <span class='ocrx_word' id='word_1_523' title='bbox 2617 3667 2832 3721; x_wconf 91' lang='lat' dir='ltr'><strong>nomine</strong></span> <span class='ocrx_word' id='word_1_524' title='bbox 2858 3664 3057 3731; x_wconf 90' lang='lat' dir='ltr'><strong>Patris,</strong></span> <span class='ocrx_word' id='word_1_525' title='bbox 3086 3672 3139 3719; x_wconf 90' lang='lat' dir='ltr'><strong>et</strong></span> <span class='ocrx_word' id='word_1_526' title='bbox 3159 3663 3301 3729; x_wconf 87' lang='lat' dir='ltr'><strong>Filii,</strong></span> <span class='ocrx_word' id='word_1_527' title='bbox 3323 3674 3375 3718; x_wconf 86' lang='lat' dir='ltr'><strong>et</strong></span> <span class='ocrx_word' id='word_1_528' title='bbox 3405 3664 3875 3734; x_wconf 79' lang='lat' dir='ltr'><strong>Spiritussanoti:</strong></span> 
     </span>
    </p>
   </div>
   <div class='ocr_carea' id='block_1_77' title="bbox 2314 3754 3869 3826">
    <p class='ocr_par' dir='ltr' id='par_1_77' title="bbox 2314 3754 3869 3826">
     <span class='ocr_line' id='line_1_77' title="bbox 2314 3754 3869 3826; baseline -0.005 -12"><span class='ocrx_word' id='word_1_529' title='bbox 2314 3760 2601 3814; x_wconf 87' lang='lat' dir='ltr'><strong>illuminati</strong></span> <span class='ocrx_word' id='word_1_530' title='bbox 2630 3758 2865 3826; x_wconf 92' lang='lat' dir='ltr'><strong>denique</strong></span> <span class='ocrx_word' id='word_1_531' title='bbox 2892 3771 3075 3811; x_wconf 89' lang='lat' dir='ltr'><strong>secum</strong></span> <span class='ocrx_word' id='word_1_532' title='bbox 3108 3755 3406 3809; x_wconf 89' lang='lat' dir='ltr'><strong>retulerunt</strong></span> <span class='ocrx_word' id='word_1_533' title='bbox 3437 3756 3666 3825; x_wconf 84' lang='lat' dir='ltr'><strong>gratiam</strong></span> <span class='ocrx_word' id='word_1_534' title='bbox 3699 3754 3869 3808; x_wconf 87' lang='lat' dir='ltr'><strong>omni-</strong></span> 
     </span>
    </p>
   </div>
   <div class='ocr_carea' id='block_1_78' title="bbox 2314 3845 3876 3921">
    <p class='ocr_par' dir='ltr' id='par_1_78' title="bbox 2314 3845 3876 3921">
     <span class='ocr_line' id='line_1_78' title="bbox 2314 3845 3876 3921; baseline -0.004 -17"><span class='ocrx_word' id='word_1_535' title='bbox 2314 3851 2549 3921; x_wconf 89' lang='lat' dir='ltr'><strong>potentis</strong></span> <span class='ocrx_word' id='word_1_536' title='bbox 2583 3848 2698 3905; x_wconf 90' lang='lat' dir='ltr'><strong>Dei.</strong></span> <span class='ocrx_word' id='word_1_537' title='bbox 2742 3847 3052 3921; x_wconf 77' lang='lat' dir='ltr'><strong>Adveniens</strong></span> <span class='ocrx_word' id='word_1_538' title='bbox 3093 3854 3272 3899; x_wconf 89' lang='lat' dir='ltr'><strong>autem</strong></span> <span class='ocrx_word' id='word_1_539' title='bbox 3318 3855 3483 3899; x_wconf 91' lang='lat' dir='ltr'><strong>noctu</strong></span> <span class='ocrx_word' id='word_1_540' title='bbox 3532 3845 3876 3899; x_wconf 86' lang='lat' dir='ltr'><strong>beatissimus</strong></span> 
     </span>
    </p>
   </div>
   <div class='ocr_carea' id='block_1_79' title="bbox 2277 3936 3880 4013">
    <p class='ocr_par' dir='ltr' id='par_1_79' title="bbox 2277 3936 3880 4013">
     <span class='ocr_line' id='line_1_79' title="bbox 2277 3936 3880 4013; baseline -0.009 -16"><span class='ocrx_word' id='word_1_541' title='bbox 2277 3943 2574 4013; x_wconf 74' lang='lat' dir='ltr'><strong>,‘Cyriacus</strong></span> <span class='ocrx_word' id='word_1_542' title='bbox 2600 3942 2887 4009; x_wconf 89' lang='lat' dir='ltr'><strong>episcopus</strong></span> <span class='ocrx_word' id='word_1_543' title='bbox 2912 3980 2928 4005; x_wconf 95' lang='lat'><strong>,</strong></span> <span class='ocrx_word' id='word_1_544' title='bbox 2986 3939 3136 4007; x_wconf 87' lang='lat' dir='ltr'><strong>ipsos</strong></span> <span class='ocrx_word' id='word_1_545' title='bbox 3171 3952 3474 4007; x_wconf 75' lang='lat' dir='ltr'><strong>pertingens</strong></span> <span class='ocrx_word' id='word_1_546' title='bbox 3506 3937 3713 3991; x_wconf 86' lang='lat' dir='ltr'><strong>Christi</strong></span> <span class='ocrx_word' id='word_1_547' title='bbox 3750 3936 3880 3989; x_wconf 80' lang='lat' dir='ltr'><strong>chu-</strong></span> 
     </span>
    </p>
   </div>
   <div class='ocr_carea' id='block_1_80' title="bbox 2318 4027 3876 4102">
    <p class='ocr_par' dir='ltr' id='par_1_80' title="bbox 2318 4027 3876 4102">
     <span class='ocr_line' id='line_1_80' title="bbox 2318 4027 3876 4102; baseline -0.004 -16"><span class='ocrx_word' id='word_1_548' title='bbox 2318 4042 2487 4086; x_wconf 86' lang='lat' dir='ltr'><strong>smate</strong></span> <span class='ocrx_word' id='word_1_549' title='bbox 2522 4032 2782 4102; x_wconf 89' lang='lat' dir='ltr'><strong>signavit,</strong></span> <span class='ocrx_word' id='word_1_550' title='bbox 2817 4029 3178 4098; x_wconf 83' lang='lat' dir='ltr'><strong>erudiensque</strong></span> <span class='ocrx_word' id='word_1_551' title='bbox 3210 4030 3262 4083; x_wconf 92' lang='lat' dir='ltr'><strong>in</strong></span> <span class='ocrx_word' id='word_1_552' title='bbox 3290 4029 3534 4082; x_wconf 90' lang='lat' dir='ltr'><strong>doctrina</strong></span> <span class='ocrx_word' id='word_1_553' title='bbox 3565 4027 3706 4092; x_wconf 85' lang='lat' dir='ltr'><strong>ﬁdei,</strong></span> <span class='ocrx_word' id='word_1_554' title='bbox 3740 4035 3876 4097; x_wconf 81' lang='lat' dir='ltr'><strong>post-</strong></span> 
     </span>
    </p>
   </div>
   <div class='ocr_carea' id='block_1_81' title="bbox 2318 4119 3481 4191">
    <p class='ocr_par' dir='ltr' id='par_1_81' title="bbox 2318 4119 3481 4191">
     <span class='ocr_line' id='line_1_81' title="bbox 2318 4119 3481 4191; baseline -0.002 -16"><span class='ocrx_word' id='word_1_555' title='bbox 2318 4138 2481 4191; x_wconf 91' lang='lat' dir='ltr'><strong>quam</strong></span> <span class='ocrx_word' id='word_1_556' title='bbox 2516 4122 2705 4185; x_wconf 90' lang='lat' dir='ltr'><strong>abluit,</strong></span> <span class='ocrx_word' id='word_1_557' title='bbox 2736 4120 3247 4188; x_wconf 74' lang='lat' dir='ltr'><strong>consignavitsigno</strong></span> <span class='ocrx_word' id='word_1_558' title='bbox 3282 4119 3481 4173; x_wconf 88' lang='lat' dir='ltr'><strong>crucis.</strong></span> 
     </span>
    </p>
   </div>
   <div class='ocr_carea' id='block_1_82' title="bbox 2387 4210 3872 4279">
    <p class='ocr_par' dir='ltr' id='par_1_82' title="bbox 2387 4210 3872 4279">
     <span class='ocr_line' id='line_1_82' title="bbox 2387 4210 3872 4279; baseline -0.001 -15"><span class='ocrx_word' id='word_1_559' title='bbox 2387 4212 2473 4267; x_wconf 90' lang='grc'><strong>111.</strong></span> <span class='ocrx_word' id='word_1_560' title='bbox 2514 4212 2721 4265; x_wconf 88' lang='lat' dir='ltr'><strong>lnlerea</strong></span> <span class='ocrx_word' id='word_1_561' title='bbox 2760 4213 2961 4265; x_wconf 86' lang='lat' dir='ltr'><strong>sutoris</strong></span> <span class='ocrx_word' id='word_1_562' title='bbox 2991 4210 3294 4278; x_wconf 86' lang='lat' dir='ltr'><strong>cujusdam,</strong></span> <span class='ocrx_word' id='word_1_563' title='bbox 3333 4210 3423 4279; x_wconf 90' lang='lat' dir='ltr'><strong>qui</strong></span> <span class='ocrx_word' id='word_1_564' title='bbox 3453 4211 3641 4264; x_wconf 88' lang='lat' dir='ltr'><strong>eodem</strong></span> <span class='ocrx_word' id='word_1_565' title='bbox 3672 4210 3726 4263; x_wconf 90' lang='lat' dir='ltr'><strong>in</strong></span> <span class='ocrx_word' id='word_1_566' title='bbox 3765 4210 3872 4263; x_wconf 77' lang='lat' dir='ltr'><strong>loco</strong></span> 
     </span>
    </p>
   </div>
   <div class='ocr_carea' id='block_1_83' title="bbox 2318 4301 3872 4367">
    <p class='ocr_par' dir='ltr' id='par_1_83' title="bbox 2318 4301 3872 4367">
     <span class='ocr_line' id='line_1_83' title="bbox 2318 4301 3872 4367; baseline -0.003 -11"><span class='ocrx_word' id='word_1_567' title='bbox 2318 4305 2669 4367; x_wconf 75' lang='lat' dir='ltr'><strong>morabatur,</strong></span> <span class='ocrx_word' id='word_1_568' title='bbox 2707 4303 2847 4356; x_wconf 84' lang='lat' dir='ltr'><strong>filius</strong></span> <span class='ocrx_word' id='word_1_569' title='bbox 2884 4302 3173 4363; x_wconf 82' lang='lat' dir='ltr'><strong>defunctus</strong></span> <span class='ocrx_word' id='word_1_570' title='bbox 3219 4310 3320 4362; x_wconf 87' lang='lat' dir='ltr'><strong>est,</strong></span> <span class='ocrx_word' id='word_1_571' title='bbox 3372 4316 3436 4353; x_wconf 88' lang='lat' dir='ltr'><strong>ac</strong></span> <span class='ocrx_word' id='word_1_572' title='bbox 3474 4301 3872 4357; x_wconf 85' lang='lat' dir='ltr'><strong>transeuntibus</strong></span> 
     </span>
    </p>
   </div>
   <div class='ocr_carea' id='block_1_84' title="bbox 2290 4391 3873 4464">
    <p class='ocr_par' dir='ltr' id='par_1_84' title="bbox 2290 4391 3873 4464">
     <span class='ocr_line' id='line_1_84' title="bbox 2290 4391 3873 4464; baseline -0.003 -16"><span class='ocrx_word' id='word_1_573' title='bbox 2290 4436 2293 4439; x_wconf 52' lang='grc' dir='ltr'><strong><em>ι</em></strong></span> <span class='ocrx_word' id='word_1_574' title='bbox 2321 4394 2492 4449; x_wconf 89' lang='lat' dir='ltr'><strong>beatis</strong></span> <span class='ocrx_word' id='word_1_575' title='bbox 2521 4394 2747 4464; x_wconf 83' lang='lat' dir='ltr'><strong>Cyriaco</strong></span> <span class='ocrx_word' id='word_1_576' title='bbox 2774 4402 2829 4446; x_wconf 93' lang='lat' dir='ltr'><strong>et</strong></span> <span class='ocrx_word' id='word_1_577' title='bbox 2859 4391 3093 4446; x_wconf 86' lang='lat' dir='ltr'><strong>Maximo</strong></span> <span class='ocrx_word' id='word_1_578' title='bbox 3125 4409 3249 4453; x_wconf 89' lang='lat' dir='ltr'><strong>cum</strong></span> <span class='ocrx_word' id='word_1_579' title='bbox 3286 4394 3436 4446; x_wconf 84' lang='lat' dir='ltr'><strong>beata</strong></span> <span class='ocrx_word' id='word_1_580' title='bbox 3466 4392 3695 4460; x_wconf 86' lang='lat' dir='ltr'><strong>Chryse,</strong></span> <span class='ocrx_word' id='word_1_581' title='bbox 3727 4392 3873 4460; x_wconf 80' lang='lat' dir='ltr'><strong>ipsis-</strong></span> 
     </span>
    </p>
   </div>
   <div class='ocr_carea' id='block_1_85' title="bbox 2320 4480 3871 4553">
    <p class='ocr_par' dir='ltr' id='par_1_85' title="bbox 2320 4480 3871 4553">
     <span class='ocr_line' id='line_1_85' title="bbox 2320 4480 3871 4553; baseline -0.006 -18"><span class='ocrx_word' id='word_1_582' title='bbox 2320 4499 2425 4553; x_wconf 89' lang='lat' dir='ltr'><strong>que</strong></span> <span class='ocrx_word' id='word_1_583' title='bbox 2463 4484 2623 4535; x_wconf 87' lang='lat' dir='ltr'><strong>etiam</strong></span> <span class='ocrx_word' id='word_1_584' title='bbox 2672 4482 2873 4536; x_wconf 85' lang='lat' dir='ltr'><strong>sanctis</strong></span> <span class='ocrx_word' id='word_1_585' title='bbox 2911 4482 3110 4536; x_wconf 87' lang='lat' dir='ltr'><strong>Christi</strong></span> <span class='ocrx_word' id='word_1_586' title='bbox 3159 4482 3456 4542; x_wconf 84' lang='lat' dir='ltr'><strong>militibus,</strong></span> <span class='ocrx_word' id='word_1_587' title='bbox 3490 4480 3871 4532; x_wconf 79' lang='lat' dir='ltr'><strong>lamentabatur</strong></span> 
     </span>
    </p>
   </div>
   <div class='ocr_carea' id='block_1_86' title="bbox 2324 4567 3873 4625">
    <p class='ocr_par' dir='ltr' id='par_1_86' title="bbox 2324 4567 3873 4625">
     <span class='ocr_line' id='line_1_86' title="bbox 2324 4567 3873 4625; baseline -0.008 -1"><span class='ocrx_word' id='word_1_588' title='bbox 2324 4582 2475 4624; x_wconf 87' lang='lat' dir='ltr'><strong>sutor</strong></span> <span class='ocrx_word' id='word_1_589' title='bbox 2507 4580 2729 4622; x_wconf 86' lang='lat' dir='ltr'><strong>mortem</strong></span> <span class='ocrx_word' id='word_1_590' title='bbox 2764 4574 2856 4624; x_wconf 79' lang='lat' dir='ltr'><strong>filii</strong></span> <span class='ocrx_word' id='word_1_591' title='bbox 2888 4573 2993 4625; x_wconf 86' lang='lat' dir='ltr'><strong>sui.</strong></span> <span class='ocrx_word' id='word_1_592' title='bbox 3042 4570 3195 4623; x_wconf 84' lang='lat' dir='ltr'><strong>Tunc</strong></span> <span class='ocrx_word' id='word_1_593' title='bbox 3240 4570 3587 4623; x_wconf 72' lang='lat' dir='ltr'><strong>beatissimus</strong></span> <span class='ocrx_word' id='word_1_594' title='bbox 3621 4567 3873 4616; x_wconf 75' lang='lat' dir='ltr'><strong>Maximus</strong></span> 
     </span>
    </p>
   </div>
   <div class='ocr_carea' id='block_1_87' title="bbox 2325 4654 3870 4726">
    <p class='ocr_par' dir='ltr' id='par_1_87' title="bbox 2325 4654 3870 4726">
     <span class='ocr_line' id='line_1_87' title="bbox 2325 4654 3870 4726; baseline -0.006 -17"><span class='ocrx_word' id='word_1_595' title='bbox 2325 4659 2601 4726; x_wconf 80' lang='lat' dir='ltr'><strong>presbyter</strong></span> <span class='ocrx_word' id='word_1_596' title='bbox 2624 4660 2792 4710; x_wconf 86' lang='lat' dir='ltr'><strong>sutori</strong></span> <span class='ocrx_word' id='word_1_597' title='bbox 2820 4660 2951 4711; x_wconf 78' lang='lat' dir='ltr'><strong>dixit</strong></span> <span class='ocrx_word' id='word_1_598' title='bbox 2989 4676 3001 4710; x_wconf 94' lang='lat'>:</span> <span class='ocrx_word' id='word_1_599' title='bbox 3034 4658 3204 4710; x_wconf 79' lang='lat' dir='ltr'><strong>Crede</strong></span> <span class='ocrx_word' id='word_1_600' title='bbox 3231 4657 3282 4708; x_wconf 88' lang='lat' dir='ltr'><strong>in</strong></span> <span class='ocrx_word' id='word_1_601' title='bbox 3314 4654 3605 4707; x_wconf 86' lang='lat' dir='ltr'><strong>Dominum</strong></span> <span class='ocrx_word' id='word_1_602' title='bbox 3638 4658 3870 4701; x_wconf 85' lang='lat' dir='ltr'><strong>nostrum</strong></span> 
     </span>
    </p>
   </div>
   <div class='ocr_carea' id='block_1_88' title="bbox 2321 4745 3871 4811">
    <p class='ocr_par' dir='ltr' id='par_1_88' title="bbox 2321 4745 3871 4811">
     <span class='ocr_line' id='line_1_88' title="bbox 2321 4745 3871 4811; baseline -0.01 -12"><span class='ocrx_word' id='word_1_603' title='bbox 2321 4748 2502 4800; x_wconf 81' lang='lat' dir='ltr'><strong>Jesum</strong></span> <span class='ocrx_word' id='word_1_604' title='bbox 2527 4746 2801 4798; x_wconf 88' lang='lat' dir='ltr'><strong>Christum</strong></span> <span class='ocrx_word' id='word_1_605' title='bbox 2837 4747 2890 4798; x_wconf 91' lang='lat' dir='ltr'><strong>in</strong></span> <span class='ocrx_word' id='word_1_606' title='bbox 2922 4755 3215 4811; x_wconf 85' lang='lat' dir='ltr'><strong>conspectu</strong></span> <span class='ocrx_word' id='word_1_607' title='bbox 3249 4745 3489 4796; x_wconf 81' lang='lat' dir='ltr'><strong>omnium</strong></span> <span class='ocrx_word' id='word_1_608' title='bbox 3525 4749 3788 4793; x_wconf 81' lang='lat' dir='ltr'><strong>nostrum,</strong></span> <span class='ocrx_word' id='word_1_609' title='bbox 3817 4751 3871 4785; x_wconf 81' lang='lat' dir='ltr'><strong>ac</strong></span> 
     </span>
    </p>
   </div>
   <div class='ocr_carea' id='block_1_89' title="bbox 2324 4830 3871 4899">
    <p class='ocr_par' dir='ltr' id='par_1_89' title="bbox 2324 4830 3871 4899">
     <span class='ocr_line' id='line_1_89' title="bbox 2324 4830 3871 4899; baseline -0.013 -9"><span class='ocrx_word' id='word_1_610' title='bbox 2324 4847 2377 4890; x_wconf 92' lang='lat' dir='ltr'><strong>tu</strong></span> <span class='ocrx_word' id='word_1_611' title='bbox 2426 4838 2603 4899; x_wconf 75' lang='lat' dir='ltr'><strong>vives,</strong></span> <span class='ocrx_word' id='word_1_612' title='bbox 2653 4842 2707 4886; x_wconf 90' lang='lat' dir='ltr'><strong>et</strong></span> <span class='ocrx_word' id='word_1_613' title='bbox 2750 4834 2915 4885; x_wconf 84' lang='lat' dir='ltr'><strong>lilium</strong></span> <span class='ocrx_word' id='word_1_614' title='bbox 2963 4840 3111 4883; x_wconf 80' lang='lat' dir='ltr'><strong>tuuin</strong></span> <span class='ocrx_word' id='word_1_615' title='bbox 3154 4830 3398 4896; x_wconf 86' lang='lat' dir='ltr'><strong>recipies.</strong></span> <span class='ocrx_word' id='word_1_616' title='bbox 3438 4830 3531 4880; x_wconf 92' lang='lat' dir='ltr'><strong>llle</strong></span> <span class='ocrx_word' id='word_1_617' title='bbox 3580 4839 3709 4877; x_wconf 81' lang='lat' dir='ltr'><strong>vero</strong></span> <span class='ocrx_word' id='word_1_618' title='bbox 3758 4836 3871 4874; x_wconf 83' lang='lat' dir='ltr'><strong>cum</strong></span> 
     </span>
    </p>
   </div>
   <div class='ocr_carea' id='block_1_90' title="bbox 2325 4910 3871 4996">
    <p class='ocr_par' dir='ltr' id='par_1_90' title="bbox 2325 4910 3871 4996">
     <span class='ocr_line' id='line_1_90' title="bbox 2325 4910 3871 4996; baseline -0.014 -17"><span class='ocrx_word' id='word_1_619' title='bbox 2325 4926 2575 4996; x_wconf 85' lang='lat' dir='ltr'><strong>lacrymis</strong></span> <span class='ocrx_word' id='word_1_620' title='bbox 2608 4941 2623 4975; x_wconf 90' lang='lat'>:</span> <span class='ocrx_word' id='word_1_621' title='bbox 2658 4922 2712 4974; x_wconf 93' lang='lat' dir='ltr'><strong>In</strong></span> <span class='ocrx_word' id='word_1_622' title='bbox 2752 4936 2909 4989; x_wconf 89' lang='lat' dir='ltr'><strong>quem</strong></span> <span class='ocrx_word' id='word_1_623' title='bbox 2959 4916 3210 4973; x_wconf 86' lang='lat' dir='ltr'><strong>credam?</strong></span> <span class='ocrx_word' id='word_1_624' title='bbox 3262 4917 3375 4969; x_wconf 89' lang='lat' dir='ltr'><strong>ait:</strong></span> <span class='ocrx_word' id='word_1_625' title='bbox 3404 4916 3456 4968; x_wconf 92' lang='lat' dir='ltr'><strong>in</strong></span> <span class='ocrx_word' id='word_1_626' title='bbox 3489 4929 3612 4967; x_wconf 89' lang='lat' dir='ltr'><strong>eum</strong></span> <span class='ocrx_word' id='word_1_627' title='bbox 3660 4910 3871 4967; x_wconf 75' lang='lat' dir='ltr'><strong>scilicet,</strong></span> 
     </span>
    </p>
   </div>
   <div class='ocr_carea' id='block_1_91' title="bbox 2326 4996 3873 5071">
    <p class='ocr_par' dir='ltr' id='par_1_91' title="bbox 2326 4996 3873 5071">
     <span class='ocr_line' id='line_1_91' title="bbox 2326 4996 3873 5071; baseline -0.017 0"><span class='ocrx_word' id='word_1_628' title='bbox 2326 5018 2409 5071; x_wconf 92' lang='lat' dir='ltr'><strong>cui</strong></span> <span class='ocrx_word' id='word_1_629' title='bbox 2466 5018 2535 5069; x_wconf 85' lang='lat' dir='ltr'><strong>ab</strong></span> <span class='ocrx_word' id='word_1_630' title='bbox 2584 5013 2941 5067; x_wconf 89' lang='lat' dir='ltr'><strong>adolescentia</strong></span> <span class='ocrx_word' id='word_1_631' title='bbox 2988 5024 3108 5062; x_wconf 87' lang='lat' dir='ltr'><strong>mea</strong></span> <span class='ocrx_word' id='word_1_632' title='bbox 3166 5021 3312 5059; x_wconf 91' lang='lat' dir='ltr'><strong>nunc</strong></span> <span class='ocrx_word' id='word_1_633' title='bbox 3354 5018 3526 5071; x_wconf 90' lang='lat' dir='ltr'><strong>usque</strong></span> <span class='ocrx_word' id='word_1_634' title='bbox 3584 4996 3873 5053; x_wconf 78' lang='lat' dir='ltr'><strong>maledixi?</strong></span> 
     </span>
    </p>
   </div>
   <div class='ocr_carea' id='block_1_92' title="bbox 2327 5088 3875 5171">
    <p class='ocr_par' dir='ltr' id='par_1_92' title="bbox 2327 5088 3875 5171">
     <span class='ocr_line' id='line_1_92' title="bbox 2327 5088 3875 5171; baseline -0.017 -11"><span class='ocrx_word' id='word_1_635' title='bbox 2327 5107 2590 5160; x_wconf 82' lang='lat' dir='ltr'><strong>Maximus</strong></span> <span class='ocrx_word' id='word_1_636' title='bbox 2646 5103 2925 5171; x_wconf 84' lang='lat' dir='ltr'><strong>presbyter</strong></span> <span class='ocrx_word' id='word_1_637' title='bbox 2960 5098 3116 5155; x_wconf 80' lang='lat' dir='ltr'><strong>dixit</strong></span> <span class='ocrx_word' id='word_1_638' title='bbox 3163 5117 3174 5149; x_wconf 93' lang='lat'>:</span> <span class='ocrx_word' id='word_1_639' title='bbox 3219 5091 3598 5147; x_wconf 70' lang='lat' dir='ltr'><strong>Ptnnitendum</strong></span> <span class='ocrx_word' id='word_1_640' title='bbox 3660 5088 3754 5140; x_wconf 84' lang='lat' dir='ltr'><strong>tibi</strong></span> <span class='ocrx_word' id='word_1_641' title='bbox 3802 5091 3875 5135; x_wconf 83' lang='lat' dir='ltr'><strong>est</strong></span> 
     </span>
    </p>
   </div>
   <div class='ocr_carea' id='block_1_93' title="bbox 2327 5180 3877 5263">
    <p class='ocr_par' dir='ltr' id='par_1_93' title="bbox 2327 5180 3877 5263">
     <span class='ocr_line' id='line_1_93' title="bbox 2327 5180 3877 5263; baseline -0.015 -12"><span class='ocrx_word' id='word_1_642' title='bbox 2327 5212 2511 5252; x_wconf 89' lang='lat' dir='ltr'><strong>eorum</strong></span> <span class='ocrx_word' id='word_1_643' title='bbox 2544 5209 2663 5263; x_wconf 63' lang='lat' dir='ltr'><strong>quae</strong></span> <span class='ocrx_word' id='word_1_644' title='bbox 2696 5191 2890 5254; x_wconf 89' lang='lat' dir='ltr'><strong>fecisti,</strong></span> <span class='ocrx_word' id='word_1_645' title='bbox 2920 5185 3357 5259; x_wconf 90' lang='lat' dir='ltr'><strong>quandoquidem</strong></span> <span class='ocrx_word' id='word_1_646' title='bbox 3398 5180 3775 5250; x_wconf 79' lang='lat' dir='ltr'><strong>pmnitentium</strong></span> <span class='ocrx_word' id='word_1_647' title='bbox 3803 5182 3877 5229; x_wconf 80' lang='lat' dir='ltr'><strong>est</strong></span> 
     </span>
    </p>
   </div>
   <div class='ocr_carea' id='block_1_94' title="bbox 684 5274 3877 5374">
    <p class='ocr_par' dir='ltr' id='par_1_94' title="bbox 684 5274 3877 5374">
     <span class='ocr_line' id='line_1_94' title="bbox 684 5274 3877 5374; baseline -0.003 -48"><span class='ocrx_word' id='word_1_648' title='bbox 684 5274 947 5331; x_wconf 78' lang='lat' dir='ltr'><strong>Maximus</strong></span> <span class='ocrx_word' id='word_1_649' title='bbox 1006 5278 1059 5330; x_wconf 92' lang='lat' dir='ltr'><strong>in</strong></span> <span class='ocrx_word' id='word_1_650' title='bbox 1095 5278 1304 5333; x_wconf 92' lang='lat' dir='ltr'><strong>Domini</strong></span> <span class='ocrx_word' id='word_1_651' title='bbox 1366 5284 1532 5334; x_wconf 89' lang='lat' dir='ltr'><strong>nostri</strong></span> <span class='ocrx_word' id='word_1_652' title='bbox 1584 5279 1709 5335; x_wconf 85' lang='lat' dir='ltr'><strong>Jesu</strong></span> <span class='ocrx_word' id='word_1_653' title='bbox 1760 5282 1956 5335; x_wconf 84' lang='lat' dir='ltr'><strong>Christi</strong></span> <span class='ocrx_word' id='word_1_654' title='bbox 2012 5281 2469 5374; x_wconf 63' lang='lat' dir='ltr'><strong>nomineDDeus</strong></span> <span class='ocrx_word' id='word_1_655' title='bbox 2504 5294 2705 5347; x_wconf 91' lang='lat' dir='ltr'><strong>noster,</strong></span> <span class='ocrx_word' id='word_1_656' title='bbox 2753 5298 2860 5336; x_wconf 93' lang='lat' dir='ltr'><strong>non</strong></span> <span class='ocrx_word' id='word_1_657' title='bbox 2910 5281 3137 5336; x_wconf 81' lang='lat' dir='ltr'><strong>reddens</strong></span> <span class='ocrx_word' id='word_1_658' title='bbox 3176 5274 3470 5331; x_wconf 88' lang='lat' dir='ltr'><strong>secundum</strong></span> <span class='ocrx_word' id='word_1_659' title='bbox 3522 5278 3743 5338; x_wconf 84' lang='lat' dir='ltr'><strong>peccata</strong></span> <span class='ocrx_word' id='word_1_660' title='bbox 3788 5279 3877 5317; x_wconf 80' lang='lat' dir='ltr'><strong>no—</strong></span> 
     </span>
    </p>
   </div>
   <div class='ocr_carea' id='block_1_95' title="bbox 681 5366 2227 5440">
    <p class='ocr_par' dir='ltr' id='par_1_95' title="bbox 681 5366 2227 5440">
     <span class='ocr_line' id='line_1_95' title="bbox 681 5366 2227 5440; baseline -0.001 -19"><span class='ocrx_word' id='word_1_661' title='bbox 681 5366 993 5423; x_wconf 79' lang='lat' dir='ltr'><strong>admiranda</strong></span> <span class='ocrx_word' id='word_1_662' title='bbox 1022 5374 1257 5439; x_wconf 87' lang='lat' dir='ltr'><strong>eousque</strong></span> <span class='ocrx_word' id='word_1_663' title='bbox 1284 5371 1627 5440; x_wconf 87' lang='lat' dir='ltr'><strong>operabatur.</strong></span> <span class='ocrx_word' id='word_1_664' title='bbox 1674 5380 1732 5423; x_wconf 88' lang='lat' dir='ltr'><strong>ut</strong></span> <span class='ocrx_word' id='word_1_665' title='bbox 1779 5369 2069 5438; x_wconf 90' lang='lat' dir='ltr'><strong>aliquando</strong></span> <span class='ocrx_word' id='word_1_666' title='bbox 2094 5384 2227 5421; x_wconf 90' lang='lat' dir='ltr'><strong>con-</strong></span> 
     </span>
    </p>
   </div>
   <div class='ocr_carea' id='block_1_96' title="bbox 684 5458 2230 5525">
    <p class='ocr_par' dir='ltr' id='par_1_96' title="bbox 684 5458 2230 5525">
     <span class='ocr_line' id='line_1_96' title="bbox 684 5458 2230 5525; baseline -0.002 -14"><span class='ocrx_word' id='word_1_667' title='bbox 684 5458 903 5515; x_wconf 78' lang='lat' dir='ltr'><strong>veniens</strong></span> <span class='ocrx_word' id='word_1_668' title='bbox 931 5460 1305 5525; x_wconf 75' lang='lat' dir='ltr'><strong>Censtirinum,</strong></span> <span class='ocrx_word' id='word_1_669' title='bbox 1347 5462 1526 5515; x_wconf 88' lang='lat' dir='ltr'><strong>subito</strong></span> <span class='ocrx_word' id='word_1_670' title='bbox 1562 5461 1715 5513; x_wconf 86' lang='lat' dir='ltr'><strong>illius</strong></span> <span class='ocrx_word' id='word_1_671' title='bbox 1751 5460 1960 5513; x_wconf 86' lang='lat' dir='ltr'><strong>vincula</strong></span> <span class='ocrx_word' id='word_1_672' title='bbox 1996 5475 2026 5512; x_wconf 88' lang='lat' dir='ltr'><strong>e</strong></span> <span class='ocrx_word' id='word_1_673' title='bbox 2057 5458 2230 5511; x_wconf 86' lang='lat' dir='ltr'><strong>mani-</strong></span> 
     </span>
    </p>
   </div>
   <div class='ocr_carea' id='block_1_97' title="bbox 689 5547 2231 5619">
    <p class='ocr_par' dir='ltr' id='par_1_97' title="bbox 689 5547 2231 5619">
     <span class='ocr_line' id='line_1_97' title="bbox 689 5547 2231 5619; baseline -0.001 -18"><span class='ocrx_word' id='word_1_674' title='bbox 689 5548 787 5601; x_wconf 86' lang='lat' dir='ltr'><strong>bus</strong></span> <span class='ocrx_word' id='word_1_675' title='bbox 830 5551 1155 5619; x_wconf 89' lang='lat' dir='ltr'><strong>pedibusque</strong></span> <span class='ocrx_word' id='word_1_676' title='bbox 1196 5550 1635 5605; x_wconf 87' lang='lat' dir='ltr'><strong>dissolverentur.</strong></span> <span class='ocrx_word' id='word_1_677' title='bbox 1685 5547 1837 5604; x_wconf 84' lang='lat' dir='ltr'><strong>Tunc</strong></span> <span class='ocrx_word' id='word_1_678' title='bbox 1883 5548 2128 5617; x_wconf 87' lang='lat' dir='ltr'><strong>aperiens</strong></span> <span class='ocrx_word' id='word_1_679' title='bbox 2169 5561 2231 5599; x_wconf 90' lang='lat' dir='ltr'><strong>os</strong></span> 
     </span>
    </p>
   </div>
   <div class='ocr_carea' id='block_1_98' title="bbox 687 5640 2236 5711">
    <p class='ocr_par' dir='ltr' id='par_1_98' title="bbox 687 5640 2236 5711">
     <span class='ocr_line' id='line_1_98' title="bbox 687 5640 2236 5711; baseline 0 -20"><span class='ocrx_word' id='word_1_680' title='bbox 687 5655 843 5692; x_wconf 81' lang='lat' dir='ltr'><strong>suum</strong></span> <span class='ocrx_word' id='word_1_681' title='bbox 870 5640 1209 5696; x_wconf 84' lang='lat' dir='ltr'><strong>beatissimus</strong></span> <span class='ocrx_word' id='word_1_682' title='bbox 1234 5642 1528 5711; x_wconf 85' lang='lat' dir='ltr'><strong>presbyter,</strong></span> <span class='ocrx_word' id='word_1_683' title='bbox 1558 5656 1849 5696; x_wconf 84' lang='lat' dir='ltr'><strong>conversus</strong></span> <span class='ocrx_word' id='word_1_684' title='bbox 1876 5641 1941 5694; x_wconf 89' lang='lat' dir='ltr'><strong>ad</strong></span> <span class='ocrx_word' id='word_1_685' title='bbox 1973 5640 2150 5709; x_wconf 88' lang='lat' dir='ltr'><strong>ipsum</strong></span> <span class='ocrx_word' id='word_1_686' title='bbox 2181 5646 2236 5691; x_wconf 90' lang='lat' dir='ltr'><strong>et</strong></span> 
     </span>
    </p>
   </div>
   <div class='ocr_carea' id='block_1_99' title="bbox 687 5731 2230 5799">
    <p class='ocr_par' dir='ltr' id='par_1_99' title="bbox 687 5731 2230 5799">
     <span class='ocr_line' id='line_1_99' title="bbox 687 5731 2230 5799; baseline 0 -14"><span class='ocrx_word' id='word_1_687' title='bbox 687 5731 971 5798; x_wconf 84' lang='lat' dir='ltr'><strong>custodes,</strong></span> <span class='ocrx_word' id='word_1_688' title='bbox 1011 5734 1082 5789; x_wconf 86' lang='lat' dir='ltr'><strong>ait</strong></span> <span class='ocrx_word' id='word_1_689' title='bbox 1114 5751 1126 5785; x_wconf 90' lang='lat'><strong>:</strong></span> <span class='ocrx_word' id='word_1_690' title='bbox 1162 5731 1393 5799; x_wconf 82' lang='lat' dir='ltr'><strong>Fratres,</strong></span> <span class='ocrx_word' id='word_1_691' title='bbox 1438 5735 1723 5796; x_wconf 82' lang='lat' dir='ltr'><strong>relinquite</strong></span> <span class='ocrx_word' id='word_1_692' title='bbox 1752 5734 2022 5789; x_wconf 75' lang='lat' dir='ltr'><strong>diemones</strong></span> <span class='ocrx_word' id='word_1_693' title='bbox 2051 5741 2105 5788; x_wconf 86' lang='lat' dir='ltr'><strong>et</strong></span> <span class='ocrx_word' id='word_1_694' title='bbox 2134 5745 2230 5787; x_wconf 85' lang='lat' dir='ltr'><strong>vo-</strong></span> 
     </span>
    </p>
   </div>
   <div class='ocr_carea' id='block_1_100' title="bbox 2327 5357 3876 5435">
    <p class='ocr_par' dir='ltr' id='par_1_100' title="bbox 2327 5357 3876 5435">
     <span class='ocr_line' id='line_1_100' title="bbox 2327 5357 3876 5435; baseline -0.014 -7"><span class='ocrx_word' id='word_1_695' title='bbox 2327 5385 2458 5435; x_wconf 83' lang='lat' dir='ltr'><strong>stra,</strong></span> <span class='ocrx_word' id='word_1_696' title='bbox 2487 5376 2577 5429; x_wconf 83' lang='lat' dir='ltr'><strong>sed</strong></span> <span class='ocrx_word' id='word_1_697' title='bbox 2615 5373 2818 5427; x_wconf 89' lang='lat' dir='ltr'><strong>faciens</strong></span> <span class='ocrx_word' id='word_1_698' title='bbox 2845 5370 3139 5426; x_wconf 88' lang='lat' dir='ltr'><strong>secundum</strong></span> <span class='ocrx_word' id='word_1_699' title='bbox 3169 5378 3415 5433; x_wconf 87' lang='lat' dir='ltr'><strong>magnam</strong></span> <span class='ocrx_word' id='word_1_700' title='bbox 3459 5357 3876 5414; x_wconf 75' lang='lat' dir='ltr'><strong>misericordiam</strong></span> 
     </span>
    </p>
   </div>
   <div class='ocr_carea' id='block_1_101' title="bbox 2330 5448 3878 5525">
    <p class='ocr_par' dir='ltr' id='par_1_101' title="bbox 2330 5448 3878 5525">
     <span class='ocr_line' id='line_1_101' title="bbox 2330 5448 3878 5525; baseline -0.01 -11"><span class='ocrx_word' id='word_1_701' title='bbox 2330 5476 2503 5520; x_wconf 87' lang='lat' dir='ltr'><strong>suam.</strong></span> <span class='ocrx_word' id='word_1_702' title='bbox 2554 5462 2623 5513; x_wconf 80' lang='lat' dir='ltr'><strong>At</strong></span> <span class='ocrx_word' id='word_1_703' title='bbox 2671 5469 2825 5514; x_wconf 89' lang='lat' dir='ltr'><strong>sutor</strong></span> <span class='ocrx_word' id='word_1_704' title='bbox 2869 5459 3044 5513; x_wconf 85' lang='lat' dir='ltr'><strong>dixit:</strong></span> <span class='ocrx_word' id='word_1_705' title='bbox 3083 5456 3219 5525; x_wconf 82' lang='lat' dir='ltr'><strong>Ergo</strong></span> <span class='ocrx_word' id='word_1_706' title='bbox 3269 5452 3533 5522; x_wconf 77' lang='lat' dir='ltr'><strong>baptizate</strong></span> <span class='ocrx_word' id='word_1_707' title='bbox 3571 5464 3661 5503; x_wconf 88' lang='lat' dir='ltr'><strong>me</strong></span> <span class='ocrx_word' id='word_1_708' title='bbox 3700 5448 3753 5500; x_wconf 88' lang='lat' dir='ltr'><strong>in</strong></span> <span class='ocrx_word' id='word_1_709' title='bbox 3787 5459 3878 5499; x_wconf 77' lang='lat' dir='ltr'><strong>ao-</strong></span> 
     </span>
    </p>
   </div>
   <div class='ocr_carea' id='block_1_102' title="bbox 2330 5534 3879 5616">
    <p class='ocr_par' dir='ltr' id='par_1_102' title="bbox 2330 5534 3879 5616">
     <span class='ocr_line' id='line_1_102' title="bbox 2330 5534 3879 5616; baseline -0.011 -14"><span class='ocrx_word' id='word_1_710' title='bbox 2330 5550 2475 5602; x_wconf 90' lang='lat' dir='ltr'><strong>miue</strong></span> <span class='ocrx_word' id='word_1_711' title='bbox 2524 5547 2725 5616; x_wconf 87' lang='lat' dir='ltr'><strong>ipsius,</strong></span> <span class='ocrx_word' id='word_1_712' title='bbox 2773 5555 2834 5599; x_wconf 91' lang='lat' dir='ltr'><strong>ut</strong></span> <span class='ocrx_word' id='word_1_713' title='bbox 2878 5546 3113 5599; x_wconf 89' lang='lat' dir='ltr'><strong>credam.</strong></span> <span class='ocrx_word' id='word_1_714' title='bbox 3156 5542 3308 5595; x_wconf 89' lang='lat' dir='ltr'><strong>Tunc</strong></span> <span class='ocrx_word' id='word_1_715' title='bbox 3358 5539 3668 5607; x_wconf 81' lang='lat' dir='ltr'><strong>baptizatus</strong></span> <span class='ocrx_word' id='word_1_716' title='bbox 3710 5541 3791 5588; x_wconf 81' lang='lat' dir='ltr'><strong>est</strong></span> <span class='ocrx_word' id='word_1_717' title='bbox 3828 5534 3879 5585; x_wconf 72' lang='lat' dir='ltr'><strong>in</strong></span> 
     </span>
    </p>
   </div>
   <div class='ocr_carea' id='block_1_103' title="bbox 2331 5627 3878 5699">
    <p class='ocr_par' dir='ltr' id='par_1_103' title="bbox 2331 5627 3878 5699">
     <span class='ocr_line' id='line_1_103' title="bbox 2331 5627 3878 5699; baseline -0.01 -5"><span class='ocrx_word' id='word_1_718' title='bbox 2331 5640 2547 5694; x_wconf 89' lang='lat' dir='ltr'><strong>nomine</strong></span> <span class='ocrx_word' id='word_1_719' title='bbox 2599 5647 2797 5693; x_wconf 63' lang='lat' dir='ltr'><strong>sancta</strong></span> <span class='ocrx_word' id='word_1_720' title='bbox 2826 5635 3103 5689; x_wconf 88' lang='lat' dir='ltr'><strong>Trinitatis</strong></span> <span class='ocrx_word' id='word_1_721' title='bbox 3128 5674 3144 5699; x_wconf 91' lang='lat'><strong>,</strong></span> <span class='ocrx_word' id='word_1_722' title='bbox 3193 5633 3473 5699; x_wconf 81' lang='lat' dir='ltr'><strong>factusque</strong></span> <span class='ocrx_word' id='word_1_723' title='bbox 3510 5627 3878 5685; x_wconf 70' lang='lat' dir='ltr'><strong>Christianus.</strong></span> 
     </span>
    </p>
   </div>
   <div class='ocr_carea' id='block_1_104' title="bbox 2333 5718 3883 5791">
    <p class='ocr_par' dir='ltr' id='par_1_104' title="bbox 2333 5718 3883 5791">
     <span class='ocr_line' id='line_1_104' title="bbox 2333 5718 3883 5791; baseline -0.011 -6"><span class='ocrx_word' id='word_1_724' title='bbox 2333 5738 2681 5791; x_wconf 74' lang='lat' dir='ltr'><strong>posteaquam</strong></span> <span class='ocrx_word' id='word_1_725' title='bbox 2728 5726 2965 5781; x_wconf 79' lang='lat' dir='ltr'><strong>suscepit</strong></span> <span class='ocrx_word' id='word_1_726' title='bbox 3003 5725 3214 5784; x_wconf 72' lang='lat' dir='ltr'><strong>sianum</strong></span> <span class='ocrx_word' id='word_1_727' title='bbox 3268 5721 3505 5778; x_wconf 82' lang='lat' dir='ltr'><strong>Christi.</strong></span> <span class='ocrx_word' id='word_1_728' title='bbox 3556 5718 3803 5779; x_wconf 64' lang='lat' dir='ltr'><strong>gaudens</strong></span> <span class='ocrx_word' id='word_1_729' title='bbox 3834 5723 3883 5768; x_wconf 80' lang='lat' dir='ltr'><strong>et</strong></span> 
     </span>
    </p>
   </div>
  </div>
