4118 6350
245 407 465 465 ιεοδγ

1151 407 1480 467 ACTORUM
1526 406 1583 463 s.
1625 390 1991 461 illPPOLYTI
2034 406 2283 464 vmsro
2324 410 2536 467 nova.

3255 366 3273 399 ‘i
3342 364 3480 481 usus

2879 476 2887 503 i

160 510 166 516 ⁷
240 516 521 609 exsultans
553 545 803 585 reversus
844 535 928 585 eSt
957 531 1026 606 ad
1074 530 1240 586 lilium
1272 547 1452 613 suum.
1497 530 1667 597 Quarti
1712 528 1800 581 ubi
1832 537 1877 586 A
1907 521 2078 596 ipsam
2132 530 2186 584 in
2232 540 2347 586 rota
2394 514 2677 602 suspendi
2700 524 2887 602 jussit.
2935 533 3083 603 Dum
3124 544 3305 591 autem
3357 536 3483 605 ejus,

176 621 183 628 ’
240 612 520 693 cuhspexit
564 621 829 678 Maximus
876 624 1174 694 presbyter,
1209 640 1318 678 non
1382 625 1499 679 sine
1550 625 1803 695 lacrymis

238 713 427 772 dixit:
455 713 687 771 Domine
724 712 853 771 Iesu
896 715 1131 779 Christe,
1156 716 1263 786 qui
1291 717 1543 787 dignatus
1587 733 1648 772 es
1692 716 1803 773 ior—

240 821 385 861 mam
417 796 559 862 servi
588 806 852 876 accipere,
880 816 942 861 ut
991 823 1037 881 ay
1060 797 1331 863 servitute
1370 809 1568 867 diaboli
1613 824 1714 864 nos
1744 810 1804 864 li-

241 896 721 974 beraresprespice
764 898 818 956 in
862 913 999 969 opus
1043 914 1302 954 manuum
1337 910 1573 963 tuarum,
1606 909 1665 955 ut
1709 916 1802 956 co—

174 978 469 1063 r_"guoscat
493 1000 545 1045 te
574 989 881 1047 eifectorem
907 998 961 1045 et
987 1001 1383 1059 procreatorem
1417 1006 1597 1049 suum.
1648 992 1803 1048 Tune

238 1078 589 1136 beatissimus
619 1080 880 1152 Cyriscus
908 1082 1198 1152 episcopus
1230 1082 1370 1145 dixit
1405 1102 1418 1136 :
1456 1082 1711 1147 Domine,‘
1746 1085 1802 1139 in

178 1165 209 1171 ”
238 1180 336 1228 tuo
383 1161 605 1226 nomine
659 1186 833 1243 genua
894 1183 1085 1241 nostra
1131 1173 1346 1243 ﬁgimus
1383 1193 1397 1229 :
1432 1166 1667 1244 cumque
1703 1176 1809 1232 diu.

238 1258 520 1335 orassent,
568 1262 643 1316 ait
707 1263 903 1317 iterum
947 1263 1008 1319 Β.
1043 1264 1351 1334 Ογι-ἰειοηελι
1397 1264 1622 1320 Domine
1671 1265 1799 1320 Jesu

160 1422 161 1427 η
236 1349 474 1415 Christe,
511 1352 603 1420 qui
648 1352 1303 1421 proptermiserationem
1353 1353 1673 1408 immensam
1715 1361 1800 1407 at-

148 1452 152 1455 ‘
237 1458 347 1511 que
376 1442 663 1496 hominum
698 1442 925 1498 salutem
955 1442 1058 1498 sub
1082 1443 1276 1499 Pontio
1303 1441 1476 1498 Pilato
1506 1443 1800 1500 cruciﬁxus

237 1545 321 1593 es,
348 1532 440 1601 qui
470 1531 731 1588 Lazarum
762 1535 1062 1598 suscitasti,
1094 1543 1149 1589 et
1180 1534 1400 1590 unicum
1430 1535 1606 1590 viduae
1630 1534 1799 1590 ﬁlium

237 1614 311 1674 ad
337 1620 523 1675 vitam
576 1624 862 1687 revocasti,
908 1623 1130 1683 ostende
1152 1624 1312 1679 etiam
1343 1626 1801 1681 nuuc'mirabilia

236 1718 333 1764 tua
365 1710 418 1765 in
455 1712 560 1767 isto
587 1706 929 1779 famulatui),
986 1724 1044 1770 ut
1092 1726 1382 1787 cognoscat
1426 1727 1476 1773 te
1504 1717 1673 1789 Deum
1719 1720 1802 1774 vi-

238 1814 367 1853 vum
396 1810 450 1856 et
478 1818 664 1857 verum
703 1802 757 1857 in
793 1805 1143 1861 renovatione
1166 1806 1287 1871 sua,
1327 1807 1454 1876 quia
1485 1794 1798 1877 procreatur

235 1906 301 1947 es
332 1894 595 1959 omnium,
624 1904 677 1949 et
705 1911 899 1965 regnas
929 1897 983 1951 in
1020 1898 1216 1951 mula
1249 1900 1592 1955 saeculorum.
1628 1900 1799 1955 Cum-
1831 1879 1877 1934 Β

237 1997 347 2054 que
397 1985 634 2041 universi
689 1978 1130 2055 respondissént,
1174 1988 1375 2056 Amen,
1416 1992 1609 2045 revixit
1660 2006 1802 2046 mor-

236 2085 367 2131 tuus
390 2117 405 2142 ,
447 2086 609 2145 atque
634 2079 748 2132 hzec
784 2077 932 2147 loqui
959 2079 1123 2149 cmpit
1159 2098 1173 2133 :
1209 2079 1321 2151 Ego
1370 2081 1479 2135 vidi
1510 2070 1797 2137 Duminum

190 2200 191 2203 η
236 2152 423 2222 Jesum
452 2167 727 2235 Christum
761 2171 1103 2226 reducentem
1146 2186 1234 2227 me
1264 2188 1294 2226 a
1330 2172 1566 2228 tenebris
1610 2175 1676 2228 ad
1722 2175 1800 2229 lu-

236 2273 377 2314 cem.
414 2258 552 2313 Tum
580 2276 834 2330 veroper
863 2263 1189 2318 catechesim
1215 2264 1455 2331 edoctus,
1492 2266 1797 2335 baptizatus

190 2425 200 2430 '
234 2361 324 2407 est
367 2351 423 2404 in
470 2351 689 2406 nomine
719 2350 917 2415 Patris,
965 2362 1020 2407 et
1063 2353 1206 2419 Filii,
1234 2365 1287 2411 et
1317 2358 1489 2412 sancti
1523 2358 1758 2428 Spiritus
1779 2401 1795 2424 ,

236 2444 573 2513 signaculum
603 2443 835 2519 Spiritus
874 2457 1198 2502 consecutus
1228 2466 1242 2501 :
1273 2464 1434 2518 quem
1475 2450 1637 2505 etiam
1674 2467 1798 2507 sus-

235 2534 380 2602 cepit
424 2519 578 2587 beata
625 2534 852 2605 Chryse,
900 2549 1097 2590 nomen
1146 2537 1248 2607 ipsi
1313 2540 1636 2609 imponens,
1696 2559 1794 2598 vo.

234 2638 477 2693 canaque
527 2622 887 2688 Faustinum,
936 2612 1063 2695 cum
1110 2638 1255 2683 esset
1302 2645 1567 2686 annorum
1628 2646 1796 2705 prope

180 2714 181 2717 “
234 2712 547 2771 duodecim.
600 2715 754 2771 Haud
796 2716 968 2771 multo
1021 2729 1143 2787 post
1191 2729 1371 2776 autem
1428 2727 1793 2781 renuntiatum

234 2813 324 2861 est
357 2806 667 2877 imperatori
709 2806 967 2871 Claudio,
1013 2824 1239 2879 puerum
1266 2814 1609 2870 exstinctum
1654 2819 1797 2871 revi-

236 2896 387 2953 xisse
413 2912 445 2951 a
476 2896 727 2959 mortuis,
753 2911 848 2967 per
870 2902 1166 2961 orationem
1188 2899 1464 2957 beatorum
1491 2905 1791 2961 hominum.

134 3012 137 3013 ν
236 2986 310 3055 At
333 2986 595 3042 Claudius
626 3004 641 3042 :
676 2985 811 3053 Hoc,
858 2987 1053 3058 inquit,
1098 2980 1235 3045 nihil
1266 3004 1351 3048 est
1380 2995 1523 3049 aliud
1560 2997 1663 3051 nisi
1705 3013 1794 3054 ars

237 3078 491 3147 magica;
524 3077 790 3147 jussoque
834 3081 1087 3136 accersiri
1136 3079 1338 3138 vicario
1386 3088 1534 3141 urbis
1574 3086 1793 3153 Romae,

175 3236 179 3239 Δ
240 3169 462 3249 nomine
489 3165 649 3237 Ulpio
685 3168 937 3235 Romulo,
981 3172 1104 3227 huic
1136 3178 1388 3245 praecepit
1419 3196 1432 3229 :
1467 3176 1790 3250 Sacrilegam

235 3257 521 3331 Chrysem,
556 3260 764 3327 dicens,
798 3276 917 3332 qua:
943 3264 1247 3321 obscuravit
1290 3283 1457 3336 genus
1504 3270 1819 3340 imperato—g

235 3349 339 3409 ria;
364 3365 478 3406 suae
502 3353 818 3416 nobilitatis,
862 3369 1093 3424 cumque
1126 3357 1298 3427 magis
1341 3359 1637 3417 artiﬁcibus
1668 3377 1796 3416 con—

240 3440 397 3495 tinuo
425 3443 573 3511 cupit
597 3458 716 3497 esse
738 3458 801 3497 ac
829 3444 1109 3509 diversari,
1140 3448 1306 3502 variis
1334 3459 1388 3503 tu
1419 3452 1592 3518 pinnis
1619 3454 1791 3523 adige,

240 3546 525 3601 quousque
554 3535 933 3602 obtemperans
963 3542 1246 3592 veneretur
1274 3540 1403 3594 deos
1428 3543 1682 3611 deasque.
1716 3544 1794 3595 Ac

244 3612 292 3675 si
316 3622 530 3697 quidem
586 3626 857 3692 paruerit,
894 3628 1083 3681 vivet:
1125 3630 1253 3697 quin
1308 3632 1465 3684 etiam
1516 3633 1792 3701 inscriptio

242 3724 349 3777 qua
382 3711 635 3765 damnata
680 3722 782 3774 est,
814 3715 1171 3770 rescindatur.
1208 3716 1263 3769 Si
1303 3719 1393 3800 qui
1432 3734 1557 3771 vero
1595 3719 1793 3773 fuerint

241 3812 368 3853 cum
395 3802 510 3870 ipsa
542 3802 881 3872 deprehensi,
912 3804 1076 3859 variis
1109 3807 1405 3875 plectentur
1441 3810 1787 3864 cruciatibus.

727 3939 1069 4019 INCIPIUNT
1102 3942 1301 3999 ACTA.

314 4069 353 4126 l.
394 4070 528 4129 Cum
574 4077 808 4131 venisset
836 4076 1025 4147 Ulpius
1069 4077 1331 4147 Romulus
1368 4080 1600 4137 vicarius
1628 4084 1680 4137 in
1715 4086 1794 4141 ci—

242 4177 460 4220 vuatem
486 4164 809 4231 Ostiensem,
845 4176 1063 4222 Sanctos
1089 4169 1156 4223 ad
1182 4146 1346 4223 unum
1379 4170 1572 4227 abduci
1601 4174 1655 4227 in
1680 4190 1793 4229 car-

166 4328 169 4329 ,
243 4269 420 4310 cerem
467 4254 649 4323 jussit.
704 4255 857 4310 Mane
916 4265 1097 4311 autem
1139 4270 1367 4328 surgens
1405 4262 1693 4330 praecepit,
1739 4275 1799 4317 ut

214 4398 217 4399 ν
247 4342 525 4397 sisteretur
553 4343 704 4399 heata
730 4344 955 4415 Chryse,
982 4360 1143 4414 quam
1182 4347 1265 4400 his
1301 4362 1467 4417 prope
1506 4349 1683 4403 verbis
1708 4366 1803 4404 ex-

245 4434 389 4501 cepit
420 4452 433 4487 :
472 4432 518 4489 0
554 4435 761 4489 insania
790 4436 1013 4505 magica:
1057 4437 1208 4495 artis,
1237 4454 1355 4506 quae
1389 4438 1444 4491 in‘
1479 4448 1529 4492 te
1554 4440 1716 4507 viget,
1744 4450 1804 4494 ut

1909 618 2055 675 nervi
2085 622 2541 686 distraherentur,
2587 624 2838 680 alacriter
2868 627 2958 681 illa
2989 636 3044 681 et
3075 628 3482 696 speciosissima

1907 713 2057 767 vultu
2110 714 2259 783 loqui
2310 714 2477 782 etrapit
2517 731 2555 790 εκ
2576 706 2798 772 Gratias
2834 716 2931 770 tibi
2982 716 3197 784 refero,
3252 716 3482 773 Domine

1907 802 2033 858 Jesu
2065 802 2278 859 Christe
2303 844 2319 869 ,
2362 804 2457 874 qui
2495 819 2677 865 meex
2713 805 2903 863 inieris
2930 806 3000 862 ad
3032 807 3275 864 cmlestia
3309 806 3481 864 subli—

1908 895 2015 947 mia
2068 893 2321 964 dignatus
2349 911 2409 950 es
2440 895 2670 951 elevare.
2718 898 2797 951 Ad
2835 913 2996 967 quam
3024 898 3263 954 vicarius
3291 899 3426 953 dixit
3459 914 3478 955 :

1910 983 2201 1040 Videamus
2226 1000 2296 1039 an
2325 982 2548 1040 veniens
2584 985 2838 1042 Christus
2869 997 3017 1042 tuus‘
3042 995 3092 1043 te
3123 987 3332 1043 liberet.
3371 986 3481 1044 Re-
3516 1044 3517 1047 η

1908 1076 2128 1144 spondit
2164 1076 2318 1130 beata
2360 1074 2569 1147 Chryse
2614 1095 2627 1131 :
2665 1075 2782 1131 Non
2824 1090 2925 1148 ego
2967 1077 3184 1155 quidem
3230 1093 3351 1133 sum
3389 1074 3479 1155 di-

1908 1182 2034 1235 gna,
2078 1166 2172 1222 sed
2217 1158 2306 1221 ille
2335 1168 2428 1237 qui
2455 1182 2522 1221 ex
2555 1166 2783 1238 caligine
2811 1168 3199 1239 mundi‘hujus
3226 1184 3313 1223 me
3345 1169 3481 1225 libe-

1906 1272 2031 1313 rare
2050 1258 2301 1329 dignatus
2320 1268 2421 1324 est,
2452 1258 2632 1328 putest
2654 1258 2819 1312 etiam
2846 1268 2897 1313 te
2929 1274 2993 1337 ac
3016 1268 3165 1315 tuum
3187 1249 3477 1317 Claudium

1906 1349 2152 1418 perdere.
2187 1348 2323 1405 Dum
2370 1350 2485 1403 haec
2514 1342 3081 1418 loqueretur,subito
3114 1359 3232 1405 rota
3261 1350 3485 1411 confra-_

1907 1448 1994 1494 cta
2020 1448 2124 1504 est,
2162 1439 2395 1509 indeque
2423 1438 2510 1518 illa
2538 1448 2837 1508 asportata,
2862 1442 3107 1496 constitit
3138 1457 3291 1497 sana.
3322 1441 3478 1498 Man-

1903 1532 2053 1586 davit
2077 1546 2205 1602 ergo
2236 1532 2500 1587 Romulus
2543 1532 2711 1601 ipsam
2746 1529 2981 1588 fustibus
3010 1534 3163 1599 caedi,
3208 1535 3477 1603 subkvoce

1906 1624 2171 1691 praeconis
2202 1621 2547 1677 inclamautis
2582 1642 2595 1677 :
2638 1623 2911 1692 Sacrilega
2943 1622 3168 1696 Chryse,
3196 1640 3318 1695 qua:
3343 1626 3476 1683 deus

1905 1713 2323 1783 blasphemavit’,
2374 1724 2431 1770 et
2475 1714 2761 1784 imperium
2806 1715 3033 1771 rectoris
3065 1724 3265 1772 nostra:
3311 1716 3477 1772 liber-

1905 1806 2032 1861 tatis
2068 1805 2284 1861 Claudii
2340 1807 2704 1875 contempsit,
2761 1808 3007 1876 vapulet,
3044 1806 3245 1865 Sancta
3290 1818 3473 1865 autem

1905 1898 2058 1965 virgo
2106 1898 2394 1963 clamabat,
2435 1898 2626 1953 dicens
2676 1916 2691 1951 ε
2740 1897 3062 1954 Benedictus
3104 1916 3200 1967 es,
3246 1899 3474 1957 Domine

1904 1988 2029 2043 Jesu
2054 1988 2288 2054 Christe,
2325 2005 2484 2058 quem
2525 2005 2626 2060 ego
2671 1990 3058 2059 propemodum
3094 1991 3329 2061 intueor.
3364 1988 3475 2045 Ro-

1907 2081 2084 2136 mulus
2128 2080 2363 2137 vicarius
2392 2082 2528 2137 dixit
2562 2100 2577 2135 :
2606 2080 2903 2159 Admovete
2928 2084 3202 2151 lampades
3222 2084 3474 2141 ardentes

1904 2172 1969 2225 ad
2013 2172 2179 2226 latera
2209 2171 2346 2240 ejus.
2379 2170 2450 2225 Ut
2475 2179 2657 2225 autem
2701 2172 3081 2238 admoverunt,
3114 2171 3300 2251 hilaris
3327 2172 3473 2228 clara

1902 2278 2034 2317 voce
2080 2271 2242 2332 atque
2289 2276 2384 2316 ore
2433 2262 2799 2332 pulcherrimo
2846 2264 2938 2319 illa
2970 2262 3136 2318 irNon
3187 2272 3237 2319 te
3280 2264 3472 2334 «pudet,

1902 2351 2115 2422 inquit,
2173 2366 2207 2405 ο
2250 2350 2472 2417 infelix,
2520 2353 2574 2406 in
2618 2354 2860 2408 membra
2894 2354 3157 2425 corporis
3196 2354 3476 2409 intendere

1902 2444 2049 2498 illius
2077 2459 2200 2513 quae
2250 2452 2302 2498 te
2352 2444 2580 2513 genuit,
2630 2444 2792 2514 quam
2834 2445 2930 2500 tibi
2972 2461 3167 2502 coram
3201 2446 3478 2509 statuisti?

1902 2534 2093 2604 Ulpius
2124 2533 2411 2613 Romulus,
2446 2536 2671 2590 adversa
2706 2546 2798 2590 tua
2827 2536 3063 2603 fortuna,
3088 2534 3246 2609 dixit,
3278 2538 3475 2608 hujus»

1901 2626 2047 2681 modi
2077 2637 2440 2697 consequetur
2468 2644 2484 2682 :
2514 2643 2635 2697 qua:
2682 2627 3017 2701 immortales
3054 2628 3187 2686 deos
3208 2622 3472 2695 ‘nostros,

1900 2732 2022 2787 qua:
2048 2717 2448 2787 imperatoriam
2488 2717 2802 2785 dignitatem
2830 2718 3143 2785 deseruisti,
3173 2719 3475 2788 quantuni,

1901 2822 2182 2877 magorum
2212 2808 2418 2862 artibus
2448 2807 2737 2876 cxoptasti.
2771 2808 2840 2860 At
2855 2808 2953 2863 illa
2981 2807 3131 2863 humi
3164 2804 3478 2881 cum'appa'v

1901 2909 2045 2955 reret
2073 2901 2356 2964 sem’assa,
2387 2900 2439 2952 in
2480 2914 2753 2953 carcerem
2787 2899 2990 2953 retrudi
3023 2900 3263 2968 iubetur.

1970 2990 2192 3044 ll.-Tum
2228 2991 2414 3044 beatos
2443 2989 2585 3042 viros
2610 2987 2832 3058 produci
2863 2989 3155 3054 mandavit,
3184 2991 3476 3051 Maximum

1899 3081 2290 3151 presbyterum,
2321 3088 2375 3132 et
2398 3077 2718 3132 Archelaum
2745 3079 3075 3149 diaconum:
3106 3073 3246 3151 quos
3287 3082 3361 3143 ita
3391 3095 3474 3139 est

1900 3172 2165 3223 allocutus
2192 3186 2205 3220 :
2230 3167 2433 3237 Ecquid
2461 3168 2681 3223 nomina
2709 3168 2977 3237 majorum
3000 3170 3222 3225 decrum
3252 3185 3348 3240 per
3376 3188 3474 3229 ves

1901 3262 2370 3331 blasphemantur,
2404 3269 2458 3314 ct
2486 3260 2790 3328 pervertitis
2825 3260 3072 3316 homines
3100 3276 3166 3317 uc
3200 3262 3339 3331 ipsis
3365 3281 3478 3319 cre-

1900 3354 2063 3407 dant?
2104 3352 2163 3405 B.
2218 3352 2498 3422 presbyter
2539 3350 2805 3406 Maximus
2854 3354 3170 3421 respondit:
3212 3353 3321 3411 Nos
3360 3360 3475 3426 qui.

1899 3444 2020 3498 dem
2060 3444 2330 3497 neminem
2376 3444 2761 3512 pervertimus,
2795 3454 2849 3497 at
2886 3445 3064 3511 potius
3110 3460 3204 3513 per
3245 3436 3499 3515 gratiaut

1898 3534 2112 3589 Domini
2148 3535 2317 3589 nostri
2346 3532 2473 3589 Jesu
2504 3535 2709 3589 Christi
2743 3550 2933 3588 omnes
2966 3535 3259 3590 liberamus
3285 3538 3355 3591 ab
3380 3553 3470 3592 cr-

1899 3642 2022 3681 rore
2069 3627 2358 3681 idolorum.
2407 3626 2581 3682 iratus
2629 3626 2892 3680 Romulus
2934 3625 3073 3695 dixit
3121 3643 3138 3681 ε
3191 3612 3282 3682 isti
3324 3639 3471 3683 certe

1898 3718 2046 3788 digni
2084 3728 2212 3774 sunt
2258 3728 2477 3773 morte:
2508 3716 2867 3787 prrecepitque
2912 3716 3131 3771 beatum
3178 3718 3468 3782 diaconum

1898 3811 2223 3865 Archelaum
2274 3811 2399 3865 duci
2457 3810 2525 3863 ad
2562 3823 2749 3862 arcum
2795 3817 2921 3863 ante
2972 3810 3264 3871 theatrum,
3287 3809 3469 3881 ibique

1899 3886 2091 3971 capitis
2119 3917 2333 3971 poenam
2364 3900 2660 3964 sustinere;
2692 3898 2779 3952 cui
2818 3900 3000 3954 cervix
3032 3899 3225 3955 eodem
3262 3890 3468 3956 inloco

1899 3992 2139 4048 abscissa
2176 4003 2276 4048 est.
2322 3992 2541 4045 Beatum
2588 3990 3042 4044 vero~Maximum
3086 3992 3153 4046 ad
3177 3973 3465 4048 ‘carcerem

1899 4082 2103 4150 rejecit.
2132 4082 2303 4136 Noctu
2337 4089 2514 4133 autem
2546 4077 2609 4130 B.
2642 4080 2922 4149 presbyter
2950 4079 3217 4134 Eusebius
3252 4081 3466 4147 collegit

1900 4188 2095 4240 corpus
2121 4152 2263 4226 beati
2291 4169 2561 4230 Archelai,
2591 4177 2645 4222 ct
2675 4171 2727 4222 in
2761 4185 2892 4239 agro
2924 4171 3186 4239 sepelivit.
3223 4170 3301 4224 Ad
3328 4173 3463 4235 base,

1903 4260 2101 4312 milites
2144 4262 2303 4309 etiam
2341 4258 2434 4322 qui
2489 4254 2651 4322 Opera
2701 4256 2762 4310 Β.
2818 4257 3035 4313 Maximi
3080 4262 3137 4313 in
3186 4262 3461 4317 Christum

1906 4348 2282 4403 crediderant,
2336 4344 2451 4410 pari
2504 4346 2694 4399 mortis
2734 4362 2928 4413 genere
2972 4354 3275 4419 consumpti
3312 4362 3458 4407 sunt.

1909 4434 2064 4499 Quod
2102 4447 2223 4486 cum
2272 4430 2471 4483 factum
2520 4432 2815 4499 accepisset
2866 4434 3164 4499 Romulus,
3214 4444 3463 4511 praecepit

248 4525 445 4593 perdas
475 4525 877 4593 imperatorium
914 4526 1097 4588 decus,
1133 4527 1479 4596 natalitiaque
1503 4537 1591 4581 tua
1625 4530 1801 4596 splcn-
1834 4554 1879 4608 Β
1909 4523 2089 4578 statim
2135 4528 2205 4572 ut
2244 4519 2413 4572 sancti
2460 4532 2723 4588 martyres
2776 4521 3041 4576 Maximus
3094 4527 3366 4595 presbyter
3409 4539 3463 4586 et

248 4618 375 4671 dida
425 4617 702 4673 ohscures.
752 4618 888 4671 Tum
944 4610 1355 4688 beata..Chryse
1411 4620 1745 4702 respondens
1787 4637 1801 4673 :

246 4708 363 4778 Ego
387 4711 588 4781 potius,
632 4708 825 4778 inquit,
870 4708 1153 4763 obscuravi
1185 4710 1476 4771 daemones,
1523 4711 1614 4779 qui
1642 4698 1804 4765 vobis

248 4802 519 4863 illudunt,
552 4814 616 4854 ac
663 4800 889 4854 desertis
933 4800 1184 4855 inanibus
1230 4800 1387 4860 idolis
1440 4801 1802 4864 manuiactis,

243 4892 471 4963 cognovi
502 4908 668 4959 unum
700 4892 865 4947 Deum
908 4894 1111 4958 vivum,
1142 4901 1195 4945 et
1232 4906 1439 4952 verum,
1478 4900 1531 4943 et
1564 4890 1803 4956 unigeni-

246 4997 361 5041 tum
390 4985 583 5039 Ftlium
633 4972 751 5052 ejus
782 4982 1067 5036 Dominum
1116 4992 1358 5037 nostrum
1416 4981 1598 5039 Jesum
1643 4979 1800 5032 Chri-

246 5087 414 5140 stum,
445 5076 540 5145 qui
580 5076 776 5139 veniet,
821 5084 881 5128 ut
918 5075 1124 5141 judicet
1156 5074 1305 5125 vivos
1348 5082 1400 5123 et
1443 5079 1705 5127 mortuos,
1738 5082 1801 5120 ac

209 5200 212 5202 η
243 5179 453 5239 patrem
498 5176 651 5222 tuum
684 5164 959 5229 diabolum
1006 5178 1107 5216 una
1142 5178 1264 5215 cum
1311 5160 1535 5213 Claudio
1568 5160 1800 5224 impera-

240 5269 364 5315 tore
394 5260 447 5313 in
486 5259 735 5313 tenebras
775 5254 1103 5310 amandabit.
1136 5250 1323 5319 Ulpius
1353 5248 1612 5300 Romulus
1653 5248 1800 5300 vica-

243 5351 361 5407 rius
392 5349 527 5404 dixit
560 5367 574 5403 :
602 5347 831 5415 Decepta
875 5354 958 5400 est
1004 5344 1104 5397 ista
1152 5356 1243 5410 per
1296 5340 1557 5407 magicam
1608 5347 1796 5403 artem,

244 5440 457 5510 ipsique
483 5440 559 5494 ait
589 5456 603 5493 ι
636 5437 956 5505 Derelinque
1004 5432 1215 5489 tandem
1265 5429 1572 5497 hujusmodi
1604 5443 1795 5496 nugas,

243 5544 303 5590 et
328 5536 549 5591 consule
593 5535 774 5605 generi
820 5542 930 5587 tuo.
972 5532 1038 5587 At
1077 5532 1231 5585 beata
1260 5527 1463 5598 Chryse
1508 5524 1801 5579 insumavit

202 5634 205 5635 ⁷
246 5627 305 5682 iu
347 5625 541 5681 faciem
577 5626 754 5687 illius,
799 5624 986 5677 dicens
1024 5640 1035 5675 :
1069 5608 1230 5675 Miser
1256 5660 1269 5683 ,
1322 5620 1367 5673 si
1406 5632 1600 5683 nosses
1634 5615 1799 5670 Deum

243 5717 548 5774 οὔθασι-ειη
592 5716 717 5770 caeli
762 5722 816 5768 et
840 5723 1013 5775 terrae,
1058 5730 1166 5769 non
1196 5713 1379 5780 utique
1409 5726 1503 5764 ore
1534 5720 1627 5762 tuo
1660 5707 1802 5760 blas-

245 5794 515 5880 phemiam
565 5805 907 5877 protulisses.‘
949 5805 1098 5859 Tunc
1150 5818 1278 5860 vero
1333 5804 1501 5856 iratus
1546 5800 1797 5862 vicarius,

1910 4613 2167 4682 Cyriacus
2210 4610 2497 4677 episc0pus
2546 4610 2600 4663 in
2643 4624 2857 4664 carcere
2887 4612 3059 4677 capite
3084 4612 3243 4677 plexl,
3274 4630 3465 4674 eorum

1910 4715 2133 4770 corpora
2157 4701 2210 4754 in
2240 4714 2390 4753 mare
2420 4698 2835 4769 projicerentur.
2864 4699 2993 4763 Qua:
3021 4714 3143 4751 cum
3177 4701 3471 4761 invenisset

1909 4794 2100 4847 hcatus
2128 4791 2395 4856 Eusebius
2423 4790 2722 4860 presbyter,
2754 4790 2938 4843 sedulo
2960 4788 3191 4858 collegit,
3211 4800 3372 4859 atque
3401 4797 3469 4849 ad

1909 4883 2075 4938 maris
2106 4883 2257 4937 littus
2291 4898 2455 4953 prope
2481 4881 2781 4937 Ostiensem
2816 4870 2999 4932 urbem
3035 4878 3086 4930 in
3120 4894 3250 4947 agro
3278 4885 3471 4951 sepeli-

1906 4974 2006 5036 vit,
2046 4972 2270 5042 ipsaque
2300 4973 2351 5025 in
2382 4973 2565 5026 eadem
2598 4972 2791 5025 vicinia
2822 4970 2875 5021 in
2913 4976 3097 5035 crypta
3134 4970 3387 5037 deposuit
3414 4989 3465 5025 a.

1906 5063 1959 5118 (1.
1995 5078 2048 5116 v1
2094 5062 2168 5117 Id.
2216 5063 2444 5132 Augusti
2495 5063 2574 5113 via
2624 5057 2877 5113 Ostiensi.
2914 5054 3211 5110 Taurinum
3251 5075 3376 5111 vero
3415 5070 3470 5114 et

1907 5153 2291 5209 ilerculianum
2341 5154 2392 5206 in
2432 5151 2597 5205 Portu
2632 5150 2873 5202 Romano
2903 5142 3223 5200 recondidit.
3262 5148 3466 5213 Quarto

1905 5245 2248 5312 postmodum
2286 5243 2370 5311 die
2402 5240 2605 5294 invenit
2642 5251 2866 5305 corpora
2904 5244 3218 5289 czeterorum
3252 5246 3469 5291 sancto-

1904 5352 2033 5391 rum
2056 5337 2120 5390 ad
2153 5334 2319 5388 maris
2360 5334 2509 5385 littus
2540 5331 2728 5398 ejecta,
2776 5334 2828 5379 et
2865 5326 3075 5380 beatum
3122 5326 3466 5383 Theodorum

1907 5429 2184 5481 tribunum
2217 5423 2463 5491 deposuit
2510 5421 2562 5473 in
2606 5417 2919 5472 testudine:
2955 5418 3119 5472 simul
3162 5430 3339 5472 autem
3379 5434 3483 5471 rem

1906 5519 2082 5587 iiquos
2115 5530 2304 5569 omnes
2332 5513 2561 5580 collegit,
2593 5524 2791 5576 eosque
2818 5509 2971 5577 juxta
3011 5520 3196 5565 sancta
3239 5524 3470 5578 corpora

1906 5617 2203 5678 martyrum
2237 5604 2531 5662 sociorum,
2567 5599 2778 5667 Cyriaci
2806 5609 2859 5651 et
2890 5599 3129 5662 Maximi,
3151 5602 3427 5667 deposuit.

1975 5701 2063 5753 ill.
2104 5698 2304 5764 Quinto
2334 5704 2511 5749 autem
2538 5691 2621 5743 die
2650 5692 2899 5759 praecepit
2938 5691 3201 5745 Romulus
3236 5702 3289 5745 ut
3321 5693 3464 5745 exhi-

1906 5795 2117 5849 beretur
2154 5793 2304 5845 beata
2335 5786 2555 5849 Chryse,
2605 5798 2722 5849 qua:
2769 5791 2828 5835 ut
2862 5784 2912 5835 iu
2946 5792 3287 5850 conspectum
3322 5797 3458 5851 pra:-
