4118 6186
1738 886 2715 1023 ELENCHUS

705 1368 1215 1455 OPERUM
1274 1369 1550 1483 QUIE
1605 1371 1727 1457 IN
1787 1370 2036 1462 HOC
2093 1373 2722 1464 VOLUMINE
2797 1372 3745 1458 CONTINENTUR.

1065 1806 3140 1862 «6%—

728 2296 821 2357 De
848 2293 1166 2358 Trinitate
1190 2293 1337 2360 libri
1366 2293 1725 2359 duodecim.

732 2398 927 2459 Liber
958 2397 1035 2459 de
1057 2397 1327 2480 Synodis
1362 2416 1479 2461 seu
1506 2399 1662 2461 Fide
1696 2398 2150 2462 Orientalium.

725 2499 1147 2579 Apologetica
1179 2499 1261 2564 ad
1289 2500 1792 2579 reprehensores
1825 2501 1972 2563 libri
2014 2503 2093 2563 de
2130 2498 2401 2582 Synodis
2438 2511 2774 2579 responsa.

725 2598 959 2665 Hilarii
990 2599 1264 2677 epistola
1292 2598 1374 2662 ad
1402 2601 1643 2665 Abram
1676 2601 1878 2664 tiliam
1913 2617 2121 2667 suam.

722 2696 1017 2777 Hymnus
1047 2698 1254 2761 eidem
1287 2700 1370 2762 ab
1404 2699 1629 2763 eodem
1657 2701 1918 2764 missus.

721 2799 1017 2863 Censura
1045 2801 1315 2864 alterius
1347 2801 1571 2883 hymni
1596 2803 1849 2867 Hilario
1884 2819 2224 2884 perperam
2256 2801 2504 2865 tributi.

720 2901 900 2964 Libri
926 2904 1056 2964 duo
1085 2902 1166 2965 ad
1199 2903 1647 2968 Constantium
1675 2906 2069 2988 Augustum.

722 3004 919 3066 Liber
947 3006 1175 3067 contra
1209 3003 1686 3067 Constantium.

718 3106 915 3167 Liber
953 3110 1183 3169 contra
1210 3105 1488 3169 Arianos
1518 3107 1621 3168 vel
1654 3107 2079 3169 Auxentium.

723 3208 1101 3283 Quindecim
1126 3209 1517 3290 Fragmenta
1544 3230 1629 3275 ex
1659 3210 1871 3291 Opere
1898 3212 2248 3279 Historico.

719 3311 1110 3390 Fragmenta
1139 3330 1223 3374 ex
1249 3311 1396 3375 aliis
1426 3312 1489 3374 S.
1525 3312 1755 3375 Hilarii
1794 3312 2124 3393 operibus.

720 3412 786 3474 S.
815 3411 1045 3474 Hilarii
1081 3412 1374 3491 Epistola
1410 3432 1525 3479 seu
1561 3413 1845 3482 Libellus
1872 3432 2020 3477 cum
2057 3414 2428 3492 praefatione
2459 3418 2523 3480 et
2549 3413 3139 3481 dissertationibus.

724 3513 947 3575 Sermo
970 3514 1043 3574 B.
1080 3513 1311 3577 Hilarii
1336 3514 1414 3577 de
1440 3515 1844 3579 dedicatione
1877 3515 2186 3579 ccclesiaa.

722 3620 916 3683 Liber
941 3619 1018 3682 de
1048 3619 1193 3682 Filii
1226 3622 1292 3682 et
1316 3620 1525 3683 Patris
1559 3620 1837 3683 Unitate.

718 3720 912 3783 Liber
940 3719 1018 3781 de
1046 3719 1346 3782 Essentia
1372 3720 1579 3784 Patris
1606 3723 1670 3784 et
1695 3720 1869 3782 Filii.

720 3819 970 3883 Nicolai
995 3818 1188 3883 Fabri
1218 3819 1285 3881 in
1316 3819 1706 3901 Fragmenta
1732 3820 1963 3885 Hilarii
1995 3820 2305 3903 praefatio.

722 3920 922 3984 Index
948 3937 1167 3983 rerum
1193 3922 1256 3982 et
1283 3921 1776 3989 sententiarum.

721 4022 925 4088 Index
955 4024 1356 4092 Glossarum.
1824 4010 1825 4013 ‘

3297 2294 3426 2354 col.

3614 2395 3731 2455 1571

3568 2556 3571 2557 ν
3607 2495 3737 2556 5ῐι6

3610 2596 3739 2658 5ῐι7

3602 2699 3721 2760 551

3601 2799 3732 2859 553

3597 2902 3778 2969 Ibid.

3594 3002 3721 3063 571

3592 3104 3724 3166 605

3590 3208 3721 3268 619

3579 3309 3713 3373 725

3586 3412 3719 3473 727

3584 3516 3718 3577 877

3573 3819 3759 3882 Ibid.

3581 3921 3710 3982 915

3542 4020 3705 4083 1οη
