4118 6186
121 6000 295 6095 μέν

839 447 1011 570 ΙΝ
1108 440 1732 571 LIBROS
1824 445 2067 568 DE
2158 442 3093 574 TRINITATE

1501 699 2410 808 PRIEFATIO.

1781 901 2162 961 συηᾶωο

387 1027 426 1082 Ι.
482 1026 551 1081 Hi
594 1026 712 1082 libri
755 1024 1041 1080 Athanasio
1075 1026 1348 1098 adscripti.
1409 1027 1663 1092 Quantam
1704 1025 1911 1080 Hilario
1939 1028 1987 1086 A
2017 1025 2207 1082 Trinit.
2237 1043 2357 1099 cap.
2387 1030 2474 1097 10,
2507 1032 2600 1087 sed
2628 1048 2656 1086 a
2680 1032 2836 1087 titulo
2859 1031 3146 1091 indicando
3177 1039 3463 1110 utrobique
3484 1042 3608 1098 abs—

316 1121 520 1174 laudem
538 1119 840 1190 pepererint.
863 1149 930 1158 -
947 1119 1230 1188 Temporis
1243 1118 1582 1188 dispendium
1610 1117 1786 1173 facere
1801 1134 1912 1172 me-

314 1213 785 1280 ritojndicaretur,
803 1211 892 1282 qui
912 1211 963 1265 in
994 1209 1078 1265 his
1109 1211 1258 1265 libris
1282 1211 1487 1264 auctori
1513 1226 1610 1264 suo
1632 1210 1903 1264 vindican-

312 1302 398 1358 dis
439 1302 570 1357 illud
599 1312 962 1357 consumeret.
1010 1302 1270 1369 Quamvis
1306 1301 1448 1355 enim
1489 1317 1582 1354 eos
1616 1299 1915 1356 Athanasio

319 1397 628 1469 adscriptos
674 1397 942 1468 quondam
1008 1395 1241 1450 viderint
1279 1395 1563 1466 Philippus
1603 1395 1757 1450 home
1788 1394 1915 1464 Spei

315 1489 500 1545 Abbas
528 1501 579 1545 et
628 1489 865 1546 Joannes
901 1490 1120 1558 quidam
1145 1489 1315 1558 ipsius
1355 1490 1576 1559 wtlualis
1604 1499 1659 1544 et
1687 1491 1914 1555 amicus,

317 1585 443 1640 illos
465 1597 640 1640 tamen
670 1584 741 1638 ab
771 1583 976 1638 Hilario
1005 1585 1273 1653 profectos
1302 1600 1423 1639 esse
1445 1600 1508 1639 ex
1542 1584 1912 1654 castigatior-i-

317 1676 420 1731 bus
462 1677 792 1732 membranis
831 1676 1170 1747 postmodum
1205 1687 1558 1746 agnoverunt.
1606 1678 1718 1744 Qua
1756 1677 1915 1731 etiam

317 1770 374 1823 iu
427 1785 486 1823 re
531 1779 680 1824 tanto
710 1784 980 1824 consensu
1012 1769 1112 1822 sibi
1141 1767 1382 1822 concinit
1438 1771 1739 1838 priscorum
1776 1779 1917 1823 tein-

315 1875 512 1931 porum
556 1860 729 1915 omnis
759 1869 912 1924 astas,
956 1869 1012 1913 tit
1054 1859 1184 1914 nihil
1225 1861 1448 1923 certius,
1501 1861 1631 1914 nihil
1669 1863 1922 1929 explora-

318 1953 427 2008 tius
457 1969 482 2004 ιι
538 1952 830 2023 majoribus
863 1953 1255 2022 acceperimus.
1299 1951 1529 2021 Propter
1562 1953 1658 2006 hos
1688 1968 1918 2022 praeser-

319 2048 413 2102 tim
454 2045 624 2101 libros
668 2061 789 2100 eam
845 2044 1080 2099 Hilarius
1134 2045 1275 2115 apud
1322 2060 1513 2100 omnes
1539 2060 1661 2100 cum
1701 2044 1920 2098 Latinos

321 2150 430 2192 tum
459 2137 680 2194 GI'IECOS
711 2137 1007 2206 promeruit
1049 2137 1312 2204 scientiae,
1365 2138 1512 2204 fidei,
1561 2145 1617 2191 et
1657 2138 1923 2206 eloquen—

321 2237 406 2286 tia:
434 2231 673 2295 laudem,
706 2241 785 2297 ut,
827 2230 970 2301 quod
1003 2231 1160 2286 valde
1183 2247 1391 2289 rarum.
1423 2232 1586 2284 etiam
1628 2231 1695 2284 ab
1724 2229 1923 2286 adver-

317 2325 477 2380 sariis
506 2324 622 2394 ejus
661 2323 824 2378 iidem
857 2324 975 2378 libri
1009 2339 1357 2393 summopere
1391 2323 1592 2380 fuerint
1640 2339 1920 2379 commen-

2016 1118 2168 1173 tinet.
2222 1121 2326 1175 Eos
2357 1138 2570 1194 quoque
2618 1125 2685 1178 ab
2734 1128 3020 1184 Ambrosio
3070 1131 3226 1184 tritos
3275 1131 3438 1188 fuisse
3491 1151 3614 1204 per-

2016 1211 2306 1267 suademur
2340 1221 2420 1270 vel
2455 1232 2520 1270 ex
2549 1218 2735 1285 primis
2767 1221 2933 1289 ipsius
2963 1221 3030 1276 de
3050 1220 3180 1276 Fide
3210 1222 3383 1292 libris,
3416 1226 3467 1279 in
3497 1228 3618 1294 qui-

2019 1303 2118 1358 bus
2152 1307 2296 1373 plura
2323 1307 2387 1360 ad
2422 1308 2611 1364 borum
2637 1310 2823 1366 Hilarii
2857 1314 3114 1368 librorum
3143 1316 3494 1373 imitationem
3519 1335 3610 1374 es.

2021 1411 2206 1464 pressa
2252 1399 2543 1454 identidem
2594 1402 2943 1459 advertimus.
2977 1406 3237 1472 Quamvis
3278 1410 3422 1465 enim
3463 1427 3524 1467 ea
3561 1413 3612 1467 in

2019 1492 2295 1560 proprium
2350 1494 2546 1564 stylum
2578 1497 2941 1560 converterit,
2985 1499 3160 1555 adhuc
3186 1509 3365 1557 tamen
3395 1516 3619 1574 apparet

2019 1583 2162 1638 unde
2189 1585 2421 1640 delibata
2462 1587 2590 1642 sint.
2643 1589 2852 1657 Atcum
2909 1607 3005 1658 pro
3043 1607 3194 1647 more
3235 1610 3301 1648 ne
3347 1611 3472 1650 eum
3499 1596 3621 1666 qui-

2020 1674 2143 1730 dem
2179 1677 2440 1744 nominet,
2475 1693 2506 1732 e
2550 1680 2702 1748 cujus
2747 1681 3214 1739 lucubrationibus
3245 1687 3502 1756 profecit,
3536 1689 3621 1746 ni-

2027 1769 2102 1822 hil
2126 1769 2281 1823 abeo
2314 1769 2596 1837 habemus,
2653 1772 2794 1828 unde
2825 1775 2980 1830 nobis
3023 1786 3239 1832 constet
3292 1780 3435 1848 quod
3475 1797 3626 1848 qua:-

2022 1859 2179 1913 ritur.
2232 1859 2342 1914 Nisi
2383 1863 2523 1917 forte
2555 1864 2796 1919 dicamus
2844 1881 2968 1920 eum
3027 1874 3191 1922 etiam
3241 1885 3397 1926 suum
3427 1872 3492 1928 de
3519 1875 3622 1941 ﬁde

2025 1952 2240 2007 titulum
2295 1955 2363 2008 ab
2415 1955 2618 2010 Hilario
2664 1958 3051 2027 assumpsisse.
3097 1962 3434 2033 Quamquam
3481 1966 3625 2022 hunc

2026 2046 2384 2116 ipsiquodam
2428 2049 2588 2104 modo
2639 2051 3034 2122 prarscripsisse
3064 2055 3278 2112 videtur
3330 2057 3628 2129 imperator

2025 2137 2337 2195 Gratianus.

2099 2233 2185 2288 Ill.
2221 2233 2289 2289 In
2314 2235 2410 2288 hoc
2435 2252 2537 2290 non
2566 2238 2727 2308 magis
2757 2241 3076 2294 consentiunt
3106 2259 3226 2296 mss.
3252 2273 3322 2283 —
3340 2243 3526 2314 Neque
3555 2262 3621 2302 ex

2023 2327 2257 2396 antiquis
2323 2328 2723 2397 exemplaribus
2774 2331 3064 2400 quidquam
3109 2333 3276 2403 magis
3323 2336 3458 2390 certi
3513 2346 3623 2391 sla-

319 2419 449 2472 dati.
478 2418 569 2474 Sic
611 2418 755 2473 enim
778 2433 848 2472 ex
895 2416 1042 2487 vulgi
1091 2416 1228 2469 fama
1271 2425 1526 2470 testatum
1575 2417 1792 2486 reliquit
1824 2417 1925 2471 So—
1956 2419 2003 2479 B
2033 2422 2109 2476 tui
2169 2430 2351 2491 queat.
2416 2421 2472 2475 In
2515 2423 2902 2477 vetustioribus
2951 2427 2994 2478 si
3025 2426 3242 2496 quidem
3286 2428 3630 2484 desideratur

318 2525 580 2566 zomenns
610 2511 702 2564 lib.
739 2526 815 2575 ιιι,
846 2525 967 2580 cap.
1000 2510 1066 2564 H
1095 2526 1108 2563 :
1152 2507 1346 2562 Hilarii
1375 2520 1544 2563 autem
1577 2510 1732 2564 libros
1763 2510 1826 2565 de
1860 2511 1922 2578 ﬁ-

329 2602 416 2669 de,
451 2602 605 2656 etiam
648 2601 711 2656 ab
740 2602 804 2655 iis
851 2602 938 2670 qui
985 2603 1297 2654 contrariam
1348 2603 1620 2655 tuebantur
1657 2602 1925 2656 catholica:

318 2697 444 2764 ﬁdei
483 2695 794 2767 Opinionem,
845 2695 1126 2748 admodum
1170 2695 1550 2749 commendatos
1595 2709 1704 2748 esse
1731 2694 1923 2765 pra'di-

252 2805 274 2822 ·
319 2797 458 2842 cant.

392 2883 457 2937 ll.
491 2879 615 2936 Non
637 2897 739 2935 una
765 2881 963 2935 ratione
982 2878 1044 2932 ab
1067 2878 1290 2948 antiquis
1320 2877 1766 2932 inscribuntur.—
1803 2875 1922 2932 Non

323 2978 394 3032 ita
438 2986 692 3032 constans
721 2985 804 3031 est
844 2984 1086 3030 veterum
1119 2975 1169 3028 in
1203 2975 1266 3029 iis
1296 2973 1658 3029 inseribendis
1687 2988 1923 3029 consen-

317 3072 423 3125 sio.
473 3069 835 3140 llieronymus
878 3069 948 3126 de
988 3069 1188 3138 Script.
1217 3067 1351 3122 eccl.
1378 3066 1430 3121 in
1459 3065 1713 3121 Marcello
1740 3077 1790 3121 et
1823 3065 1921 3119 Hi-

318 3163 480 3231 lario,
520 3173 674 3219 vetus
715 3163 897 3219 Codex
958 3178 1225 3218 canonum
1260 3160 1517 3217 Ερειθμὶω
1563 3161 1824 3216 Romana:
1869 3177 1920 3216 e.

314 3255 414 3323 4H,
447 3265 500 3311 et
526 3257 642 3311 Ado
675 3255 997 3312 Viennensis
1028 3256 1080 3309 in
1122 3254 1397 3309 Chronice
1419 3269 1516 3309 eos
1559 3264 1739 3307 contra
1767 3253 1921 3306 Aria-

315 3367 412 3404 nos
463 3350 784 3404 inscribunt.
835 3348 1072 3403 Eosdem
1118 3347 1182 3401 de
1203 3347 1307 3416 ﬁde
1334 3345 1610 3416 appellant
1637 3343 1730 3399 alii
1762 3345 1924 3415 longe

318 3445 506 3512 plures
553 3457 804 3508 numero,
847 3451 902 3496 et
931 3441 1254 3496 auctoritate
1281 3455 1390 3494 non
1433 3437 1741 3492 inferiores.
1775 3438 1923 3504 Quos

316 3537 462 3592 inter
491 3534 890 3607 prtecipuisunt
922 3533 1150 3588 Rufinus
1181 3532 1275 3586 lib.
1308 3547 1325 3585 ι
1351 3531 1476 3586 hist.
1495 3546 1614 3601 cap.
1661 3530 1723 3584 51
1751 3545 1766 3596 ;
1797 3532 1924 3583 Cas-

317 3628 504 3683 sianus
537 3628 630 3683 lib.
676 3643 745 3681 vn
777 3625 849 3680 de
879 3624 991 3680 Inc.
1022 3639 1072 3678 c.
1099 3623 1203 3689 εις
1237 3622 1348 3678 Leo
1396 3622 1539 3692 Papa
1570 3622 1731 3692 epist.
1785 3621 1922 3676 alias

317 3721 410 3789 97,
438 3737 487 3776 c.
537 3722 592 3787 5,
644 3720 832 3776 Patres
860 3719 1074 3773 concilii
1117 3717 1581 3773 Chalcedonensis
1626 3719 1744 3772 Act.
1775 3717 1831 3782 ‘2,
1865 3733 1918 3786 p.

2027 2512 2330 2581 inscriptio,
2377 2529 2497 2583 qua:
2542 2514 2597 2569 in
2629 2515 2748 2569 aliis
2769 2516 2832 2570 de
2855 2515 3007 2583 Fide,
3043 2518 3093 2572 in
3120 2520 3240 2573 aliis
3267 2521 3331 2575 de
3351 2519 3624 2590 Trinitate,

2025 2607 2080 2662 in
2124 2607 2506 2662 Vindocinensi
2555 2607 2619 2661 de
2667 2609 2769 2676 ﬁde
2813 2621 3005 2664 sanch
3061 2610 3334 2666 Trinitatis
3380 2614 3625 2669 adversus

2024 2697 2266 2763 Arianos,
2307 2698 2500 2769 quibus
2535 2699 2586 2752 in
2630 2699 2953 2770 Remigiano
2999 2701 3240 2767 additur,
3291 2705 3369 2758 vel
3411 2715 3622 2759 cazteros

2025 2789 2313 2853 Iucreticos,
2359 2791 2410 2843 in
2468 2789 2778 2844 Telleriano
2834 2799 3014 2846 autem
3059 2793 3121 2845 de
3154 2793 3403 2849 Trinitate
3439 2808 3620 2850 contra

2024 2897 2196 2935 omnes
2227 2884 2442 2936 hwreses
2494 2889 2844 2950 praenotatur.
2878 2884 2982 2938 Sed
3013 2885 3239 2953 insignis
3262 2902 3374 2956 pra:
3407 2890 3624 2944 caneris

2029 2974 2081 3027 in
2111 2973 2431 3029 Corbeiensi
2462 2988 2621 3044 atque
2661 2976 2834 3030 altero
2859 2994 2889 3032 e
2914 2976 3228 3033 Sorbonicis
3261 2980 3374 3033 haec
3400 2978 3630 3036 habetur

2026 3067 2356 3137 epigraphe:
2403 3067 2506 3121 Hic
2549 3069 2720 3122 insunt
2768 3069 2884 3122 libri
2934 3068 3126 3123 Hilarii
3163 3071 3391 3141 episcopi
3416 3087 3628 3126 numero

2030 3173 2128 3224 xu,
2161 3174 2285 3228 quos
2307 3159 2358 3212 in
2382 3159 2562 3212 exsilio
2581 3159 2905 3230 conscripsit,
2929 3160 3113 3214 missus
3141 3161 3350 3231 (scil.in
3364 3163 3627 3234 exsilium)

2026 3253 2088 3307 ab
2115 3253 2368 3307 Itan-elicis
2398 3253 2601 3306 Arianis
2627 3262 2836 3323 propter
2867 3253 3070 3306 deitatis
3126 3255 3374 3308 unitatem
3416 3253 3631 3308 Domini

2025 3343 2156 3399 Jesu
2204 3342 2396 3398 Christi
2439 3361 2554 3398 cum
2605 3343 2784 3398 Patre.
2819 3343 3120 3398 Bcatissime
3150 3345 3409 3418 presbyter
3430 3346 3629 3402 Barba-

2024 3441 2104 3494 rio
2128 3441 2182 3493 in
2207 3439 2408 3494 Christo
2445 3437 2571 3493 Jesu
2600 3437 2821 3492 Domino
2861 3449 3033 3493 nostro
3068 3450 3205 3495 utere
3228 3441 3356 3512 felix
3386 3458 3499 3494 cum
3525 3458 3628 3494 ont-

2026 3532 2171 3586 nibus
2198 3532 2316 3586 tuis.
2341 3530 2518 3597 Fides,
2538 3548 2671 3601 spes,
2703 3532 2924 3586 c/iaritas
2951 3544 3154 3587 maneat
3176 3534 3228 3585 in
3253 3533 3492 3588 cordibus
3507 3536 3630 3588 hos-

2023 3627 2135 3680 tris.
2183 3626 2460 3693 Eamdem,
2497 3627 2676 3694 paucis
2699 3628 2934 3694 mutatis,
2984 3626 3388 3698 inscriptionem
3419 3645 3525 3698 prae
3568 3646 3628 3684 se

2025 3718 2130 3773 fert
2153 3718 2500 3773 Pratellensis
2519 3719 2712 3784 codex,
2765 3720 2816 3773 in
2847 3735 3020 3790 eoque
3044 3736 3160 3790 pro,
3192 3720 3321 3791 felix
3357 3738 3473 3775 cum
3517 3740 3627 3776 om-

319 3813 430 3868 ’557
455 3811 868 3877 :ThCOdoretus
902 3811 1038 3866 Dial.
1066 3826 1126 3875 ιι,
1159 3825 1213 3880 p.
1241 3807 1376 3874 106;
1409 3807 1668 3863 Leontius
1694 3807 1918 3878 Byzant.
1951 3812 1997 3875 C
2028 3813 2174 3866 nibus
2201 3814 2321 3878 tuis,
2351 3813 2530 3884 legere
2560 3822 2660 3879 est,
2691 3813 2818 3883 felix
2845 3815 3195 3870 curationibus
3221 3819 3343 3872 tuis.
3377 3817 3622 3872 Nonnul-

320 3908 421 3963 lib.
457 3919 688 3962 tcontra
733 3906 1044 3962 Nestorium
1079 3916 1132 3960 et
1165 3905 1396 3976 Eutych.
1443 3905 1532 3958 ubi
1562 3904 1822 3958 Hilarium
1867 3913 1923 3958 ut

321 4015 390 4057 ex
416 4001 649 4057 Niczenaa
679 3999 874 4071 synodi
905 3999 1156 4054 Patribus
1187 4014 1350 4053 unum
1384 3997 1521 4052 falso
1553 3997 1917 4051 commendat.

325 4094 510 4167 Neque
541 4096 648 4150 alio
688 4109 784 4150 eos
816 4094 972 4148 titulo
1001 4092 1223 4148 laudant
1269 4091 1528 4146 Alcuinus
1557 4099 1744 4144 contra
1775 4087 1924 4143 Feli-

321 4201 443 4243 cem
472 4187 564 4242 lib.
604 4203 692 4252 IV;
743 4185 1072 4240 Batramnus
1101 4183 1265 4238 Corb.
1299 4182 1486 4253 Spicil.
1514 4192 1552 4236 t.
1587 4197 1674 4246 vn,
1708 4195 1762 4250 p.
1792 4179 1918 4244 555,

320 4279 556 4335 Joannes
607 4280 876 4334 Diaconos
913 4277 1306 4332 commentario
1351 4273 1590 4329 nondum
1621 4275 1839 4343 vulgato
1868 4271 1920 4325 in

323 4372 772 4436 Pentateuclium,
791 4381 845 4427 et
875 4368 1196 4425 llincmarus
1225 4371 1291 4423 de
1317 4367 1643 4424 Prredestin.
1669 4383 1790 4436 cap.
1819 4365 1914 4421 25.

321 4465 529 4534 Quibus
563 4472 750 4534 aperte
777 4459 1104 4532 suﬂragatur
1148 4459 1337 4517 Oratio
1368 4460 1496 4515 oliui
1549 4459 1693 4514 inter
1732 4473 1918 4514 sacro-

323 4567 508 4614 sancta
549 4558 727 4612 Missae
757 4554 1019 4610 sacriﬁcia
1059 4553 1112 4608 in
1141 4553 1314 4608 Natali
1340 4554 1396 4610 S.
1431 4551 1618 4608 llilarii
1649 4553 1751 4622 legi
1785 4551 1918 4606 soli-

326 4663 402 4713 ta,
452 4653 501 4704 in
530 4666 632 4720 qua
683 4649 941 4704 habetur:
996 4647 1158 4713 Deus,
1209 4648 1298 4718 qui
1339 4649 1538 4717 infusus
1587 4646 1743 4700 corde
1793 4645 1922 4699 beati

327 4744 522 4798 Hilarii
569 4744 828 4806 antistitis,
857 4743 1001 4813 quasi
1028 4743 1092 4795 de
1133 4753 1218 4796 tuo
1266 4741 1476 4809 templo,
1507 4756 1650 4796 t-‘tDEt
1677 4757 1924 4811 responsa

325 4837 539 4903 dedisti,
569 4846 674 4890 etc.
693 4835 812 4902 Quo
833 4837 994 4890 etiam
1029 4834 1268 4888 alludere
1299 4833 1510 4888 videtur
1540 4841 1596 4886 et
1621 4832 1923 4886 benedictio

325 4928 379 4982 in
434 4929 754 4998 perantiquo
809 4924 1109 4978 Pontiﬁcali
1159 4925 1415 4978 Ecclesiae
1467 4922 1812 4977 Ebroicensis
1855 4921 1921 4976 ad

323 5021 435 5078 kal.
494 5021 628 5075 Nov.
678 5021 734 5076 in
763 5019 934 5074 Natali
976 5020 1033 5072 S.
1088 5018 1272 5072 Hilarii
1304 5024 1638 5086 praiiiotata:
1675 5015 1758 5070 Sit
1785 5014 1924 5086 apud

326 5128 373 5170 te
403 5132 498 5186 pro
529 5113 671 5168 nobis
693 5125 954 5177 exorator,
983 5113 1069 5183 qui
1100 5121 1222 5166 tunc
1252 5120 1428 5165 contra
1457 5111 1722 5165 Iiwreticos
1751 5125 1844 5182 pro
1874 5117 1922 5163 te

2028 3906 2130 3959 lam
2184 3907 2236 3960 in
2283 3905 2643 3976 expendenda
2687 3907 2842 3961 titulo
2881 3923 3102 3977 operam
3130 3908 3398 3976 ponimus,
3433 3907 3502 3962 de
3542 3909 3624 3962 in-

2027 3998 2324 4068 scriptione
2353 3999 2468 4067 ipsa
2507 4015 2612 4052 non
2645 4007 2753 4052 tam
2785 3998 3026 4066 solliciti,
3067 4014 3226 4069 quam
3257 4008 3315 4054 ut
3346 3999 3470 4055 inde
3494 4017 3629 4055 con-

2026 4092 2206 4146 silium
2229 4092 2464 4146 auctoris
2490 4092 2826 4161 exploratum
2858 4091 3138 4146 habeatur.

2099 4183 2188 4239 IV.
2220 4183 2349 4238 Illos
2377 4201 2446 4240 ns
2472 4200 2595 4239 ι-ἰιιε
2622 4184 2891 4238 inscribere
2919 4184 3130 4238 licet.—
3161 4184 3274 4239 Etsi
3306 4199 3411 4240 non
3452 4201 3622 4256 appa-

2028 4287 2107 4331 ret
2140 4277 2306 4346 prima
2339 4277 2513 4332 fronte
2529 4292 2626 4332 cur
2649 4275 2751 4331 hoc
2779 4291 2914 4347 opus
2941 4275 3156 4355 def‘ide
3181 4277 3498 4348 inscriptum
3531 4279 3620 4347 sit;

2026 4370 2071 4422 si
2101 4378 2277 4423 tamen
2311 4369 2532 4440 propius
2562 4370 2880 4439 inSpiciatur
2909 4372 3074 4424 totius
3111 4371 3294 4440 operis
3327 4373 3482 4437 ratio,
3506 4388 3614 4426 non

2027 4459 2334 4528 diSpIieebit
2359 4463 2543 4516 titulus
2571 4463 2703 4516 satis
2751 4477 3054 4529 congruens
3077 4478 3198 4516 cum
3248 4462 3312 4517 iis
3364 4463 3536 4526 libris,
3567 4464 3622 4518 in

2027 4553 2223 4622 quibus
2254 4552 2375 4609 Filii
2403 4563 2457 4609 et
2486 4553 2662 4608 Patris
2703 4554 3260 4620 consubstantialitas,
3294 4557 3624 4625 pra‘cipuum

2028 4643 2153 4699 ﬁdei
2189 4656 2387 4700 nostra:
2417 4655 2578 4715 caput
2612 4662 2674 4700 ac
2706 4645 3153 4713 fundamentum,
3187 4647 3389 4716 ubique
3429 4664 3628 4718 propu-

2027 4747 2254 4808 gnatur;
2287 4738 2484 4808 quique
2532 4740 2598 4793 ad
2634 4741 2733 4792 hoc
2773 4740 3008 4794 maxime
3037 4747 3164 4793 sunt
3189 4742 3447 4810 suscepti,
3483 4751 3538 4794 ut
3562 4758 3626 4798 ea

2031 4830 2185 4894 fides,
2211 4830 2263 4883 in
2287 4846 2388 4898 qua
2414 4831 2583 4884 renati
2613 4846 2820 4896 sumus,
2847 4831 3013 4884 illaesa
3036 4841 3087 4886 et
3111 4833 3314 4900 integra
3331 4840 3626 4888 teneretur.

2028 4920 2213 4990 Neque
2241 4936 2370 4975 sane
2410 4922 2686 4990 probabile
2731 4923 2963 4985 videtur,
3013 4931 3087 4976 tot
3122 4933 3338 4992 tamque
3377 4924 3624 4984 diVCl‘SOS

2029 5014 2322 5083 scriptores
2366 5028 2572 5083 graecos
2598 5027 2660 5067 ac
2702 5013 2895 5066 latinos
2927 5015 2978 5066 in
3028 5015 3274 5070 eamdem
3323 5016 3626 5087 inscriptio-

2030 5121 2156 5160 nem
2207 5106 2516 5175 conspirare
2566 5106 2830 5176 potuisse,
2877 5105 2980 5160 nisi
3026 5107 3094 5161 ab
3138 5107 3367 5176 ipsmnet
3405 5121 3625 5166 auctore

327 5207 523 5260 adstitit
563 5216 817 5259 assertor:
858 5215 910 5258 ut
939 5214 986 5259 te
1033 5204 1337 5258 retribuente
1367 5204 1590 5274 populus
1619 5211 1814 5258 crescat
1843 5203 1922 5254 ιη-
1949 5204 2003 5264 1)
2030 5199 2278 5255 instituta
2306 5207 2468 5253 esset.
2491 5197 2827 5268 Coniecturae
2851 5197 2976 5254 huic
3007 5201 3293 5268 plurimum
3322 5201 3463 5256 favet
3483 5204 3627 5272 quod

329 5316 588 5364 numerus,
616 5299 751 5370 quod
795 5297 1000 5353 sudavit
1041 5313 1090 5351 IN
1119 5313 1240 5354 FIDE
1270 5297 1526 5361 sacerdos,
1557 5307 1660 5350 etc.
1690 5295 1760 5350 At
1780 5296 1922 5364 apud

333 5387 716 5448 Cassiodorum
771 5392 864 5446 lib.
915 5405 931 5444 ι
986 5389 1162 5444 lustit.
1214 5405 1262 5445 c.
1323 5390 1414 5455 16,
1448 5390 1509 5444 de
1563 5389 1816 5444 ‘Trinitnte
1847 5390 1927 5444 in-

327 5486 566 5553 scriptos
595 5501 687 5542 eos
712 5485 902 5540 videre
927 5494 1034 5550 est,
1059 5485 1431 5538 consentiente
1462 5483 1758 5538 Fortunato
1783 5482 1877 5537 lib.
1908 5499 1926 5538 ι

330 5579 467 5633 Vita:
490 5580 543 5632 S.
574 5578 785 5642 Ililarii,
824 5578 974 5646 juxta
1007 5591 1144 5647 quos
1172 5592 1202 5629 a
1230 5577 1478 5647 Philippo
1509 5577 1705 5631 abbate
1735 5577 1796 5630 de
1822 5577 1925 5645 fide

327 5670 666 5724 sanctissima:
720 5667 989 5722 Trinitatis
1036 5668 1398 5738 appellantur.
1446 5668 1638 5725 Libros
1704 5668 1923 5724 eosdem

330 5762 517 5819 laudat
545 5760 876 5834 Augustinus
919 5760 1079 5829 epist.
1125 5775 1320 5824 cuxx,
1349 5777 1406 5816 n.
1453 5760 1509 5830 5,
1557 5770 1612 5817 et
1643 5759 1738 5817 lib.
1773 5775 1828 5817 ιιι
1854 5759 1923 5816 de

282 5929 366 5987 Ὅ
899 5855 1174 5917 Ρηιιοι..
1267 5852 1355 5917 Χ.

2033 5293 2128 5347 lib.
2165 5309 2202 5357 t,
2243 5308 2297 5346 ιι.
2347 5292 2435 5357 id,
2470 5290 2705 5346 Hilarius
2743 5292 2858 5361 ipse
2887 5300 3118 5348 testatur
3145 5308 3205 5347 se
3239 5292 3306 5347 ad
3333 5295 3430 5348 hos
3459 5295 3628 5352 libros

2027 5382 2345 5441 scribendos
2387 5383 2626 5438 animum
2667 5387 2960 5454 appulisse,
3012 5395 3070 5440 ut
3103 5400 3197 5440 eos
3214 5398 3620 5457 compesceret,

2028 5481 2116 5550 qui
2165 5477 2469 5549 evangelica:
2509 5479 2628 5545 ﬁdei
2677 5486 3014 5548 corrumpunt
3061 5488 3455 5534 sacramentum.
3513 5481 3626 5536 lmo

2029 5588 2177 5627 num.
2209 5570 2300 5635 54,
2322 5575 2486 5625 totius
2509 5571 2692 5639 operis
2719 5571 2800 5624 sui
2827 5569 3060 5625 Studium
3082 5572 3136 5625 in
3166 5571 3489 5630 insinuanda
3516 5593 3625 5630 ma-

2022 5667 2164 5720 xima
2190 5675 2236 5718 et
2262 5665 2562 5735 gravissima
2596 5665 2752 5717 totius
2773 5664 2906 5743 fidei
2944 5664 3283 5735 intelligentia
3313 5669 3621 5736 ponendum

2028 5774 2152 5818 esse
2176 5759 2431 5816 declarat.
2458 5757 2613 5816 Unde
2633 5758 2725 5814 lib.
2757 5773 2815 5826 ι,
2839 5758 3058 5823 ιιιιηι.5,
3079 5761 3234 5816 totius
3261 5761 3381 5831 ﬁdei
3397 5762 3630 5820 demons-

3031 5855 3064 5917 1
