4118 6186
415 118 613 178 Ην

1600 112 1669 172 ΙΝ
1708 111 1952 172 LIBROS
1993 111 2079 169 DE
2119 110 2493 169 TBINITATE
3650 101 3720 168 12

413 237 685 292 trationem
727 242 903 305 vocat,
933 234 1192 309 quidquid
1241 249 1307 291 eo
1346 249 1521 307 usque
1562 234 1839 292 disseruit.
1872 232 2013 300 Quid
2041 232 2092 293 A
2120 231 2212 286 bus
2235 248 2412 285 eorum
2438 228 2646 302 agnitis,
2672 227 2799 300 legis
2824 237 2871 281 et
2897 226 3266 299 prapltetarum
3294 220 3446 301 atque
3465 231 3718 301 evangeli-

414 345 546 387 vero
576 329 679 384 sibi
702 330 834 386 velit
860 329 1166 404 euangelica:
1191 329 1311 398 ﬁdei
1337 338 1733 392 sacramentum,
1773 342 1894 397 cap.
1946 326 2012 380 i5

415 423 470 478 in
511 422 727 490 Matth.,
759 438 813 477 n.
846 422 901 489 6,
939 422 1177 493 explicat
1207 419 1289 476 his
1332 420 1545 477 verbis:
1576 419 1901 489 Quamquam
1945 417 2013 471 ad

410 517 535 586 ﬁdei
563 523 963 579 sacramentum,
997 514 1051 570 id
1082 522 1178 579 est,
1218 512 1287 566 ad
1316 511 1491 567 Patris
1519 522 1567 567 et
1612 510 1741 565 Filii
1771 520 1816 565 et
1840 509 2013 582 Spiri-

420 618 502 664 tus
539 609 704 663 sancti
742 609 1013 674 unitatem,
1044 614 1149 661 etc.
1182 605 1273 661 ubi
1305 605 1428 675 ﬁdei
1455 612 1830 659 sacramentum
1870 600 2012 657 idem

411 702 515 756 sibi
541 716 662 756 esse
686 700 972 770 signiﬁcat,
1018 697 1162 769 quod
1189 696 1455 751 Trinitatis
1492 693 1808 767 mysterium.
1848 694 2012 748 Milti-

422 808 543 848 mus
571 793 789 847 interim
838 790 1112 861 singulare
1166 791 1220 844 in
1249 788 1315 843 iis
1355 788 1506 843 libris
1539 787 1720 843 haberi
1753 785 2012 857 pratroci-

414 886 562 940 nium
594 883 739 939 ﬁdei.
770 883 848 938 Eo
882 897 1116 952 namque
1154 881 1337 936 statim
1386 879 1700 952 perducitur
1740 878 1875 933 liber
1903 877 2012 945 pri-

410 994 555 1047 mus,
587 988 645 1034 ut
668 978 721 1032 in
750 976 1031 1033 Dei‘rcbus
1052 990 1158 1031 non
1192 975 1428 1029 humano
1452 973 1656 1039 sensui,
1680 971 1777 1028 sed
1808 972 1901 1027 Dei
1932 971 2013 1041 ip-

411 1075 524 1131 sius
554 1073 623 1128 de
651 1086 714 1128 se
737 1070 1062 1127 testimoniis
1104 1070 1437 1127 credendum
1464 1084 1586 1125 esse
1614 1068 1844 1139 quisque
1892 1081 2013 1137 per-

412 1168 725 1225 suadeatur.
777 1166 912 1222 Tum
936 1167 1073 1221 liber
1100 1166 1290 1222 tertius
1319 1164 1447 1220 inid
1469 1179 1634 1219 unum
1659 1163 1755 1218 niti
1780 1162 2009 1229 videtur,

409 1272 469 1319 ut
506 1263 574 1319 ad
622 1262 913 1333 capiendas
957 1275 1046 1316 res
1095 1260 1305 1315 divinas
1361 1258 1636 1314 hominem
1684 1255 2012 1312 inﬁrmitatis

408 1373 523 1413 sua:
561 1356 867 1417 convincat.
896 1354 1197 1424 doceatque
1229 1353 1439 1407 nullum
1462 1351 1510 1406 ei
1536 1366 1656 1406 esse
1686 1349 1787 1404 nisi
1822 1349 1875 1403 in
1910 1347 2016 1403 ﬁde

407 1450 741 1523 praesidium.
757 1449 911 1516 Quod
934 1447 1150 1516 quidem
1180 1461 1389 1502 rursum
1414 1457 1630 1518 quarto,
1651 1444 1859 1515 quinto,
1877 1442 2013 1496 aliis-

405 1559 511 1614 que
530 1543 677 1598 libris
703 1554 1070 1611 smpeunmero
1100 1539 1423 1594 ineulcatur.

2116 340 2293 378 corum
2355 322 2757 378 testimoniorum
2807 321 3223 392 responsionibus
3269 338 3447 376 eorum
3481 337 3718 376 vesanam

2116 416 2408 472 doctrinam
2442 416 2748 482 destrueret,
2772 423 2822 470 et
2867 415 3023 484 ﬁdem
3070 414 3317 470 Ecclesia:
3342 416 3544 487 ﬁrmius
3570 414 3719 469 robo-

2114 519 2274 564 rarct.

2188 599 2299 656 V’ll.
2344 599 2413 656 Ut
2441 600 2692 671 elﬁcacius
2723 600 3082 669 confutentur,
3131 598 3288 653 simul
3330 598 3585 671 refellitur
3617 597 3717 655 Sa-

2115 694 2319 748 bellius.
2352 723 2425 734 —
2453 694 2565 749 Non
2600 693 2799 749 minori
2843 693 3060 765 quidem
3108 701 3303 748 conatu
3334 692 3593 747 adversus
3622 691 3719 748 Sa-

2113 784 2278 849 bellii,
2314 782 2474 857 quam
2519 786 2779 842 adversus
2826 785 2940 841 Arii
2982 792 3290 842 commenta
3336 784 3549 840 videtur
3587 801 3719 840 con-

2118 879 2342 935 tendere
2370 897 2383 932 :
2416 879 2511 935 sed
2540 879 2644 934 hoc
2672 888 2875 934 tantum
2905 880 3036 950 agit,
3087 887 3146 933 ut
3172 878 3403 933 Arianos
3446 878 3719 933 efﬁcacius

2114 973 2368 1044 c0nﬁgat,
2397 990 2552 1046 quos,
2588 982 2643 1029 ut
2672 976 2787 1043 ipse
2813 981 2965 1029 notat
3003 974 3093 1029 lib.
3127 990 3179 1041 x,
3211 988 3363 1028 num.
3406 974 3459 1040 5,
3491 973 3719 1029 validis-

2114 1068 2267 1123 simis
2294 1068 2420 1124 licet
2465 1068 2734 1123 rationum
2764 1068 3055 1123 momentis
3083 1080 3369 1123 conterere
3399 1065 3597 1120 frustra
3625 1081 3718 1122 e0-

2116 1146 2356 1229 naretnr,
2410 1176 2569 1233 quam
2596 1162 2686 1217 diu
2715 1162 2769 1216 in
2819 1177 2877 1217 se
2903 1162 2986 1216 vel
3026 1161 3355 1217 levissimam
3385 1163 3718 1234 relinqueret

2114 1254 2439 1312 Sabelliana:
2483 1255 2620 1312 labis
2644 1255 3030 1329 suspicionem.
3083 1256 3192 1312 Sub
3220 1256 3428 1324 specula
3452 1258 3609 1322 enim,
3640 1259 3722 1311 in-

2115 1350 2250 1420 quit,
2282 1351 2510 1403 omnium
2552 1348 2908 1404 haereticorum
2958 1348 3027 1403 ad
3071 1351 3365 1405 occasiones
3393 1351 3719 1421 singulorum

2115 1442 2379 1497 verborum
2403 1443 2456 1497 in
2485 1459 2541 1498 os
2567 1461 2734 1498 meum
2760 1444 3091 1515 pendentium
3116 1444 3314 1516 loquor.
3347 1446 3451 1501 Sed
3482 1444 3722 1514 penden-

2120 1538 2265 1594 tibus
2294 1538 2424 1594 licet
2449 1539 2521 1593 ita
2566 1554 2781 1594 omnem
2811 1539 2878 1594 de
2928 1554 2986 1595 se
3036 1538 3353 1597 detrahendi
3381 1540 3720 1595 occasionem

484 1633 547 1689 V.
577 1633 844 1700 Quomodo
865 1632 969 1686 sint
994 1643 1176 1687 contra
1200 1648 1373 1686 omnes
1401 1633 1636 1686 Iucreses.
1656 1659 1728 1671 —
1747 1629 1882 1684 Hinc
1908 1644 2016 1684 non
2042 1621 2091 1683 Β
2121 1649 2180 1688 se
2206 1633 2490 1689 sustulisse
2518 1634 2763 1701 confidit,
2817 1644 2872 1689 ut
2900 1634 2995 1689 lib.
3027 1651 3083 1700 x,
3135 1651 3190 1689 n.
3221 1636 3276 1702 5,
3307 1634 3487 1690 dicere
3515 1650 3620 1689 non
3651 1634 3723 1689 ti-

408 1727 679 1783 immerito
717 1734 898 1780 contra
927 1742 1102 1780 omnes
1136 1726 1356 1780 htereses
1394 1724 1520 1779 dicti
1559 1722 1779 1802 fuerint,
1814 1723 1870 1778 in
1892 1722 2010 1792 qui-

407 1820 510 1877 bus
556 1833 663 1874 non
696 1817 859 1873 modo
904 1818 1141 1872 omnium
1188 1816 1485 1886 generatim
1535 1814 1817 1871 btereseon
1849 1808 2039 1883 caput'

407 1929 473 1969 ac
520 1911 840 1984 principium
868 1951 883 1976 ,
942 1924 1050 1981 quo
1079 1908 1274 1979 cuique
1318 1908 1481 1964 ﬁdem
1529 1909 1668 1963 intra
1705 1922 1896 1962 sensus
1926 1905 2012 1960 sui

406 2010 542 2062 fines
565 2005 914 2070 concludere,
945 2011 1003 2058 et
1026 2003 1094 2058 ad
1120 2002 1315 2074 placita
1332 2002 1548 2074 propria
1575 2000 1886 2070 Scripturas
1916 1999 2013 2054 de-

412 2110 665 2169 torquere
693 2098 1034 2166 permittunt,
1081 2095 1278 2165 passim
1307 2094 1620 2164 proﬂigator
1648 2103 1807 2164 atque
1831 2101 2015 2148 retun-

407 2193 586 2257 ditur;
613 2189 708 2245 sed
729 2198 785 2245 et
812 2180 951 2255 Arii,
982 2187 1221 2253 Pbotini,
1253 2196 1607 2258 veterumque
1630 2185 2012 2241 lmretlcorum

411 2285 689 2350 llebionis,
728 2283 1016 2351 Valentini,
1041 2282 1340 2350 Manichaei,
1366 2282 1632 2348 Hieracac,
1659 2280 1878 2336 Sabellii
1900 2279 2013 2349 jam

415 2390 527 2433 tum
568 2383 876 2448 pmpagatre
903 2375 1253 2432 confutantur
1290 2375 1671 2446 blasphemiae;
1716 2374 1823 2428 imo
1852 2374 2014 2427 etiam

412 2472 1064 2544 przevertuuturuondum
1082 2471 1327 2527 excitatae
1340 2469 1678 2541 Apollinarii,
1696 2466 2013 2533 Macedonii,

407 2565 660 2631 Nestorii,
695 2563 1033 2637 Eutychetis,
1065 2563 1645 2629 Saeramentariorum,
1707 2572 1810 2617 etc.
1858 2560 2016 2614 Dein-

410 2661 478 2717 de
503 2676 624 2717 eum
652 2661 982 2715 Athanasius
1008 2660 1168 2729 epist.
1187 2659 1254 2712 ad
1285 2657 1587 2727 Epictetum
1620 2656 1898 2729 Synodnm
1922 2653 2019 2709 Ni-

405 2769 609 2810 ozenam
642 2762 799 2808 vocet
819 2760 1067 2831 τροπαῖον
1098 2745 1263 2807 οὖσαν
1283 2753 1458 2812 πάσης
1484 2752 1750 2828 αἱρέσεως,
1784 2761 2016 2819 cumque

418 2848 579 2917 hujus
620 2846 823 2919 Synodi
869 2845 1187 2917 Symbolum
1236 2855 1418 2899 contra
1456 2861 1631 2900 omnes
1666 2845 1883 2899 haereses
1933 2842 2017 2897 in-

414 2943 675 3011 scriptum
708 2942 760 2996 in
813 2939 1089 2995 veteribus
1133 2937 1534 3008 exemplaribus
1570 2939 1750 3009 legere
1795 2937 1897 3003 sit;
1924 2952 2015 2991 eo-

2116 1738 2299 1783 meat:
2350 1726 2489 1781 Nam
2536 1744 2734 1798 quoque
2780 1743 2917 1781 nunc
2962 1728 3241 1783 secundum
3289 1728 3454 1783 sancti
3495 1727 3724 1802 Spiritus

2114 1821 2306 1876 donum
2332 1821 2720 1889 temperavimus
2747 1821 2900 1875 totius
2946 1822 3067 1889 fidei
3090 1821 3614 1887 demonstrationem,
3666 1827 3725 1874 ut

2115 1929 2179 1967 ne
2227 1912 2354 1984 quid
2379 1913 2610 1968 ementiri
2637 1914 2817 1968 saltem
2863 1913 3133 1968 adversum
3183 1930 3278 1968 nos
3311 1914 3545 1970 criminis
3599 1929 3725 1984 pos-

2115 2013 2245 2058 sent.

2190 2096 2327 2153 Vill.
2369 2096 2514 2152 Libri
2537 2099 2716 2170 scripti
2764 2108 2941 2155 contra
2968 2099 3221 2167 Arianos,
3254 2115 3463 2156 CONTRA
3492 2102 3725 2159 ABIANOS

2117 2207 2221 2246 non
2245 2201 2362 2246 sunt
2386 2193 2638 2262 inscripti.
2668 2223 2741 2234 -—
2765 2192 3025 2260 Quamvis
3052 2201 3229 2248 autem
3258 2202 3426 2248 totum
3456 2193 3557 2248 hoc
3590 2208 3727 2264 opus

2118 2294 2307 2339 cantra
2333 2285 2564 2340 Arianos
2590 2285 2852 2354 scriptum
2886 2285 3031 2340 ultro
3060 2285 3446 2352 concedamus,
3476 2301 3620 2358 aegre
3646 2295 3727 2341 ta-

2119 2392 2244 2431 men
2271 2376 2521 2433 dabimus
2570 2378 2890 2450 inscriptum
2918 2388 3099 2434 contra
3126 2379 3366 2435 Arianos.
3396 2380 3529 2450 Quis
3576 2382 3723 2435 enim

2120 2468 2306 2525 credat
2336 2470 2615 2533 Hilarium,
2647 2471 2734 2541 qui
2763 2471 2831 2526 ab
2857 2471 3073 2526 Arianis
3097 2489 3164 2527 ex
3194 2472 3410 2528 nomine
3434 2473 3725 2543 designan-

2121 2562 2202 2618 dis
2218 2563 2284 2619 de
2314 2562 2572 2617 industria
2601 2563 2853 2627 abstinet,
2882 2563 3012 2619 illud
3041 2566 3090 2618 in
3124 2565 3237 2634 ipsa
3263 2565 3523 2620 librorum
3551 2564 3726 2622 fronte

2119 2654 2495 2726 inscripsisse?
2525 2655 2627 2711 Vix
2647 2657 2789 2711 enim
2814 2656 2896 2713 bis
2917 2656 3054 2724 Arii,
3076 2659 3243 2713 semel
3272 2658 3725 2714 Arioruanitarum

2121 2750 2442 2805 vocabulum
2493 2750 2587 2803 lib.
2623 2765 2694 2813 γι,
2726 2766 2793 2804 ex
2844 2749 3012 2819 ipsius
3063 2749 3275 2805 calamo
3321 2751 3522 2806 excidit
3555 2750 3726 2806 :alias

2124 2860 2257 2900 vero
2307 2860 2527 2917 prorsus
2555 2843 2729 2915 parcit
2752 2853 2913 2901 sectae
2964 2846 3187 2900 nomini.
3221 2844 3345 2901 "(ne
3394 2845 3554 2900 tnodo
3582 2843 3724 2918 (Lib.

2123 2953 2218 3005 vtt,
2251 2956 2306 2993 n.
2355 2938 2414 3010 ὅ)
2462 2954 2593 2993 nova
2639 2938 2869 3004 hwresis,
2921 2938 3082 2993 modo
3129 2934 3291 3011 (Ibid.
3323 2956 3380 2991 η.
3419 2938 3475 3008 6)
3528 2937 3729 2992 novella

413 3035 537 3090 dem
567 3048 734 3104 prope
764 3032 885 3102 jure
918 3032 972 3086 hi
1014 3031 1135 3086 ﬁdei
1168 3031 1413 3101 ejusdem
1465 3031 1708 3087 vindices
1737 3030 1858 3086 libri
1892 3029 2021 3084 titu-
2054 3020 2100 3084 C
2132 3048 2265 3085 nunc
2290 3030 2524 3099 hccresis,
2576 3049 2717 3091 nunc
2751 3031 2886 3105 (Lib.
2941 3049 3038 3099 xu,
3078 3049 3130 3085 η.
3163 3022 3252 3106 17)
3300 3033 3461 3087 nostri
3486 3033 3729 3102 temporis

408 3128 464 3183 lo
491 3126 683 3183 eodem
714 3123 962 3195 insigniri
990 3133 1332 3180 meruerunt.

481 3220 574 3277 Vl.
617 3217 684 3274 In
712 3219 935 3273 Arianos
975 3214 1301 3288 potissimum
1348 3218 1530 3272 intenti
1562 3224 1703 3273 sunt.
1726 3244 1798 3256 -ε-
1824 3213 2020 3269 Faten-

412 3315 540 3371 dum
593 3321 772 3367 tamen
818 3320 902 3366 est
947 3326 1043 3367 eos
1098 3313 1440 3382 potissimum
1506 3322 1697 3367 contra
1757 3312 2017 3367 Arianam

411 3412 615 3463 sectam
666 3403 832 3459 fuisse
858 3403 1219 3474 conscriptos.
1242 3404 1545 3461 Consilium
1577 3419 1733 3459 suum
1782 3403 2021 3459 declarat

414 3496 650 3553 Hilarius
684 3498 801 3568 ipse
838 3498 932 3553 lib.
965 3514 1005 3561 ι,
1049 3513 1200 3553 num.
1238 3498 1329 3568 17,
1361 3498 1453 3553 ubi
1483 3498 1551 3554 de
1599 3498 1838 3564 Arionis,
1884 3511 2021 3566 quo-

414 3608 532 3647 rum
572 3592 776 3647 nomini
818 3606 1043 3662 parcere
1084 3591 1259 3659 solet,
1299 3607 1554 3648 sermone
1612 3591 1794 3647 habito
1834 3592 2017 3645 statim

413 3683 663 3755 subjicit:
691 3682 899 3737 Horum
918 3684 1077 3754 igitur
1099 3683 1267 3754 furori
1292 3684 1601 3755 respondere
1641 3684 1842 3738 animus
1870 3699 2017 3737 erar-

417 3779 503 3833 sit.
538 3777 722 3847 Neque
750 3776 881 3832 illud
912 3777 1032 3833 libri
1055 3778 1272 3847 septimi
1298 3778 1600 3844 exordium,
1638 3777 1902 3847 Septimus
1930 3774 2021 3829 hic

422 3869 567 3924 nobis
594 3869 868 3923 adversum
915 3884 1058 3924 nova:
1088 3867 1336 3924 licereseos
1387 3885 1624 3924 uesanam
1680 3869 2021 3923 temeritatem

414 3965 539 4020 liber
569 3964 830 4030 scribitur,
862 3960 1003 4018 aliud
1030 3963 1132 4019 sibi
1161 3964 1293 4030 vult,
1329 3964 1428 4020 nisi
1459 3973 1515 4017 nt
1544 3963 1742 4019 indicet
1772 3964 1823 4017 in
1852 3975 2015 4017 unam

416 4056 673 4113 Arianam
721 4046 1263 4112 lueresim'hactenus
1304 4055 1634 4126 disputatum
1671 4070 1813 4111 esse.
1843 4056 1919 4109 Ac
1946 4068 2021 4109 ne

408 4149 695 4218 superfluis
746 4148 1157 4218 probationibus
1203 4149 1403 4202 diutius
1443 4150 1817 4213 immoremur,
1865 4145 2021 4200 suf‘ﬁ-

415 4244 524 4299 ciat
545 4242 676 4297 illud
699 4241 792 4296 lib.
818 4257 874 4307 κ,
905 4257 1054 4295 num.
1087 4241 1143 4307 8,
1185 4240 1275 4294 ubi
1303 4241 1534 4295 llilarius
1561 4242 1625 4294 ad
1656 4241 1815 4295 fluctu
1849 4239 2011 4309 hujus

413 4336 596 4406 operis
624 4334 744 4390 licet
766 4350 1020 4405 vergens,
1051 4351 1172 4389 cum
1203 4335 1322 4390 unis
1358 4345 1533 4390 tamen
1567 4335 1866 4404 iisdemque
1897 4336 2021 4391 bae-

2124 3123 2402 3194 in/idclitas
2428 3123 2753 3195 appellatur.
2805 3123 2977 3194 Hujus
3010 3139 3138 3179 vero
3188 3133 3436 3179 auctores
3476 3124 3727 3179 similiter

2125 3218 2284 3271 tectis
2312 3216 2492 3273 verbis
2523 3215 2743 3272 vocitari
2771 3216 2980 3281 audias,
3010 3228 3103 3271 aut
3130 3234 3232 3270 non
3258 3218 3362 3271 veri
3416 3215 3515 3271 Dei
3539 3216 3730 3288 praedi-

2127 3324 2344 3378 catores,
2369 3325 2462 3370 aut
2492 3314 2629 3389 (Lib.
2658 3331 2716 3381 tt,
2746 3332 2798 3368 τι.
2825 3314 2882 3384 4)
2909 3315 3106 3381 aliquos
3133 3331 3267 3368 nunc
3289 3310 3443 3388 hujus
3491 3316 3731 3380 temporis

2127 3407 2509 3476 praedicatores,
2543 3418 2635 3461 aut
2665 3405 2802 3474 (Lib.
2835 3422 2930 3473 vn,
2958 3424 3010 3459 η.
3041 3405 3098 3477 6)
3142 3418 3416 3474 prwsentcs
3437 3406 3727 3474 luereticos,

2124 3511 2219 3556 aut
2242 3501 2289 3574 (ι
2301 3500 2492 3573 bidem)
2511 3501 2813 3555 dissimilem
2836 3498 2984 3554 Patri
3011 3497 3206 3554 Filium
3247 3501 3602 3570 praedicantes,
3639 3508 3731 3556 aut

2127 3593 2262 3666 (Lib.
2296 3610 2372 3661 χι,
2401 3612 2453 3648 n.
2484 3592 2541 3667 4)
2586 3594 2704 3648 ηουὶ
2752 3591 2946 3648 Christi
2994 3593 3392 3664 prccdicatores,
3429 3592 3512 3649 vel
3563 3592 3727 3648 etiam

2128 3685 2267 3759 (Lib.
2326 3703 2382 3751 ι,
2440 3704 2495 3742 n.
2547 3685 2642 3757 9.6)
2694 3695 2944 3740 creatura:
3005 3685 3405 3756 praedicatores;
3467 3700 3729 3757 nusquam

2126 3780 2365 3835 Arianos.
3262 3770 3271 3779 ’

2198 3875 2288 3930 IX.
2336 3872 2572 3931 Hilarius
2598 3875 2997 3930 moderationem
3022 3891 3169 3929 suam
3195 3873 3275 3928 Itis
3301 3874 3444 3929 libris
3469 3872 3728 3946 patefecit.

2126 4001 2197 4014 ν-
2223 3968 2376 4025 Sicut
2420 3985 2542 4025 eum
2594 3969 2826 4026 solerter
2853 3969 3014 4033 cavit,
3068 3983 3134 4023 ne
3162 3966 3341 4023 favere
3370 3965 3612 4022 Sabellio
3643 3966 3727 4020 vi-

2125 4063 2367 4129 deretur,
2388 4064 2661 4134 egregium
2690 4062 2838 4117 dedit
2865 4060 3162 4133 prudentiae
3184 4060 3494 4129 specimen;
3531 4059 3600 4113 ita
3631 4056 3731 4115 hac

2126 4157 2316 4229 agendi
2348 4155 2556 4211 ratione
2608 4155 2935 4228 singularem
2984 4152 3236 4225 patefecit
3262 4153 3429 4207 animi
3476 4151 3730 4208 modera-

2128 4253 2348 4305 tionem.
2379 4249 2551 4318 Qnam
2601 4249 2815 4321 quidem
2858 4249 3015 4319 longe
3060 4247 3258 4302 clarius
3308 4254 3554 4301 testatum
3583 4243 3729 4313 facit,

2126 4359 2249 4399 cum
2284 4343 2408 4399 totis
2457 4342 2564 4397 illis
2594 4341 2746 4397 libris
2785 4357 3000 4412 pravam
3052 4338 3375 4396 Animorum
3427 4338 3729 4392 doctrinam

414 4428 615 4493 reticis,
644 4441 870 4495 quorum
899 4426 1216 4480 stultissimis
1272 4428 1670 4497 professionibus
1701 4427 1805 4483 huc
1837 4445 2011 4501 usque

2133 4438 2438 4494 Convellere
2463 4447 2772 4500 contentus,
2794 4437 2847 4489 in
2873 4435 3074 4490 nullum
3103 4433 3419 4489 nominatim
3437 4430 3725 4486 invehitur.

411 4520 773 4591 responderit,
799 4532 920 4573 sese
943 4534 1056 4573 rem
1082 4517 1331 4574 habuisse
1358 4520 1692 4576 testiﬁcatur.
1722 4521 1837 4577 Non
1863 4524 2011 4578 enim

415 4618 702 4669 obscurum
736 4621 818 4667 est
876 4626 1010 4682 quas
1039 4622 1193 4667 vocet
1239 4614 1586 4669 stultissimas
1617 4615 2007 4684 professiones,

410 4722 529 4762 cum
554 4705 666 4761 Arii
695 4720 756 4758 ac
784 4704 1058 4758 sociormn
1079 4703 1196 4772 ejus
1219 4704 1503 4773 epistolam
1534 4707 1599 4760 ad
1633 4708 2002 4763 Alexandrum

409 4803 652 4864 missam,
684 4801 735 4853 in
765 4815 865 4869 qua
897 4799 1176 4869 perfidiam
1209 4813 1360 4852 suam
1402 4801 1804 4870 eonsignarant,
1853 4802 2018 4859 libris-

406 4903 597 4962 quarto
622 4903 674 4947 et
707 4902 858 4946 sexto
888 4900 1051 4946 totam
1087 4891 1377 4959 describat,
1425 4902 1479 4948 et
1519 4894 1570 4948 in
1600 4911 1661 4950 ea
1703 4896 1997 4952 refellenda

406 4996 518 5039 tum
551 4985 603 5039 in
632 4983 819 5037 iisdem
850 4984 1000 5038 libris
1051 4991 1163 5038 tmn
1191 4984 1245 5039 in
1279 4987 1628 5055 sequentibus
1654 4998 1797 5044 totus
1836 5006 2011 5045 occu-

405 5087 581 5146 petur.
624 5075 743 5141 Quo
782 5085 988 5144 spectat
1019 5077 1106 5130 illa
1130 5075 1270 5131 tituli
1300 5092 1443 5146 pars,
1475 5097 1634 5149 quam
1664 5098 1775 5152 pra:
1808 5098 1867 5137 se
1894 5082 1997 5138 iert

395 5172 671 5239 exemplar
715 5167 1144 5223 Vindocincnse:
1194 5168 1263 5224 In
1307 5171 1400 5225 hoc
1454 5176 1628 5231 codice
1676 5174 1741 5231 B.
1790 5174 1992 5232 Hilarii

393 5271 602 5333 quartus
628 5260 680 5312 in
706 5257 884 5312 ordine
901 5258 1026 5311 liber
1053 5263 1462 5331 manifestissime
1479 5266 1837 5322 Itwreticorum
1859 5288 1991 5341 pan-

391 5354 464 5406 dit
487 5351 725 5421 [it/locem
756 5350 1065 5404 doctrinam.
1100 5349 1247 5405 [dent
1274 5354 1441 5421 ipsam
1470 5356 1613 5410 illam
1642 5360 1874 5428 per/idne
1900 5377 1985 5414 eo-

389 5461 504 5498 rum
564 5444 949 5515 expositionem,
988 5444 1169 5514 quibus
1217 5443 1464 5503 Ecclesiw
1496 5450 1648 5509 ﬁdem
1696 5451 2004 5508 nitebantur

384 5536 658 5606 inﬁrmari,
685 5550 747 5589 ea:
769 5552 944 5591 eorum
977 5537 1120 5591 libris
1147 5536 1370 5593 delatam
1416 5542 1661 5611 praefatus
1704 5544 1899 5599 Doctor
1929 5548 1983 5601 in

381 5646 475 5683 suo
501 5629 715 5684 inseruit
734 5629 1018 5686 volumine:
1072 5631 1265 5687 scilicet
1293 5641 1346 5688 ut
1391 5634 1593 5690 callidis
1625 5640 1986 5710 prapositioni-

2136 4530 2347 4586 Alicubi
2376 4531 2522 4585 enim
2539 4528 2740 4583 audies
2769 4527 2908 4581 mala
2938 4526 3251 4592 deﬂentem,
3277 4525 3473 4595 quibus
3498 4534 3605 4578 tum
3633 4522 3731 4575 mi-

2135 4639 2255 4679 sere
2286 4638 2380 4693 per
2406 4638 2501 4677 eos
2552 4621 2910 4676 afflictabatur
2944 4619 3183 4673 Ecclesia
3217 4637 3230 4672 :
3259 4628 3316 4672 at
3341 4617 3427 4672 vel
3456 4616 3611 4672 unius
3638 4629 3733 4671 θαι-

2132 4735 2273 4781 rum,
2306 4732 2399 4789 per
2448 4732 2584 4787 quos
2634 4717 2721 4770 illa
2775 4725 2881 4769 tam
2932 4712 3131 4783 injuSte
3158 4712 3481 4782 patiebatur,
3535 4724 3731 4765 nomen

2131 4811 2449 4880 prodentem
2493 4809 2690 4862 frustra
2732 4805 3082 4875 eXSpectaris.
3120 4804 3303 4859 Semel
3330 4803 3422 4860 lib.
3452 4820 3506 4865 Χ,
3545 4802 3733 4858 incidit

2132 4904 2338 4957 utentia
2365 4901 2537 4957 exsilii
2589 4900 2669 4954 sui
2705 4915 2720 4964 ;
2751 4897 2846 4953 sed
2879 4896 3088 4965 injuria:
3117 4895 3216 4949 sibi
3248 4895 3407 4949 illatae
3457 4894 3606 4948 velut
3633 4894 3732 4948 im-

2130 5012 2358 5061 memor,
2391 4993 2580 5065 quzrrit
2611 4993 2784 5064 potius
2823 4990 2965 5045 unde
3007 4990 3075 5043 de
3115 5004 3179 5044 eo
3205 4988 3527 5059 gratuletur,
3570 5001 3728 5055 quam

2128 5089 2275 5143 unde
2300 5095 2569 5157 queratur.
2604 5085 2787 5155 Neque
2811 5083 3058 5153 cuiquam
3084 5081 3255 5138 videri
3282 5081 3444 5137 debet
3471 5080 3589 5133 huic
3617 5093 3734 5132 mo-

2133 5181 2430 5235 derationis
2474 5180 2749 5249 proposito
2776 5175 3074 5239 adversari,
3103 5176 3245 5248 quod
3276 5177 3527 5231 Arianam
3558 5171 3734 5228 luere-

2120 5273 2229 5326 sitn
2261 5289 2364 5325 non
2411 5270 2665 5325 novellam
2705 5270 2884 5335 modo,
2936 5269 3030 5325 sed
3059 5284 3107 5324 et
3140 5273 3391 5340 {tuentem
3418 5275 3472 5322 et
3517 5265 3733 5337 impiam

2118 5366 2377 5435 frequens
2426 5365 2797 5435 cognominet.
2850 5361 3028 5418 Certis
3054 5365 3195 5417 enim
3250 5362 3389 5415 notis
3442 5359 3732 5417 indicanda

2136 5467 2272 5524 erat,
2303 5456 2452 5527 Cujus
2480 5473 2675 5513 nomen
2706 5459 2977 5529 proprium
3026 5455 3318 5512 tacebatur.
3348 5452 3520 5525 Vulgo
3548 5463 3728 5509 autem

2120 5550 2377 5620 furentem
2406 5549 2552 5604 illam
2581 5550 3054 5621 cognominabant,
3085 5562 3207 5602 cum
3236 5534 3440 5603 nefaria
3471 5543 3614 5599 illius
3639 5545 3725 5599 in-

2118 5643 2247 5700 dole
2277 5643 2633 5699 conveniente
2663 5641 2895 5697 nominis
2947 5640 3180 5696 ratione.
3211 5638 3279 5697 Ut
3317 5637 3464 5696 enim
3490 5636 3565 5693 ait
3590 5635 3730 5699 Grca
