4118 6186
435 259 508 313 iii
1883 257 2276 322 ΡΒΕΡΑΤΙΟ.
3677 285 3698 338 ι
3724 285 3746 340 ι

427 371 615 442 gorius
641 369 896 426 Nazianz.
919 369 1012 428 Or.
1044 388 1153 438 xxi,
1189 389 1243 428 n.
1291 374 1347 440 3,
1375 373 1565 453 ’Δρεῖος
1594 383 1685 438 τῆς
1705 379 1890 450 μανίας
1919 379 2048 434 ἐπώ-

2160 381 2286 436 ritus
2331 382 2500 438 sancti
2554 381 2854 442 divinitate.
2907 387 3004 445 ilic
3050 405 3154 447 non
3201 391 3450 451 videntur
3499 399 3742 463 tacenda,

424 485 630 539 νυμοςε
662 480 723 517 ac
751 480 968 520 rursum
997 465 1091 520 Or.
1123 482 1270 529 xxix,
1305 483 1359 520 ιι.
1390 467 1454 535 4,
1487 467 1625 524 hanc
1652 479 1852 524 sectam
1888 479 2042 526 vocat

428 567 524 621 τήν
557 558 749 637 Ἀρείου
775 559 943 621 καλῶς
976 561 1342 632 ὀνομασθεῖσαν
1393 563 1600 634 μανίαν,
1635 561 1738 617 huc
1761 571 1867 630 est,
1897 580 1928 617 ιι
1956 565 2042 632 fu-

428 667 551 706 rore
575 661 708 706 recte
735 650 1169 722 cognominatam.
1211 650 1406 720 Quidni
1451 653 1612 709 etiam
1643 654 1805 724 impia
1829 669 1859 710 a
1902 665 2036 711 tem-

431 753 656 815 perante
672 745 812 801 dicta
839 747 932 813 sit,
960 762 1080 815 qua:
1099 762 1128 800 a
1155 745 1355 804 dilecto
1384 747 1520 804 Filio
1542 749 1754 806 Patrem
1783 751 2042 821 optimum

379 888 395 899 ,
429 837 756 906 separabat?
792 837 1032 906 Denique
1065 835 1299 896 Hilarius
1328 841 1442 909 ipse
1467 841 1568 896 sibi
1598 843 1850 898 cottscius
1875 857 2036 914 quam

433 931 716 984 moderate
744 929 812 984 iis
833 929 990 985 libris
1009 943 1073 985 ac
1101 939 1213 984 leto
1241 932 1421 988 exsilii
1443 934 1524 989 sui
1559 942 1804 1005 tempore
1835 949 1893 990 se
1917 949 2042 1006 ges-

441 1023 626 1086 sisset,
657 1017 748 1075 ubi
793 1021 1056 1076 adversus
1100 1019 1473 1078 Constantium
1519 1025 1791 1082 scribendi
1817 1016 2046 1096 quadam

439 1115 770 1170 necessitate
795 1129 854 1169 sc
887 1114 1246 1170 constrictum
1292 1115 1445 1181 vidit,
1499 1116 1668 1172 libere
1707 1124 2048 1172 contestatus

441 1216 527 1261 est
557 1207 690 1260 nihil
722 1223 750 1260 a
773 1221 835 1262 se
883 1205 1143 1264 hactenus
1196 1209 1250 1260 in
1279 1216 1504 1280 tempora
1530 1207 1875 1271 maledictum,
1921 1207 2053 1263 nihil

443 1297 500 1354 in
523 1317 661 1367 eam,
692 1315 809 1370 qua:
833 1309 937 1354 tum
983 1317 1037 1354 se
1085 1298 1276 1355 Christi
1331 1296 1613 1354 Ecclesium
1651 1301 2049 1356 mentiebatur...

444 1395 714 1463 famosum
756 1410 816 1446 ac
844 1393 1056 1464 dignum
1082 1393 1343 1462 impietate
1386 1394 1619 1466 ipsorum
1666 1394 1933 1465 scripsisse
1959 1402 2050 1448 aut

446 1485 682 1542 locutum
728 1502 836 1540 esse
861 1483 997 1558 (Lib.
1025 1488 1080 1538 in
1106 1483 1282 1540 Const.
1317 1501 1460 1541 num.
1491 1481 1571 1557 9).
1606 1485 1720 1541 Non
1750 1485 1908 1556 igitur
1935 1483 2054 1540 sine

435 1593 602 1634 causa
629 1575 1020 1634 crediderimus
1047 1593 1192 1643 eum,
1227 1577 1316 1648 qui
1358 1575 1684 1660 itaQali‘cctus
1725 1589 1863 1645 erat,
1899 1577 2051 1634 lucu-

433 1671 716 1728 brationes
750 1677 880 1726 snas
901 1680 1082 1725 contra
1111 1670 1328 1725 Arianos
1350 1670 1568 1726 minime
1591 1668 1954 1741 inscripsisse.

2148 491 2267 546 quae
2295 477 2360 532 ad
2387 473 2514 533 dicti
2543 477 2662 534 libri
2692 496 2763 534 xu
2809 493 3184 552 argumentum
3227 486 3279 542 in
3309 489 3485 558 primo
3533 490 3742 555 scribit.

2149 569 2484 625 seuimirum
2519 572 2737 628 vitiosas
2783 584 2838 630 et
2864 574 3195 646 irreligiosus
3223 577 3292 635 de
3335 580 3538 652 Spiritu
3562 595 3748 640 sancto

2150 659 2563 728 prmdicationes
2607 663 2674 719 ad
2704 661 2804 721 hoc
2831 669 3120 738 amovisse,
3153 681 3208 724 ut
3234 671 3455 728 illwsum
3483 686 3634 746 atque
3661 678 3745 731 in-

2151 755 2551 810 cauta-minatum
2575 761 2924 832 regenerantis
2950 778 3256 822 'rttttttu'rts
3275 782 3647 826 sacramentum
3670 774 3749 828 in-

2151 857 2232 902 tra
2255 847 2607 918 deﬁnitionem
2655 853 2934 909 salutarent
2962 857 3245 928 apostolica
3283 869 3432 932 atque
3459 864 3751 934 evangelica

2153 941 2428 997 auctoritas
2472 945 2778 1008 contineret;
2823 963 2986 1017 neque
3018 949 3132 1022 jam
3184 969 3274 1022 per
3321 971 3501 1010 sensus
3541 955 3754 1012 humani

2153 1035 2455 1088 sententiam
2500 1035 2758 1108 Spiritum
2791 1037 2883 1093 Dei
2910 1039 3042 1096 inter
3089 1053 3347 1100 creaturas
3369 1047 3638 1118 quisquam
3661 1067 3754 1104 au-

2155 1126 2293 1182 deret
2319 1132 2531 1200 referre,
2570 1147 2717 1201 quem
2744 1131 2812 1186 ad
2855 1133 3257 1192 immortalitatis
3286 1139 3470 1210 pignus
3496 1153 3542 1195 et
3583 1143 3650 1198 ad
3677 1144 3756 1196 di-

2157 1218 2287 1272 vina:
2312 1229 2511 1275 natura:
2534 1223 2844 1278 consortium
2880 1242 3197 1284 sumeremus
3219 1227 3357 1301 (Lib.
3388 1246 3423 1297 ι,
3456 1249 3510 1287 ιι.
3535 1231 3646 1304 56).
3681 1235 3756 1290 lix
3798 1291 3806 1304 ε

2159 1307 2242 1364 his
2267 1310 2412 1366 enim
2442 1313 2612 1382 palam
2645 1314 2723 1384 ﬁt,
2755 1331 2878 1372 eum
2902 1315 3050 1374 hisce
3075 1300 3234 1375 libris
3260 1300 3614 1393 regenerantis
3635 1324 3756 1379 Tri-
3799 1300 3813 1318 ’

2157 1403 2332 1457 nitatis
2362 1416 2737 1462 sacramentum
2780 1407 3076 1466 defendere
3115 1411 3373 1479 voluisse,
3424 1425 3479 1470 ut
3523 1415 3653 1471 nihil
3695 1417 3760 1472 de

2160 1495 2312 1550 totius
2337 1497 2461 1567 ﬁdei
2491 1499 2566 1570 (in
2593 1497 2856 1571 baptismo
2883 1500 3170 1576 susceptm)
3193 1503 3515 1562 absolutione
3543 1508 3755 1566 deesset.

2232 1583 2346 1643 XII.
2391 1587 2647 1660 Spiritum
2675 1604 2913 1648 sanctum
2957 1593 3127 1650 Deum
3172 1614 3277 1653 non
3301 1600 3559 1654 nominari
3581 1618 3764 1674 perpea

2161 1697 2271 1736 ram
2299 1691 2439 1737 notat
2454 1679 2720 1741 Erasmus.
2749 1716 2819 1727 —
2841 1687 3068 1744 Erasmo
3088 1689 3177 1745 hic
3197 1706 3306 1746 non
3331 1707 3651 1750 succensere
3672 1696 3764 1751 vix

507 1763 581 1820 Χ.
625 1761 902 1834 Inscriptio
924 1767 992 1819 ιιε
1017 1760 1311 1818 Tutatur:
1341 1763 1704 1818 retinenda.——
1723 1763 1894 1818 Minus
1919 1777 2050 1818 con-
2088 1781 2136 1844 Β
2163 1773 2514 1841 sustinemus,
2560 1779 2628 1832 de
2671 1777 2832 1834 docto
2879 1779 3110 1848 pnesule
3167 1790 3378 1850 nostro,
3426 1793 3482 1840 et
3525 1784 3762 1857 antiquis

435 1866 548 1913 stat
571 1873 636 1912 an
671 1873 773 1911 non
804 1857 866 1910 de
907 1856 1012 1926 ﬁde
1054 1872 1146 1911 eas
1195 1853 1542 1926 nuncuparit.
1596 1855 1664 1914 Λι
1716 1853 2052 1925 inscriptioni

436 1949 563 2005 huic
590 1948 860 2022 quamvis,
893 1953 953 2003 ut
994 1949 1255 2019 superius
1285 1958 1563 2006 ostensum
1598 1957 1712 2014 est,
1767 1949 1936 2003 multa
1970 1945 2054 2002 fa-

440 2051 626 2110 veant,
655 2043 828 2114 iisque
859 2041 1084 2098 accedat
1109 2042 1414 2113 exemplum
1445 2040 1742 2106 Ambrosii,
1770 2041 1860 2114 qui
1887 2040 2054 2096 libros

435 2150 468 2190 a
492 2151 555 2190 se
581 2143 766 2190 contra
803 2135 1060 2190 Arianam
1105 2141 1310 2190 sectam
1339 2135 1572 2204 scriptos
1599 2133 1662 2188 de
1687 2133 1791 2203 ﬁde
1813 2130 2055 2204 compel-

436 2228 601 2293 lavit;
634 2243 756 2284 cum
807 2238 988 2282 tamen
1037 2243 1142 2282 non
1171 2241 1300 2282 vera
1343 2228 1435 2292 sit,
1488 2227 1588 2282 nisi
1637 2237 1902 2296 quatenus
1929 2224 2052 2278 fidei

438 2321 664 2376 nomine
737 2318 1022 2376 Trinitatis
1082 2319 1398 2391 mysterium
1462 2317 1830 2388 signiﬁcatur,
1904 2315 2054 2372 nulla

437 2414 710 2470 succurrit
738 2415 874 2468 ratio
920 2413 1048 2467 satis
1075 2413 1276 2483 gravis,
1332 2421 1388 2466 ut
1415 2413 1694 2482 antiquum
1721 2419 1777 2466 et
1803 2425 1833 2465 a
1868 2409 2052 2464 multis

433 2508 550 2579 jam
565 2509 778 2564 sareulis
792 2519 1065 2578 receptum
1090 2507 1153 2562 de
1177 2505 1428 2562 Trinitate
1448 2506 1658 2562 titulum
1682 2505 2050 2561 immutemus:

439 2601 570 2656 huic
597 2601 900 2671 praesertim
951 2597 1281 2670 sulTragante
1311 2599 1632 2666 Fortunato,
1661 2600 1814 2669 cujus
1863 2606 2054 2655 aucto—

438 2693 577 2749 ritas
602 2711 667 2748 eo
694 2693 863 2764 pluris
910 2691 1164 2750 omnibus
1189 2691 1431 2747 facienda
1457 2735 1471 2758 ,
1507 2707 1614 2762 quo
1646 2692 1935 2762 ipsummet
1962 2685 2054 2746 Hi-

439 2785 562 2842 larii
587 2785 980 2857 autographum
1010 2783 1211 2842 vidisse
1242 2783 1436 2856 petuit.
1466 2785 1522 2841 Si
1551 2783 1694 2840 enim
1722 2783 1867 2840 illius
1893 2790 2054 2839 actate

444 2879 522 2949 pii
550 2878 796 2950 prmsulis
823 2877 888 2933 ad
913 2879 1113 2935 Abram
1141 2877 1369 2948 cpistola
1396 2875 1623 2932 Pirtavis
1647 2879 1906 2932 tenebatur
1950 2893 2045 2949 pro

445 2987 658 3026 munere
699 2981 1019 3037 conseruata,
1064 2981 1269 3042 quanto
1300 2972 1470 3040 magis
1500 2968 1738 3042 iit-ignes
1785 2969 1858 3026 illi
1889 2969 2052 3026 libri?

443 3063 683 3118 'l'ttulum
715 3064 962 3120 eumdem
1001 3064 1329 3119 confirmant
1357 3065 1616 3134 liturgica:
1644 3077 1838 3135 preces
1863 3061 1918 3116 in
1947 3079 2048 3118 an-

2161 1865 2409 1924 Patribus
2435 1869 2486 1924 in
2517 1869 2832 1940 praefatione
2858 1888 2953 1926 sna
3006 1873 3233 1946 perinde
3261 1877 3603 1948 scriptitanti,
3635 1895 3696 1936 ac
3721 1880 3768 1936 si

2159 1960 2392 2032 Spiritus
2441 1965 2612 2020 sancti
2675 1964 3012 2022 divinitatem
3063 1982 3310 2026 asserere
3356 1969 3758 2030 formidasseut.

2159 2049 2269 2111 llos
2321 2055 2536 2126 quidem
2583 2057 2818 2128 Spiritus
2841 2060 3012 2116 sancti
3039 2061 3275 2119 cultores
3302 2061 3452 2128 facit,
3480 2065 3575 2121 sed
3606 2066 3674 2120 ita
3709 2077 3767 2122 ut

2157 2145 2319 2202 simul
2350 2148 2403 2202 iu
2432 2149 2672 2204 animum
2705 2151 2918 2208 inducat
2950 2160 3043 2208 aut
3065 2168 3162 2210 eos
3204 2155 3432 2213 coluisse
3457 2173 3619 2230 quem
3649 2173 3762 2215 non

2157 2249 2309 2296 certo
2329 2254 2722 2314 cognoscerent
2751 2246 2938 2313 Deum,
2971 2258 3063 2302 aut
3091 2263 3198 2304 non
3227 2265 3391 2306 ausos
3411 2267 3532 2309 esse
3553 2269 3650 2310 ore
3673 2255 3755 2310 vel

2157 2332 2372 2403 scriptis
2419 2333 2665 2391 conﬁteri
2696 2337 2838 2408 quod
2875 2339 3058 2396 animo
3087 2341 3392 2400 crederent.
3425 2343 3613 2417 Neque
3664 2364 3762 2401 uo-

2159 2439 2243 2478 va:
2274 2433 2401 2480 sunt
2427 2425 2637 2484 Erasnti
2684 2429 2926 2500 argutiae.
2961 2430 3145 2506 Longe
3171 2442 3297 2492 ante
3323 2435 3473 2492 illum
3504 2437 3765 2510 Gregorio

2157 2513 2495 2573 Nazianzeno
2541 2529 2674 2575 teste
2721 2521 2814 2576 0r.
2861 2539 3067 2591 xxxvu,
3108 2541 3258 2582 num.
3303 2527 3397 2595 52,
3448 2529 3765 2602 obiecerant

2157 2606 2658 2678 Pneumatomaehi,
2693 2627 2954 2684 nusquam
2993 2629 3052 2671 se
3098 2616 3149 2670 in
3195 2619 3489 2690 Scripturis
3519 2623 3761 2690 reperire

2158 2698 2253 2754 Dei
2281 2716 2475 2755 nomen
2521 2699 2745 2772 Spiritui
2792 2711 2982 2760 sancto
3011 2705 3370 2777 adscriptum.
3403 2709 3469 2764 Et
3500 2711 3757 2768 Basiliam

2155 2791 2372 2862 quidem
2398 2791 2580 2848 laudat
2606 2793 2747 2850 idem
2781 2798 2974 2866 praesul
3001 2796 3096 2854 Or.
3128 2815 3226 2865 xx,
3258 2818 3312 2854 ιι.
3342 2800 3464 2868 100,
3497 2807 3640 2874 quod
3669 2821 3762 2859 eo-

2157 2899 2276 2938 rum
2303 2882 2656 2955 disputationi
2679 2903 2782 2942 uon
2811 2889 2944 2960 nihil
2993 2890 3213 2954 cedens,
3245 2907 3383 2964 quos
3430 2893 3658 2966 benigne
3684 2897 3753 2952 ad

2157 2978 2440 3034 veritatem
2469 2979 2733 3036 reducere
2783 2982 3131 3052 peroptabat,
3165 2981 3218 3039 in
3252 2983 3403 3040 libris
3433 2984 3502 3042 de
3551 2965 3772 3058 Spiritu.

2156 3081 2343 3125 sancto
2369 3071 2438 3125 ab
2466 3087 2526 3126 ea
2559 3087 2690 3128 voce
2709 3113 2726 3140 ,
2781 3092 2808 3125 ιι
2839 3089 2942 3144 qua
2970 3075 3356 3144 abhorrebant,
3386 3093 3485 3151 pro
3513 3088 3760 3152 tempore

445 3173 555 3212 nua
577 3157 638 3212 Β.
666 3157 854 3214 Hilarii
895 3159 1238 3214 solemnitate
1265 3158 1371 3230 legi
1393 3165 1692 3224 consuete,
1717 3172 1840 3228 quae
1861 3159 2053 3214 etiam-
2081 3169 2127 3232 ο
2158 3161 2654 3220 consideratissime
2701 3165 3044 3234 abstinuerit,
3097 3166 3225 3223 dum
3285 3169 3498 3226 interim
3548 3171 3605 3225 in
3643 3174 3762 3228 aliis

445 3263 579 3306 num
608 3251 660 3305 in
692 3249 902 3318 duobus
926 3251 1192 3307 Ecclesia:
1219 3251 1274 3308 S.
1307 3251 1520 3307 Gatiani
1547 3251 1881 3309 Turnuensis
1901 3255 2052 3309 codi-

444 3341 602 3400 cibus
638 3345 708 3398 ah
757 3345 912 3400 annis
941 3344 1130 3400 saltem
1159 3345 1264 3402 800
1289 3345 1522 3402 ettaratis
1572 3355 1920 3403 asservantur
1949 3364 1963 3402 :
1998 3350 2050 3404 in

445 3453 559 3492 uno
585 3437 804 3509 quidem
833 3437 900 3493 ad
932 3438 1160 3510 primam
1210 3439 1518 3494 novembris
1563 3439 1728 3506 diem,
1781 3439 1836 3495 in
1877 3440 2050 3496 altero

443 3533 628 3586 autem
655 3531 722 3585 ad
750 3527 1012 3585 decimam
1065 3529 1278 3586 tertiam
1317 3531 1569 3602 jannarii.
1623 3531 1713 3588 Sic
1766 3548 1926 3603 porro
1953 3538 2052 3589 lia-

446 3624 579 3681 bcut
607 3642 621 3679 :
652 3623 813 3691 Deus,
842 3625 930 3692 qui.
959 3625 1294 3679 venerabilem
1325 3619 1390 3678 B.
1427 3623 1621 3680 Hilarii
1648 3625 1958 3696 confessoris
1980 3627 2054 3680 tui

447 3719 601 3784 tque
625 3717 884 3791 pontiﬁcis
906 3721 1231 3790 festivitate»:
1278 3721 1569 3774 solemniter
1593 3731 1934 3776 recurrentem
1963 3740 2056 3791 po-

449 3811 581 3879 pulo
610 3819 700 3865 tuo
730 3809 1002 3874 dedicasti,
1034 3813 1182 3882 cujus
1211 3809 1387 3884 lingua
1414 3813 1467 3866 in
1494 3814 1680 3868 sarculo
1716 3831 1806 3883 pro
1832 3828 2052 3870 sanum

447 3917 760 3960 'l‘ntsrru'ts
783 3903 1076 3973 wqualitate
1103 3905 1174 3958 sic
1219 3906 1406 3972 tonuit,
1435 3915 1488 3959 ut
1517 3907 1694 3960 mandi
1721 3905 1880 3976 hujus
1907 3909 2056 3979 prin-

447 3999 613 4066 cipem
640 3996 784 4050 miles
813 4005 932 4050 tuus
958 4003 1313 4067 prosterneret,
1350 4005 1453 4053 etc.
1489 3995 1682 4054 Exstat
1705 3999 1896 4054 eadem
1925 4015 2050 4055 ora-

448 4090 531 4145 tio
575 4085 684 4144 kal.
713 4089 965 4144 IiO‘l'elllh.
1019 4091 1290 4161 assignata
1319 4091 1368 4144 in
1398 4089 1835 4146 Sarrameutario
1881 4092 2045 4163 regia:

455 4175 800 4237 bibliotheca;
829 4191 942 4236 not.
973 4177 1138 4246 5863,
1172 4199 1342 4236 amtus
1372 4181 1590 4237 circiter
1617 4183 1722 4238 900
1753 4199 1859 4252 pra:
1899 4200 1957 4239 se
1980 4183 2056 4239 ie—

446 4275 626 4344 rcnte,
650 4275 704 4330 in
727 4291 835 4348 quo
856 4275 1171 4348 Symbolum
1203 4275 1479 4332 NiCiClltllti
1507 4275 1732 4333 habetur
1758 4281 1876 4334 sine
1903 4279 2056 4334 addi-

445 4368 599 4423 tiune
629 4365 882 4440 Filioque.

524 4457 617 4518 XI.
662 4457 834 4515 Titula
861 4461 978 4514 huic
1001 4462 1087 4530 qui
1111 4461 1239 4516 satis
1265 4463 1377 4532 ﬁat.
1407 4492 1476 4502 —
1498 4461 1660 4518 Certe
1683 4463 1921 4519 Hilarius
1945 4464 2059 4535 ipse

2155 3255 2356 3310 vocibus
2377 3272 2406 3311 e
2429 3255 2705 3326 Scriptura
2727 3257 2914 3328 petitis,
2941 3259 3341 3332 testimoniisque
3366 3263 3574 3320 minime
3593 3265 3763 3321 dubiis

2154 3346 2384 3400 eamdem
2407 3348 2507 3401 vim
2532 3347 2856 3416 habentibus,
2890 3351 3287 3425 necessariisque
3327 3357 3642 3426 argumentis
3668 3357 3765 3412 ad-

2154 3438 2404 3492 uersarios
2431 3437 2504 3492 ita
2531 3439 2920 3509 comprimebat,
2948 3449 3003 3494 ut
3031 3441 3174 3496 nullo
3202 3442 3354 3498 modo
3379 3461 3666 3518 repugnare
3691 3465 3754 3502 ac

2157 3536 2335 3584 contra
2385 3530 2480 3584 niti
2535 3539 2758 3602 possent.
2842 3531 2990 3588 Alias
3039 3548 3168 3589 vero
3197 3543 3308 3589 lttm
3337 3537 3583 3607 privatis,
3637 3555 3757 3596 eum

2160 3621 2389 3693 publicis
2445 3623 2788 3678 sermonibus
2814 3623 3072 3694 Spiritum
3102 3637 3346 3682 sanctum
3376 3625 3544 3684 Deum
3581 3627 3766 3688 dicere

2159 3731 2452 3786 numquam
2481 3734 2603 3771 eum
2635 3703 2911 3773 dubitasse
2939 3717 3282 3775 testiﬁcatur.

2231 3813 2370 3868 Xlll.
2404 3806 2545 3869 Deus
2571 3814 2635 3868 ab
2660 3813 2884 3880 antiquis
2905 3824 2952 3869 et
2981 3815 3035 3869 in
3061 3813 3348 3887 Scripturis
3375 3817 3766 3888 appellatur.—

2160 3901 2398 3978 Lougius
2427 3923 2456 3962 a
2488 3923 2654 3978 scopo
2682 3909 2962 3964 aberraret
2991 3910 3188 3976 oratio,
3211 3911 3257 3966 si
3284 3919 3547 3982 quotquot
3574 3928 3642 3970 ex
3670 3931 3772 3970 att--

2162 4000 2324 4069 tiquis
2351 3999 2404 4054 id
2429 3999 2601 4068 ipsum
2625 4011 2994 4066 asserueruut,
3019 4000 3107 4056 hic
3134 4016 3422 4059 recensere
3441 4004 3763 4076 aggredere—

2163 4107 2304 4146 mur.
2337 4089 2512 4148 Unum
2547 4092 2726 4163 itaque
2772 4094 2842 4147 sit
2882 4092 3126 4149 omnium
3171 4095 3341 4150 instar
3383 4095 3516 4152 illud
3545 4090 3764 4156 Tertulo

2161 4183 2289 4238 liaui
2339 4183 2700 4240 testimonimn
2745 4183 2840 4241 lib.
2884 4184 3142 4241 adversus
3171 4187 3430 4244 Praxeam
3471 4208 3619 4246 num.
3654 4193 3760 4265 i5;

2165 4275 2310 4332 Duos
2339 4277 2543 4344 quidem
2563 4276 2838 4346 deﬁnimus
2873 4275 3082 4334 Patrem
3107 4289 3158 4334 et
3189 4277 3420 4349 Filium,
3455 4293 3500 4338 et
3519 4285 3636 4358 jam
3663 4294 3765 4342 tres

2163 4386 2280 4424 cum
2310 4370 2513 4438 Spiritu
2534 4378 2732 4438 sancto,
2756 4371 3035 4426 secundum
3062 4374 3314 4428 rationem
3338 4379 3634 4433 ceconomia:
3651 4395 3764 4450 qua:

2165 4464 2289 4534 facit
2319 4478 2624 4529 numerant;
2655 4481 2738 4528 ne,
2769 4473 2824 4516 ut
2853 4479 3020 4518 uestra
3047 4467 3351 4537 peruersitas
3381 4469 3534 4538 infert
3553 4511 3568 4536 ,
3604 4469 3762 4525 Pater

447 4554 686 4626 quodam
715 4556 876 4610 modo
899 4553 1113 4611 videtur
1141 4555 1396 4612 fcsﬁuare
1425 4566 1480 4610 ut
1522 4558 1732 4613 titulum
1777 4557 1918 4614 hunc
1944 4559 2052 4612 im-
2080 4561 2134 4622 D
2159 4556 2270 4628 ipse
2298 4556 2534 4610 credatur
2576 4565 2726 4611 natus
2779 4565 2828 4610 et
2866 4573 3072 4628 passus,
3103 4559 3242 4630 quod
3281 4577 3384 4615 non
3435 4562 3554 4617 licet
3599 4565 3762 4634 credi,

449 4645 620 4719 plent,
653 4661 774 4702 cum
810 4647 862 4702 in
894 4647 1182 4704 asserenda
1212 4665 1336 4704 vera
1366 4647 1641 4704 Trinitatis
1667 4649 1770 4706 fide
1793 4651 1919 4706 etin
1950 4650 2063 4706 dis-

447 4745 688 4799 serendo
713 4743 1020 4816 singillatim
1065 4745 1134 4802 de
1176 4745 1357 4812 Patre,
1385 4745 1530 4809 Filio
1561 4757 1615 4802 et
1643 4746 1844 4818 Spiritu
1873 4760 2060 4804 sancto

452 4833 656 4891 librum
699 4837 996 4891 secundum
1047 4821 1216 4892 totum
1243 4837 1538 4904 consumit,
1587 4854 1746 4908 quem
1777 4849 2060 4910 proittt'rea

450 4927 551 4983 iii).
584 4943 622 4991 ι,
657 4947 712 4984 ιι.
738 4928 831 4994 2'2,
860 4929 1058 4983 brevem
1084 4929 1448 4984 demonstratae
1473 4927 1744 4984 Trinitatis
1779 4949 2064 4988 sermonem

452 5021 827 5096 cognominat:
876 5031 931 5074 ut
985 5037 1089 5075 non
1137 5023 1408 5076 immerito
1435 5021 1557 5076 libri
1627 5038 1681 5077 tv
1719 5023 1873 5077 initio
1903 5025 2062 5094 proti-

450 5123 656 5180 teatur,
707 5129 826 5168 sese
854 5113 1008 5184 ﬁdem
1033 5123 1080 5168 et
1107 5114 1481 5186 confessionem
1541 5111 1713 5169 Patris
1760 5125 1808 5169 et
1853 5114 1978 5170 Filii
2017 5125 2064 5170 et

455 5201 694 5275 Spiritus
720 5207 883 5260 sancti
925 5203 1296 5276 superioribus
1349 5205 1500 5260 libris
1529 5205 1864 5263 sufﬁcienter
1891 5207 2063 5262 tradi-

455 5297 631 5356 disse.
667 5300 732 5354 Et
757 5297 1017 5368 deinceps
1043 5296 1260 5368 quidem
1291 5297 1359 5354 ad
1387 5297 1781 5354 defendendam
1809 5299 1986 5354 Patris
2011 5310 2068 5356 et

457 5389 587 5451 Filii
637 5393 1270 5462 consubstzmtialitatem,
1325 5393 1393 5449 de
1420 5411 1520 5464 qua
1550 5409 1689 5466 pene
1741 5397 1920 5450 omnis
1949 5405 2068 5450 erat

458 5489 856 5553 controversia,
907 5486 1217 5557 diligentius
1249 5485 1510 5542 incumbit
1541 5505 1554 5542 :
1591 5489 1848 5558 propositi
1877 5499 2064 5544 tamen

460 5581 550 5635 sui
575 5586 679 5634 non
701 5579 1005 5643 immemor,
1025 5579 1092 5634 ad
1115 5593 1338 5650 scepum
1365 5579 1520 5636 titulo
1544 5581 1917 5651 praescriptum
1941 5593 2069 5637 ante

461 5673 647 5741 operis
691 5674 848 5726 linem
897 5678 1138 5738 revertit,
1191 5683 1244 5727 et
1291 5672 1485 5728 librum
1517 5687 1594 5726 xu
1629 5687 1732 5726 non
1765 5673 2065 5738 concludit,

458 5765 571 5823 nisi
602 5775 932 5836 prOpuguata
962 5762 1122 5818 totius
1149 5763 1452 5831 Trinitatis,
1497 5779 1561 5820 ac
1603 5763 1922 5821 nominatim
1951 5764 2068 5836 Spi-

2165 4651 2417 4723 quoniam.
2448 4668 2548 4705 non
2576 4651 2649 4705 ita
2696 4651 2942 4706 traditum
2993 4660 3086 4706 est.
3110 4650 3258 4708 Duos
3312 4664 3480 4711 tamen
3534 4656 3670 4712 Deos
3719 4669 3770 4714 et

2169 4746 2297 4797 duos
2326 4741 2575 4797 Dominus
2604 4759 2882 4811 numquam
2903 4761 2965 4800 ex
2985 4762 3073 4800 ore
3091 4757 3263 4801 nostro
3283 4748 3592 4818 proferimus
3623 4767 3642 4804 :
3663 4767 3769 4807 non

2169 4839 2314 4904 quasi
2341 4853 2443 4891 non
2472 4845 2518 4891 ct
2549 4835 2704 4891 Pater
2730 4835 2873 4892 Deus
2897 4879 2912 4904 ,
2942 4847 2990 4892 et
3028 4835 3196 4891 Filius
3233 4835 3373 4894 Deus
3397 4880 3413 4906 ,
3445 4851 3488 4894 et
3516 4843 3764 4902 SPIRITUS

2170 4943 2406 4984 sanares
2431 4927 2592 4992 Deus,
2623 4935 2671 4982 et
2693 4927 2834 4982 Deus
2863 4927 3226 4998 unusquisque,
3259 4940 3363 4984 etc.
3388 4929 3576 5001 Neque
3603 4935 3766 4992 etiam

2171 5020 2576 5076 concedendum
2599 5017 2858 5090 Spiritum
2885 5030 3132 5074 sanctum
3160 5021 3212 5074 in
3237 5021 3531 5094 Scripturis
3545 5027 3768 5085 minime

2175 5116 2339 5168 Deum
2403 5114 2720 5183 nuncupari.
2783 5113 3102 5170 Ambrosius
3166 5114 3256 5170 lib.
3328 5131 3387 5172 ιιι
3464 5117 3527 5174 de
3569 5120 3770 5191 Spiritu

2171 5217 2366 5278 sancto,
2383 5225 2430 5264 c.
2448 5215 2502 5275 ιι,
2521 5207 2666 5262 aliud
2691 5207 2868 5280 probat
2888 5208 3169 5277 praesertim
3191 5224 3254 5264 ea;
3275 5211 3436 5266 verbis
3457 5210 3624 5280 Petri,
3645 5215 3762 5270 Act.

2172 5316 2256 5368 tu,
2280 5301 2334 5369 5,
2363 5310 2496 5368 etc.,
2519 5300 2712 5371 quibus
2739 5300 2814 5355 ait
2843 5301 3038 5372 primo,
3065 5302 3288 5368 Anania,
3321 5320 3412 5357 cur
3433 5304 3658 5376 implevit
3679 5325 3767 5362 sa-

2177 5405 2324 5450 tanas
2363 5411 2452 5450 cor
2496 5405 2639 5450 tuum
2689 5395 2757 5448 ad
2786 5396 3132 5450 mentiendum
3185 5397 3406 5464 Spiritui
3455 5409 3668 5467 sancto;
3705 5418 3770 5460 ac

2177 5489 2374 5544 deinde
2403 5487 2644 5558 subjicit,
2681 5486 2805 5542 Non
2833 5503 2886 5542 es
2915 5489 3156 5543 mentitus
3181 5489 3490 5564 hominibus,
3525 5495 3616 5550 sed
3639 5493 3771 5553 Deo.

2247 5580 2391 5637 XIV.
2418 5579 2656 5652 Nugatur
2675 5579 2781 5650 qui,
2797 5596 2910 5634 cum
2936 5597 3041 5635 rem
3055 5580 3256 5648 habeat,
3269 5585 3452 5654 quierit
3473 5588 3546 5642 rei
3567 5605 3768 5644 nomen.

2180 5675 2284 5730 Cur
2314 5673 2534 5746 Spiritui
2557 5683 2734 5729 sancto
2761 5673 2852 5728 Dei
2882 5690 3062 5729 nomen
3092 5673 3328 5734 Hilarius
3369 5696 3470 5735 non
3509 5685 3772 5737 attribuat.

2181 5798 2252 5810 --
2299 5767 2403 5825 Sed
2457 5765 2716 5840 quidquid
2774 5767 2843 5824 sit
2893 5766 2964 5824 de
3023 5765 3126 5828 hac
3175 5769 3582 5843 disputatione,
3643 5779 3786 5847 quod
