4118 6186
459 309 527 364 15
1644 304 1710 361 ΙΝ
1747 303 2000 363 LIBROS
2030 302 2116 359 DE
2143 301 2513 360 TRINITATE
3686 300 3755 358 16

459 420 734 492 praedictis
760 419 1027 474 hmretlcis
1051 418 1306 483 litteram,
1330 431 1437 472 non
1462 417 1705 489 spiritum
1724 420 2057 490 sapientibus
2084 420 2137 479 Α
2163 428 2219 471 ut
2240 418 2563 485 incorruptae
2615 430 2678 471 ac
2724 414 2918 469 divina:
2974 422 3179 468 natura:
3210 429 3314 470 non
3371 424 3550 482 esset,
3593 433 3750 488 quem

460 512 741 584 respondit
770 510 1063 581 Gregorius
1112 509 1204 566 Or.
1248 526 1465 572 xxxvii,
1500 527 1648 566 num.
1684 511 1785 577 56,
1820 527 1963 566 nunc
2004 512 2055 566 in

462 620 718 683 promptu
761 620 847 666 est
885 610 937 664 in
980 608 1266 664 Erasmum
1300 617 1648 676 retorquere,
1683 624 1842 679 quem
1876 619 2055 664 tamen

456 703 966 763 Pneumatomachis
991 704 1062 757 ita
1091 703 1142 756 in
1165 701 1266 758 hac
1290 700 1572 773 argutandi
1604 702 1813 757 ratione
1839 716 2059 769 compa-

456 816 662 866 ramus,
697 806 754 854 ut
782 798 930 853 nullo
960 806 1118 867 pacto
1165 806 1536 865 comparatum
1583 797 1811 851 velimus
1848 795 2052 850 inﬁde.

453 892 585 948 Illos
616 901 776 962 porro
797 890 1091 961 Gregorius
1124 890 1312 961 nugari
1341 889 1498 944 docet
1518 889 1633 960 qui,
1663 890 1868 944 relictis
1896 888 2057 944 rebus

453 984 690 1057 syllabas
718 990 1125 1049 consectantur,
1156 982 1359 1051 quique
1386 982 1667 1038 audientes
1695 998 1758 1038 ea
1787 983 1839 1037 in
1872 981 2055 1052 Scrip-

452 1076 589 1131 turis
618 1075 842 1146 Spiritui
881 1085 1071 1130 sancto
1098 1075 1352 1141 attribui,
1384 1090 1506 1147 quae
1551 1090 1657 1130 non
1686 1083 2053 1132 consentanea

450 1168 560 1223 sint
583 1167 687 1222 nisi
714 1168 825 1222 Deo
849 1209 864 1232 ,
898 1166 1073 1222 adhuc
1103 1175 1351 1237 quaerant
1378 1167 1466 1223 ubi
1498 1167 1625 1222 illud
1660 1167 1757 1222 Dei
1778 1183 1974 1223 nomen
2002 1167 2055 1223 ei

450 1260 812 1317 adscribatur.
846 1259 986 1328 Quid
1009 1261 1154 1315 enim
1179 1261 1428 1326 interest,
1458 1268 1639 1315 utrum
1664 1261 1859 1327 decem,
1884 1276 1949 1315 an
1980 1260 2055 1315 bis

449 1354 694 1424 quinque,
725 1364 907 1408 utrum
935 1352 1109 1418 homo,
1141 1368 1208 1407 an
1239 1354 1437 1408 ratione
1463 1353 1738 1426 prwditum
1767 1362 1813 1407 et
1840 1353 2055 1407 mortale

450 1446 649 1500 animal
678 1445 924 1500 dicatur?
950 1442 1096 1501 Sane
1140 1445 1337 1515 quibus
1385 1445 1617 1517 placebit
1664 1446 1779 1501 haec
1806 1445 2053 1516 Gregorii

444 1539 606 1605 ratio,
643 1537 677 1592 ii
710 1554 816 1592 non
867 1536 1011 1591 inani
1063 1538 1321 1606 scrupulo
1380 1537 1724 1592 tribuendum
1775 1538 2053 1592 existima-

445 1629 603 1697 bunt,
638 1629 780 1699 quod
812 1628 1046 1682 llilarius
1072 1626 1305 1697 Spiritus
1332 1628 1502 1683 sancti
1534 1628 1796 1683 vocabulo
1829 1627 1923 1683 Dei
1950 1643 2050 1684 no-

448 1735 575 1776 men
604 1736 708 1774 non
740 1719 978 1790 adjiciat.
1010 1719 1124 1774 Hoc
1151 1719 1331 1789 potius
1360 1719 1432 1774 ita
1462 1718 1664 1774 factum
1693 1718 2045 1789 crediderint,

2162 511 2229 565 ad
2265 510 2666 564 immortalitatis
2692 508 2878 581 pignus
2917 519 2965 562 et
3001 509 3070 563 ad
3109 510 3295 565 divina:
3321 519 3520 565 natura?
3546 527 3756 566 consor-

2160 605 2289 658 tium
2317 619 2646 658 sumeremus.
2683 603 2783 668 Qui
2818 602 2968 672 plura
3014 603 3191 667 volet,
3223 602 3379 659 adeat
3425 603 3619 658 librum
3650 620 3751 669 xu,

2162 713 2219 751 ιι.
2254 697 2325 752 54
2346 738 2361 761 ,
2390 705 2496 752 etc.
2519 737 2533 761 ,
2575 695 2664 751 ubi
2712 695 2946 764 Spiritus
2983 708 3201 751 sanctus
3245 696 3484 767 ejusdem
3511 713 3630 753 cum
3658 699 3757 754 Pa-

2166 795 2249 843 tre
2302 797 2507 844 naturte
2533 830 2547 856 ,
2576 788 2793 844 virtutis
2830 804 2895 845 ac
2937 790 3252 845 substantia:
3291 805 3414 847 esse
3459 791 3756 849 luculenter

2159 880 2476 936 adstruitur.

2230 971 2371 1027 XVI.
2398 972 2741 1028 Luculentum
2780 974 2843 1029 de
2873 975 3102 1046 Spiritus
3125 976 3289 1031 sancti
3318 978 3578 1034 divinitate
3600 996 3756 1051 argu-

2159 1074 2400 1119 mentum.
2444 1098 2514 1106 —
2549 1066 2726 1123 Unum
2755 1068 3035 1123 dumtaxat
3073 1085 3134 1124 ex
3166 1085 3232 1125 eo
3265 1070 3382 1125 loco
3433 1071 3755 1142 proferimus

2157 1169 2532 1230 argumentum
2560 1201 2575 1227 ,
2622 1162 2846 1231 petitum
2889 1178 2951 1218 ex
3006 1163 3184 1219 verbis
3227 1166 3495 1235 apostoli,
3530 1165 3757 1238 Spiritus

2155 1254 2290 1305 enim
2308 1255 2480 1306 omnia
2514 1264 2795 1322 scrutatur,
2829 1256 2979 1310 etiam
3010 1258 3271 1329 profunda
3296 1256 3416 1314 Dei.
3452 1259 3527 1315 Ex
3561 1262 3757 1331 quibus

2157 1343 2223 1397 ad
2250 1344 2464 1400 Patrem
2495 1362 2821 1416 conversus,
2850 1349 2929 1405 sic
2955 1365 3076 1404 eum
3125 1366 3247 1405 cum
3290 1367 3482 1423 magna
3524 1353 3756 1422 Spiritus

2155 1438 2328 1493 sancti
2357 1442 2655 1495 reverentia
2682 1441 2973 1513 alloquitur
2999 1460 3013 1499 :
3047 1442 3215 1500 Nulla
3232 1453 3279 1499 te
3298 1445 3397 1499 nisi
3418 1461 3515 1500 ass
3532 1461 3640 1502 rus
3668 1464 3758 1517 pe-

2155 1539 2319 1585 netrat
2346 1547 2364 1586 :
2396 1549 2486 1586 nec
2512 1535 2830 1606 profundum
2858 1536 3120 1591 immensa:
3150 1539 3429 1609 majestatis
3451 1551 3579 1606 ttae,
3612 1557 3757 1610 pere-

2152 1625 2317 1695 grina:
2344 1635 2497 1697 atque
2528 1629 2715 1684 aliena:
2751 1647 2782 1682 α
2813 1640 2861 1683 te
2894 1632 3096 1686 virtutis
3125 1649 3279 1688 causa
3308 1650 3567 1692 us'rrrun.
3599 1636 3755 1694 Tuum

2153 1730 2272 1782 EST,
2303 1718 2555 1787 quidquid
2583 1732 2630 1774 te
2658 1722 2754 1776 init
2784 1740 2803 1777 :
2828 1740 2990 1793 neque
3013 1724 3238 1779 alienum
3257 1736 3355 1790 est.
3379 1729 3628 1800 quidquid
3655 1731 3757 1785 vir-

446 1813 570 1885 quia
598 1814 885 1883 ipsammet
915 1812 1008 1868 Dei
1041 1820 1285 1868 naturain
1313 1814 1399 1868 vel
1425 1814 1544 1868 solo
1570 1813 1800 1883 Spiritus
1831 1815 2052 1870 nomine
2080 1815 2127 1875 Β
2155 1816 2260 1864 Iule
2322 1814 2597 1869 scrutantis
2668 1817 2826 1883 inest,
2876 1819 3029 1888 quasi
3078 1819 3286 1876 diceret
3332 1838 3347 1876 :
3402 1823 3505 1890 Qui
3571 1826 3751 1882 omnia

442 1904 749 1974 intelligere
776 1904 971 1958 soleat.
1002 1903 1187 1972 Neque
1229 1918 1361 1959 vero
1406 1904 1626 1959 dubium
1658 1914 1742 1961 est
1782 1921 1904 1962 eum
1950 1922 2048 1961 ex-

440 2005 599 2053 terno
635 1997 729 2052 illo
758 1997 1058 2052 litterarum
1089 2010 1223 2051 sono
1261 1998 1574 2066 expressius
1601 1997 1801 2068 aliquid
1832 1998 2048 2067 scriptis

444 2089 559 2145 suis
605 2089 979 2159 consignasse,
1031 2100 1138 2157 quo
1194 2087 1427 2158 Spiritus
1481 2089 1652 2143 sancti
1712 2089 2043 2145 divinitatem

441 2181 872 2237 commendaret.

516 2272 635 2329 XV.
669 2270 768 2328 Dei
798 2273 851 2327 in
879 2288 939 2327 eo
966 2282 1206 2327 naturam
1249 2282 1538 2329 constanter
1568 2273 1837 2346 praedicat.
1863 2305 1936 2316 —
1966 2277 2044 2332 Ac

437 2368 612 2440 primo
645 2368 862 2438 quidem
908 2368 1121 2438 quoties
1152 2367 1421 2433 inculcat,
1455 2369 1597 2438 quod
1646 2370 1843 2439 Stepius
1893 2369 2041 2437 facit,

436 2449 617 2516 verbis
666 2460 916 2530 baptismi
948 2458 1143 2515 Filium
1182 2460 1412 2515 indicari
1439 2469 1492 2516 et
1537 2461 1682 2515 credi
1727 2462 1872 2516 Patri
1908 2478 2039 2517 con—

433 2553 872 2620 substantialem,
902 2554 1064 2608 toties
1100 2551 1361 2621 Spiritum
1384 2562 1627 2607 sanctum
1663 2552 1874 2621 utrique
1897 2553 2041 2631 pari-

438 2658 520 2704 ter
548 2647 1061 2704 consubstantialem
1106 2661 1226 2702 esse
1249 2646 1554 2717 proﬁtetur.
1594 2645 1708 2701 Non
1739 2648 1884 2701 enim
1912 2648 2042 2716 bap-

433 2741 768 2797 tismiverba
809 2741 1002 2797 Filium
1054 2741 1222 2811 magis
1270 2756 1429 2810 quam
1476 2740 1734 2812 Spiritum
1786 2752 2037 2797 sanctqu

431 2836 592 2888 unius
617 2848 739 2889 eum
780 2833 941 2888 Patre
983 2840 1187 2887 natura:
1217 2847 1280 2887 ac
1325 2832 1642 2887 substantiae
1683 2848 1806 2888 esse
1835 2833 2041 2903 signiti-

429 2934 582 2983 cant.
634 2926 739 2983 Sed
769 2935 825 2982 et
853 2942 975 2996 cap.
1006 2928 1073 2981 15
1109 2926 1163 2980 in
1193 2925 1379 2981 Matth.
1410 2942 1558 2983 num.
1593 2925 1627 2981 6
1648 2969 1661 2991 ,
1705 2926 1912 2982 diserte
1945 2914 2041 2982 de-

429 3018 624 3083 clarat,
647 3017 788 3088 quod
812 3019 866 3071 in
900 3016 1055 3071 Patre
1085 3026 1130 3072 et
1159 3017 1301 3071 Filio
1331 3027 1375 3072 et
1403 3016 1608 3085 Spiritu
1630 3027 1809 3072 sancto
1835 3017 2038 3088 absque

431 3112 542 3167 ullo
569 3127 749 3166 causa:
774 3122 1011 3167 externae
1040 3110 1305 3179 subsidio,
1333 3128 1453 3181 quae
1483 3111 1731 3166 fermenti
1752 3112 1803 3165 in
1828 3127 2033 3167 morem

2150 1902 2310 1956 etiam
2346 1905 2607 1973 profunda
2632 1907 2724 1962 Dei
2752 1920 3042 1978 scrutatur,
3070 1913 3387 1972 immensam
3417 1919 3752 1988 majestatem

2151 1994 2370 2048 metitur
2402 2013 2416 2051 :
2443 2014 2547 2051 non
2571 2002 2795 2056 metitur
2814 2012 2992 2058 autem
3027 2004 3129 2059 nisi
3159 2006 3459 2066 immensus
3486 2022 3540 2066 et
3566 2026 3751 2081 atqua-

2150 2083 2213 2140 lis
2257 2088 2432 2144 eidem
2481 2091 2771 2163 majestati.
2804 2095 2930 2151 Item
2978 2098 3125 2166 :Qui
3168 2109 3441 2156 scrutatur
3483 2102 3749 2173 profunda

2151 2179 2268 2249 Dei,
2303 2183 2549 2241 internus
2578 2188 2648 2242 sit
2680 2205 2903 2245 necesse
2932 2201 3015 2247 est
3042 2194 3139 2263 ipsi
3175 2194 3283 2250 Deo
3310 2213 3324 2249 :
3359 2195 3626 2253 internum
3654 2215 3751 2255 au-

2147 2280 2252 2328 tem
2282 2277 2330 2330 ei
2362 2294 2466 2332 non
2501 2289 2603 2348 est,
2627 2282 2883 2354 quidquid
2915 2285 3151 2341 alienum
3182 2287 3251 2343 ab
3276 2303 3343 2344 eo
3381 2300 3481 2356 est,
3516 2305 3607 2345 aut
3640 2310 3745 2349 non

2144 2365 2387 2434 ejusdem
2419 2386 2540 2425 cum
2581 2388 2645 2427 eo
2692 2375 3030 2432 substantiae.
3062 2378 3414 2436 Conﬁtendus
3459 2394 3541 2439 est
3587 2385 3747 2456 igitur

2144 2457 2376 2529 Spiritus
2403 2474 2621 2521 sanctus
2644 2466 2965 2536 immensus,
2991 2482 3045 2526 et
3068 2473 3291 2542 :equalis
3318 2475 3447 2540 Deo,
3476 2478 3745 2548 ejusdem-

2143 2567 2248 2621 que
2276 2568 2396 2608 cum
2421 2572 2487 2609 eo
2514 2557 2729 2614 virtutis
2763 2576 2826 2614 ac
2853 2562 3189 2619 substantiae.
3224 2566 3476 2631 Brevins,
3507 2571 3601 2625 sed
3633 2588 3742 2628 non

2142 2645 2320 2703 minus
2367 2651 2511 2706 clare
2542 2651 2773 2723 idipsum
2801 2656 2963 2711 docet
2997 2658 3090 2713 lib.
3122 2675 3178 2724 ιι,
3209 2677 3263 2715 ιι.
3294 2663 3382 2726 51,
3407 2678 3528 2719 eum
3554 2666 3743 2722 scribit

2145 2737 2311 2794 Deum
2351 2742 2402 2796 in
2449 2742 2652 2812 Spiritu
2680 2756 2866 2802 sancto
2897 2747 3147 2818 adorari,
3180 2753 3266 2807 ubi
3298 2754 3348 2809 in
3383 2755 3582 2825 Spiritu
3610 2757 3741 2814 ado-

2140 2842 2320 2899 ratur;
2351 2845 2405 2891 et
2428 2836 2514 2891 ubi
2541 2836 2592 2892 in
2621 2838 2825 2908 Spiritu
2863 2840 3140 2913 adoratur,
3167 2844 3278 2916 jam
3309 2864 3415 2904 non
3453 2852 3554 2906 nisi
3577 2853 3630 2906 in
3657 2870 3739 2908 se-

2142 2927 2355 2992 metipso
2377 2928 2538 2982 adora
2548 2928 2612 2985 ri.

2213 3014 2373 3073 XVII.
2408 3019 2491 3074 Ea:
2518 3021 2666 3077 dictis
2701 3024 2764 3077 de
2805 3024 3005 3096 Spiritu
3033 3041 3211 3086 sancto
3243 3049 3345 3089 non
3376 3037 3606 3105 sequitur
3643 3040 3737 3096 Iros

2138 3107 2294 3163 libros
2319 3122 2433 3182 past
2461 3123 2690 3168 exortam
2723 3115 3017 3175 Macedonii
3046 3123 3283 3179 ha’resim
3324 3132 3579 3197 confectos
3603 3147 3732 3187 esse.

439 3222 536 3261 eos
565 3205 785 3273 copulet
814 3215 976 3277 atque
1017 3205 1307 3276 coniungat
1329 3247 1343 3270 ,
1377 3205 1551 3259 omnia
1592 3222 1753 3258 unum
1794 3205 1914 3259 sint.
1949 3204 2038 3261 Sic
2065 3196 2109 3259 C
2142 3203 2450 3275 —Propter
2475 3205 2588 3261 haec
2616 3208 2829 3279 aliaque
2858 3219 2964 3267 tun
2990 3214 3132 3270 clara
3162 3216 3226 3269 ad
3260 3196 3588 3287 probandam
3617 3222 3738 3287 Spi-

429 3300 528 3355 lib.
559 3315 597 3353 ιι
623 3298 692 3355 de
715 3299 908 3354 Trinit.
960 3314 1110 3354 num.
1141 3297 1213 3352 28
1235 3340 1249 3363 ,
1282 3297 1495 3353 Patrem
1527 3306 1582 3351 et
1608 3296 1803 3352 Filium
1832 3305 1888 3353 et
1914 3297 2039 3367 Spi-

429 3392 593 3448 ritum
650 3400 897 3447 sauctum
948 3399 1157 3461 spectat
1197 3392 1341 3446 velut
1384 3389 1600 3460 aliquod
1653 3401 1855 3456 totum,
1888 3390 2032 3460 quod

431 3486 745 3540 nullatenus
775 3483 1018 3553 separari
1042 3493 1222 3555 queat.
1256 3483 1355 3550 Qui
1380 3482 1523 3536 enim
1544 3523 1559 3548 ,
1590 3482 1759 3550 inquit
1789 3487 2036 3538 nomina-

436 3578 531 3634 tim
560 3579 628 3634 de
657 3578 859 3649 Spiritu
891 3587 1080 3633 sancto
1099 3617 1113 3643 ,
1140 3575 1451 3646 confessioni
1483 3573 1658 3630 Patris
1682 3584 1729 3629 et
1756 3572 1881 3628 Filii
1906 3591 2034 3628 con-

438 3689 600 3727 nemus
639 3681 714 3728 est
733 3714 748 3738 ,
779 3688 881 3725 non
912 3679 1074 3743 potest
1110 3687 1142 3723 a
1172 3669 1488 3740 confessione
1516 3667 1692 3723 Patris
1718 3676 1767 3723 et
1795 3666 1922 3722 Filii
1949 3685 2030 3723 se-

428 3766 626 3838 parari.
654 3761 1025 3836 Imperfectum
1055 3763 1190 3816 enim
1237 3771 1310 3817 est
1356 3762 1499 3816 nobis
1540 3770 1700 3815 totum
1722 3801 1737 3827 ,
1763 3761 1807 3816 si
1836 3761 2036 3834 aliquid

432 3857 562 3912 desit
592 3873 626 3911 a
652 3864 778 3910 toto.
811 3854 948 3910 Hinc
979 3854 1033 3908 in
1062 3852 1255 3910 eodem
1282 3852 1378 3906 lib.
1411 3869 1450 3907 ιι
1478 3895 1492 3916 ,
1523 3870 1577 3906 ιι.
1609 3852 1644 3907 4
1666 3893 1683 3920 ,
1708 3852 2032 3908 Arianorum

430 3950 707 4008 doctrinas
735 3958 795 4004 ut
823 3963 991 4003 novas
1019 3957 1072 4002 et
1098 3946 1334 4001 humano
1373 3946 1588 4017 ingenio
1633 3946 1894 4001 confictas
1936 3962 2035 4001 no-

427 4054 528 4109 tat,
562 4042 706 4115 quod
737 4042 1021 4097 dissoluant
1053 4040 1265 4112 perfecti
1304 4039 1458 4111 hujus
1497 4038 1805 4093 sacramenti
1842 4039 2034 4093 verita-

427 4147 548 4204 tem,
578 4139 703 4192 dum
724 4135 1035 4207 substantias
1055 4133 1404 4189 diversitatum
1429 4149 1479 4188 IN
1504 4148 1669 4188 nEBus
1696 4149 1803 4188 TAII
1826 4147 2037 4188 conuu-

427 4246 581 4288 meus
632 4231 935 4285 moliuntur.
970 4227 1084 4283 Hoc
1121 4226 1281 4298 igitur
1318 4243 1348 4279 a
1394 4227 1505 4280 Deo
1565 4226 1855 4292 traditmn,
1886 4235 1941 4279 et
1980 4225 2035 4280 in

429 4322 675 4379 Ecclesia
705 4336 921 4390 semper
951 4318 1216 4375 creditum
1247 4315 1595 4380 existimavit,
1624 4316 1835 4371 Patrem
1863 4326 1917 4370 et
1943 4316 2037 4371 Fi-

432 4417 562 4472 lium
596 4424 649 4470 et
676 4414 940 4485 Spiritum
973 4422 1223 4466 sanctum
1268 4425 1357 4463 res
1395 4424 1713 4463 communes
1753 4423 1906 4475 esse,
1941 4424 2040 4464 ne-

433 4523 540 4578 que
560 4508 616 4563 in
647 4507 728 4561 eis
752 4502 938 4558 haberi
959 4501 1384 4556 substantiarum
1411 4500 1776 4555 diversitates.
1807 4499 1880 4554 Ita
1910 4515 2038 4556 vero

2138 3295 2274 3350 ritus
2290 3298 2459 3351 sancti
2475 3298 2808 3356 divinitatem
2837 3319 3171 3374 argumenta,
3195 3308 3293 3364 hos
3313 3310 3476 3367 libros
3496 3315 3737 3370 nonnulli

2138 3391 2480 3460 conscriptus
2512 3393 2699 3449 Volunt
2721 3405 2841 3465 post
2862 3407 3104 3454 exortam
3133 3401 3426 3459 Macedonii
3454 3405 3732 3477 haeresim,

2138 3483 2471 3555 proindeque
2514 3495 2634 3555 post
2673 3504 2873 3545 annum
2906 3492 3040 3559 560,
3070 3512 3177 3564 quo
3206 3497 3569 3566 Macedonius,
3591 3500 3735 3558 Con-

2137 3575 2612 3646 smtitiuopolitana
2641 3581 2860 3652 Synodo
2881 3584 3193 3657 episcopatu
3208 3589 3469 3661 dejeclus,
3492 3609 3734 3651 errorem

2137 3681 2292 3722 suum
2323 3667 2680 3728 disseminare
2714 3676 2895 3745 etrapit.
2922 3676 3061 3732 Nihil
3104 3690 3283 3736 tamen
3316 3683 3441 3738 inde
3485 3701 3735 3742 necessa-

2140 3758 2219 3814 rio
2256 3761 2556 3819 coniicitur.
2589 3766 2721 3834 Quis
2768 3771 2909 3823 enim
2957 3775 3180 3843 nesciat,
3237 3786 3293 3831 ut
3349 3777 3506 3845 Filii,
3560 3781 3630 3837 ita
3681 3790 3738 3838 et

2139 3852 2374 3923 Spiritus
2400 3857 2569 3912 sancti
2597 3860 2930 3918 divinitatem
2954 3866 3020 3920 ab
3041 3865 3171 3922 Ario
3191 3868 3598 3928 labefactatam?
3618 3874 3735 3944 Ipse

2140 3945 2193 4002 in
2227 3947 2415 4003 Thalia
2456 3969 2554 4008 sua
2595 3954 2737 4025 apud
2774 3957 3126 4015 Athanasium
3152 3961 3245 4017 Or.
3299 3964 3334 4017 Ξ
3363 3974 3551 4021 contra
3583 3968 3737 4022 Aria-

2142 4055 2261 4108 nos,
2289 4057 2341 4112 p.
2376 4043 2499 4101 512.
2531 4045 2743 4107 divisas.
2763 4059 2812 4103 et
2840 4050 3104 4118 abunitas,
3126 4063 3175 4109 et
3196 4054 3501 4126 disjuuctas,
3529 4067 3575 4112 et
3603 4059 3733 4114 alie-

2140 4150 2253 4202 nas,
2283 4144 2331 4189 et
2356 4136 2857 4196 iucommnnicabiles
2876 4159 2986 4196 esse
3013 4143 3183 4199 Patris
3203 4154 3253 4199 et
3278 4145 3403 4201 Filii
3431 4156 3478 4201 et
3506 4147 3734 4220 Spiritus

2137 4227 2300 4280 sancti
2336 4227 2646 4284 substantias
2691 4232 2965 4300 prtedicat.
3011 4236 3181 4301 Quem
3233 4236 3429 4295 deinde
3475 4242 3737 4307 perstrin-

2140 4332 2273 4386 gens
2325 4318 2656 4376 Athanasius
2705 4339 2822 4394 pag.
2875 4326 2983 4382 515
3032 4345 3045 4381 :
3091 4331 3388 4396 Quomodo,
3440 4333 3630 4404 inquit,
3671 4337 3736 4390 de

2142 4408 2346 4480 Spiritu
2388 4421 2566 4467 sancto
2599 4424 2734 4468 recte
2759 4416 3056 4488 apinaretnr
3075 4461 3088 4483 ,
3113 4422 3200 4487 qui
3229 4421 3554 4492 blasphemus
3578 4435 3651 4481 est
3679 4427 3734 4482 in

2155 4501 2375 4558 Verbum
2403 4506 2540 4576 quod
2562 4507 2814 4578 Spiritum
2835 4514 3163 4585 suppeditat?
3186 4515 3359 4573 Simili
3391 4519 3613 4575 omnino
3650 4537 3737 4576 ra-

429 4613 746 4672 persuasum
778 4595 828 4650 ei
856 4603 973 4649 erat
994 4593 1141 4649 Patri
1167 4592 1682 4648 consubstantialem
1708 4609 1828 4648 esse
1856 4592 2032 4664 Spiri-
2061 4585 2289 4653 Dtione
2319 4598 2552 4655 Ililarius
2575 4613 2776 4668 noster,
2807 4605 2902 4661 lib.
2931 4623 2990 4673 ιι,
3026 4625 3081 4663 ιι.
3112 4609 3181 4665 4:
3211 4610 3352 4679 Quid
3374 4616 3559 4669 mirum
3595 4627 3648 4672 ut
3673 4617 3736 4674 de

441 4704 551 4747 tum
582 4701 853 4756 Sanctum,
883 4696 941 4742 ut
973 4701 1132 4740 unam
1158 4684 1334 4740 Patris
1371 4695 1425 4737 et
1456 4682 1577 4739 Filii
1619 4698 1741 4739 esse
1781 4685 2035 4740 substan»

432 4787 560 4841 tiam
592 4784 684 4839 lib.
716 4798 795 4848 ιιι,
828 4796 976 4835 num.
1011 4778 1104 4846 72,
1138 4778 1265 4832 hinc
1294 4775 1663 4844 demonstret,
1690 4777 1833 4846 quod
1859 4778 2033 4847 Spiri-

434 4889 520 4934 tus
552 4885 770 4933 sanctus
791 4916 806 4940 ,
837 4884 894 4928 ut
925 4888 989 4927 ex
1023 4872 1089 4926 iis
1115 4884 1235 4941 qure
1274 4868 1451 4922 Patris
1491 4876 1655 4933 sunt,
1686 4869 1757 4923 ita
1793 4878 1846 4924 et
1870 4884 1934 4923 ex
1969 4868 2035 4925 iis

430 4987 552 5041 quae
573 4980 695 5022 sunt
728 4965 887 5032 Filii,
914 4980 1063 5019 suam
1088 4961 1338 5031 accipiat.
1376 4958 1501 5013 Non
1531 4960 1692 5027 enim,
1726 4961 1898 5031 inquit
1926 4960 2034 5026 ibi,

433 5064 498 5118 de
519 5060 765 5117 creaturis
795 5057 1025 5113 sumebat
1057 5056 1285 5127 Spiritus
1316 5062 1547 5109 sanctus.
1578 5054 1836 5111 Sumcbat
1871 5054 2036 5126 igitur

432 5156 504 5213 de
524 5157 804 5211 Creatore.
820 5150 893 5207 Ut
908 5151 1051 5206 enim
1079 5148 1239 5202 habet
1260 5145 1568 5202 Ferrandus
1593 5148 1857 5203 Diaconus
1870 5149 2030 5217 epist.

434 5250 500 5306 ad
542 5248 873 5311 Anatolium,
909 5243 1092 5299 Omnis
1119 5259 1199 5296 res
1225 5252 1314 5294 aut
1344 5239 1483 5295 Dens
1513 5252 1604 5309 est,
1640 5252 1727 5295 aut
1755 5253 1987 5297 creatura
2015 5261 2034 5299 :

429 5346 475 5398 si
504 5342 649 5398 Deus
676 5351 772 5403 est,
798 5347 1034 5394 creatura
1063 5352 1165 5390 non
1190 5343 1263 5389 est
1284 5350 1303 5401 ;
1324 5335 1371 5388 si
1388 5344 1624 5388 creatura
1648 5344 1744 5401 est,
1774 5334 1913 5389 Deus
1933 5352 2033 5391 non

431 5444 523 5489 est.
555 5434 689 5503 Quia
722 5448 884 5503 porro
913 5439 1098 5484 noster
1128 5426 1364 5482 Hilarius
1393 5426 1652 5495 Spiritum
1689 5436 1936 5483 sanctum
1966 5428 2033 5484 de

431 5532 548 5586 Deo
578 5528 835 5584 Creatore
874 5524 1231 5580 substantiam
1258 5538 1410 5577 suam
1449 5537 1666 5579 sumere
1706 5533 1857 5578 certo
1895 5523 2033 5579 scie-

433 5623 563 5687 bat;
615 5634 810 5690 maguo
854 5617 1016 5673 etiam
1069 5615 1250 5671 studio
1291 5614 1594 5681 laboravit,
1620 5615 1695 5669 uti
1722 5631 1786 5670 ex
1822 5615 1959 5672 libro
1988 5632 2027 5683 ι,

433 5731 582 5771 num.
605 5712 706 5776 36,
740 5708 1076 5773 audivimus,
1105 5722 1175 5763 ne
1201 5707 1481 5777 quisquam
1513 5722 1635 5761 curii
1665 5708 1795 5762 inter
1821 5719 2027 5763 creatu-

428 5823 516 5862 ras
543 5802 769 5862 auderet
805 5798 1033 5860 referre.
1059 5797 1126 5856 Ei
1167 5797 1369 5871 quippe
1397 5795 1682 5857 videbatur
1707 5798 2023 5871 absurdum,

2141 4690 2341 4759 Spiritu
2388 4704 2562 4748 sancto
2606 4697 2805 4753 diversa
2843 4702 3099 4771 sentiant,
3132 4706 3219 4777 qui
3260 4707 3315 4761 in
3356 4709 3596 4783 largitore
3622 4714 3735 4784 ejus

2141 4784 2343 4856 (Verbo
2372 4788 2611 4863 scilicet)
2641 4792 2861 4847 creando
2887 4835 2900 4857 ,
2929 4805 2978 4848 et
3021 4796 3334 4855 demutando
3354 4843 3367 4866 ,
3398 4813 3448 4858 et
3484 4803 3733 4861 abolendo

2138 4886 2243 4931 tam
2291 4882 2549 4934 temerarii
2601 4884 2704 4937 sint
2750 4886 3028 4940 auctores?
3052 4887 3258 4956 Quibus
3301 4908 3421 4948 mox
3461 4896 3732 4969 adjungit,

2138 4969 2396 5039 Spiritum
2426 4984 2668 5030 sanctum
2687 4978 2754 5033 ab
2780 4977 2888 5032 illis
2910 4982 3126 5047 nesciri,
3155 4985 3278 5053 quia
3302 4985 3521 5056 Filium,
3552 5002 3733 5049 aucto-

2136 5080 2243 5119 rem
2272 5069 2406 5135 ejus,
2433 5067 2700 5138 ignorant.
2724 5068 2806 5125 An
2831 5070 3190 5145 lueeqttaeso,
3218 5077 3734 5140 adversusblacedo’o

2136 5154 2210 5210 ιιἰί
2243 5158 2479 5214 fautores
2506 5159 2745 5228 dixerit,
2775 5163 2865 5233 qui
2888 5164 2956 5220 de
2987 5164 3163 5223 Verbo
3188 5185 3350 5240 prava
3394 5173 3598 5230 sentire
3622 5190 3731 5232 non

2134 5249 2448 5320 audiebant,
2479 5267 2617 5323 quos
2648 5253 2764 5324 ipse
2786 5254 2924 5310 libro
2950 5256 3018 5313 de
3040 5257 3272 5332 Synodis
3301 5263 3538 5321 laudavit
3561 5277 3618 5323 ut
3637 5269 3732 5340 qui

2140 5355 2284 5395 verm
2316 5341 2437 5396 fidei
2469 5345 2790 5401 revocandae
2820 5363 2971 5419 spem
2996 5353 3324 5418 attulissent,
3356 5357 3550 5426 quibus
3579 5358 3734 5416 deni-

2135 5447 2239 5502 que
2264 5432 2634 5503 Constantino;
2656 5437 2727 5492 oli
2754 5451 2873 5509 pOSl
2896 5444 3183 5499 concilium
3207 5444 3554 5506 Seleuciense
3578 5467 3733 5508 eom-

2140 5525 2449 5580 Inunionem
2477 5541 2583 5582 non
2611 5535 2827 5601 negavit
2847 5548 3021 5601 suam,
3053 5534 3160 5589 imo
3198 5537 3360 5593 etiam
3411 5552 3730 5599 cancrorum

2137 5627 2203 5668 ex
2232 5614 2419 5671 Galliis
2450 5618 2823 5690 episcoporum
2852 5634 3040 5679 coacto
3065 5623 3285 5683 Parisiis
3313 5632 3545 5688 concilio
3584 5633 3730 5690 litte-

2134 5722 2223 5762 ras
2251 5708 2519 5764 obtinuit?

2207 5798 2394 5857 XVIII.
2425 5800 2749 5861 Probabilius
2782 5814 2854 5865 est
2888 5818 3069 5867 contra
3104 5810 3343 5884 Arianae,
3374 5830 3530 5886 quam
3551 5827 3734 5876 contra
