4118 6186
463 201 537 263 17
1914 204 2305 267 ΡΒᾸΞΡΑΤῙΟ.
3700 214 3767 275 l8

465 318 909 387 Macedonianos,
939 328 1187 376 assertum
1225 336 1334 376 esse
1362 319 1591 393 Spiritus
1623 323 1789 378 sancti
1825 323 2065 381 dininita-
2089 324 2145 386 Α
2170 323 2429 395 illumque
2465 323 2533 381 de
2564 323 2669 382 hoc
2714 325 2971 383 hteretico
3021 341 3090 383 ne
3136 327 3351 397 quidem
3380 328 3665 401 cogitasse.
3700 330 3771 385 Et

466 423 587 467 tem.
616 444 687 454 —
716 413 900 483 Longe
930 414 1090 484 igitur
1111 414 1440 483 probabilius
1467 424 1570 484 est,
1601 416 1861 473 Hilarium
1896 420 1945 472 itt
1975 419 2062 484 iis,

462 523 589 575 quze
632 506 701 563 de
742 507 951 577 Spiritu
1009 518 1196 562 saneto
1247 507 1501 574 disserit,
1535 523 1670 564 unos
1705 510 1935 566 Arianos
1980 526 2066 567 re-

463 602 739 671 spexisse;
776 615 913 671 quos
972 617 1076 655 non
1122 602 1278 670 plane
1326 602 1593 658 devicisse
1632 603 1927 669 videretur,
1960 606 2064 661 nisi

462 694 630 749 etiam
675 693 908 763 Spiritus
950 692 1125 747 sancti
1178 693 1512 748 divinitatem
1567 696 1910 752 asseruisset.
1956 695 2063 753 Sed

462 786 589 858 quia
617 785 737 842 Filii
759 786 1043 841 divinitate
1066 826 1082 853 ,
1109 801 1173 841 ex
1200 801 1267 841 eo
1293 785 1432 854 quod
1464 802 1491 839 a
1521 785 1681 842 Patre
1708 788 2062 843 substantiam

461 893 616 933 suam
646 880 860 948 accipit,
892 879 1291 943 demonstrata,
1318 880 1710 934 consectarium
1751 889 1867 935 erat
1890 880 2064 952 Spiri-

462 980 581 1028 tum
609 980 873 1036 sanctum,
893 972 984 1040 qui
1011 985 1163 1026 suam
1186 971 1255 1025 ab
1275 980 1501 1040 utroque
1524 973 1690 1027 sumit
1742 974 1915 1027 neutri
1945 987 2065 1028 esse

464 1066 813 1126 inferiorem;
845 1064 1195 1136 paucioribus
1234 1065 1337 1121 hoc
1378 1067 1738 1135 pra=standum
1779 1066 1908 1134 fuit,
1941 1083 2062 1123 cum

463 1157 598 1212 illud
624 1157 864 1224 pluribus
887 1155 1193 1212 confectum
1217 1158 1328 1228 jam
1359 1160 1567 1214 fuisset.
1593 1158 1777 1230 Itaque
1807 1160 2064 1229 quemad-

460 1250 684 1304 modum
734 1249 1029 1319 Gregorius
1079 1250 1331 1307 Nazianz.
1378 1252 1472 1307 0r.
1505 1252 1608 1319 27,
1643 1268 1696 1307 ιι.
1732 1255 1792 1319 1,
1825 1254 2063 1309 Alexan-

460 1342 623 1398 drum
665 1343 1122 1411 Alexandrinum,
1157 1346 1241 1399 cui
1277 1345 1481 1400 nullum
1512 1356 1700 1402 centra
1728 1346 2067 1403 Macedonia-

458 1446 567 1488 nos
596 1444 868 1490 certamen
910 1435 1085 1492 fuerat
1106 1478 1120 1502 ,
1165 1438 1338 1509 magni
1371 1437 1635 1492 Trinitatis
1672 1442 2066 1511 propugnatoris

459 1532 513 1576 et
547 1527 795 1591 praemiis
813 1526 994 1597 elogio
1020 1527 1213 1593 donat,
1247 1538 1300 1583 et
1325 1539 1481 1583 antea
1511 1529 1605 1585 0r.
1640 1546 1759 1594 xxt,
1790 1547 1937 1585 num.
1969 1529 2061 1599 56,

458 1619 741 1675 Athanasii
790 1621 860 1675 ab
903 1621 1142 1681 Ariauis,
1178 1638 1283 1676 non
1329 1639 1357 1676 a
1403 1623 1803 1679 Macedonianis
1853 1625 2063 1694 expulsi

2167 431 2301 472 vero
2326 431 2447 472 cum
2478 417 2759 474 Sirmiensi
2792 419 3022 476 concilio
3048 423 3173 475 anni
3206 421 3344 487 551,
3381 426 3665 477 damnatos
3690 422 3768 478 lc-

2166 524 2356 579 gamns
2382 524 2505 565 can.
2539 509 2593 577 8,
2629 511 2718 579 qui
2744 513 3060 580 prolativum
3088 511 3309 567 verbum
3339 512 3531 568 Filium
3562 513 3658 568 Dei
3688 512 3770 568 di-

2166 609 2313 668 cant;
2357 612 2406 658 et
2438 618 2559 659 can.
2596 605 2653 659 ll
2682 611 2736 659 et
2763 605 2850 673 l2,
2880 606 2967 676 qui
2994 604 3232 661 Verbum
3253 606 3305 661 in
3337 621 3556 662 carnem
3590 617 3767 662 trans-

2168 692 2359 760 latum,
2390 705 2482 748 aut
2527 694 2971 763 demutationem,
3012 698 3437 766 corruptionem,
3470 708 3525 754 et
3559 698 3767 768 passio-

2169 800 2312 850 nem,
2348 802 2467 840 rum
2501 788 2788 842 cruciﬁxus
2817 800 2900 845 est
2932 790 3021 843 llei
3049 788 3239 855 Filius,
3272 792 3324 844 in
3355 805 3453 845 sua
3480 790 3766 848 divinitate

2168 880 2489 936 sustinuisse
2528 881 2841 949 pratdicent;
2885 897 3006 937 cum
3039 882 3273 936 etiamin
3304 884 3539 953 generali
3572 885 3764 952 prmia-

2172 969 2367 1042 tione§
2397 972 2450 1037 ὅ,
2481 987 2544 1026 ex
2576 970 2939 1039 Theodoreto,
2968 972 3267 1043 Augustino
3292 1015 3307 1039 ,
3357 973 3620 1044 Gregorio
3657 973 3765 1029 Na-

2168 1065 2426 1118 zianzeno
2485 1074 2538 1119 et
2586 1064 2883 1119 Athanasio
2924 1065 3482 1121 demonstraverimus
3537 1065 3768 1129 Asianos

2167 1156 2401 1210 animam
2445 1157 2664 1211 Christo
2694 1172 2952 1228 negasse,
2997 1173 3105 1227 quo
3135 1158 3185 1211 in
3219 1159 3507 1227 ipsummet
3531 1158 3767 1214 Verbum

2167 1250 2429 1304 caderent
2452 1250 2691 1315 tristitia,
2724 1249 2898 1311 dolor.
2928 1249 3173 1318 aliatque,
3207 1267 3325 1319 qua:
3356 1252 3452 1320 ipsi
3477 1260 3534 1304 ut
3565 1251 3768 1305 homini

2168 1342 2572 1408 adscribuntur,
2597 1342 2936 1398 inﬁrmitates
2964 1361 2977 1396 :
3008 1359 3133 1435 cun/tr
3162 1344 3298 1406 hate,
3335 1345 3573 1414 inquam,
3602 1348 3673 1398 ita
3704 1358 3763 1400 se

2167 1434 2439 1502 habeant,
2485 1436 2829 1507 perspicuum
2882 1444 2967 1492 est
3004 1434 3419 1507 Apollinaristas
3448 1437 3769 1493 commentis

2164 1530 2309 1596 illis,
2350 1546 2469 1600 quae
2506 1532 2572 1583 ab
2597 1530 2803 1585 Hilario
2829 1530 2921 1586 lib.
2957 1548 2987 1585 ιι
3020 1533 3387 1596 confutantur,
3418 1547 3539 1588 esse
3577 1547 3768 1587 recen-

2166 1624 2334 1679 tiores
2367 1640 2379 1676 :
2414 1638 2477 1677 ac
2505 1624 2643 1678 sicut
2675 1624 2945 1695 Eutyt-hes
2972 1665 2987 1689 ,
3020 1623 3202 1678 Leone
3252 1633 3389 1678 teste
3439 1625 3596 1691 epist.
3628 1639 3772 1679 nunc

461 1712 643 1782 fugam
680 1730 771 1784 pro
805 1713 1063 1769 Trinitate
1111 1726 1161 1770 et
1200 1732 1314 1771 cum
1352 1716 1608 1772 Trinitate
1648 1729 1937 1789 susceptam
1969 1734 2063 1772 νο-
2092 1716 2139 1775 Β
2168 1732 2339 1783 xcvn,
2372 1716 2436 1771 ad
2471 1716 2759 1772 Monachos
2790 1717 3106 1782 Panaetium,
3135 1733 3184 1772 c.
3215 1715 3271 1782 2,
3302 1725 3355 1770 et
3381 1716 3531 1780 alibi,
3568 1719 3775 1786 Apolli-

459 1814 554 1858 cat
582 1822 594 1856 :
632 1805 698 1858 ita
727 1806 986 1860 credibile
1010 1817 1092 1862 est
1119 1808 1295 1863 Patris
1325 1821 1377 1862 et
1401 1808 1521 1863 Filii
1550 1819 1607 1863 et
1628 1809 1863 1877 Spiritus
1889 1813 2057 1865 sancti

456 1898 825 1968 aequalitatem
855 1900 922 1954 ab
949 1900 1151 1955 llilario
1176 1903 1439 1958 adversus
1459 1903 1690 1958 Arianos
1736 1919 1842 1959 non
1869 1905 2058 1962 adver-

457 2004 554 2045 sus
581 1992 1000 2050 Macedonianos
1029 1993 1195 2050 fuisse
1220 2008 1627 2066 propugnatam.

534 2083 675 2139 XIX.
701 2085 856 2141 Liber
898 2088 1128 2141 decimus
1153 2099 1229 2145 est
1264 2099 1442 2144 contra
1487 2107 1685 2146 errores
1727 2091 2058 2164 Apollinarii.

457 2206 533 2217 —-
555 2176 982 2247 Expendendum
1016 2180 1105 2237 hic
1132 2182 1317 2247 venit,
1350 2198 1418 2239 an
1459 2200 1565 2239 non
1609 2185 1744 2240 libro
1772 2201 1840 2252 x,
1871 2195 2058 2241 contra

457 2270 882 2337 Apollinaristas
907 2273 1254 2344 disputetur:
1290 2292 1395 2331 non
1416 2278 1561 2333 enim
1598 2288 1859 2347 repugnat
1890 2280 2063 2349 magis

456 2362 602 2418 lihro
640 2364 964 2422 duodecimo
1014 2370 1202 2424 aliisve
1252 2372 1384 2426 locis
1427 2381 1614 2426 contra
1647 2372 2061 2429 Macedonianos

459 2455 777 2525 disceptari.
806 2474 966 2526 quam
1000 2472 1184 2516 contra
1217 2461 1637 2530 Apollinarislas
1664 2464 1907 2531 decimo;
1938 2480 2059 2521 cum

458 2547 680 2603 illorum
722 2550 973 2621 princeps
1013 2567 1157 2607 anno
1177 2553 1301 2619 560,
1330 2554 1522 2610 horum
1570 2566 1748 2611 autem
1780 2571 1886 2612 non
1937 2566 2062 2613 ante

459 2655 667 2697 annum
693 2644 791 2699 561
820 2660 981 2713 prava
1012 2648 1219 2703 sentire
1243 2648 1617 2719 deprehensus
1638 2652 1727 2707 sit.
1748 2650 2059 2721 Negandum

458 2749 596 2791 sane
613 2752 720 2791 non
744 2747 849 2804 est,
866 2746 1037 2794 totum
1061 2739 1253 2795 librum
1276 2740 1542 2797 decimum
1561 2744 1820 2811 scriptum
1837 2742 2064 2799 essead-

461 2845 657 2885 versus
701 2846 950 2897 errores,
999 2848 1227 2903 quorum
1269 2844 1459 2890 auctor
1501 2835 1866 2906 Apollinarins
1904 2837 2064 2907 vulgo

464 2925 826 2980 existimatur.
854 2926 1100 2998 Namque
1125 2944 1154 2982 a
1184 2945 1333 2983 num.
1357 2931 1425 2986 i5
1450 2947 1620 3001 neque
1647 2931 1713 2986 ad
1743 2931 1837 2999 23,
1869 2947 2064 3002 magno

459 3020 647 3074 studio
670 3018 999 3086 defenditur,
1027 3020 1297 3078 Christum
1343 3041 1530 3080 verum
1578 3040 1638 3080 ac
1683 3035 1852 3080 totum
1891 3026 2066 3081 homi-

2167 1812 2304 1867 narii
2343 1811 2619 1866 suscitavit
2655 1825 2906 1875 errores;
2939 1811 3007 1863 ita
3034 1809 3427 1879 Apollinarium
3456 1810 3524 1865 ab
3550 1808 3766 1865 Arianis

2164 1920 2455 1976 pravarum
2504 1903 2817 1972 opinionum
2867 1900 3073 1956 semina
3105 1900 3393 1970 collegisse
3430 1911 3484 1956 et
3530 1900 3773 1955 dissemi-

2166 2012 2363 2063 nasse;
2419 2011 2516 2051 nec
2544 1995 2768 2065 proinde
2795 2010 2978 2049 earum
3015 2002 3120 2049 tam
3153 2006 3429 2049 auctorem
3461 1993 3767 2049 habendum

2165 2105 2307 2155 esse,
2332 2103 2491 2160 quam
2527 2088 2810 2142 fautorem.
2842 2086 2898 2142 Si
2928 2086 3013 2141 cui
3045 2085 3221 2141 adhuc
3246 2086 3393 2142 dubii
3437 2085 3638 2157 aliquid
3680 2102 3772 2141 su-

2165 2185 2368 2254 persit,
2413 2197 2479 2235 an
2531 2181 2667 2236 liber
2696 2180 2940 2235 decimus
2983 2180 3241 2235 adversus
3271 2177 3502 2234 Arianos
3537 2178 3772 2249 scriptus

2165 2278 2254 2343 sit,
2289 2291 2497 2341 necne;
2540 2275 2830 2346 ipsutnmet
2852 2277 3047 2330 librum
3073 2272 3345 2340 consulat,
3371 2286 3574 2345 eosque
3595 2275 3765 2344 ipsos,

2166 2370 2362 2440 quibus
2407 2371 2461 2423 in
2504 2368 2873 2438 superioribus
2916 2367 3111 2422 libellis
3138 2380 3461 2437 responsum
3500 2365 3590 2432 sit,
3620 2365 3673 2420 in
3703 2382 3770 2422 eo

2164 2463 2385 2518 refutari
2417 2463 2621 2529 audiet,
2651 2478 2774 2518 cum
2824 2463 2925 2517 hoc
2970 2470 3147 2517 tamen
3198 2471 3665 2530 temperamento,
3714 2470 3775 2515 ut

2167 2571 2273 2610 non
2315 2555 2422 2625 jam
2468 2556 2612 2626 quod
2658 2568 2849 2611 omnes
2898 2553 3139 2609 unanimi
3178 2568 3467 2619 consensu,
3502 2551 3597 2609 sed
3626 2552 3767 2625 quod

2167 2650 2399 2720 plerique
2422 2664 2598 2703 eorum
2631 2650 2825 2713 volunt,
2858 2647 3183 2703 excutiatur.

2239 2742 2380 2799 XXI.
2414 2742 2559 2811 Opus
2587 2741 2759 2796 hocin
2784 2741 2965 2795 exsilio
2997 2739 3187 2794 Hilarii
3205 2738 3762 2809 conscriptum—Sed

2165 2837 2291 2905 quid
2325 2833 2635 2890 moramur?
2668 2834 2780 2889 Hoc
2807 2833 2993 2888 Hilarii
3031 2848 3167 2901 opus
3208 2833 3261 2887 in
3293 2831 3491 2887 exsilio
3512 2832 3656 2887 illius
3685 2833 3769 2886 lu-

2166 2927 2690 2996 cubratum.antiqui
2715 2940 2844 2981 mss.
2866 2925 3025 2981 (idem
3047 2925 3271 2992 faciunt,
3295 2926 3410 2997 ipse
3438 2925 3530 2979 lib.
3559 2941 3683 2992 x,n.
3712 2925 3769 2992 i,

2167 3021 2444 3092 conceptis
2494 3021 2673 3077 verbis
2729 3028 2953 3075 testatur
2982 3037 2995 3072 :
3024 3019 3270 3090 adeoque
3319 3020 3622 3075 conlectum
3645 3018 3762 3074 fuc-

462 3127 590 3168 nem
623 3128 689 3168 ex
720 3113 898 3168 anima
946 3122 1003 3169 et
1046 3129 1278 3186 corpore
1329 3116 1622 3186 perlectum
1673 3120 2062 3189 assumpsisse;
2094 3108 2139 3172 C
2173 3118 2243 3172 rit
2294 3130 2517 3171 necesse
2550 3126 2635 3170 est
2670 3123 2793 3169 ante
2828 3129 3025 3168 annum
3056 3113 3183 3177 560,
3213 3130 3319 3186 quo
3344 3115 3535 3185 patrias
3554 3130 3617 3170 ac
3635 3130 3768 3185 pro-

462 3204 738 3276 simulque
767 3221 955 3263 eorum
988 3207 1253 3265 refellitur
1290 3209 1476 3280 opinio
1497 3253 1511 3276 ,
1554 3212 1645 3282 qui
1677 3212 1928 3269 eumdem
1965 3213 2069 3267 Do-

464 3302 676 3356 minum
704 3312 944 3358 nostrum
989 3318 1094 3361 non
1126 3304 1288 3359 modo
1315 3320 1549 3369 carnem,
1585 3305 1680 3360 sed
1733 3313 1788 3361 et
1834 3307 2065 3361 animam

463 3393 539 3447 ah
566 3393 735 3448 Adam
765 3408 1111 3466 propagatam
1151 3398 1458 3465 suscepisse
1492 3398 1836 3453 arbitrantur.
1864 3398 2067 3469 Imper-

465 3486 669 3541 fectum
701 3497 880 3544 autem
909 3487 1181 3545 hominem
1204 3531 1219 3556 ,
1254 3501 1309 3544 ut
1339 3491 1549 3560 ignorat
1573 3506 1763 3557 nemo,
1792 3507 1820 3545 a
1851 3490 2068 3548 Christo

467 3589 784 3650 susceptum
816 3583 1145 3652 praedicabat
1180 3581 1587 3654 Apollinarius:
1622 3585 1711 3654 qui
1762 3584 1923 3639 etiam
1948 3626 1964 3651 ,
2012 3593 2070 3639 ttt

467 3673 756 3728 Reinesius
792 3691 912 3744 cap.
939 3675 1004 3742 2,
1042 3676 1192 3731 testis
1236 3687 1351 3741 est,
1389 3677 1730 3731 existimabat
1771 3678 1970 3732 animos
2004 3678 2066 3732 ab

466 3764 764 3821 hominibus
810 3769 974 3840 gigni,
1010 3778 1067 3821 ut
1115 3786 1148 3823 α
1185 3770 1483 3841 corporibus
1533 3786 1789 3838 corpora;
1829 3771 2070 3842 progredi

467 3859 612 3914 enim
639 3867 692 3913 ut
723 3862 1142 3932 propagationem
1171 3863 1323 3929 primi
1349 3860 1570 3915 hominis
1597 3864 1649 3916 in
1687 3878 1859 3917 omnes
1882 3864 1968 3931 qui
2005 3879 2071 3917 ea:

464 3953 566 4007 illo
611 3966 941 4024 generantur.
993 3954 1148 4010 Unde
1199 3954 1446 4010 Monachi
1498 3955 1566 4009 ab
1618 3955 1954 4024 Apollinario
2000 3955 2066 4009 ad

464 4047 901 4103 Alexandrinum
931 4047 1217 4103 concilium
1275 4049 1461 4113 missi,
1494 4058 1550 4103 ut
1591 4062 1620 4100 a
1671 4047 2070 4115 snSpicionibus

465 4141 666 4209 quibus
698 4141 985 4208 adspersus
1024 4149 1143 4195 erat
1183 4156 1242 4195 se
1273 4150 1561 4211 purgaret,
1597 4140 1910 4208 proﬁtentes
1948 4137 2073 4194 Ver-

464 4232 592 4285 bum
625 4249 688 4287 ex
712 4232 883 4287 Maria
914 4234 1168 4288 hominem
1193 4250 1303 4288 esse
1329 4234 1555 4305 genitum
1593 4234 1779 4302 (Apud
1831 4235 2070 4288 Athana-

468 4327 618 4381 sium
646 4327 807 4396 epist.
839 4327 905 4381 ad
935 4314 1229 4394 Antioch),
1264 4342 1369 4381 non
1401 4327 1707 4401 sine'causa
1730 4324 1965 4396 adjicere
1995 4324 2073 4381 vi-

468 4418 696 4482 dentur,
729 4428 977 4487 quantum
995 4418 1064 4473 ad
1093 4436 1296 4473 carnem
1325 4419 1539 4485 attinet,
1567 4433 1635 4473 ne
1668 4417 1917 4473 videlicet
1949 4433 2071 4473 sus-

2175 3207 2305 3277 prite
2330 3206 2575 3261 ecclesiae
2621 3204 2863 3260 redditus
2898 3213 3012 3271 est,
3064 3215 3117 3259 et
3148 3204 3370 3274 perinde
3397 3213 3526 3260 ante
3553 3214 3772 3259 exortas

2172 3297 2470 3353 Macedonii
2491 3306 2582 3351 ant
2606 3296 2924 3365 Apollinarii
2961 3295 3215 3351 haereses.
3241 3295 3402 3352 Certe
3431 3297 3482 3350 in
3512 3295 3683 3367 patria
3709 3310 3774 3350 ac

2174 3391 2390 3463 propria
2418 3389 2644 3446 ecclesia
2665 3432 2679 3457 ,
2708 3390 2954 3461 quamvis
2983 3389 3186 3456 absllue
3211 3389 3384 3445 exsilii
3418 3389 3770 3459 indulgentia,

2170 3484 2280 3555 jam
2310 3483 2544 3551 manenti
2578 3499 2681 3537 non
2706 3492 3009 3552 congruunt
3057 3480 3172 3536 lucc
3203 3480 3324 3536 libri
3372 3497 3401 3536 x
3437 3481 3597 3537 verba
3628 3479 3771 3536 τιο-

2172 3592 2385 3646 quemur
2408 3573 2609 3629 exsules
2630 3592 2718 3643 per
2739 3573 2832 3628 hos
2855 3573 3010 3628 libros
3034 3590 3053 3627 :
3074 3582 3122 3629 et
3146 3590 3311 3628 sermo
3341 3572 3455 3638 Dei,
3480 3574 3567 3643 qui
3588 3574 3775 3627 vinciri

2173 3683 2277 3720 non
2305 3677 2488 3738 potest,
2522 3665 2651 3720 liber
2680 3675 2933 3721 excurret.
2964 3663 3036 3721 Ut
3062 3665 3207 3719 enim
3238 3665 3373 3730 lucc,
3419 3663 3775 3735 quemadmo-

2172 3757 2301 3813 dum
2342 3759 2454 3812 vult
2484 3772 2591 3812 non
2640 3773 2821 3823 nemo,
2855 3772 2976 3812 eum
3009 3756 3247 3812 nondum
3276 3756 3551 3821 exsulem,
3585 3756 3678 3810 sed
3707 3755 3774 3809 ad

2174 3850 2424 3905 exsilium
2483 3851 2666 3905 animo
2721 3850 3000 3904 dumtaxat
3053 3859 3296 3919 paratum
3345 3863 3409 3903 ac
3463 3858 3770 3918 promptum

2175 3942 2376 3998 dixisse
2422 3943 2504 3996 vel
2555 3943 2838 4011 scripsisse
2898 3941 3296 4011 intelligamus,
3345 3939 3449 3994 alia
3495 3955 3616 4010 quae
3666 3940 3774 3996 illis

2176 4036 2419 4104 proxime
2444 4032 2717 4087 coluerent
2750 4047 2857 4087 non
2888 4033 3221 4102 permittunt.
3252 4032 3369 4099 Quo
3393 4041 3571 4085 autem
3599 4031 3777 4087 exsilii

2175 4141 2319 4180 anno
2359 4126 2594 4179 animum
2645 4123 2711 4179 ad
2753 4124 2855 4178 hoc
2899 4138 3035 4191 optts
3080 4123 3369 4194 appulerit,
3404 4136 3511 4176 non
3542 4132 3773 4177 constat.

2176 4216 2303 4272 Veri
2335 4225 2519 4272 tamen
2548 4215 2884 4270 simillimum
2913 4224 2995 4271 est
3015 4229 3139 4270 eum
3169 4230 3274 4270 non
3304 4214 3606 4283 distulisse,
3644 4215 3774 4286 quin

2176 4310 2308 4366 illud
2331 4311 2654 4380 susciperet.

2250 4404 2419 4460 XXII.
2449 4404 2577 4459 Tres
2604 4405 2759 4475 primi
2786 4404 2903 4459 libri
2928 4404 3124 4474 pridem
3150 4411 3268 4458 ante
3307 4412 3515 4459 eceterae
3536 4402 3779 4458 absoluti.

470 4510 621 4580 picio
655 4510 988 4578 relinquatur
1008 4552 1022 4574 ,
1058 4525 1152 4565 eos
1191 4509 1463 4564 Christum
1492 4524 1557 4564 ex
1586 4509 1746 4563 Maria
1778 4509 2073 4564 secundum
2099 4493 2155 4556 Ῑ)
2180 4529 2251 4542 -
2279 4501 2355 4554 EX
2382 4501 2538 4554 ίηίιὶο
2564 4499 2744 4569 quarti
2776 4498 2896 4553 1η)τὶ
2922 4498 3265 4567 Perspicuum
3297 4507 3401 4558 εει.
3434 4507 3545 4553 "‘68
3577 4497 3781 4568 ρι’ἰηιοε

470 4604 713 4658 animam
736 4604 975 4674 genitum
998 4604 1224 4658 sentire.
1254 4604 1331 4656 lix
1357 4602 1549 4657 eodem
1583 4602 1812 4656 concilio
1839 4602 2076 4656 Alexan-

471 4698 637 4751 drino
666 4705 908 4767 apparet,
933 4695 1322 4765 Apollinarium
1356 4695 1722 4749 insimulatum
1751 4710 1897 4761 esse,
1933 4695 2076 4765 quod

478 4791 718 4846 Verbum
752 4790 959 4843 Domini
987 4800 1037 4841 ιιι
1067 4789 1119 4843 itt
1144 4787 1422 4859 prophetis
1446 4830 1461 4856 ,
1489 4790 1561 4842 ita
1592 4797 1647 4843 et
1680 4788 1730 4841 in
1755 4787 1880 4842 Jesu
1912 4786 2076 4843 fuisse

473 4883 749 4937 crederet.
782 4881 907 4936 ll:ec
934 4896 1098 4952 porro
1124 4880 1307 4950 opinio
1334 4882 1496 4936 etiam
1531 4888 1747 4933 notatur
1788 4887 1843 4934 et
1878 4879 2074 4948 explo-

471 4975 628 5029 ditur
672 4972 929 5043 pratdieto
960 4990 1013 5027 η.
1043 4973 1107 5026 2t
1144 4971 1266 5026 libri
1294 4988 1326 5026 x
1353 5013 1367 5037 ,
1406 4985 1514 5040 quo
1559 4971 1818 5039 deinceps
1864 4983 1960 5040 per
1988 4977 2074 5024 to-

472 5076 593 5121 tum
622 5067 967 5120 confutantur
999 5072 1107 5117 tum
1139 5062 1299 5118 iidem
1331 5062 1405 5117 illi
1435 5076 1668 5125 errores,
1698 5069 1807 5115 tttm
1837 5060 2078 5116 maxime

474 5157 728 5227 impietas
755 5173 969 5222 eorum,
995 5157 1085 5227 qui
1111 5155 1382 5211 Christum
1425 5157 1476 5210 in
1506 5168 1603 5209 sua
1643 5154 1924 5208 divinitate
1956 5166 2080 5222 pas-

472 5269 600 5307 sum
643 5267 766 5307 esse
808 5251 1140 5306 asserebant.
1173 5248 1318 5304 Nihil
1364 5259 1544 5303 autem
1583 5247 1723 5317 apud
1758 5245 1993 5301 Leonem
2019 5253 2076 5300 et

475 5345 617 5397 alios
645 5342 832 5397 Patres
860 5342 1184 5414 splemnius,
1215 5355 1372 5410 quam
1420 5349 1480 5393 ut
1515 5336 1916 5408 Apollinaristis
1960 5334 2077 5390 haec

475 5435 729 5504 impietas
755 5433 1097 5490 attribuatur.

547 5528 672 5586 XX.
705 5528 952 5584 Errorum
979 5525 1273 5581 earumdem
1300 5536 1531 5579 auctores
1561 5522 1735 5596 Ariani
1755 5522 1809 5575 in
1839 5537 1898 5575 eo
1920 5520 2065 5591 refel-

476 5625 663 5679 luntur
690 5618 809 5675 ι-ᾸΙ
854 5634 942 5688 [ne
966 5629 1143 5674 tamen
1173 5608 1444 5671 al‘lirmare
1477 5614 1669 5679 liceat,
1703 5612 1906 5668 nullutn
1939 5611 2083 5666 Hila-

483 5714 569 5770 rio
598 5714 651 5771 in
681 5712 736 5766 hi
790 5710 944 5768 libris
971 5725 1094 5766 cum
1141 5707 1479 5780 Apollinario
1520 5704 1828 5763 conﬂictum
1876 5703 2082 5770 fuisse,

2183 4595 2379 4664 pridem
2424 4602 2549 4649 ante
2592 4594 2982 4662 subsequentes
3031 4592 3196 4647 fuisse
3224 4592 3522 4648 absolutos.
3563 4590 3780 4646 Pltotini

2182 4697 2360 4741 autem
2387 4686 2637 4740 hmresim
2673 4696 2795 4739 tunc
2822 4685 3087 4748 temporis
3111 4684 3317 4739 Hilario
3337 4685 3572 4739 nondum
3598 4690 3780 4737 notam

2183 4779 2348 4835 fuisse
2377 4779 2502 4835 hinc
2525 4779 2886 4849 suspicamur,
2915 4778 3059 4847 quod
3091 4784 3456 4832 commentum
3488 4791 3517 4829 a
3548 4775 3780 4830 Photino

2183 4872 2497 4926 suscitatam
2546 4871 2683 4925 libro
2726 4887 2766 4937 ι,
2816 4869 2881 4924 ad
2913 4878 3288 4939 argumentum
3319 4867 3439 4923 libri
3465 4881 3540 4922 vn
3586 4881 3786 4936 propo-

2185 4981 2339 5028 nens,
2384 4979 2448 5019 ac
2478 4965 2569 5018 lib.
2614 4979 2673 5030 ιι,
2706 4980 2760 5018 ιι.
2786 4963 2877 5025 25,
2911 4962 3198 5026 refellens,
3255 4963 3322 5015 de
3363 4960 3466 5015 hoc
3493 4961 3781 5030 utrobique

2185 5052 2287 5120 agit
2325 5050 2481 5104 unius
2508 5048 2767 5104 Hebionis
2795 5049 3033 5111 nomine,
3067 5064 3173 5102 non
3196 5046 3418 5103 Photini
3445 5065 3460 5103 ε
3489 5047 3667 5117 cujus,
3699 5055 3787 5101 ut«

2182 5150 2311 5213 pote
2338 5141 2676 5208 recentioris,
2709 5151 2763 5197 et
2791 5141 3011 5211 perinde
3044 5140 3375 5196 nocentioris
3400 5182 3414 5205 ,
3459 5154 3653 5194 nomen
3686 5152 3786 5209 po-

2187 5238 2291 5292 tius
2317 5237 2728 5306 exprimendum
2754 5246 2891 5303 erat,
2926 5252 3086 5308 quam
3120 5233 3395 5290 Hebionis.
3424 5232 3624 5288 Contra
3653 5247 3785 5288 vero

2187 5331 2325 5385 libro
2375 5346 2469 5395 vn,
2514 5331 2625 5402 jam
2678 5332 2888 5386 doctior
2938 5330 3128 5396 lactus,
3170 5336 3579 5399 argumentum.
3635 5326 3783 5398 quod

2186 5423 2323 5477 libro
2338 5423 2624 5480 tadversus
2645 5423 2942 5479 llebionem
2957 5423 3056 5476 sibi
3072 5427 3448 5490 pr0posuerat,
3465 5419 3538 5474 ita
3552 5419 3788 5489 prudens

2187 5515 2241 5570 in
2273 5514 2554 5569 Pbotinum
2583 5521 2879 5585 retorquet,
2912 5523 2972 5567 ut
3000 5528 3070 5568 ne
3100 5511 3362 5582 pr0positi
3390 5511 3678 5566 immemor
3707 5511 3785 5566 vi-

2188 5607 2414 5673 deatur,
2461 5623 2517 5662 ιι.
2549 5607 2586 5664 '5
2613 5616 2667 5671 et
2708 5607 2764 5673 7,
2795 5606 3047 5664 consulto
3089 5611 3300 5675 repetat
3343 5602 3639 5661 Hebionem
3666 5616 3791 5660 esse

2190 5700 2500 5756 Photinum;
