4118 6186
369 255 438 313 ll)
1556 246 1618 301 IN
1663 243 1904 301 LIBROS
1948 243 2032 301 HE
2077 241 2452 299 'I‘RINI'I‘ATF.
3601 236 3676 293 Εἱο

438 367 637 426 XXIII.
673 366 794 421 Non
820 366 957 422 deest
980 365 1114 419 unde
1145 365 1342 436 primus
1381 371 1586 431 putetur
1612 362 1856 427 scriptus,
1887 360 1975 429 qui
2002 362 2053 420 Α
2081 358 2238 422 ιὶἰρίς,
2285 372 2442 431 quem
2476 356 2529 409 itt
2577 355 2999 426 Aquisgranensi
3036 351 3359 409 bibliotheca
3408 351 3477 405 ab
3518 351 3684 406 “llic-

378 465 576 534 primus
604 472 700 516 est.
728 489 801 511 ψ
825 460 934 515 llae
954 458 1163 514 ratione
1193 455 1434 511 nonnihil
1466 454 1835 525 prohibemur,
1867 467 1975 523 quo

2080 465 2231 518 gnaro
2260 460 2316 506 et
2343 449 2572 511 Alcaico
2617 451 2922 504 consultum
2955 447 3123 503 fuisse
3152 445 3217 505 ad
3251 446 3343 501 lib.
3388 462 3423 500 It
3444 487 3459 511 ,
3498 463 3553 501 η.
3585 445 3678 511 27,

379 555 559 609 minus
581 551 981 606 Sttlncribattttts
1003 549 1246 609 Erasmo,
1272 544 1598 616 quilibrum,
1621 558 1763 605 nunc
1786 543 1978 613 ordine
2080 542 2465 613 ostendemus,
2504 542 2718 611 planum
2770 550 2853 597 est
2909 539 3290 595 Barbariouem
3323 538 3476 593 illum
3503 536 3685 594 Caroli

379 652 636 722 primum,
682 642 888 700 auctori
928 653 1255 713 postremum
1289 643 1503 697 nemine
1533 640 1794 697 bacteuus
1819 654 1979 709 repuv

380 750 577 814 gnante
600 739 851 795 asseruit.
898 736 1079 792 Movet
1116 749 1215 789 nos
1241 744 1533 806 praeterea,
1576 733 1719 802 quod
1748 730 1982 788 Hilarius

382 836 498 905 ipse
530 833 702 905 quarti
731 830 852 886 libri
885 829 1034 883 initio
1067 838 1311 891 testetur,
1340 842 1400 882 se
1425 825 1727 881 anteriores
1748 824 1978 889 libellos,

382 928 501 982 sine
541 922 860 995 exceptione
888 962 903 988 ,
962 920 1168 991 pridem
1218 917 1650 987 conscripsisse:
1683 933 1746 971 ac
1789 917 1988 974 deinde

385 1037 534 1078 num.
584 1019 639 1083 2,
686 1028 875 1088 aperte
921 1015 1136 1080 indicet,
1170 1015 1428 1083 scriptum
1457 1014 1567 1083 jam
1597 1012 1763 1068 fuisse
1793 1012 1988 1069 librum

386 1114 639 1185 primum,
668 1124 789 1166 cum
838 1107 903 1163 ad
939 1117 1186 1178 quartttm
1221 1121 1410 1161 manus
1446 1104 1714 1170 admovit;
1744 1105 1823 1160 sic
1846 1104 1988 1159 enim

390 1205 551 1260 habet
584 1222 596 1255 :
631 1204 791 1271 Atque
822 1200 929 1254 [nec
959 1199 1087 1253 sicut
1120 1213 1283 1254 Paulo
1324 1211 1548 1254 LIBELLO
1579 1197 1747 1251 testati
1776 1212 1948 1250 sumus
1973 1237 1990 1262 ,

388 1314 525 1351 nunc
547 1311 746 1367 quoque
773 1293 965 1346 idcirco
1003 1309 1036 1345 a
1081 1290 1228 1346 nobis
1280 1299 1678 1344 commemorata
1716 1298 1858 1354 sunt,
1885 1296 1991 1343 etc.

391 1388 576 1459 Neque
608 1386 778 1440 solum
810 1384 949 1438 libro
986 1391 1201 1453 quarto,
1233 1380 1328 1437 sed
1360 1382 1523 1436 etiam
1556 1395 1698 1435 nono
1722 1394 1871 1434 num.
1904 1379 1995 1447 Il),

397 1485 448 1536 in
482 1479 796 1535 memoriam
846 1486 1061 1533 revocat
1114 1491 1233 1545 quae
1260 1474 1353 1530 lib.
1388 1490 1407 1527 ι
1448 1489 1477 1529 a
1512 1489 1572 1533 se
1617 1482 1844 1528 tractata
1868 1472 1997 1526 sint.

464 1572 657 1627 XXIV.
690 1570 940 1638 Qutedant
961 1567 1081 1623 inde
1107 1565 1422 1622 consectaria
1461 1566 1529 1620 ad
1551 1565 1754 1619 laudem
1776 1564 2002 1619 auctoris

394 1679 438 1721 et
466 1677 663 1734 tempus
686 1664 872 1735 operis.
891 1660 1031 1716 -——Si
1060 1658 1186 1730 quid
1211 1668 1390 1714 autem
1422 1658 1546 1721 inde
1576 1656 1880 1722 coniicitur,
1905 1672 2003 1715 an-

2081 637 2255 709 Magui
2286 636 2619 705 temporibus
2666 650 2772 691 non
2813 650 2934 689 esse
2978 632 3312 688 inferiorem.
3344 630 3478 687 Cum
3509 643 3688 687 autem

2088 730 2246 801 hujus
2292 745 2488 785 nomen
2534 728 2678 783 absit
2725 744 2755 782 a
2803 741 2934 782 mss.
2981 726 3121 790 aliis,
3153 726 3272 794 quis
3299 724 3447 779 illum
3487 723 3690 780 Hilario

2086 823 2503 887 existimandum
2532 831 2682 891 putet
2706 820 3004 892 mqualem?

2160 918 2378 976 XXVII.
2413 918 2606 984 Quibus
2644 917 2810 973 causis
2862 917 2929 971 ad
2977 914 3301 971 scribendum
3348 913 3598 967 adductus
3627 912 3694 967 sit

2078 1012 2352 1069 tHilarius.
2378 1044 2450 1055 —
2475 1013 2645 1068 Porro
2673 1011 2786 1079 ipse
2815 1024 2920 1064 non
2966 1008 3297 1064 Barbarione
3319 1049 3335 1071 ,
3374 1022 3481 1061 non
3512 1006 3694 1072 aliquo

2096 1106 2204 1163 alio
2232 1122 2480 1175 suasore,
2509 1105 2604 1162 sed
2637 1104 2900 1160 charitate
2937 1103 3055 1158 sola
3084 1112 3141 1159 et
3169 1102 3490 1172 episcopalis
3532 1101 3695 1156 ofﬁcii

2096 1201 2418 1257 necessitate
2464 1209 2687 1270 urgente
2753 1212 2813 1252 se
2865 1195 2932 1252 ad
2992 1195 3335 1251 scribendum
3394 1203 3698 1265 permotum

2099 1291 2267 1349 fuisse
2293 1291 2535 1347 declarat
2567 1290 2663 1347 lib.
2691 1306 2764 1355 vt,
2797 1306 2852 1344 n.
2885 1288 3042 1346 I:Ac
3068 1288 3197 1343 milii
3222 1287 3427 1358 quidem
3449 1328 3465 1353 ,
3504 1286 3700 1357 inquit,

2099 1395 2286 1460 praeter
2314 1386 2475 1456 ofﬁcii
2499 1384 2597 1439 mei
2629 1384 3007 1447 necessitatem,
3039 1398 3141 1451 qua
3185 1381 3280 1436 hoc
3309 1379 3559 1436 Ecclesia
3595 1368 3708 1450 epi-

2101 1494 2287 1548 scopus
2308 1476 2686 1546 pra’dicationis
2703 1475 3007 1545 evangelica:
3026 1474 3180 1528 debeo
3207 1474 3545 1527 ministerium
3570 1488 3587 1529 :
3623 1482 3704 1527 ta-

2103 1587 2220 1626 men
2249 1586 2307 1626 eo
2339 1569 2642 1642 propensior
2671 1584 2797 1625 cura
2824 1567 2893 1622 ad
2922 1566 3246 1622 scribendum
3272 1567 3387 1636 fuit,
3416 1582 3516 1638 quo
3544 1566 3705 1637 magis

2106 1667 2282 1737 plures
2311 1664 2540 1735 periculo
2561 1662 2789 1730 inﬁdelis
2811 1660 3159 1732 intelligentia:
3178 1659 3555 1722 detinebantur,
3583 1660 3708 1715 ube-

395 1761 550 1814 tistes
575 1757 922 1821 doetissimus
949 1754 1164 1810 laudent
1210 1768 1316 1808 non
1363 1762 1603 1808 meretur
1635 1752 1897 1806 minorem
1925 1751 1997 1806 ob

2127 1761 2211 1816 ius
2233 1760 2477 1833 gaudium
2505 1766 2806 1812 consectans
2842 1772 2905 1810 ea:
2925 1755 3090 1810 salute
3112 1753 3397 1833 multorum
3418 1796 3433 1821 ,
3463 1753 3506 1807 si
3531 1753 3709 1825 cogni-

396 1848 807 1921 amplitudinem
833 1847 1052 1919 ingenii,
1083 1862 1190 1916 quo
1218 1855 1295 1899 tot
1324 1858 1388 1899 ac
1416 1853 1561 1903 tanta
1583 1843 1651 1897 ab
1675 1844 1791 1915 ipso
1818 1843 2002 1912 operis

399 1946 479 1999 sui
512 1943 736 1999 exordio
761 1941 1077 2010 complexus
1108 1940 1198 2004 sit,
1231 1954 1390 2017 quam
1421 1940 1491 1993 ob
1530 1952 1780 2001 acumen,
1810 1951 1916 2006 quo
1948 1936 2001 1990 in

399 2048 507 2093 tam
534 2036 783 2105 abstrusa
824 2033 1140 2104 penetrarit.
1172 2031 1248 2086 Ex
1280 2031 1361 2091 bis
1390 2030 1553 2086 etiam
1584 2030 1846 2100 sequitur,
1892 2037 2004 2083 tres

401 2131 594 2185 saltem
624 2129 831 2199 priorrs
860 2126 1027 2189 libros
1053 2132 1179 2179 ante
1210 2123 1406 2178 librum
1445 2121 1514 2177 de
1536 2122 1777 2195 synodis,
1822 2121 1874 2175 in
1899 2136 2005 2191 quo

404 2224 471 2279 de
518 2224 685 2295 gestis
715 2223 766 2277 in
800 2219 1015 2281 Pbotiui
1056 2215 1565 2277 condemnationem
1600 2216 1721 2271 fuse
1763 2214 2004 2281 disserit,

306 2388 311 2394 .
404 2314 572 2371 fuisse
619 2314 970 2384 compositos.
999 2310 1135 2367 Cum
1185 2316 1365 2366 autem
1397 2308 1514 2365 hu-c
1538 2307 1800 2365 adversus
1822 2306 2009 2369 Plt0ti-

408 2426 535 2465 num
584 2417 732 2483 gestzt
771 2410 864 2465 diu
921 2408 1090 2471 latere
1131 2422 1241 2463 non
1271 2405 1550 2478 potuerint
1593 2407 1648 2462 in
1679 2404 1889 2461 oriente
1914 2404 2010 2459 de-

407 2505 591 2575 genti,
643 2502 770 2558 ltiuc
799 2502 1105 2573 conjectare
1131 2511 1215 2557 est
1267 2501 1524 2567 Hilarium
1570 2500 1623 2561 in
1666 2498 2012 2561 lucubrandis

412 2597 585 2654 tribus
612 2596 886 2668 praedictis
915 2593 1068 2651 libris
1112 2594 1283 2664 prima
1311 2593 1484 2649 exsilii
1524 2590 1607 2647 sui
1637 2592 1746 2649 Otia
1774 2590 2007 2647 dedisse.

346 2710 359 2722 ί
410 2691 525 2749 Nisi
551 2690 691 2747 forte
716 2690 836 2763 quis
864 2690 1036 2755 malit,
1071 2703 1167 2743 eos
1198 2686 1380 2745 abillo
1402 2688 1565 2741 etiam
1597 2694 1721 2739 ante
1746 2683 1850 2739 hoc
1880 2695 2015 2741 tem-

415 2804 511 2859 pus
539 2829 554 2855 ,
608 2785 710 2849 hoc
754 2794 836 2840 est
866 2826 880 2850 ,
938 2791 1065 2841 ante
1106 2780 1341 2836 medium
1390 2796 1590 2837 annum
1633 2778 1740 2834 356
1782 2778 2016 2845 scriptos

415 2882 603 2948 fuisse,
635 2881 705 2934 ita
749 2890 805 2933 ttt
840 2877 1033 2932 exsilio
1060 2886 1169 2930 tum
1211 2874 1605 2930 interveniente
1637 2873 1879 2933 nonnihil
1927 2888 2016 2927 rc-

417 2969 660 3028 tardatns
683 2971 772 3036 sit,
805 2986 874 3033 ne
902 2969 1039 3031 alios
1072 2978 1509 3043 prosequeretur.
1536 2966 1617 3021 An
1649 2967 1864 3029 caeteris
1886 2980 2020 3034 quo-

422 3079 525 3134 que
553 3060 708 3129 libris
731 3059 995 3131 posterior
1016 3056 1288 3115 censenda
1304 3056 1371 3125 sit
1400 3056 1654 3129 prutdieta
1685 3055 1752 3109 de
1783 3054 2019 3127 Synodis

423 3128 745 3220 lucubratio,
780 3170 885 3210 non
932 3152 1104 3211 ausim
1149 3128 1443 3216 afﬁrtttare,
1492 3149 1636 3220 quod
1686 3159 1861 3204 tamen
1898 3128 2095 3207 licetc

424 3248 654 3320 Opinari.
716 3247 826 3315 Hoc
868 3260 994 3301 vero
1035 3252 1293 3307 maneat,
1348 3242 1419 3296 ita
1466 3257 1601 3312 opus
1654 3240 2022 3301 intermissum

426 3341 591 3395 fuisse
618 3380 633 3411 ,
690 3348 747 3393 ut
798 3338 917 3409 pius
944 3334 1225 3393 confessor
1254 3334 1432 3392 adhuc
1462 3335 1512 3405 in
1539 3333 1731 3393 exsilio
1776 3333 2026 3388 detentus

427 3433 696 3489 decimum
726 3433 921 3503 lihrutu
944 3430 1232 3511 peregerit.

502 3524 670 3591 XXV.
726 3525 803 3597 Au
844 3524 922 3577 illi
950 3520 1067 3576 libri
1098 3520 1166 3581 ad
1196 3519 1549 3581 Constantium
1591 3520 1651 3572 ab
1688 3515 1891 3583 Hilario
1927 3516 2029 3569 sint

432 3615 729 3673 missi.—Si
760 3614 1021 3686 Gregorio
1048 3611 1350 3681 'I‘uropeusi
1384 3611 1544 3675 ﬁdem
1566 3609 1768 3664 habere
1794 3608 1914 3679 quis
1938 3624 2031 3662 vo-

432 3712 529 3777 let,
556 3724 661 3765 non
691 3706 852 3773 modo
890 3716 1058 3763 totum
1081 3689 1193 3779 Ἰμοο
1223 3718 1360 3774 opus
1390 3704 1440 3757 iu
1467 3702 1661 3767 exsilio
1683 3700 1988 3761 absolutum
2014 3740 2031 3764 ,

434 3802 531 3858 sed
554 3802 717 3858 etiam
777 3799 900 3855 inde
939 3798 1007 3857 ad
1037 3797 1410 3855 Constantium
1449 3796 1518 3850 ab
1562 3794 1767 3851 Hilario
1807 3795 2034 3851 missum

434 3894 622 3952 credat
658 3908 883 3950 necesse
909 3902 1014 3948 est.
1042 3890 1159 3948 Non
1189 3892 1331 3947 enim
1372 3889 1516 3945 aliud
1559 3889 1796 3945 iudicare
1826 3887 2037 3953 videtur

439 3989 533 4047 lib.
562 4005 578 4044 t
607 3987 746 4059 Hist.
780 3986 974 4051 Franc.
1006 4001 1053 4042 ε.
1085 3986 1172 4052 58,
1210 3984 1298 4041 ubi
1326 3984 1403 4039 ait
1442 4001 1455 4037 ε
1496 3981 1830 4055 Beatissimae
1874 3978 2036 4035 Hilu-

436 4086 548 4140 rius
587 4082 905 4147 Pictavensis
943 4086 1213 4151 episcopus
1251 4094 1408 4133 suasu
1453 4076 1811 4137 hiereticorum
1857 4073 2040 4143 exsilio

441 4177 718 4248 deputatur
753 4190 773 4235 ;
806 4174 973 4246 ibique
1016 4171 1173 4243 libros
1223 4186 1318 4243 pro
1362 4170 1466 4238 [ide
1518 4168 1783 4224 catholica.
1820 4166 2042 4229 scribens

443 4268 742 4326 Constantio
791 4267 948 4321 misit.
998 4264 1112 4320 Hoc
1139 4264 1337 4333 quippe
1369 4260 1436 4314 de
1466 4258 1666 4315 libellis
1687 4258 1754 4315 ad
1782 4258 2044 4321 Constan-

447 4364 586 4423 tium
631 4361 777 4434 loqui
806 4375 915 4417 non
942 4355 1323 4429 intelligendus
1339 4363 1443 4421 est,
1470 4368 1700 4427 quorum
1725 4367 1890 4429 unum
1919 4360 2045 4411 ante

448 4456 696 4517 exsilium
722 4453 873 4511 misit
892 4450 1148 4517 Hilarius,
1173 4449 1408 4509 alterum
1431 4464 1537 4504 non
1569 4446 1754 4514 misit,
1797 4445 1892 4509 sed
1931 4445 2047 4517 ipse

448 4547 764 4609 Constantio
785 4544 955 4601 dedit.
974 4542 1360 4601 Verumtamen
1391 4539 1696 4610 conjectare
1730 4539 1879 4604 licet,
1903 4516 2041 4594 Gre-
2071 4516 2127 4577 Ῑ)

450 4645 660 4716 gorium
698 4638 1007 4699 cuttfudisse
1039 4636 1182 4707 quod
1210 4649 1310 4706 pro
1339 4633 1442 4689 ﬁde
1473 4633 1739 4691 catholica
1768 4630 2048 4690 confessor

448 4747 702 4799 strenuus
723 4743 778 4788 et
801 4732 925 4803 fecit
952 4730 1120 4801 libros
1141 4728 1261 4784 illos
1286 4724 1701 4793 couscribendo,
1736 4734 1792 4780 et
1823 4725 2050 4780 tentavit

449 4830 644 4886 libellis
670 4824 991 4901 Constantia
1030 4832 1124 4878 aut
1174 4820 1356 4878 missis
1406 4828 1497 4875 aut
1545 4817 1683 4874 datis
1723 4816 2048 4881 audientium

451 4921 817 4996 deprecando.

527 5012 719 5071 XXVI.
750 5010 1000 5079 Barbatio
1043 5008 1327 5081 presbyter.
1357 5037 1428 5048 —
1457 5005 1743 5075 Rationem
1789 5004 1927 5069 tituli
1958 5018 2055 5070 es-

458 5111 796 5184 pendentes,
841 5103 1069 5177 necdum
1118 5104 1355 5171 uiximus
1379 5100 1503 5172 (luis
1542 5102 1613 5161 sit
1655 5100 1747 5163 illo
1792 5098 2053 5168 presbyter

456 5202 733 5268 Barbarie,
759 5198 913 5269 cujus
942 5211 1139 5269 nomen
1169 5195 1221 5259 in
1250 5193 1564 5265 Corbeiensi
1590 5193 1818 5263 aliisque
1843 5191 2055 5259 duobus

457 5297 733 5367 codicibus
786 5292 1114 5373 adscriptum
1165 5288 1508 5359 reperitttus;
1568 5288 1685 5353 isne
1740 5286 1937 5351 fuerit,
1983 5285 2052 5341 ad

459 5403 621 5461 quem
671 5385 903 5461 Hilarius
953 5384 1068 5454 inae
1115 5378 1507 5454 summatibus
1531 5378 1845 5447 destinarit,
1887 5376 2051 5444 eaad

458 5496 621 5554 suam
668 5477 1039 5550 aPOSt‘arhttut
1094 5476 1254 5549 tonse
1295 5483 1416 5545 ροει
1470 5473 1733 5541 Hilarium
1785 5473 1926 5535 alter
1969 5470 2051 5535 vel

458 5585 653 5646 sponte
680 5588 777 5641 sua
798 5614 813 5639 ,
850 5573 935 5643 vel
960 5579 1177 5642 rogatus
1204 5569 1431 5637 miserit.
1476 5568 1591 5629 Hoc
1613 5574 1947 5637 postremum
1984 5566 2055 5623 si-

459 5669 743 5740 gniﬁcatur
780 5665 866 5721 bis
894 5679 998 5719 ms.
1032 5661 1381 5718 Pratellensis
1410 5659 1610 5726 verbis,
1639 5668 1780 5723 utere
1809 5659 1935 5731 folia:
1963 5672 2055 5719 au-

458 5764 740 5822 rationibns
774 5762 898 5817 tuis.
926 5756 1006 5814 Es
1032 5754 1350 5826 antiquitate
1375 5763 1558 5810 autem
1580 5749 1922 5809 Corbeiensis
1956 5766 2053 5808 co-

2105 1857 2170 1910 tis
2199 1854 2537 1911 sacramentis
2558 1854 2800 1924 perfecta:
2827 1852 2882 1906 in
2914 1850 3076 1904 Deum
3102 1849 3245 1918 fidei,
3284 1848 3449 1918 impia
3476 1848 3713 1903 humana:

2104 1949 2331 2004 stultitia:
2353 1948 2588 2002 instituta
2617 1946 2929 2011 desererent,
2961 1954 3009 1999 et
3030 1960 3083 1999 se
3105 1942 3215 1998 Deo
3237 1942 3529 1997 redderent.
3560 1941 3713 1998 Hunc

2108 2043 2285 2097 locum
2341 2041 2588 2110 aliosque
2634 2053 2743 2094 non
2795 2036 3091 2094 attendisse
3136 2036 3564 2099 convincuntur,
3620 2033 3715 2104 qui

2108 2150 2235 2191 cum
2248 2135 2413 2189 velint
2433 2133 2694 2204 plurimos
2720 2148 2829 2189 non
2857 2131 2994 2186 mala
3025 2130 3130 2187 ﬁde
3151 2129 3403 2185 haeresim
3431 2128 3711 2201 amplexa-

2110 2235 2215 2297 tos,
2247 2227 2589 2284 clementiam
2629 2240 2756 2293 erga
2788 2225 2909 2280 illos
2935 2225 2988 2280 in
3013 2222 3218 2279 Hilario
3247 2222 3583 2279 desiderant.
3611 2221 3716 2275 Eos

2110 2329 2281 2388 certe,
2327 2321 2417 2392 qui
2460 2319 2577 2376 Arii
2622 2318 2863 2388 partibus
2902 2332 3090 2373 errore
3137 2325 3193 2372 et
3242 2315 3538 2387 ignorantia
3573 2312 3719 2369 fave-

2112 2419 2263 2482 bant,
2278 2415 2518 2484 apprime
2530 2412 2863 2482 distinguere
2886 2419 3108 2467 noverat
3130 2411 3197 2466 ab
3228 2411 3336 2466 illis
3358 2411 3447 2480 qui
3464 2410 3516 2464 in
3530 2408 3718 2465 eadem

2115 2508 2310 2564 bmresi
2333 2521 2501 2575 pravo
2526 2504 2760 2577 quodam
2788 2504 3080 2559 voluntatis
3100 2503 3295 2559 alfectu
3316 2501 3715 2557 detinebantur.

2117 2600 2185 2661 Et
2206 2599 2398 2657 horum
2426 2598 2645 2670 quidem
2675 2596 2933 2653 malitiam
2958 2611 3022 2652 ac
3048 2611 3244 2652 sensus
3267 2595 3582 2665 pravitatem
3615 2608 3721 2650 non

2118 2695 2237 2750 sine
2279 2693 2505 2751 horrore
2542 2701 2599 2746 et
2633 2689 2999 2761 indignatione
3025 2690 3333 2759 cogitabat:
3365 2698 3417 2743 at
3457 2687 3721 2757 singulari

2121 2785 2176 2840 in
2207 2785 2327 2841 illos
2354 2782 2727 2839 misericordia
2763 2782 3226 2838 commovebatur.
3258 2781 3365 2837 Sed
3410 2781 3533 2852 quia
3565 2781 3726 2836 utris-

2122 2896 2227 2952 que
2253 2878 2539 2935 subvenire
2573 2876 2843 2945 cupiebat,
2871 2878 3116 2946 utrisque
3138 2874 3377 2942 scripsit.

2196 2973 2433 3029 XXVIII.
2470 2971 2609 3040 Quid
2629 2973 2693 3026 de
2715 2971 3026 3025 Arianorum
3055 2968 3328 3037 affectione
3356 2967 3620 3023 sentiebat.
3650 2996 3720 3008 -—

2127 3068 2353 3139 Scripsit
2382 3069 2526 3125 enim
2556 3076 2613 3125 et
2641 3077 2862 3137 propter
2893 3066 3179 3137 magistros
3209 3065 3463 3137 nequitia:
3493 3066 3578 3120 vel
3605 3078 3728 3118 cor-

2128 3162 2404 3233 rigendos,
2427 3160 2512 3217 vel
2543 3159 2738 3215 saltem
2768 3158 3093 3215 refclleudos
3125 3178 3138 3213 :
3170 3158 3389 3227 scripsit
3422 3167 3476 3213 ct
3504 3168 3728 3227 proritcr

2130 3268 2225 3311 eos
2248 3294 2264 3319 ,
2297 3267 2432 3323 quos
2464 3252 2540 3306 illi
2572 3252 2902 3321 deceperant
2924 3292 2940 3317 ,
2973 3249 3321 3306 erudiendos.
3359 3250 3574 3304 Illorum
3605 3263 3726 3303 cum

2131 3345 2563 3403 emendationem
2603 3343 2976 3413 perdiflicilem
3033 3342 3401 3413 praevideret,
3450 3344 3572 3414 quia
3599 3385 3612 3408 ,
3645 3344 3725 3396 in-

2132 3441 2250 3510 quit
2280 3439 2373 3495 lib.
2408 3453 2464 3493 Vt
2491 3478 2506 3504 ,
2551 3453 2700 3492 unm.
2733 3438 2795 3493 Il
2825 3477 2841 3504 ,
2876 3436 2944 3493 ab
2974 3437 3106 3505 ipsis
3136 3445 3185 3490 et
3223 3439 3356 3491 ratio
3383 3437 3731 3509 intelligentitr

2134 3548 2236 3588 non
2274 3532 2521 3603 qureritur
2544 3573 2558 3596 ,
2586 3541 2633 3585 et
2675 3531 2913 3597 deinceps
2941 3532 3005 3587 ab
3031 3531 3341 3603 intelligente
3364 3531 3602 3584 intimata
3632 3546 3730 3583 non

2135 3626 2338 3695 capitur
2356 3665 2371 3691 ,
2400 3623 2778 3679 refutationem
2808 3630 2862 3678 et
2886 3620 3099 3676 facilem
3125 3634 3345 3692 propter
3371 3622 3611 3690 ipsorum
3636 3621 3734 3673 int-

2138 3715 2515 3787 prudentiam,
2550 3726 2605 3770 et
2638 3725 2862 3784 propter
2890 3713 3166 3783 simplices
3198 3714 3558 3769 necessariam
3590 3717 3734 3769 exis-

2141 3807 2385 3864 timabat.
2422 3807 2498 3862 De
2532 3806 2745 3862 caeteris
2776 3821 2904 3862 vero
2932 3821 3060 3875 spes
3088 3806 3137 3862 ei
3167 3807 3325 3877 longe
3352 3805 3453 3860 alia
3482 3813 3637 3872 erat,
3669 3805 3737 3860 de

2140 3903 2340 3974 quibus
2389 3901 2580 3958 eodem
2625 3903 2677 3957 in
2724 3901 2846 3958 loco
2876 3901 3095 3973 subjicit
3134 3921 3147 3955 :
3191 3901 3298 3958 Sed
3340 3903 3387 3957 si
3413 3918 3543 3971 quos
3585 3915 3730 3954 amor

2145 3997 2241 4052 Dei
2271 4005 2315 4048 et
2344 3994 2697 4065 intelligentia:
2722 3994 2979 4067 ignoratio
3003 4036 3018 4060 ,
3050 4008 3154 4049 non
3194 4008 3503 4049 IIPIETA'I'IS
3530 4007 3737 4048 vomu-

2145 4102 2248 4144 ἠε
2277 4104 2365 4158 per
2388 4087 2619 4141 stultitia:
2648 4102 2853 4142 sensum
2890 4086 3165 4141 detinuerit
3189 4087 3241 4139 in
3270 4101 3480 4151 errare;
3512 4101 3661 4156 spero
3686 4094 3742 4138 ut

2146 4183 2213 4236 ad
2243 4179 2649 4235 emendationem
2688 4180 2936 4248 proclives
2975 4178 3077 4232 sint
3101 4221 3117 4243 ,
3162 4194 3279 4231 eum
3322 4178 3600 4248 impietatis
3635 4186 3744 4231 stn-

2147 4273 2291 4327 dium
2319 4272 2565 4327 absoluta:
2585 4272 2810 4327 ueritatis
2836 4273 2902 4327 sit
2926 4272 3292 4328 demonstratio
3322 4271 3607 4338 proditum.
3636 4271 3744 4324 llac

2149 4380 2245 4436 spe
2276 4363 2515 4421 nonnihil
2540 4374 2820 4421 recreatus
2844 4363 3092 4434 superius
3116 4364 3294 4420 aiebat
3324 4405 3337 4429 ,
3374 4362 3591 4419 Uberius
3616 4379 3744 4434 gnu-

2152 4458 2296 4513 dium
2324 4466 2619 4512 consectans
2651 4473 2715 4512 ea:
2742 4457 2909 4511 salute
2936 4456 3309 4528 plurimorum,
3342 4456 3387 4509 si
3413 4454 3630 4525 cognitis
3658 4471 3744 4507 su-

2159 4553 2435 4608 cramentis
2477 4553 2714 4622 perfectae
2758 4550 2896 4620 ﬁdei,
2931 4551 3092 4622 impia
3132 4550 3370 4605 humana:
3397 4549 3627 4604 stultitia:
3667 4549 3749 4601 in-

2143 4647 2325 4726 ‘stituta
2347 4644 2652 4708 desererent,
2678 4653 2723 4697 et
2742 4659 2797 4697 se
2824 4641 2935 4697 Deo
2954 4645 3243 4699 redderent.

2224 4736 2420 4794 XXIX.
2456 4735 2645 4803 Elfecit
2669 4737 2750 4791 Itis
2779 4736 2924 4792 libris
2952 4753 3014 4790 ne
3043 4753 3168 4790 sana
3198 4738 3434 4791 doctrina
3458 4754 3575 4791 cum
3599 4752 3750 4791 sanc-

2156 4834 2220 4888 tis
2237 4833 2513 4889 exsularet.
2531 4860 2605 4873 -—
2622 4830 2805 4900 Neque
2822 4845 2952 4885 vero
2976 4842 3198 4901 propter
3224 4832 3453 4887 Ariaoos
3468 4833 3642 4887 solum
3661 4841 3752 4887 aut

2157 4924 2483 4982 refellendos
2516 4933 2611 4980 aut
2638 4922 3010 4980 emendandos
3033 4963 3048 4986 ,
3080 4924 3175 4979 sed
3216 4933 3271 4978 et
3301 4934 3520 4995 propter
3563 4925 3748 4980 ﬁdeles

2159 5018 2529 5087 instruendus,
2563 5019 2660 5073 has
2686 5017 3089 5074 lucubrationes
3110 5032 3398 5087 aggressus
3427 5030 3544 5082 est;
3574 5026 3632 5073 ut
3669 5018 3753 5072 ni-

2158 5112 2354 5169 mirum
2375 5110 2736 5168 essnlantium
2767 5110 3057 5164 Doctorum
3085 5109 3320 5179 quodam
3347 5110 3508 5166 modo
3537 5109 3753 5164 vicaria:

2157 5212 2374 5272 essent,
2407 5212 2463 5259 et
2489 5217 2628 5274 quos
2669 5204 2785 5273 ipse
2812 5216 3056 5272 praesens
3103 5204 3397 5274 nequibat,
3430 5202 3628 5256 absens
3655 5201 3756 5256 do-

2159 5305 2309 5353 ceret
2355 5311 2452 5367 per
2494 5295 2618 5350 illas
2660 5294 3029 5364 ﬁrmaretque.
3083 5294 3261 5358 Licet,
3308 5294 3485 5364 inquit
3535 5292 3630 5348 lib.
3678 5310 3709 5349 x
3738 5337 3753 5360 ,

2163 5404 2309 5445 num.
2354 5390 2420 5450 4,
2450 5403 2587 5441 nunc
2618 5403 2650 5440 a
2688 5387 2862 5442 multis
2893 5387 3307 5441 coacervantibus
3336 5386 3435 5440 sibi
3474 5386 3756 5440 secundum

2160 5481 2414 5539 desideria
2443 5497 2537 5535 sua
2564 5481 2836 5552 magistros
2857 5497 2986 5535 sana
3020 5479 3256 5533 doctrina
3284 5478 3519 5542 exsulat;
3547 5494 3651 5531 non
3681 5488 3759 5531 ta-

2161 5593 2277 5632 men
2305 5592 2339 5630 a
2375 5574 2567 5629 sanctis
2604 5573 2888 5645 quibusque
2925 5571 3309 5640 praedicationis
3334 5571 3519 5625 ueritas
3551 5570 3759 5624 exsula-

2161 5669 2233 5724 bit
2270 5684 2289 5723 :
2317 5667 2581 5737 loquemur
2619 5666 2751 5720 enim
2779 5664 2978 5721 exsules
3018 5680 3107 5736 per
3134 5664 3224 5720 hos
3266 5663 3423 5719 libros
3447 5706 3462 5731 ,
3494 5672 3599 5718 etc.
3636 5664 3759 5719 Trio

2162 5763 2356 5831 pliccm
2379 5759 2527 5817 illam
2557 5757 2827 5817 scribendi
2852 5769 3068 5816 causam
3099 5757 3195 5816 lib.
3225 5774 3283 5825 ll,
3312 5772 3441 5814 num
3465 5756 3521 5826 5,
3573 5757 3760 5828 paucis
