4118 6186
436 239 508 294 91
1918 231 2312 290 PREFATIO.
3683 238 3755 297 22

440 358 516 412 ita
556 344 875 425 perstringit
917 369 930 408 :
965 352 1316 424 Extorquetur
1343 350 1489 409 nobis
1536 352 1632 406 hoc
1660 350 1791 407 uelle
1808 392 1822 417 ,
1850 350 1972 404 dum
1997 359 2045 405 et
2072 349 2120 410 Α
2149 358 2276 415 tror,
2301 349 2533 403 doctores
2561 357 2687 407 tetas
2712 348 2871 420 hujus
2893 365 3028 405 nunc
3048 351 3226 407 steculi
3244 352 3500 425 protulit:
3527 370 3641 410 sere
3663 358 3756 412 hos

441 449 677 505 undecim
710 447 968 505 resistitur
987 487 1002 512 ,
1032 456 1081 502 et
1112 446 1278 501 errori
1308 443 1629 512 consulitur,
1668 453 1718 500 et
1740 443 2050 516 ignorantiae

443 541 762 613 precidem.

520 636 689 691 XXX.
723 634 804 689 De
836 633 1098 689 Trinitate
1123 632 1273 688 verba
1300 633 1470 703 facere
1502 632 1743 688 illicitum
1780 638 1946 704 putat.
1975 659 2051 671 —

443 728 566 785 Non
592 729 754 798 igitur
781 736 981 797 sponte
1003 769 1021 794 ,
1050 737 1141 781 aut
1164 727 1345 796 aliquo
1371 725 1632 781 suadente
1655 767 1671 793 ,
1699 725 1768 780 ad
1796 725 1958 781 verba
1980 724 2048 779 de

442 832 635 876 sancto
652 820 931 875 Trinitatis
954 820 1213 890 mysterio
1234 818 1476 875 facienda
1504 817 1798 890 prosilivit:
1822 818 1915 873 sed
1938 826 2047 872 tam

441 912 769 968 necessariis
799 911 867 965 ad
897 911 1181 965 utilitatem
1224 910 1481 966 Ecclesiae
1514 911 1694 966 causis
1724 909 1840 964 hac
1868 909 1919 966 ei
1951 925 2048 964 vo-

440 1004 630 1060 luntas
655 1012 863 1060 extorta
886 1003 1007 1058 luit.
1042 1003 1102 1058 Ei
1133 1003 1385 1057 nimirum
1413 1018 1726 1073 persuasum
1757 1012 1875 1057 erat
1914 1001 2045 1056 illud

439 1098 563 1152 sola
606 1097 715 1152 ﬁde
741 1138 756 1161 ,
785 1097 899 1151 sola
932 1096 1195 1150 mentium
1242 1095 1506 1166 religione
1536 1093 1843 1164 oportuisse
1871 1094 2047 1148 conti-

440 1193 562 1247 neri
593 1193 704 1263 (lib.
738 1206 798 1256 ιι,
831 1208 885 1246 n.
914 1190 982 1255 2;
1011 1189 1140 1245 ibid.
1187 1208 1242 1246 n.
1291 1187 1369 1261 5),
1401 1188 1544 1259 quod
1573 1198 1718 1244 extra
1745 1190 2047 1259 signiﬁcan-

438 1289 567 1341 tiam
591 1288 839 1341 sermonis
863 1297 956 1348 est,
985 1295 1130 1340 extra
1145 1302 1325 1340 sensus
1348 1285 1700 1348 intentionem,
1724 1293 1868 1339 extra
1890 1284 2044 1339 intel-

438 1379 674 1451 ligentia:
700 1378 1097 1447 conceptionem.
1121 1375 1385 1445 Quocirca
1413 1391 1536 1431 cum
1564 1376 1634 1431 de
1666 1386 1814 1430 tanto
1844 1384 2049 1446 myste-

438 1473 529 1528 rio
552 1486 855 1527 sermonem
886 1471 1028 1526 inire
1054 1470 1301 1524 illicitum
1333 1483 1396 1524 ac
1427 1470 1679 1524 vitiosum
1708 1477 1943 1538 putaret,
1977 1468 2045 1523 ad

439 1567 584 1622 hanc
612 1581 675 1620 se
702 1566 1083 1620 necessitatem
1113 1564 1360 1619 adactum
1394 1563 1489 1618 lib.
1540 1578 1578 1617 ιι
1609 1563 1854 1633 pluribus
1894 1563 2048 1633 inge-

442 1660 651 1715 miscit.
674 1658 1062 1729 Conspellimur,
1080 1657 1254 1728 inquit
1275 1674 1329 1713 ιι.
1350 1656 1407 1722 2,
1427 1658 1782 1711 hereticorum
1805 1657 2045 1728 blasphe-

2153 445 2329 500 ltabuit
2364 445 2494 515 ﬁdes
2522 460 2636 499 mea
2658 486 2673 511 ,
2702 461 2859 516 quant
2888 453 2943 500 tu
2971 446 3191 501 erudisti
3215 488 3231 515 ,
3262 448 3554 517 magistros.
3588 448 3756 505 Inan-

2134 539 2276 605 _ditis
2294 554 2392 609 ego
2424 537 2714 593 nominibus
2742 539 2822 593 his
2842 538 2895 593 in
2924 546 2972 593 te
2993 539 3067 593 ita
3087 538 3302 608 credidi,
3325 557 3417 612 per
3446 549 3496 597 te
3516 543 3589 598 ita
3608 559 3761 598 rena-

2153 645 2236 690 tus
2263 651 2410 699 sum;
2438 644 2486 689 et
2512 635 2700 688 exinde
2730 643 2847 688 tuus
2872 634 2945 688 ita
2966 651 3096 690 sum.

2226 728 2477 785 XXXIV.
2512 728 2701 782 Fidem
2733 728 3018 799 Scripturis
3038 739 3284 785 assertum
3302 730 3487 787 iisdem
3517 733 3641 787 locis
3667 732 3759 787 de-

2153 823 2337 894 fendit,
2366 823 2547 891 quibus
2567 825 2925 893 impugnatur.
2946 852 3021 863 -—
3043 822 3215 888 Quam
3238 833 3418 878 autem
3444 839 3476 879 e
3504 824 3755 896 Scriptu-

2152 917 2228 972 ris
2258 917 2510 971 hauserat
2541 913 2724 980 ﬁdem,
2752 914 3046 985 Scripturis
3077 916 3342 985 explicat,
3370 917 3601 986 primum
3633 917 3756 988 qui-

2151 1010 2272 1065 dem
2312 1008 2662 1079 propheticis,
2712 1016 2824 1063 tum
2855 1007 3201 1077 evangelicis,
3244 1023 3308 1064 ac
3351 1008 3567 1065 demum
3619 1026 3753 1080 apo—

2152 1104 2378 1158 stolicis.
2424 1102 2505 1158 Ad
2533 1118 2666 1173 quas
2705 1101 3078 1171 intelligendas
3108 1102 3354 1173 aptisque
3381 1104 3565 1158 verbis
3591 1119 3749 1159 enaro

2150 1181 2345 1252 randas
2368 1211 2435 1251 eo
2460 1211 2519 1251 se
2541 1195 2733 1265 spiritu
2755 1193 2944 1249 donari
2971 1195 3130 1249 enixe
3155 1202 3307 1265 rogat
3332 1192 3444 1267 (lib.
3469 1211 3511 1260 ι,
3542 1214 3597 1249 n.
3627 1194 3746 1267 '58).

2149 1306 2257 1361 quo
2284 1296 2514 1362 primum
2545 1290 2712 1345 afﬂati
2741 1298 2869 1345 sunt
2900 1291 3176 1360 prophetae
3204 1298 3260 1344 et
3304 1289 3535 1359 apostoli
3566 1290 3633 1344 ad
3656 1306 3750 1346 eas

2149 1383 2410 1439 edendas.
2447 1383 2581 1437 llinc
2624 1382 2803 1436 varios
2831 1382 2973 1436 inter
3002 1382 3227 1436 timores
3270 1396 3339 1437 ne
3367 1383 3531 1437 verbo
3572 1381 3746 1437 oll‘en-

2150 1475 2343 1545 deret,
2384 1476 2479 1530 lib.
2522 1492 2615 1537 vu,
2660 1491 2716 1530 ιι.
2746 1475 2803 1543 5,
2837 1483 3075 1530 tuentem
3124 1474 3408 1531 conﬁrmat
3439 1490 3502 1529 ac
3537 1485 3755 1531 serenat

2112 1554 2123 1565 ’
2149 1567 2234 1623 his
2257 1568 2471 1623 verbis:
2503 1565 2627 1621 Non
2655 1567 2802 1633 meis,
2835 1567 2926 1622 sed
2945 1568 3242 1637 apostolicis
3264 1567 3461 1621 scando
3488 1566 3749 1640 gradibus.

2151 1661 2256 1716 Sed
2288 1671 2342 1715 et
2371 1675 2531 1731 quam
2574 1675 2767 1715 secure
2809 1660 3104 1729 Scripturis
3134 1660 3362 1715 ducibus
3389 1667 3613 1716 scandat
3638 1703 3655 1729 ,
3687 1664 3750 1716 li-

437 1759 698 1812 mantium
742 1756 877 1810 uitiis
905 1755 1092 1810 illicita
1133 1771 1316 1826 agere,
1350 1755 1519 1807 ardua
1547 1753 1823 1816 scandere,
1855 1752 2039 1820 ine/Ia-
2074 1752 2121 1811 B
2151 1754 2250 1809 bro
2284 1754 2564 1825 superiore
2595 1770 2744 1809 num.
2776 1753 2848 1808 20
2896 1753 3223 1809 luculentius
3257 1755 3514 1822 ostendit,
3541 1756 3634 1811 ubi
3662 1772 3753 1811 reo

437 1851 566 1906 bilia
592 1850 801 1920 eloqui,
830 1849 1130 1904 inconcessa
1156 1864 1463 1918 praesumere
1489 1862 1509 1901 :
1537 1857 1592 1903 et
1619 1862 1766 1912 mox,
1800 1843 2045 1917 Cogimur

437 1944 690 1999 sermonis
730 1943 895 1997 nostri
934 1942 1274 1996 humilitatem
1315 1941 1384 1994 ad
1430 1956 1492 1995 ea
1532 1955 1650 2011 qua:
1677 1937 2046 1993 ineuarrabilia

437 2047 560 2092 sunt
588 2037 862 2092 extendere
890 2053 909 2089 :
931 2044 981 2089 et
997 2035 1051 2088 in
1072 2034 1255 2088 uitium
1275 2033 1397 2088 vitio
1423 2041 1715 2087 coartamur
1741 2032 1932 2087 alieno.

510 2128 711 2186 XXXI.
736 2128 852 2195 Quo
877 2129 1054 2182 animo
1081 2125 1179 2181 hoc
1206 2125 1350 2199 Opus
1368 2125 1687 2198 aggreditur.
1707 2155 1780 2165 —
1799 2124 1955 2180 Unde
1974 2123 2041 2179 ad

437 2223 575 2278 illud
606 2220 1015 2293 petractandum
1041 2234 1108 2275 co
1133 2220 1316 2274 animo
1337 2218 1568 2285 accedit,
1603 2226 1662 2273 ut
1688 2226 1742 2273 et
1767 2218 1917 2287 prius
1944 2232 2041 2273 ve-

435 2317 582 2371 niam
608 2329 706 2386 pro
726 2313 925 2370 delicto
943 2312 1283 2381 deprecetur,
1311 2325 1412 2365 nec
1433 2310 1500 2366 de
1516 2324 1576 2365 se
1597 2308 1863 2378 spondeat
1882 2309 2041 2380 quid-

433 2424 600 2480 quam
621 2450 637 2475 ,
671 2408 773 2462 nisi
803 2404 1167 2477 supplendum
1194 2418 1314 2460 esse
1345 2418 1442 2473 per
1470 2402 1630 2458 ﬁdem
1669 2416 1822 2456 suam
1848 2444 1864 2470 ,
1898 2401 2042 2471 quod

433 2502 679 2556 sermoni
727 2498 1040 2553 defuturum
1091 2510 1199 2551 non
1257 2496 1512 2565 ambigat.
1559 2493 1648 2550 Sic
1701 2493 1847 2550 enim
1905 2492 2037 2548 ibid.

432 2608 590 2648 num.
625 2591 689 2658 5,
727 2592 889 2665 habet
918 2606 937 2643 :
970 2588 1079 2645 Sed
1106 2604 1201 2643 nos
1231 2586 1544 2642 necessitatis
1570 2586 1727 2655 hujus
1761 2586 1825 2639 ab
1863 2602 1922 2639 eo
1951 2586 2042 2656 qui

433 2683 547 2739 hac
575 2686 751 2738 omnia
796 2693 871 2739 est
918 2683 1120 2737 ueniam
1146 2688 1495 2749 deprecantes,
1548 2679 1870 2747 audebimus,
1901 2695 2041 2747 qum-

434 2794 626 2841 remns,
660 2776 924 2842 loquemur
948 2791 967 2829 :
993 2784 1042 2829 et
1065 2774 1202 2844 quod
1225 2772 1393 2827 solum
1418 2773 1471 2827 in
1499 2781 1643 2826 tanta
1668 2788 1845 2826 rerum
1872 2787 2042 2840 quass-

437 2873 575 2923 tione
600 2868 964 2938 promittimus,
991 2883 1051 2921 ea
1072 2882 1187 2937 quae
1201 2874 1346 2920 erunt
1369 2865 1659 2937 signiﬁcata
1681 2863 1963 2917 credemus.

509 2959 730 3016 XXXII.
746 2959 965 3026 Quanta
986 2960 1127 3013 illius
1155 2962 1218 3014 de
1232 2956 1329 3012 hoc
1354 2959 1596 3029 mysterio
1620 2956 2036 3028 ﬁdes.-—Neque

433 3053 584 3109 enim
620 3058 820 3108 incerta
846 3093 860 3117 ,
893 3063 985 3109 aut
1009 3051 1214 3122 trepida
1240 3090 1255 3116 ,
1286 3060 1382 3107 aut
1408 3051 1643 3122 vulgaris
1672 3050 1771 3105 luit
1797 3050 1940 3105 illius
1967 3049 2036 3106 de

2149 1863 2382 1904 censeas
2406 1850 2601 1919 quibus
2630 1848 2944 1903 auctoribus
2968 1847 3328 1915 credidisset,
3361 1858 3416 1903 et
3443 1866 3569 1905 num
3608 1850 3752 1907 bene

2149 1944 2235 1999 his
2256 1943 2487 1998 Arianos
2509 1943 2761 1997 doctores
2788 1939 3085 1997 anteferret
3107 1957 3436 2014 proponens,
3460 1944 3749 2014 quamdam

2149 2050 2216 2090 ex
2262 2034 2463 2089 divinis
2513 2033 2922 2103 Scriptoribus,
2955 2048 3094 2104 quos
3142 2034 3429 2103 sequitur,
3476 2041 3753 2107 perpetuus

2149 2126 2457 2182 traditionis
2492 2133 2736 2181 catenam
2784 2127 3045 2180 contexit.
3094 2124 3295 2182 Verum
3340 2126 3466 2197 quia
3508 2127 3751 2182 haeretici

2147 2220 2309 2275 etiam
2334 2233 2393 2275 se
2421 2218 2715 2289 Scripturis
2742 2218 2837 2273 niti
2860 2217 3181 2289 gloriantur,
3206 2233 3327 2275 eam
3356 2219 3465 2275 illis
3492 2218 3747 2275 ﬁduciam

2149 2311 2360 2382 eripere
2388 2320 2543 2365 curat
2569 2351 2583 2376 ,
2615 2324 2736 2364 cum
2767 2323 2863 2365 eos
2904 2310 3051 2379 ipsos
3083 2308 3377 2380 Scriptum
3408 2310 3558 2365 locos
3581 2350 3596 2375 ,
3629 2311 3749 2380 qui-

2146 2402 2248 2459 bus
2292 2404 2440 2459 abuti
2494 2402 2671 2459 solent
2698 2403 2765 2458 ad
2802 2402 3185 2459 deSIruendam
3226 2403 3419 2469 ﬁdem,
3450 2403 3748 2475 prudenter

2145 2496 2367 2551 adhibet
2399 2495 2468 2550 ad
2497 2509 2617 2551 eam
2645 2495 3062 2562 adstruendam;
3092 2504 3149 2549 ut
3177 2494 3286 2549 illic
3309 2497 3497 2550 veritas
3520 2496 3750 2565 reperia-

2148 2598 2249 2656 tur,
2283 2589 2368 2642 ubi
2398 2597 2636 2659 negatur,
2669 2586 2841 2658 inquit
2861 2587 2955 2642 lib.
2983 2601 3044 2653 ιι,
3079 2603 3229 2641 ιιιιιιι.
3285 2587 3352 2655 7,
3378 2587 3468 2642 ubi
3491 2586 3748 2657 deinceps

2147 2683 2249 2737 sibi
2273 2682 2638 2753 praestandum
2661 2689 2868 2745 monet,
2897 2678 3040 2749 quod
3066 2678 3326 2736 hactenus
3351 2694 3411 2734 se
3428 2680 3749 2749 praestitisse

2145 2775 2393 2829 conlidit.
2424 2774 2628 2829 Eodem
2668 2774 2722 2829 in
2754 2773 2877 2828 loco
2918 2786 3068 2827 num.
3103 2771 3159 2836 6,
3188 2771 3342 2828 libris
3370 2773 3748 2843 superioribus

2144 2885 2206 2925 se
2242 2867 2491 2924 docuisse
2536 2868 2813 2935 declarat,
2863 2880 3054 2921 omnes
3076 2865 3401 2921 Arianorum
3433 2865 3651 2922 fraudes
3691 2875 3748 2922 et

2143 2978 2356 3017 errores
2405 2961 2531 3016 hinc
2585 2963 2757 3029 oriri,
2805 2960 2949 3032 quod
3011 2961 3448 3032 dispensationem
3487 2961 3743 3032 assumpti

2146 3056 2377 3128 corporis
2408 3057 2619 3128 rapiunt
2648 3055 2717 3111 ad
2752 3055 3113 3110 contumeliam
3152 3054 3461 3122 diuinitatis,
3494 3064 3548 3109 et
3570 3054 3746 3125 dupli-

436 3147 812 3202 occultissimo
829 3146 1107 3201 Trinitatis
1131 3146 1390 3216 mysterio
1409 3144 1565 3200 ﬁdes.
1589 3144 1735 3201 Ilanc
1759 3147 2042 3215 perSpicue
2070 3140 2117 3208 C
2149 3166 2269 3206 cem
2313 3148 2513 3204 Christi
2562 3160 2808 3204 naturam
2840 3148 3169 3219 distinguere
3212 3159 3304 3204 aut
3333 3148 3580 3204 nesciunt
3606 3190 3622 3217 ,
3651 3158 3745 3204 aut

432 3242 576 3297 adeo
605 3240 661 3295 in
686 3241 980 3311 Scripturis
1003 3249 1265 3294 assertum
1303 3240 1536 3301 videbat,
1569 3252 1627 3295 ut
1656 3240 2037 3295 haereticorum

432 3335 607 3390 duces
634 3375 648 3399 ,
677 3334 874 3404 quibus
913 3334 1020 3388 illa:
1069 3332 1266 3403 ignotas
1312 3348 1416 3388 non
1450 3341 1607 3387 erant
1627 3375 1642 3399 ,
1666 3334 1745 3388 sic
1772 3333 1995 3388 haberet
2021 3374 2035 3400 ,

433 3428 591 3498 quasi
623 3428 713 3498 qui
760 3441 828 3481 ex
877 3425 1174 3497 pertinacia
1221 3435 1275 3482 et
1320 3441 1484 3497 pravo
1529 3425 1817 3496 impietatis
1857 3428 2038 3483 studio

430 3530 642 3588 aperta:
689 3519 1007 3574 resisterent
1036 3520 1244 3575 veritati
1278 3537 1292 3573 :
1326 3520 1462 3575 Hinc
1492 3530 1575 3575 est
1618 3521 1744 3576 illud
1790 3521 1885 3576 lib.
1917 3536 1993 3576 xu
2018 3563 2034 3589 ,

429 3628 587 3668 num.
616 3611 723 3667 48:
761 3609 886 3667 Non
906 3611 1055 3665 habet
1082 3613 1261 3668 saltem
1286 3614 1525 3683 impietas
1553 3615 1751 3668 veniam
1773 3655 1787 3677 ,
1817 3624 1874 3667 ut
1904 3630 2040 3684 prcr-

430 3704 611 3759 lendat
648 3704 926 3769 impietatis
947 3721 1171 3761 errorem
1200 3722 1222 3760 :
1249 3707 1392 3776 quod
1425 3706 1602 3760 verbis
1628 3706 1746 3761 aliis
1783 3704 2038 3778 frequens

430 3798 712 3855 inculcare
728 3799 1029 3854 consuevit.
1054 3799 1176 3868 Ipse
1198 3814 1328 3855 vero
1352 3811 1455 3853 tam
1479 3800 1587 3855 alte
1609 3800 1853 3856 eamdem
1877 3800 2038 3856 iidem

427 3891 621 3945 animo
650 3890 957 3955 imbiberat,
988 3898 1101 3944 uta
1134 3891 1242 3944 vita
1272 3890 1481 3945 facilius
1512 3907 1672 3961 quam
1702 3892 1771 3947 ab
1798 3893 1885 3947 illa
1912 3907 2036 3949 sese

428 3984 802 4041 divelleudum
832 3984 1132 4040 conﬁderet
1161 4001 1174 4038 :
1212 3983 1336 4039 Haec
1363 3986 1500 4039 enim
1528 4001 1622 4057 ego
1661 3986 1732 4038 ita
1755 3985 1935 4053 didici,
1964 3989 2038 4040 ita

425 4080 668 4144 credidi,
707 4088 759 4133 et
792 4080 866 4133 ita
903 4079 1224 4149 conﬁrmatis
1259 4081 1442 4134 mentis
1482 4080 1586 4148 ﬁde
1622 4090 1769 4134 teneo
1797 4122 1813 4148 ,
1858 4096 1920 4134 ne
1948 4091 2040 4135 aut

427 4174 631 4243 possim
652 4171 861 4226 credere
882 4172 1053 4235 aliter,
1083 4180 1172 4225 aut
1195 4170 1362 4225 uelim.
1392 4172 1598 4240 Quibus
1625 4173 1718 4227 lib.
1747 4188 1822 4240 γι,
1857 4189 1911 4227 ιι.
1941 4173 2033 4240 20,

426 4265 620 4320 verbis
656 4263 851 4319 sitnilia
873 4279 998 4319 sunt
1024 4264 1141 4319 bare
1171 4281 1317 4319 num.
1346 4264 1412 4318 ﬁl
1449 4264 1560 4319 :Ab
1589 4264 1669 4319 his
1689 4281 1782 4336 ego
1812 4282 1927 4335 qute
1957 4275 2033 4322 ten

426 4375 530 4413 nec
558 4358 770 4412 edoctus
797 4375 913 4411 sum
934 4399 950 4421 ,
982 4358 1061 4412 his
1088 4357 1528 4412 immedicabiliter
1552 4359 1770 4411 imbutus
1800 4376 1912 4412 sum
1944 4375 1962 4412 :
1988 4369 2037 4413 et

422 4452 645 4522 ignosce
685 4449 1007 4518 omnipotens
1050 4448 1190 4502 Deus
1213 4490 1230 4517 ,
1276 4449 1396 4518 quia
1440 4450 1492 4502 in
1524 4448 1604 4503 his
1642 4464 1737 4503 nec
1775 4451 2035 4506 emendari

2147 3245 2354 3300 nolunt.
2391 3244 2655 3312 Quocirca
2686 3253 2742 3298 ut
2763 3252 2819 3298 et
2845 3258 3060 3298 errores
3086 3242 3344 3298 radicitus
3372 3252 3740 3313 amputentur;

2144 3349 2198 3393 et
2230 3338 2418 3393 inanes
2451 3337 2648 3393 cadant
2685 3335 3066 3391 haereticorum
3114 3336 3323 3391 technae
3371 3346 3427 3391 et
3473 3335 3736 3401 fallacias;

2144 3445 2340 3500 magno
2364 3431 2417 3484 in
2442 3428 2494 3484 id
2523 3429 2703 3484 studio
2729 3428 3008 3495 incumbit,
3033 3436 3094 3483 ut
3109 3428 3444 3485 demonstret
3465 3428 3739 3485 Christum

2144 3529 2200 3577 et
2228 3523 2395 3577 Deum
2424 3537 2607 3577 verum
2637 3536 2778 3590 esse,
2811 3522 2939 3577 dum
2971 3529 3130 3577 natus
3155 3537 3222 3576 ex
3251 3518 3365 3577 Deo
3393 3531 3501 3587 est,
3534 3529 3591 3577 et
3616 3536 3742 3592 per-

2143 3614 2342 3669 lectum
2386 3611 2661 3668 hominem
2687 3656 2704 3681 ,
2734 3612 2861 3669 dum
2890 3614 2939 3668 ei
2984 3622 3069 3669 est
3093 3624 3280 3684 partus
3300 3629 3369 3669 ex
3393 3614 3650 3685 Virgine;
3683 3623 3742 3669 ut

2143 3722 2265 3762 cum
2292 3707 2519 3762 veritate
2544 3708 2788 3777 corporis
2816 3707 3076 3762 subsistat
3097 3707 3149 3761 in
3173 3716 3363 3761 natura
3391 3706 3511 3773 Dei,
3537 3714 3593 3761 et
3617 3720 3741 3760 cum

2142 3799 2239 3854 Dei
2268 3809 2457 3853 natura
2478 3808 2690 3853 maneat
2718 3799 2770 3853 in
2794 3798 3038 3869 corporis
3064 3799 3291 3853 veritate
3330 3796 3445 3869 (lib.
3470 3812 3545 3865 ιι,
3576 3813 3633 3852 n.
3657 3795 3738 3869 6).

2213 3891 2432 3947 XXXV.
2468 3891 2617 3947 Unde
2638 3892 2972 3947 Cassiodorus
2993 3890 3237 3945 tredecim
3260 3890 3416 3944 libros
3437 3890 3643 3944 dixerit.
3669 3918 3743 3935 ~—

2144 3984 2413 4039 Veremur
2442 4000 2531 4050 ne,
2563 3984 2690 4038 dum
2719 3984 2961 4053 praeclari
2990 3985 3174 4053 operis
3205 3982 3546 4038 occasionem
3565 4025 3578 4049 ,
3607 3997 3740 4038 tau.

2140 4093 2251 4143 sas,
2285 4086 2514 4146 tempus,
2546 4076 2832 4142 rationem,
2874 4089 3207 4146 scepumque
3249 4073 3587 4145 indagamus,
3615 4090 3739 4131 mo-

2140 4173 2276 4229 leste
2306 4171 2443 4227 ferat
2484 4172 2655 4227 lector
2692 4172 2744 4226 in
2776 4170 2894 4241 ipso
2939 4169 3126 4225 limine
3166 4184 3227 4225 se
3255 4168 3457 4224 diutius
3483 4168 3739 4225 detineri.

2139 4266 2379 4337 Tempus
2406 4276 2491 4322 est
2534 4275 2595 4320 ut
2626 4281 2733 4320 non
2762 4265 2874 4336 jam
2920 4264 3093 4319 stillas
3140 4264 3399 4335 quasdam
3442 4261 3747 4317 Hilarianas

2138 4361 2401 4427 delibare,
2434 4360 2529 4416 sed
2578 4361 2738 4431 pleno
2772 4374 2868 4414 ore
2909 4359 2977 4413 de
3020 4359 3284 4413 immenso
3319 4356 3581 4413 doctrina:
3612 4370 3740 4427 pro-

2142 4453 2311 4509 fundo
2356 4462 2544 4524 potare
2594 4454 2958 4523 permittatur.
3008 4450 3281 4507 Nonnulla
3340 4458 3519 4505 tamen
3564 4447 3742 4503 adhuc

427 4560 648 4616 possum
674 4586 690 4611 ,
753 4554 801 4598 et
843 4545 1089 4599 commori
1128 4560 1355 4617 possunt.
1387 4543 1648 4609 Quocirca
1679 4544 1860 4598 libello
1902 4543 1938 4597 2
1967 4544 2033 4598 ad
2060 4527 2113 4586 Ῑ)
2140 4554 2346 4603 restant
2402 4547 2590 4617 paucis
2644 4543 2983 4615 explicanda.
3048 4544 3125 4598 Ac
3182 4544 3360 4615 primo
3419 4541 3741 4599 eximendus

427 4637 810 4692 Constantium
841 4636 1002 4692 enixe
1048 4650 1244 4705 rogans
1276 4642 1332 4689 ut
1376 4636 1445 4691 de
1491 4636 1595 4691 ﬁde
1640 4650 1820 4691 coram
1851 4637 2037 4706 dispu-

430 4742 555 4786 tans
604 4726 903 4796 audiretur,
956 4728 1079 4782 Non
1110 4737 1217 4783 tam
1250 4727 1398 4796 mihi,
1428 4728 1604 4799 inquit
1647 4745 1793 4783 num.
1826 4729 1879 4795 8,
1910 4745 2036 4800 rogo

429 4826 786 4890 audientiam,
824 4839 977 4894 quam
1013 4822 1103 4877 tibi
1129 4832 1283 4893 atque
1311 4822 1561 4879 Ecclesia:
1596 4822 1713 4877 Dei.
1750 4823 1862 4897 Ego
1900 4826 2034 4878 enim

428 4933 593 4989 penes
615 4932 695 4969 me
716 4917 875 4970 habeo
899 4917 1076 4985 fidem,
1107 4917 1357 4971 exteriore
1385 4933 1487 4970 non
1511 4930 1633 4987 egeo
1663 4932 1679 4972 :
1705 4917 1841 4986 quod
1862 4918 2037 4989 accepi

428 5023 606 5075 teneo,
640 5028 733 5066 nec
756 5013 961 5067 demuto
985 5012 1121 5081 quod
1148 5010 1245 5064 Dei
1268 5019 1363 5065 est.

505 5102 748 5158 XXXIII.
822 5102 972 5158 Unde
1011 5102 1154 5158 illius
1197 5113 1301 5156 tam
1349 5113 1587 5157 constans
1616 5143 1632 5169 ,
1684 5101 2039 5156 hwreticorum

427 5213 552 5252 uero
601 5208 705 5251 tam
748 5197 907 5252 dubia
935 5198 1081 5267 ﬁdes.
1113 5223 1185 5239 --
1224 5197 1279 5252 In
1329 5195 1410 5253 his
1457 5197 1717 5253 habemus
1746 5206 1852 5252 tam
1907 5213 2038 5252 con-

426 5290 628 5345 stantis
675 5289 796 5347 lidei
847 5291 1142 5354 rationem,
1200 5293 1332 5360 qnia’
1373 5290 1623 5344 nimirum
1673 5289 1899 5345 adluesit
1946 5304 2040 5343 an-

426 5385 600 5453 tiquae
627 5382 943 5449 traditioni,
987 5396 1165 5453 neque
1195 5398 1261 5439 ex
1290 5383 1355 5437 iis
1383 5398 1504 5453 qum.
1557 5393 1842 5453 acceperat
1885 5383 2043 5454 quid-

427 5486 599 5547 quam
641 5476 963 5532 demutavit.
1008 5475 1208 5532 Contra
1247 5486 1377 5532 vero
1421 5476 1796 5531 haereticorum
1838 5476 2042 5532 doctri-

428 5584 585 5634 nam,
613 5570 699 5624 vel
724 5581 944 5639 prepter
974 5570 1264 5625 novitatem
1322 5569 1682 5640 restituendam
1713 5584 1774 5624 ac
1799 5570 2043 5624 veritatis

428 5676 719 5735 expertem
760 5665 856 5719 lib.
895 5679 969 5729 Vl,
1004 5681 1058 5718 ιι.
1091 5664 1153 5718 9i
1189 5706 1202 5732 ,
1240 5664 1415 5735 lepide
1447 5664 1643 5735 probat
1672 5662 1723 5721 in
1757 5662 1900 5717 hunc
1930 5678 2049 5719 mo-

442 5758 580 5815 dum
611 5776 625 5813 :
660 5756 828 5814 Tarde
854 5755 981 5813 mihi
1008 5755 1102 5814 hos
1136 5757 1490 5830 impiissimos,
1519 5764 1767 5827 quantum
1793 5772 1887 5828 ego
1913 5755 2051 5813 urbis

2138 4639 2426 4706 scrupulus
2448 4680 2460 4701 ,
2501 4652 2659 4708 quem
2706 4635 3065 4691 Cassiodorus
3092 4635 3159 4690 de
3193 4635 3313 4688 Div.
3346 4634 3517 4689 instit.
3552 4648 3602 4685 ε.
3635 4631 3738 4696 t6,

2141 4732 2332 4802 injicit,
2366 4730 2455 4785 ubi
2507 4728 2767 4784 tredecim
2801 4729 2987 4783 Hilarii
3034 4728 3102 4782 dc
3148 4726 3412 4781 Trinitate
3452 4724 3620 4779 libros
3651 4736 3741 4778 re-

2142 4832 2353 4878 censet.
2396 4821 2508 4877 Nec
2560 4836 2661 4876 uos
2700 4821 2900 4875 diutius
2937 4821 3197 4874 distinere
3236 4818 3399 4873 debet
3440 4816 3563 4872 libri
3592 4814 3737 4872 illius

2142 4915 2335 4970 decimi
2373 4913 2517 4969 tertii
2563 4912 2857 4983 inquisitio.
2905 4909 3059 4965 Haud
3097 4910 3262 4964 dubie
3303 4908 3446 4963 enim
3491 4908 3643 4963 libris
3672 4908 3745 4963 de

2151 5007 2411 5062 'l‘rinitate
2437 5004 2680 5076 adiungit
2703 5003 2900 5057 librum
2926 5002 2994 5057 de
3016 5001 3272 5072 Synodis,
3298 5001 3390 5071 qui
3409 5002 3461 5056 in
3484 5014 3587 5055 ms.
3618 4997 3753 5055 Col-

2148 5101 2363 5156 bertino
2391 5098 2460 5154 ab
2480 5098 2635 5152 anuis
2667 5103 2724 5151 ut
2747 5096 3029 5151 minimum
3063 5094 3211 5151 mille
3240 5103 3500 5159 exarata,
3532 5106 3751 5148 necnon:

2150 5195 2203 5249 in
2235 5192 2590 5249 Gcrmanensi
2633 5200 2687 5246 et
2727 5190 2896 5245 altero
2938 5187 3258 5245 Colbertino
3296 5186 3568 5258 praedictis
3595 5185 3753 5240 libris

2153 5288 2431 5345 colunrcns
2457 5286 2610 5340 Liber
2638 5302 2735 5340 xm
2764 5285 3097 5340 inscribitur.

2220 5378 2466 5437 XXXVI.
2513 5377 2735 5433 Illorum
2762 5378 2928 5448 stylns
2952 5418 2966 5443 ,
2994 5376 3079 5446 qui
3111 5390 3237 5442 cum.
3258 5371 3404 5427 libris
3437 5368 3752 5438 Quintiliani

2149 5474 2453 5528 consentiat.
2492 5501 2563 5511 —
2607 5470 2874 5525 (laterum
2912 5469 3143 5524 Hilarius
3194 5468 3312 5536 ipse
3357 5466 3412 5521 in
3465 5464 3755 5520 duodecim

2152 5577 2352 5623 tantum
2380 5567 2545 5621 libros
2568 5575 2736 5619 totum
2782 5579 2917 5635 opus
2947 5579 3101 5617 suum
3129 5561 3424 5626 distribuit,
3449 5569 3502 5615 et
3529 5558 3598 5613 ab
3628 5552 3754 5611 ilic-

2151 5676 2383 5731 ronymo
2400 5661 2557 5730 epist.
2590 5676 2795 5715 Lxxxn'
2824 5657 2889 5713 ad
2915 5659 3160 5730 Magnum
3186 5664 3407 5729 propter
3441 5654 3585 5708 hunc
3613 5664 3756 5723 pra:-

2160 5757 2349 5814 sertim
2382 5753 2775 5811 duodenarium
2807 5767 3093 5809 numerum
3130 5758 3460 5810 memoratur
3490 5742 3720 5800 duoded’
3746 5750 3751 5751 ’
