4118 6186
412 187 484 244 Ξδ
1630 184 1874 243 SANCT-I
1902 181 2154 243 HILARII
2182 184 2487 244 EPISCOPI
3643 187 3714 245 ιιι

415 298 725 365 Quintiliani
765 298 924 356 libros
962 301 1098 371 ston
1146 300 1373 355 imitatus
1399 315 1506 355 esse
1545 308 1592 354 et
1628 316 1862 355 numero.
1908 300 2018 355 Ex-
2047 303 2098 362 Α
2126 315 2285 372 posse
2309 343 2324 368 ,
2355 300 2498 371 quod
2525 300 2592 356 ab
2634 300 2835 356 Hilario
2866 300 3086 356 minime
3111 301 3411 372 praestitum
3440 311 3544 356 est.
3596 300 3715 357 Alia

417 405 576 463 cepta
618 391 762 447 enim
806 390 1039 462 quadam
1089 389 1402 447 subtilitatis
1457 389 1837 459 an‘eetatione,
1893 408 2017 462 quae

412 483 744 554 Quintiliano
778 484 1010 554 quodam
1059 483 1219 538 modo
1251 483 1541 553 peculiaris
1566 493 1649 539 est
1672 526 1687 552 ,
1719 483 1911 539 horum
1946 484 2014 538 li»

421 576 641 631 brorum
674 576 871 648 stylum
902 575 1104 632 eruditi
1131 575 1374 645 judicant
1408 591 1516 630 non
1558 575 1861 631 absimilem
1891 590 2016 632 esse

421 670 756 740 Quintiliani.
786 671 1119 740 Quamquam
1153 678 1209 723 ιιι
1235 669 1569 738 Quintiliano
1589 668 1893 725 allectatam
1918 669 2016 725 de-

413 781 535 821 mus
558 766 700 821 illam
729 764 1103 829 subtilitatem,
1134 763 1338 818 Hilario
1370 772 1547 819 tamen
1570 779 1635 819 ex
1670 763 1900 818 naturali
1932 763 2010 817 in-

413 858 555 929 genii
576 857 843 923 acumine,
870 873 974 911 non
1001 872 1068 912 ex
1098 855 1438 911 affectatione
1457 852 1754 927 proiectam
1778 856 2008 911 arbitra-

415 965 558 1005 mur.
598 948 785 1020 Neque
814 948 976 1005 debet
1000 948 1203 1004 oﬂ‘endi
1234 951 1542 1019 quisquam,
1571 948 1617 1003 si
1646 949 1713 1004 dc
1739 949 2011 1020 mysteriis

411 1042 612 1096 nostris
661 1042 939 1096 nobiscum
989 1041 1249 1109 sentiens,
1291 1040 1468 1097 verbis
1513 1040 1654 1108 aliis,
1695 1057 1853 1113 quam
1894 1042 2011 1113 qui-

411 1131 511 1187 bus
524 1132 685 1188 modo
701 1133 919 1195 utimur,
935 1133 1290 1206 cogitationes
1304 1148 1429 1189 suas
1441 1133 1729 1204 aliquando
1744 1134 2006 1189 enuntiet.

413 1223 534 1294 Ipse
566 1227 710 1281 enim
742 1226 948 1295 primus
972 1242 1002 1282 e
1029 1226 1237 1281 Latinis
1263 1235 1453 1281 contra
1486 1227 1716 1281 Arianos
1747 1227 2012 1291 scribens,

414 1332 577 1373 voces
627 1318 783 1374 nobis
824 1319 1177 1384 praescribere
1209 1318 1398 1388 potuit,
1431 1334 1536 1373 non
1575 1318 1752 1389 potuit
1792 1336 1819 1373 a
1858 1319 2014 1375 nobis

415 1413 680 1480 recipere.
730 1410 800 1467 Ut
824 1420 1003 1467 tamen
1053 1412 1106 1466 in
1153 1410 1493 1478 assequenda
1542 1411 1712 1480 ipsius
1744 1412 2011 1466 sententia

410 1503 592 1559 minus
636 1503 1046 1571 laboraremus,
1096 1504 1391 1573 prudenter
1429 1504 1571 1559 cavit
1616 1504 1862 1559 ncillam
1910 1519 2013 1558 una

2124 405 2301 450 tamen
2325 394 2408 448 via
2442 394 2713 465 provisum
2741 404 2825 450 est
2845 380 2999 466 quod
3015 395 3291 451 volebant.
3312 395 3522 466 Quippe
3545 395 3714 451 libros

2120 486 2174 541 in
2224 485 2405 556 plures
2437 501 2691 542 numeros
2734 487 2937 554 partiti,
2981 485 3164 557 paucis
3196 486 3407 553 verbis,
3454 497 3714 557 quantum

2121 594 2216 648 per
2254 579 2550 649 marginem
2585 578 2772 646 licuit,
2806 578 2984 634 conati
3029 594 3216 635 sumus
3252 580 3717 651 comprehendere

2119 670 2260 742 quod
2287 671 2340 726 in
2369 671 2435 724 iis
2463 670 2764 728 disseritur.

2192 760 2457 818 XXXVII.
2491 766 2570 817 An
2611 763 2789 819 simile
2817 763 3107 835 quidquam
3149 763 3200 818 in
3245 762 3424 819 fronte
3455 764 3719 836 cujusque

2121 855 2243 911 libri
2292 870 2754 926 prieponeremus,
2783 856 2876 911 diu
2909 856 3185 911 hmsimus.
3218 857 3350 912 Cum
3389 856 3532 912 enim
3567 858 3715 911 llila~
3794 868 3805 873 ‘

2120 948 2233 1003 rius
2260 949 2376 1018 ipse
2407 949 2459 1002 in
2504 947 2679 1018 primo
2719 948 2858 1004 libro
2894 952 3059 1003 totius
3095 949 3277 1020 operis
3320 949 3401 1004 sui
3432 948 3710 1021 synopsim

2119 1038 2354 1094 ediderit
2378 1080 2392 1106 ,
2419 1054 2621 1109 auceps
2667 1048 2786 1095 erat
2813 1055 2878 1095 ac
2903 1039 3100 1094 dubius
3125 1040 3357 1107 animus,
3389 1058 3454 1094 an
3478 1041 3547 1096 de
3586 1055 3712 1096 nos-

2118 1140 2200 1185 tro
2227 1145 2419 1186 novam
2449 1131 2681 1202 aliquam
2698 1132 2896 1203 cuique
2921 1130 3337 1202 prmpouendam
3364 1130 3711 1200 cuderemus,

2119 1240 2184 1279 an
2211 1226 2390 1296 potius
2411 1240 2477 1280 ex
2508 1225 2680 1295 primo
2706 1235 3094 1295 repeteremus,
3117 1225 3260 1296 quod
3278 1224 3345 1279 ad
3368 1239 3719 1296 unumquem-

2119 1334 2224 1390 que
2252 1318 2505 1389 pertinet,
2534 1325 2627 1373 aut
2651 1319 2811 1373 etiam
2839 1334 2905 1373 eo
2931 1319 3271 1374 mitteremus
3297 1319 3576 1382 lectorem,
3611 1316 3749 1389 quo'

2119 1413 2429 1465 summatim
2451 1411 2812 1481 conspiceret,
2838 1411 2981 1481 quod
3012 1413 3062 1466 in
3093 1426 3419 1481 unoquoque
3444 1412 3719 1482 copiosius

2120 1502 2447 1573 disputatur,
2480 1518 2548 1557 an
2591 1502 2827 1573 denique
2867 1504 2998 1558 satis
3041 1503 3364 1559 haberemus
3409 1503 3720 1559 describere

411 1597 626 1650 ratione
672 1593 994 1664 explicaret.
1047 1594 1183 1649 Hinc
1232 1610 1364 1650 sane
1410 1610 1518 1650 non
1573 1595 1640 1649 ad
1670 1610 1860 1651 vanam
1901 1596 2011 1652 elo-
2040 1581 2091 1677 ί)
2122 1597 2303 1653 brevia
2342 1598 2589 1668 qua-dam
2634 1608 2975 1668 argumenta,
3024 1614 3146 1668 qua:
3198 1599 3264 1653 ad
3308 1599 3530 1654 limbum
3575 1614 3709 1654 mss.

409 1688 644 1757 quentiae
675 1688 1095 1742 ostentationem
1130 1695 1250 1741 nata
1281 1694 1364 1742 cst
1393 1701 1455 1741 ea
1482 1703 1586 1758 qua
1619 1688 1785 1743 utitur
1814 1687 2008 1745 verbo-

410 1793 531 1834 rum
571 1778 727 1849 copia
754 1796 767 1831 :
801 1778 1056 1833 nimirum
1084 1793 1207 1833 cum
1247 1776 1317 1833 de
1345 1777 1455 1834 Deo
1484 1778 2015 1849 magniﬁcentissime

412 1869 685 1937 sentiret,
737 1868 900 1924 nullis
960 1883 1214 1939 umquam
1274 1868 1453 1925 verbis
1505 1869 1638 1925 satis
1680 1869 2017 1940 expressisse

416 1962 763 2020 existimabat.
785 1962 928 2032 quod
957 1962 1205 2018 sentiret.
1234 1961 1313 2017 lla
1337 1971 1514 2017 tamen
1548 1977 1729 2016 sermo
1758 1961 1907 2016 fusus
1933 1970 2018 2017 est

413 2058 469 2112 in
500 2056 703 2124 verbis,
737 2065 794 2110 ut
822 2054 1027 2111 densus
1055 2055 1125 2110 sit
1156 2054 1209 2110 iu
1238 2053 1543 2110 sententiis.
1582 2050 1655 2109 Ut
1680 2053 1821 2110 enim
1854 2062 2013 2108 nota-

417 2152 496 2207 vit
543 2149 910 2222 Augustinus,
957 2148 1206 2204 brevitati
1259 2146 1464 2203 studuit
1510 2145 1668 2219 (Aug.
1715 2145 1804 2200 lib.
1841 2162 1895 2200 vr
1953 2146 2018 2201 de

416 2242 592 2310 Trin.,
620 2258 739 2312 cap.
792 2238 902 2313 IO).
928 2239 1111 2310 Longe
1140 2246 1324 2295 autem
1367 2236 1536 2309 magis
1579 2236 1780 2293 studuit
1812 2236 2013 2293 ordini.

412 2334 533 2402 Quo
561 2336 805 2404 inspecto
840 2329 1305 2395 nonnullieruditi
1325 2328 1485 2386 facile
1515 2327 1657 2385 factu
1682 2328 2013 2400 jndicarunt,

411 2438 473 2484 ut
498 2428 692 2500 singuli
719 2426 841 2483 libri
882 2427 936 2481 in
965 2426 1181 2482 diversa
1209 2424 1384 2495 capita
1409 2422 1868 2479 distribuerentur
1886 2464 1902 2490 ,
1934 2421 2017 2477 id-

411 2534 516 2591 que
544 2520 734 2574 lectori
761 2516 1110 2574 commodum
1158 2514 1314 2582 fore,
1353 2515 1400 2570 si
1444 2513 1640 2586 cuique
1668 2513 1833 2584 capiti
1860 2528 2018 2569 sum-

416 2613 602 2669 matim
651 2621 1013 2682 prtenotatum
1061 2609 1289 2665 haberet
1333 2607 1476 2678 quod
1522 2608 1576 2664 in
1617 2622 1685 2663 eo
1728 2615 2010 2663 tractatur.

421 2704 568 2761 Nihil
615 2701 993 2776 negligendum
1022 2700 1129 2757 rati
1166 2700 1314 2756 unde
1340 2699 1563 2755 lectoris
1588 2698 1743 2754 labor
1768 2698 2020 2754 subleva-

411 2805 585 2865 retur,
631 2796 736 2853 boc
763 2810 871 2852 non
913 2794 1231 2864 reliquimus
1258 2794 1577 2849 intentatum
1610 2808 1624 2845 :
1666 2791 1760 2847 sed
1805 2793 2015 2862 experti

410 2906 601 2948 sumus
629 2905 738 2948 non
781 2890 900 2946 sine
926 2888 1110 2960 aliqua
1146 2885 1468 2943 confusione
1494 2885 1740 2957 praestari
1784 2900 1816 2941 a
1859 2885 2017 2942 nobis

425 3014 2128 3041 —-—-———————————~—I—-—I——I

751 3113 1143 3191 SUMMA
1182 3110 1757 3187 LIBROBUM
1803 3109 2507 3199 SEQUENTIUM
2547 3113 2614 3183 E
2654 3111 3082 3186 DUOBUS
3131 3112 3383 3188 MSS.

485 3360 529 3416 Ι.
556 3358 734 3425 Liber,
756 3358 846 3423 qui
867 3358 1025 3413 totius
1054 3358 1224 3429 operis
1246 3365 1318 3412 est
1347 3352 1505 3412 veluti
1525 3355 1829 3430 prooemium
1872 3354 2016 3415 solus

417 3455 474 3510 in
497 3454 758 3528 prtedictis
784 3468 911 3507 mss.
943 3453 1166 3523 epitome
1188 3460 1346 3506 caret.

486 3545 552 3601 ll.
589 3544 754 3600 Omne
802 3552 1184 3599 sacramentum
1218 3543 1407 3598 divina:
1434 3544 1780 3615 generationis
1821 3543 2017 3609 edocet,

414 3637 794 3692 absolutissima
820 3637 1178 3690 demonstrans
1202 3644 1252 3689 et
1280 3633 1549 3690 Trinitatis
1576 3646 1620 3689 et
1643 3636 1909 3689 nominum
1934 3652 2016 3689 ves

412 3730 660 3794 ritatem;
705 3729 777 3781 ita
824 3736 879 3782 ut
922 3744 1084 3799 neque
1135 3743 1243 3781 non
1281 3728 1397 3799 ipsa
1431 3728 1497 3781 sit
1536 3729 1721 3782 vetitas
1772 3729 2014 3794 nominis,

414 3839 576 3894 neque
598 3837 701 3877 non
727 3836 912 3875 nomen
940 3821 1007 3873 sit
1031 3819 1280 3874 veritatis.

486 3915 573 3971 III.
619 3914 833 3970 Omnem
876 3914 1237 3986 difﬁcultatem
1287 3913 1436 3980 dicti,
1482 3929 1581 3986 quo
1630 3913 1882 3969 Dontinus
1922 3917 2015 3983 ait,

415 4010 531 4082 Ego
570 4011 622 4065 in
657 4011 838 4071 Patre,
865 4006 931 4064 et’
956 4008 1117 4064 Pater
1143 4009 1197 4063 in
1229 4024 1339 4073 me,
1363 4007 1539 4061 multis
1564 4009 1813 4079 exemplis
1843 4008 1912 4062 ad
1937 4010 2020 4064 in-

417 4103 714 4174 telligentiae
747 4102 903 4173 ﬁdem
941 4111 1180 4167 coaptat:
1207 4102 1281 4156 ita
1307 4111 1361 4155 ut
1394 4117 1558 4172 neque
1585 4118 1687 4155 non
1708 4102 2019 4158 credendum

415 4195 479 4250 de
517 4211 573 4250 se
603 4194 711 4249 Deo
738 4195 841 4260 sit;
868 4210 1028 4264 neque
1066 4192 1404 4262 opinandum,
1430 4203 1574 4247 extra
1617 4194 1867 4249 rationem
1895 4194 2019 4263 ﬁdei

413 4303 524 4344 esse
547 4286 941 4357 intelligentiam
976 4286 1262 4356 potestatis.

2118 1687 2463 1746 Corbeiensis
2486 1698 2542 1746 et
2566 1689 2918 1746 Pratellensis
2946 1692 3014 1745 ab
3033 1692 3249 1761 antiqua
3274 1706 3434 1746 manu
3462 1692 3515 1745 in
3537 1689 3717 1747 fronte

2118 1780 2382 1851 cujusque
2406 1780 2530 1837 libri
2557 1781 2828 1851 proposita
2854 1789 3001 1836 sunt.
3033 1781 3139 1838 Sed
3172 1782 3288 1838 haec
3316 1782 3563 1839 breviora
3594 1789 3719 1836 sunt

2118 1873 2254 1938 visa,
2304 1888 2467 1942 quam
2528 1882 2585 1927 ut
2631 1871 2995 1928 sufficientem
3061 1873 3413 1931 dicendorum
3474 1872 3715 1929 notitiam

2120 1980 2311 2036 parere
2336 1965 2599 2021 valerent.
2648 1965 2922 2021 Hilariana
2952 1976 3133 2023 autem
3181 1969 3432 2039 synopsis
3466 1968 3707 2039 plerum-

2119 2072 2224 2128 que
2243 2066 2329 2112 est
2360 2058 2656 2126 prolixior:
2694 2068 2752 2113 et
2774 2058 2870 2128 qui
2897 2059 3041 2114 illius
3078 2060 3330 2131 loquendi
3368 2060 3541 2117 modis
3573 2077 3714 2117 non-

2120 2149 2248 2205 dum
2298 2150 2431 2205 satis
2467 2150 2753 2206 assuefacti
2797 2162 2945 2219 sunt,
2975 2151 3352 2209 desiderarent
3382 2152 3611 2209 fortasse
3651 2162 3713 2209 ut

2120 2241 2538 2312 simplicioribus
2586 2242 2951 2299 locationibus
2988 2245 3231 2313 exposita
3284 2244 3546 2316 cujusque
3594 2246 3718 2301 libri

2117 2350 2329 2392 summa
2356 2336 2423 2390 ad
2447 2335 2706 2391 Hilariaui
2736 2338 3004 2393 sermonis
3031 2337 3446 2410 intelligentiam
3474 2340 3559 2395 via
3585 2341 3718 2411 ipsis

2118 2436 2475 2484 sterneretur.
2507 2427 2690 2499 Neque
2730 2428 2872 2484 hunc
2895 2429 2949 2483 in
2979 2430 3136 2486 nobis
3174 2431 3414 2487 laborem
3446 2433 3721 2503 suscipere

2118 2521 2334 2593 gravati
2369 2534 2577 2576 sumus.
2611 2519 2686 2577 At
2733 2536 2802 2576 ne
2824 2521 3116 2592 quidquam
3155 2538 3222 2579 ex
3250 2533 3496 2581 veterum
3528 2527 3722 2581 studiis

2122 2624 2327 2686 pereat,
2355 2623 2672 2685 argumenta
2694 2629 2816 2684 qua:
2837 2612 2889 2669 in
2914 2628 3046 2670 mss.
3070 2613 3422 2673 Corbeiensis
3442 2625 3496 2672 et
3514 2616 3723 2673 Pratel-

2122 2707 2292 2763 lensis
2320 2705 2547 2777 singulis
2577 2705 2750 2772 libris,
2785 2706 2963 2776 primo
2991 2716 3199 2763 tantum
3223 2717 3473 2779 excepto,
3499 2709 3719 2781 praefixa

2118 2810 2263 2869 sunt,
2288 2800 2375 2856 hic
2399 2801 2454 2856 in
2480 2815 2645 2857 unum
2672 2799 2867 2857 collata
2894 2801 3235 2858 exhibemus.

2501 3015 2527 3036 ..ι

3140 3014 3708 3040 —~——-——-—.

2128 3369 2244 3408 cum
2265 3352 2522 3407 damnatis
2552 3353 2807 3408 hwreticis
2833 3353 3112 3425 quidquam
3141 3354 3390 3423 patiatur,
3405 3371 3497 3410 nec
3527 3354 3723 3414 Filium

2127 3443 2227 3500 Dei
2254 3445 2536 3500 secundum
2568 3453 2615 3499 et
2638 3443 2815 3499 Patris
2856 3445 3220 3512 testimonium,
3253 3456 3300 3501 et
3342 3462 3489 3501 suam
3516 3451 3722 3521 profes-

2126 3539 2319 3592 sionem
2343 3537 2685 3609 ignorandum
2713 3553 2820 3592 esse
2847 3538 3087 3607 cuiquam
3112 3540 3386 3610 permittat.

2196 3628 2310 3684 VII.
2345 3627 2536 3684 Contra
2567 3628 2850 3686 Sabellium
2889 3639 2937 3683 et
2964 3629 3246 3684 Hebionem
3276 3631 3442 3686 ethos
3480 3648 3582 3688 non
3615 3635 3723 3688 veri

2127 3721 2224 3774 Dei
2245 3720 2610 3790 prmdicatores
2636 3721 2987 3792 congreditur,
3013 3739 3235 3793 quorum
3270 3724 3404 3779 inter
3424 3740 3477 3778 se
3496 3726 3722 3782 diversas

2120 3812 2354 3884 perﬁdia:
2381 3813 2685 3880 quaestiones
2716 3814 3046 3883 conferendo,
3079 3825 3326 3886 quantum
3355 3818 3554 3873 intersit
3590 3820 3721 3873 inter

2122 3920 2301 3958 sanam
2336 3914 2381 3959 et
2409 3904 2756 3959 inviolabilem
2784 3906 2907 3976 ﬁdti
2934 3916 3120 3962 nostra:
3140 3908 3425 3963 doctrinam
3453 3910 3723 3966 absolutis-

2121 3997 2248 4052 siute
2282 3999 2615 4053 demonstrat.
2652 3997 2741 4053 Sic
2766 4015 2982 4069 namque
3010 4015 3194 4054 causas
3221 4001 3540 4073 singulorum
3562 4020 3718 4075 gene-

2121 4109 2238 4146 rum
2281 4107 2348 4147 ea:
2377 4091 2671 4165 Evangeliis
2710 4102 2975 4166 excerptas
3016 4095 3362 4165 prosequitur,
3388 4105 3444 4150 ut
3473 4112 3564 4151 nec
3594 4113 3718 4167 pro-

2127 4186 2283 4255 fessio
2301 4196 2479 4239 nostra
2520 4187 2735 4240 tacuerit
2756 4184 2849 4240 Dei
2881 4185 3008 4242 Filii
3031 4198 3351 4260 potestatem,
3382 4207 3472 4245 nec
3501 4202 3719 4262 potestas

2126 4291 2229 4329 non
2255 4277 2536 4331 exseruerit
2562 4287 2822 4345 naturam,
2853 4294 2943 4332 nec
2968 4290 3155 4333 natura
3177 4296 3281 4335 non
3308 4297 3414 4336 sua:
3439 4282 3722 4337 nativitatis

486 4378 577 4436 IV.
605 4377 978 4433 Htcreticorum
1000 4378 1287 4432 doctrinam
1301 4377 1530 4447 exponit.
1545 4375 1768 4446 Deinde,
1788 4380 2017 4438 omnibus

2125 4366 2211 4431 sit,
2236 4382 2325 4420 nec
2355 4368 2596 4421 natiuitas
2625 4384 2727 4423 non
2755 4370 2836 4423 sui
2859 4373 2923 4424 sit
2952 4372 3195 4425 nominis.

416 4472 543 4544 legis
582 4486 646 4523 ac
689 4470 1060 4543 prophetarum
1102 4469 1401 4523 testimoniis
1446 4470 1828 4538 demonstratis,
1858 4474 2013 4542 perfi-

415 4564 554 4619 diam
581 4578 759 4618 eorum
798 4562 871 4615 ita
908 4560 1143 4627 revincit,
1171 4569 1228 4615 ut
1271 4576 1432 4614 unum
1457 4559 1623 4615 Deum
1663 4563 1773 4617 sine
1810 4561 2015 4619 Christo

413 4655 528 4714 Deo
568 4665 618 4713 et
660 4654 920 4725 confiteri,
972 4664 1019 4709 et
1056 4670 1161 4709 non
1198 4669 1314 4708 cum
1359 4669 1418 4709 eo
1451 4654 1739 4725 prazdicare
1783 4657 2019 4728 perfidia:

409 4750 501 4806 sit.
1144 4792 1148 4797 .

489 4840 556 4898 ν.
600 4839 794 4897 Contra
821 4855 998 4895 omnes
1034 4837 1393 4894 haereticorum
1421 4839 1764 4909 professiones
1802 4855 2014 4913 congre-

413 4935 576 5000 ditur,
598 4933 781 5005 quibus
808 4950 968 4988 ttnum
998 4933 1161 4988 Deum
1181 4933 1463 4988 secundum
1483 4933 1664 5007 legem,
1689 4933 1757 4987 ad
1781 4935 2013 4988 adimen-

414 5028 538 5082 dam
586 5024 808 5080 Domino
849 5022 1055 5079 Christo
1085 5025 1423 5088 natiuitatem,
1456 5034 1505 5079 et
1546 5026 1923 5098 proferentibus
1966 5036 2012 5081 et

413 5116 813 5192 praedicantibus
865 5116 941 5170 ita
981 5115 1273 5186 respondet,
1329 5125 1386 5171 ut
1432 5132 1537 5171 uno
1574 5132 1693 5171 vero
1727 5115 1825 5172 Dei
1868 5126 2014 5188 patre

416 5226 481 5266 ex
509 5211 618 5285 lege
658 5218 705 5264 et
729 5206 992 5283 prophetis
1027 5207 1313 5278 praedicata
1349 5217 1396 5262 et
1425 5209 1554 5278 ﬁdes
1588 5210 1743 5265 unius
1762 5207 1862 5265 Dei
1900 5228 2012 5266 ma-

414 5312 533 5356 neat
563 5302 882 5372 incorrupta,
917 5308 963 5355 et
992 5316 1093 5353 non
1120 5308 1329 5370 negetur
1355 5300 1616 5355 nativitas.

490 5393 575 5448 VI.
610 5391 797 5449 Omnes
833 5393 1021 5463 impias
1042 5401 1089 5449 et
1111 5392 1469 5461 fraudulentas
1482 5392 2016 5449 luereticorumasser-

415 5486 600 5550 tiones,
641 5483 895 5540 Valentini
936 5484 1151 5551 scilicet,
1177 5494 1224 5540 et
1253 5483 1491 5553 Sabellii,
1534 5496 1585 5540 et
1635 5483 1913 5541 Manichaei
1968 5495 2016 5540 et

418 5575 723 5633 Hierarchat
753 5578 1070 5648 apertissime
1123 5577 1323 5648 pandit.
1371 5578 1464 5634 Sic
1510 5579 1646 5632 enim
1698 5578 2016 5649 singulorum

413 5670 660 5742 correptis
685 5669 740 5723 in
755 5668 937 5724 melius
959 5668 1121 5724 verbis
1147 5669 1392 5735 occurrit,
1418 5678 1589 5724 utnec
1616 5684 1886 5726 commune
1906 5686 2014 5727 esss

2194 4459 2332 4517 VIII.
2370 4458 2536 4517 Totus
2557 4462 2608 4516 in
2635 4463 2792 4517 unius
2817 4462 2911 4519 Dei
2951 4464 3432 4523 demonstrationem
3485 4471 3720 4525 detentus

2123 4562 2218 4616 est,
2247 4569 2363 4607 non.
2391 4558 2626 4622 auferens
2650 4551 2794 4609 Filio
2820 4555 2914 4611 Dei
2937 4558 3271 4626 nativitatem,
3297 4560 3387 4616 sed
3428 4578 3587 4632 neque
3631 4581 3719 4634 per

2123 4661 2234 4699 eam
2261 4645 2423 4700 duum
2443 4647 2653 4701 deorum
2675 4648 2990 4703 divinitatem
3010 4651 3358 4708 introducens.
3385 4651 3585 4710 Deinde
3604 4658 3713 4725 qui-

2125 4740 2217 4795 bus
2244 4740 2408 4795 ntodis
2459 4741 2686 4796 lueretici
2735 4743 2996 4798 ueritatem
3018 4743 3115 4799 Dei
3141 4743 3319 4800 Patris
3366 4757 3414 4802 et
3446 4746 3547 4805 Dei
3565 4746 3715 4817 Filii,

2125 4833 2246 4902 quia
2268 4849 2455 4906 negare
2478 4851 2579 4905 non
2610 4844 2848 4905 possunt,
2879 4834 3083 4890 eludere
3110 4836 3366 4901 nitantur,
3396 4840 3593 4897 edocet.
3627 4843 3718 4901 Sic

2120 4926 2275 4979 etiam
2300 4937 2484 4980 caetera
2506 4929 2847 4995 prosequitur,
2877 4937 2935 4980 ut
2960 4938 3007 4984 et
3043 4929 3095 4981 in
3116 4926 3275 4983 Patre
3292 4929 3461 4987 Filius
3486 4934 3718 4992 intellec-

2121 5026 2223 5087 tus,
2255 5027 2300 5074 et
2343 5018 2500 5074 Pater
2546 5021 2601 5074 in
2642 5019 2781 5074 Filio
2809 5020 3069 5093 cognitus,
3114 5021 3361 5094 unigeniti
3392 5025 3484 5082 Dei
3532 5031 3715 5083 natiui-

2119 5120 2199 5166 tas
2237 5119 2286 5165 et
2317 5114 2543 5182 perfecta
2570 5110 2697 5184 (Ms.
2727 5111 2892 5166 Corb.
2951 5115 3185 5181 perfecti.
3216 5113 3436 5173 Confer.
3481 5119 3705 5177 Brevia-

2118 5205 2258 5257 rium
2293 5202 2480 5258 Hilarii
2511 5202 2604 5258 lib.
2638 5202 2680 5273 ι)
2731 5203 2784 5257 in
2807 5218 2865 5258 eo
2894 5204 3058 5261 deitas
3098 5207 3152 5263 in
3194 5211 3334 5264 omni
3360 5211 3715 5280 manifestetur

2115 5298 2342 5352 veritate.

2188 5390 2283 5446 1X.
2335 5389 2400 5444 In
2447 5390 2756 5460 repellendis
2820 5392 3178 5450 htereticorum
3236 5396 3508 5465 fraudibus
3578 5409 3713 5457 totus

2116 5485 2343 5556 digestus
2373 5494 2484 5539 est:
2522 5485 2707 5555 quibus
2747 5496 2991 5557 corrupto
3034 5487 3408 5561 depravatoque
3450 5509 3602 5548 sensu
3649 5511 3714 5550 ea:

2117 5580 2373 5632 dictorum
2413 5577 2785 5633 dominicorum
2815 5579 3215 5650 professionibus
3250 5581 3319 5635 ad
3348 5583 3711 5653 infirmandam

2117 5669 2367 5741 unigeniti
2396 5666 2496 5725 Dei
2521 5670 2834 5724 divinitatem
2853 5670 3202 5728 resistentibus
3229 5672 3305 5729 ita
3331 5676 3623 5746 respondet,
3652 5690 3710 5734 ut
