4118 6186
392 253 474 311 23

1549 252 1639 310 DF.
1677 250 2075 321 TRINITATE,
2119 251 2318 310 LIBER
2351 251 2624 310 PRIMUS.

3638 250 3709 309 36

399 369 640 423 omnibus
683 367 942 423 dictorum
965 367 1135 423 causis
1171 384 1235 423 ea:
1262 367 1342 422 his
1393 369 1518 440 ipsis
1542 370 1619 424 vel
1644 369 2001 441 interrogatio-
2035 376 2081 433 Λ
2110 370 2407 437 apostolicis
2439 370 2741 425 testimoniis
2764 369 2939 424 edocet
2967 386 3166 439 semper
3198 369 3406 426 Patrelit
3436 380 3485 427 et
3513 386 3712 439 semper

398 481 528 518 nunt
575 463 652 518 vel
681 472 972 534 temporum
1010 464 1085 517 vel
1126 462 1567 533 dispensationum
1610 464 1881 533 generibus
1911 463 1999 517 de-

400 556 731 621 monstratis,
772 572 875 608 non
904 556 1151 626 pertineat
1177 555 1247 609 ad
1283 555 1643 609 contumeliam
1663 571 1793 610 vera:
1821 555 2003 609 divini-

402 652 551 717 tatis,
581 650 718 720 quod
746 659 1123 704 sacramentum
1147 648 1271 720 ﬁdei
1300 649 1603 721 evangelica:
1627 649 1718 702 sub
1740 648 2008 717 dispensa-

402 746 548 797 tione
570 751 618 796 et
645 741 891 813 temporis
922 752 968 796 et
998 741 1280 795 nativitatis
1299 752 1343 794 et
1374 741 1593 795 nominis
1619 741 1947 811 prcedicatur.

480 834 551 890 Χ.
590 834 840 888 Universa
862 850 978 903 qua:
1000 851 1089 906 per
1115 835 1289 890 stulta:
1326 834 1681 906 intelligentitz
1704 852 1907 890 sensum
1940 835 2008 889 ad

407 929 775 985 contumeliam
811 928 1001 983 divina:
1036 928 1093 982 in
1134 926 1358 982 Domino
1396 927 1525 982 Jesu
1569 926 1774 983 Christo
1812 938 2011 984 naturte

405 1023 711 1093 virtutisque
754 1022 985 1077 hwretici
1026 1032 1333 1094 rapuerunt,
1360 1022 1663 1092 impiissime
1691 1022 1753 1075 ab
1772 1023 1837 1077 iis
1858 1024 2012 1079 intel-

407 1113 547 1168 lecta
567 1130 672 1168 esse
700 1114 1035 1178 demonstrat,
1060 1114 1324 1185 magisque
1352 1131 1386 1168 a
1416 1113 1640 1168 Domino
1667 1115 1734 1168 ad
1762 1125 2013 1185 protesta-

407 1205 602 1259 tionem
629 1221 757 1260 verae
778 1216 826 1259 et
847 1210 1086 1277 perfecta:
1109 1207 1164 1259 in
1193 1223 1247 1260 se
1274 1207 1555 1279 majestatis
1582 1224 1687 1262 esse
1706 1219 2007 1277 memorata,

406 1299 542 1352 nihil
585 1300 738 1353 etiam
786 1300 1166 1371 inexploratum
1192 1309 1282 1355 aut
1314 1302 1545 1364 tacitum,
1578 1302 1715 1370 quod
1742 1304 1809 1357 ad
1837 1318 2013 1358 sacra-

406 1402 643 1446 mentum
679 1393 863 1447 animae
881 1394 1214 1466 corporisque
1238 1392 1451 1448 Domini
1483 1394 1519 1448 J
1523 1412 1609 1451 esu
1639 1393 1833 1451 Christi
1858 1399 2014 1466 perti-

407 1496 496 1541 net
550 1486 927 1556 derelinquens,
971 1487 1061 1541 sed
1118 1488 1270 1557 ﬁdem
1331 1489 1589 1543 dictorum
1662 1491 2011 1546 universorum

410 1582 653 1636 absoluta
681 1581 957 1653 evangelici
995 1583 1225 1652 mysterii
1253 1583 1617 1655 pradicatione
1643 1584 1935 1655 conﬁrmat.

485 1670 577 1726 XI.
608 1670 844 1725 Primum
887 1688 956 1727 ετ
993 1672 1145 1727 dictis
1188 1674 1487 1747 apostolicis
1529 1678 1862 1739 demonstrat.
1910 1693 2012 1732 non

2110 462 2324 526 Filium,
2359 473 2407 517 et
2453 479 2554 517 non
2597 473 2710 533 post
2754 463 2928 533 aliqua
2975 463 3143 519 Deum
3185 465 3433 531 omnium,
3479 465 3568 518 sed
3607 478 3716 518 esse

2107 565 2225 610 ante
2251 556 2422 610 omnia
2446 573 2460 609 :
2506 556 2579 610 sic
2606 571 2722 610 vero
2770 567 2946 610 natum
2974 572 3087 611 esse
3112 553 3331 621 Filium,
3364 566 3420 611 ut
3442 567 3488 611 et
3515 571 3716 629 seraper

2109 652 2273 722 fuisse
2334 650 2647 721 manifestet,
2696 659 2743 705 et
2808 652 2872 705 sit
2925 652 2978 705 in
3027 668 3087 706 eo
3146 668 3247 707 non
3296 651 3713 706 innascibilitatis

2110 744 2359 814 exceptio,
2413 743 2502 798 sed
2554 743 2832 797 nativitatis
2881 744 3188 810 wternitas;
3241 744 3314 799 ita
3361 754 3419 797 ut
3473 743 3716 798 nativitas

2112 834 2292 889 habeat
2314 843 2595 900 auctorem,
2619 844 2667 888 et
2691 850 2793 888 non
2822 845 2988 889 careat
3007 837 3183 889 aeterni
3189 844 3293 889 tate
3321 835 3584 889 divinitas.

2184 927 2299 983 XII.
2348 928 2505 983 Totus
2547 929 2616 983 ad
2664 928 2989 1000 repellendas
3020 929 3372 984 ha'reticorum
3422 930 3715 986 occasiones

2112 1022 2332 1076 intentus
2360 1031 2451 1084 est,
2479 1021 2683 1093 quibus,
2712 1038 2799 1091 per
2823 1021 2876 1075 id
2900 1022 3037 1093 quod
3058 1022 3307 1093 scriptum
3333 1031 3430 1085 est,
3455 1020 3717 1077 Dominus

2113 1114 2312 1169 creavit
2335 1130 2419 1169 me
2445 1114 2655 1169 initium
2682 1114 2888 1169 viarum
2920 1129 3158 1178 suarum.
3190 1123 3369 1167 contra
3399 1112 3704 1180 dicentibus,

2117 1208 2247 1263 Erat
2272 1207 2487 1278 quando
2517 1222 2622 1262 non
2653 1216 2791 1271 erat,
2815 1215 2883 1273 et,
2914 1206 3029 1261 Non
3063 1206 3162 1261 fuit
3186 1213 3313 1260 alite
3332 1220 3493 1276 quam
3527 1218 3720 1259 nascco

2114 1313 2288 1365 retur,
2313 1311 2383 1363 et,
2417 1300 2489 1354 De
2538 1316 2644 1354 non
2677 1299 3016 1355 exstantibus
3048 1299 3222 1354 lactus
3252 1308 3354 1366 est,
3389 1298 3462 1352 ita
3505 1313 3720 1369 respon-

2114 1393 2219 1459 det,
2262 1403 2315 1447 ut
2345 1408 2544 1457 semper
2593 1391 2827 1459 Patrem,
2868 1408 3067 1461 semper
3123 1389 3340 1458 Filium,
3367 1399 3416 1445 et
3459 1407 3561 1444 non
3599 1400 3718 1461 post

2112 1488 2288 1557 aliqua
2340 1485 2501 1540 Deum
2529 1485 2777 1546 omnium.
2806 1486 2897 1539 sed
2937 1497 3057 1540 ante
3082 1486 3254 1539 omnia
3278 1500 3386 1539 esse
3412 1484 3594 1539 doceat
3623 1501 3642 1540 :
3673 1495 3720 1540 et

2116 1582 2188 1634 ita
2236 1596 2435 1650 semper
2464 1579 2620 1649 fuisse
2650 1577 2871 1644 Filium,
2917 1588 2973 1632 ut
3017 1589 3064 1633 et
3095 1588 3272 1632 natum
3315 1594 3423 1632 esse
3450 1579 3717 1649 praedicet,

2116 1684 2161 1729 et
2184 1690 2383 1744 semper
2406 1675 2563 1745 fuisse
2591 1673 2902 1743 manifestet,
2936 1682 2988 1725 ut
3014 1672 3066 1725 in
3096 1687 3155 1725 eo
3177 1687 3280 1724 non
3306 1668 3721 1725 innascibilitatis

407 1767 568 1821 modo
621 1783 722 1821 non
763 1766 831 1821 ad
894 1767 1182 1823 divinitatis
1231 1769 1581 1839 inﬁrmitatem
1646 1771 2010 1843 subjectionem
2040 1775 2088 1835 B
2115 1770 2267 1839 (mss.
2294 1768 2672 1831 nascibilitatis,
2704 1765 2866 1830 male,
2903 1766 2980 1818 uti
3015 1765 3231 1833 planum
3260 1772 3344 1817 est
3369 1778 3437 1817 ex
3472 1762 3565 1817 lib.
3596 1778 3636 1830 ι,
3663 1780 3717 1817 n.

407 1858 679 1929 proﬁcere,
705 1860 794 1913 sed
823 1875 914 1930 per
936 1875 1049 1913 eam
1074 1861 1261 1930 ipsam,
1290 1863 1551 1916 veritatem
1584 1861 1678 1916 Dei
1706 1864 1791 1932 qui
1814 1879 1878 1917 ex
1898 1861 2012 1917 Deo

406 1952 477 2005 sit
525 1963 678 2006 natus
715 1952 958 2005 ostendit.
996 1950 1197 2009 Deinde
1240 1954 1475 2009 omnibus
1531 1955 1838 2027 euangelicis
1867 1964 2015 2025 atque

938 2133 2018 2371 SANCTI'

2118 1859 2213 1932 5i)
2241 1862 2303 1915 sit
2324 1861 2573 1932 exceptio,
2605 1859 2695 1914 sed
2721 1859 2997 1913 nativitatis
3023 1857 3279 1913 aeternitas
3298 1874 3317 1911 :
3334 1858 3405 1911 ita
3434 1867 3488 1911 ut
3513 1867 3563 1912 et
3584 1859 3720 1912 nati-

2114 1956 2243 2008 ritas
2260 1952 2437 2007 habeat
2451 1965 2731 2020 auctorem,
2753 1962 2802 2007 et
2820 1967 2921 2004 non
2948 1959 3119 2005 careat
3147 1950 3430 2005 aternitate
3457 1950 3719 2007 divinitas.

2104 2202 3219 2365 HILARII

1429 2468 1775 2552 PICTA
1788 2458 2185 2552 VENSIS
2236 2466 2772 2551 EPISCOPI

1213 2649 1510 2790 DE
1665 2641 2948 2792 TRINITATE

1600 2869 1897 2942 LIBRI
1939 2858 2553 2941 DUODECIM.

1697 2980 1935 3045 (ctacrrn
1958 2997 2038 3032 AN.
2067 2980 2161 3032 356
2180 2976 2450 3042 mancus.)

1416 3122 2014 3157 -——--—-—-—"—"'—;

1350 3140 1410 3155 ἔ

923 3251 968 3321 ι
992 3244 1194 3303 LIBER
1237 3242 1515 3301 ramos.

410 3387 481 3443 In
513 3403 619 3459 quo
657 3383 912 3452 Hilarius,
941 3383 1120 3454 positis
1149 3380 1576 3451 philosophorum
1605 3376 1668 3431 de
1704 3374 2021 3431 beatitudine

486 3499 551 3535 ac
591 3479 656 3532 de
681 3478 786 3533 Deo
807 3479 1090 3537 sententiis.
1122 3493 1148 3529 e
1176 3474 1465 3540 Scripturis
1492 3482 1597 3527 tum
1620 3470 1889 3533 veteribus,
1912 3480 2020 3524 tum

486 3574 720 3630 maxime
746 3589 810 3627 ea:
836 3570 1059 3625 Joannis
1095 3570 1372 3639 Evangelia
1399 3569 1643 3623 veriorem
1663 3582 1725 3619 ac
1752 3563 2020 3619 sublimio-

488 3685 597 3723 rem
632 3666 728 3720 Dei
758 3666 1010 3725 notitiam,
1045 3664 1413 3731 certioremque
1454 3658 1854 3713 immortalitatis
1882 3671 2021 3727 spem

492 3760 644 3814 nobis
673 3758 888 3826 praeberi
932 3756 1184 3811 declarat.
1220 3754 1417 3808 Deinde
1440 3769 1504 3807 ea:
1533 3761 1683 3823 parta
1733 3749 2021 3818 Scripturis

491 3854 597 3909 Dei
649 3852 942 3923 cognitione
972 3851 1203 3904 observat
1253 3863 1504 3902 summam
1534 3846 1675 3899 illius
1705 3844 2023 3907 maiestatem

490 3948 706 4003 humani
738 3945 927 4016 ingenii
956 3945 1087 3999 vires
1117 3957 1379 4015 superare,
1412 3956 1502 3994 nec
1531 3939 1714 4009 attingi
1745 3952 1892 4009 posse
1924 3934 2023 3988 nisi

487 4042 631 4113 ﬁde;
663 4040 879 4105 hincque
908 4045 1055 4091 natas
1086 4035 1323 4091 ha'reses.
1360 4031 1497 4103 quod
1549 4030 1851 4097 inﬁnitatem
1880 4026 2023 4079 illius

488 4138 633 4190 intra
661 4147 839 4185 sensus
890 4132 970 4184 sui
1016 4129 1169 4199 ﬁnem
1218 4124 1522 4180 concludere
1568 4121 1837 4177 voluerint.
1882 4117 2024 4171 Duas

489 4228 806 4299 prwsertiin,
836 4223 1084 4276 Arianam
1113 4220 1343 4273 videlicet
1370 4228 1415 4271 et
1447 4215 1815 4275 Sabellianam,
1848 4213 2023 4281 impu-

488 4320 733 4393 gnandos
781 4318 1045 4387 proponit.
1105 4312 1336 4381 Denique
1375 4328 1477 4377 quo
1521 4312 1693 4364 animo
1739 4323 1889 4362 sacra
1933 4305 2025 4360 Dei

490 4415 649 4470 verba
696 4412 796 4479 legi
823 4411 1057 4473 debeant,
1090 4424 1251 4478 quave
1278 4407 1475 4459 ratione
1502 4404 1638 4472 quod
1687 4403 1797 4470 ipse
1822 4401 1887 4454 de
1919 4399 2027 4453 Deo

491 4511 765 4565 locuturus
801 4512 876 4557 est
906 4502 1073 4571 excipi
1100 4499 1220 4555 velit
1239 4543 1252 4560 .
1284 4500 1470 4553 lectore
1498 4496 1798 4566 praemonito
1821 4536 1837 4561 ,
1867 4492 2021 4547 libro-

492 4618 613 4655 rum
641 4614 849 4653 suorum
871 4596 1102 4649 ordinem
1132 4603 1179 4647 et
1204 4597 1506 4659 argumenta
1530 4586 1818 4658 prtemittit,
1865 4585 2026 4638 hunc-

491 4710 595 4764 que
625 4689 916 4744 humillima
946 4703 1007 4740 ac
1033 4685 1137 4755 ﬁde
1161 4684 1313 4755 plena
1340 4681 1408 4735 ad
1440 4678 1607 4734 Deum
1634 4694 1781 4748 prece
1820 4675 2029 4731 conclu-

492 4786 593 4839 dit.

498 4919 550 4972 1.
579 4914 645 4970 In
674 4915 776 4969 o'io
801 4922 847 4967 et
879 4912 1137 4982 apulentia
1161 4925 1262 4964 non
1294 4917 1366 4962 est
1394 4906 1496 4962 nisi
1527 4906 1728 4961 beluina
1762 4903 1836 4978 (a)
1864 4905 2026 4975 felici-

415 5024 526 5069 tas.
559 5042 635 5052 -—
663 5005 1126 5077 Circumspicicnti
1156 5002 1287 5058 mihi
1316 5003 1590 5071 preprium
1622 5002 1869 5054 humanae
1901 4998 2027 5053 vitm

414 5126 485 5164 ac
506 5105 823 5175 religiosum
845 5100 1107 5166 ofﬁcium,
1128 5098 1268 5166 quod
1303 5096 1431 5152 vela
1453 5105 1640 5150 natura
1671 5109 1922 5157 manans,
1941 5092 2025 5148 vel

416 5216 448 5253 a
481 5195 818 5269 prudentum
853 5189 1048 5247 studiis
1094 5187 1415 5259 profectum,
1445 5185 1666 5254 dignum
1697 5183 1901 5254 aliquid
1930 5185 2031 5239 hoc

418 5305 696 5349 couce-so
725 5288 825 5343 sibi
856 5285 924 5339 ad
956 5282 1368 5353 intelligentiam
1397 5280 1591 5336 divino
1636 5294 1861 5333 inlinere
1891 5277 2031 5333 obti-

419 5393 610 5449 neret,
645 5382 806 5435 multa
828 5377 1046 5448 quidem
1069 5374 1319 5440 aderant,
1343 5389 1464 5445 qua:
1493 5371 1751 5443 opinione
1779 5370 1854 5442 (b)
1877 5385 2030 5425 com-

498 5545 584 5617 (a)
614 5542 943 5600 Constanter
971 5541 1076 5617 hoc
1101 5540 1425 5617 adjectivum
1458 5553 1655 5617 nomen
1697 5550 1819 5591 cum
1854 5550 1962 5591 uno
2019 5534 2039 5589 l

420 5609 623 5676 scribit
651 5617 816 5672 editio
843 5609 1245 5669 accuratissima
1276 5625 1435 5682 quam
1465 5609 1794 5682 recudimus.

507 5689 584 5759 (b)
606 5687 955 5759 Pervetuslus
968 5686 1137 5740 codex
1151 5678 1496 5759 Cnlbertinus
1513 5696 1633 5736 cum
1650 5678 2006 5735 Germanensi
2018 5722 2032 5748 ,

422 5755 825 5826 coturnicnione;
847 5758 1009 5823 forte,
1037 5755 1403 5811 communioni.

2044 3241 2089 3305 C
2125 3238 2272 3295 muni
2298 3239 2519 3296 efﬁcere
2548 3240 2737 3297 utilem
2769 3249 2932 3312 atque
2961 3239 3252 3310 optandam
3271 3241 3438 3294 vitam
3467 3236 3723 3295 videban-

2090 3127 2178 3142 ,—

2090 3128 2268 3164 Pa”

2124 3340 2232 3398 tur,
2289 3331 2633 3403 maximeque
2672 3347 2736 3388 ea
2810 3348 2931 3402 quae
2967 3344 3022 3388 et
3046 3348 3186 3388 nunc
3231 3340 3288 3387 et
3316 3348 3533 3402 semper
3567 3340 3723 3387 antea

2124 3426 2405 3496 potissima
2437 3427 2578 3482 inter
2609 3427 2866 3481 mortales
2900 3425 3168 3482 habentur
3192 3468 3207 3491 ,
3241 3427 3409 3481 Otium
3459 3426 3616 3480 simul
3642 3435 3725 3480 at-

2121 3535 2228 3591 que
2257 3519 2528 3590 opulentis
2557 3562 2572 3585 ,
2623 3520 2764 3589 quod
2796 3520 2941 3575 aliud
2989 3520 3108 3575 sine
3148 3521 3320 3575 altera
3375 3519 3499 3574 mali
3549 3520 3725 3589 potius

2127 3612 2424 3680 materies,
2486 3631 2643 3683 quam
2691 3615 2816 3670 boui
2860 3622 3007 3669 esset
3034 3615 3431 3685 occasio:quia
3487 3621 3543 3670 et
3571 3613 3725 3684 quies

2125 3706 2280 3776 inops
2322 3721 2492 3777 prope
2520 3708 2791 3778 quoddam
2840 3710 2967 3762 vita:
3016 3709 3185 3778 ipsius
3233 3708 3566 3776 intelligatur
3602 3723 3725 3763 esse

2125 3798 2399 3866 exsilium,
2432 3809 2487 3854 et
2508 3801 2738 3871 opulens
2766 3800 3079 3871 inquietudo
3107 3804 3159 3873 2
3183 3811 3328 3855 tautu
3359 3801 3477 3870 plus
3502 3797 3726 3855 calami-

2129 3893 2253 3947 tatis
2275 3892 2490 3959 afferat,
2521 3903 2724 3965 quanto
2768 3893 2973 3964 majore
3003 3891 3321 3964 indignitate
3351 3892 3430 3945 Itis
3471 3899 3723 3956 curetur,

2127 4000 2248 4055 qua:
2276 3985 2507 4041 maxime
2544 3995 2596 4039 et
2622 3995 2804 4055 Optata
2837 3998 2883 4038 et
2929 3986 3155 4055 quaesita
3185 3992 3313 4038 sunt
3338 3982 3404 4038 ad
3442 3982 3722 4037 utendum.

2128 4080 2302 4146 Atque
2328 4078 2441 4132 ba'c
2462 4078 2677 4148 quidem
2702 4093 3021 4147 qttntllquzttll
3041 4080 3091 4132 in
3115 4093 3176 4133 se
3206 4090 3418 4131 summa
3441 4083 3603 4142 atque
3631 4091 3726 4144 op-

2130 4172 2254 4226 tima
2291 4171 2411 4225 vitae
2439 4171 2806 4225 blandimenta
2837 4172 3180 4238 contineant,
3217 4180 3396 4224 tamen
3436 4183 3541 4224 non
3586 4167 3721 4223 moli

2130 4272 2240 4317 tum
2284 4263 2538 4317 videntur
2572 4280 2598 4315 a
2632 4262 3028 4318 consuetudine
3060 4277 3183 4318 esse
3227 4263 3455 4318 beluina:
3490 4260 3728 4315 oblecta-

2130 4354 2291 4408 tionis
2314 4354 2490 4408 aliena
2519 4371 2532 4407 :
2566 4354 2758 4423 quibus
2787 4356 2838 4409 in
2866 4356 3104 4410 saltuosa
3132 4354 3247 4411 loca
3278 4368 3340 4410 ac
3365 4354 3600 4408 maxime
3636 4367 3727 4420 pa-

2132 4446 2270 4501 bulis
2294 4445 2413 4501 laeta
2443 4446 2513 4518 (ε)
2535 4447 2907 4516 evagantibus,
2933 4445 3074 4502 adsit
3099 4455 3155 4503 et
3176 4447 3438 4502 securitas
3464 4461 3497 4500 a
3519 4444 3726 4509 labore.

2129 4546 2184 4595 et
2221 4539 2444 4593 satietas
2475 4554 2545 4593 ex
2579 4540 2811 4609 pascuis.
2848 4538 2977 4593 Nam
3006 4541 3048 4593 si
3078 4539 3165 4595 bic
3198 4538 3435 4609 optimus
3467 4547 3522 4593 et
3569 4536 3728 4592 abso-

2052 4641 2107 4701 Ῑ)
2133 4632 2429 4687 latissimus
2448 4633 2570 4686 vita:
2587 4634 2835 4686 humanae
2861 4649 2990 4688 usus
3007 4633 3420 4697 existimabitur,
3445 4630 3729 4702 quiescere

2130 4731 2187 4778 et
2211 4724 2518 4790 abundare;
2548 4740 2773 4780 necesse
2812 4733 2897 4780 cst
2940 4725 3081 4780 hunc
3118 4724 3388 4785 eumdem.
3430 4720 3727 4777 secundum

2130 4819 2213 4874 sui
2245 4818 2510 4889 cujusque
2535 4817 2750 4891 generis
2792 4835 3035 4886 sensum,
3066 4817 3220 4874 nobis
3265 4826 3426 4886 atque
3464 4814 3729 4870 universis

2131 4913 2360 4968 rationis
2389 4914 2709 4981 expertibus
2762 4914 2935 4969 beluis
2964 4927 3087 4967 esse
3134 4923 3473 4966 communem
3501 4924 3512 4959 :
3538 4905 3730 4978 quibus

2131 5003 2405 5068 omnibus,
2434 5013 2620 5059 natura
2654 5005 2766 5075 ipsa
2812 5005 2863 5057 in
2905 5018 3113 5057 summa
3166 5016 3344 5056 rerum
3378 4997 3532 5069 copia
3563 5007 3620 5053 et
3645 5011 3732 5052 se-

2130 5097 2362 5152 curitate
2403 5096 2695 5151 famulante
2721 5138 2735 5162 ,
2765 5096 2883 5151 sine
2907 5111 3037 5151 cura
3069 5092 3300 5152 habendi
3340 5091 3491 5163 copia
3534 5090 3732 5147 redun-

2130 5188 2224 5243 dat
2249 5190 2456 5243 ulcntli.

2203 5281 2257 5336 2.
2305 5282 2384 5335 Ad
2413 5282 2521 5337 alia
2559 5293 2708 5337 natos
2738 5299 2791 5337 se
2836 5290 3102 5337 senserunt
3129 5281 3359 5352 plerique
3385 5276 3632 5331 homines.
3663 5304 3735 5317 —

2132 5372 2214 5429 Ac
2246 5375 2377 5429 mihi
2407 5375 2651 5445 plerique
2681 5376 2989 5430 mortalium
3030 5389 3135 5429 non
3163 5373 3234 5427 ob
3258 5371 3311 5442 3
3336 5370 3495 5424 aliain
3518 5367 3733 5439 quidem

2218 5537 2310 5612 lc)?
2337 5537 2419 5612 ln_
2444 5538 2631 5594 iisdem
2680 5536 3200 5612 mss.__vacantibus_;
3237 5548 3364 5612 quae
3408 5547 3512 5612 vox
3553 5526 3740 5612 Hilarii

2147 5605 2313 5664 menti
2341 5650 2354 5671 ,
2407 5610 2699 5664 bestiarum
2733 5609 2939 5664 scilicet
2988 5607 3099 5661 otio
3136 5605 3468 5678 designanda
3489 5647 3503 5671 ,
3536 5605 3739 5672 Optime

2143 5681 2413 5752 congruit,
2447 5681 2541 5738 sed
2571 5696 2674 5737 non
2708 5680 2779 5736 ita
2811 5680 3061 5735 orationi.
