4118 6186
484 326 553 385 27
1702 319 1948 381 SANCTI
1989 320 2247 379 HILARII
2290 323 2596 382 EPISCOPI
3326 358 3331 367 η
3726 328 3794 382 ‘28

481 460 702 504 causam
735 443 873 501 hanc
899 443 1097 514 inepta:
1134 457 1197 499 ac
1226 442 1457 501 beluinte
1484 443 1610 498 vitae
1639 441 2088 499 consuetudinem
2117 441 2171 501 Δ
2195 441 2610 497 venerabantur.
2639 440 2893 513 Plerique
2920 455 3054 499 vero
3090 442 3256 499 Deum
3284 443 3499 515 quidem
3530 455 3652 500 esse
3677 448 3793 517 opi-

484 552 541 600 et
568 544 843 615 respuisse
865 557 895 599 a
924 555 1005 610 se,
1024 549 1077 596 et
1100 539 1413 611 coarguisse
1430 540 1484 594 in
1502 539 1624 595 aliis
1645 538 1911 605 videntur,
1932 552 2090 609 quam

483 638 649 708 quod,
694 645 884 693 natura
907 637 1019 703 ipsa
1046 643 1267 691 auctore
1294 634 1532 704 impulsi,
1565 633 1843 704 indignum
1872 632 2090 688 homine

482 745 607 785 esse
644 731 1109 789 existimaverunt,
1144 726 1200 783 in
1230 726 1464 782 ofﬁcium
1489 741 1549 783 se
1577 726 1781 782 ventris
1808 736 2014 780 tantum
2037 732 2092 780 et

484 825 694 879 inertia;
739 834 895 878 natos
944 821 1231 885 arbitrari;
1260 830 1317 877 et
1360 820 1414 876 in
1474 821 1611 875 hanc
1654 821 1815 874 vitam
1868 835 1975 875 non
2019 818 2092 874 ob

484 917 661 986 aliqua
695 914 940 985 prmclari
978 914 1233 969 facinoris
1262 921 1356 968 aut
1402 914 1556 969 bonae
1583 912 1717 968 artis
1741 911 1918 967 studia
1968 927 2090 968 esse

482 1008 779 1075 deductos,
813 1018 905 1063 aut
927 1008 1065 1063 hanc
1096 1008 1266 1076 ipsam
1298 1006 1462 1061 vitam
1486 1021 1591 1061 non
1615 1005 1680 1063 ad
1709 1007 1940 1074 aliquem
1967 1018 2089 1074 pro-

484 1102 680 1157 fectum
752 1117 875 1157 esse
949 1101 1263 1157 aeternitatis
1312 1099 1570 1154 indultam
1620 1098 1696 1170 (a)
1754 1113 1913 1169 quam
1965 1112 2089 1167 pro—

484 1196 625 1248 fecto
664 1208 772 1247 non
804 1193 1169 1262 ambigeretur
1194 1206 1390 1247 munus
1424 1191 1514 1243 Dei
1543 1206 1647 1243 non
1679 1204 1800 1244 esse
1832 1198 2091 1258 reputau-

484 1286 638 1351 dttm,
679 1300 800 1340 cum
832 1288 998 1347 tantis
1029 1283 1285 1339 afﬂictata
1316 1283 1629 1354 angoribus,
1657 1290 1712 1337 et
1730 1290 1807 1335 tot
1829 1280 2089 1338 molestiis

484 1376 768 1447 impedita,
796 1392 918 1432 sese
947 1378 1061 1447 ipsa
1088 1386 1251 1445 atque
1278 1376 1414 1430 intra
1438 1390 1496 1430 se
1526 1390 1554 1427 a
1602 1373 1844 1444 pueritia:
1872 1377 2086 1444 ignora-

486 1473 632 1527 tione
668 1486 841 1542 usque
868 1471 934 1526 ad
962 1472 1256 1527 senectutis
1278 1470 1633 1526 deliramenta
1661 1478 2038 1541 consumeret)
2071 1487 2084 1525 :

485 1570 541 1618 et
571 1562 773 1617 idcirco
811 1562 878 1618 ad
925 1564 1132 1633 aliquas
1163 1579 1221 1617 se
1249 1564 1518 1631 patientiae
1549 1574 1604 1618 et
1647 1562 1993 1618 continentiae
2034 1574 2088 1618 et

485 1655 862 1726 placabilitatis
910 1658 1141 1711 virtutes
1185 1667 1240 1710 et
1268 1656 1510 1710 doctrina
1553 1666 1607 1710 et
1654 1671 1821 1726 opere
1852 1667 2084 1711 transtuc

486 1755 636 1818 lisse,
677 1754 820 1824 quod
852 1754 987 1808 bene
1029 1768 1193 1821 agere
1220 1760 1383 1823 atque
1421 1752 1747 1823 intelligere.
1783 1752 1835 1807 id
1865 1752 2083 1809 demum

2197 534 2359 591 nione
2387 534 2598 604 publica
2629 534 3006 605 loquebantur,
3038 535 3134 593 sed
3174 535 3316 591 bunc
3359 537 3609 592 eumdem
3639 538 3793 593 iucu-

2196 627 2397 683 riosum
2437 642 2617 682 rerum
2652 626 3009 685 humanarum
3039 645 3101 684 ac
3148 629 3506 702 negligentem
3555 647 3790 702 pronun-

2197 720 2420 775 tiabant.
2461 720 2638 792 Aliqui
2666 731 2844 776 autem
2879 722 3024 792 ipsos
3054 721 3173 777 illas
3203 732 3567 779 creaturarum
3598 740 3795 795 corpo-

2194 829 2314 870 reas
2363 816 2864 886 conspicabilesque
2901 817 3100 871 formas
3147 818 3200 872 iu
3247 818 3531 874 elementis
3562 821 3792 877 terrenis

2193 917 2247 962 et
2272 908 2587 964 etelestibns
2609 909 2926 966 adorabant.
2968 911 3253 966 Postremo
3279 911 3497 981 quidam
3530 915 3582 969 in
3620 915 3788 970 simu-

2193 999 2351 1065 [acris
2403 1002 2723 1066 hominum,
2771 1003 3032 1069 pecudum
3064 1044 3081 1069 ,
3134 1003 3412 1069 ferarum,
3471 1006 3786 1073 voluerunt,

2191 1104 2503 1162 serpentum
2532 1135 2548 1160 ,
2595 1094 2728 1151 deos
2765 1110 2894 1149 suos
2923 1095 3286 1162 collocabant,
3322 1106 3378 1152 et
3426 1092 3790 1155 universitatis

2195 1185 2477 1241 Dominum
2510 1196 2670 1257 atque
2714 1186 2999 1244 infinitatis
3026 1192 3304 1258 parentem
3351 1191 3488 1244 intra
3517 1195 3791 1263 angustias

2192 1278 2529 1333 metallorum
2561 1290 2614 1334 ct
2646 1280 2881 1350 lapidum
2922 1291 2977 1335 et
3015 1279 3258 1349 stipitum
3288 1284 3620 1339 coartabant.
3660 1286 3788 1357 Dig-

2194 1386 2431 1440 numque
2456 1372 2564 1442 jam
2608 1389 2714 1428 non
2748 1383 2885 1439 erat,
2912 1385 3163 1431 auctores
3189 1391 3284 1431 eos
3325 1377 3565 1432 veritatis
3598 1380 3675 1452 (ὁ)
3696 1398 3787 1436 ex-

2189 1465 2401 1530 sistere,
2435 1464 2525 1534 qui
2556 1465 2781 1523 ridicula
2814 1477 2867 1522 ct
2895 1467 3035 1524 fre-da
3074 1478 3128 1524 et
3166 1470 3461 1540 irreligiosa
3491 1483 3782 1538 sectantes,

2190 1556 2323 1625 ipsis
2355 1556 2463 1612 illis
2505 1558 2939 1617 inaniSsimarum
2972 1564 3362 1618 sententiarum
3415 1579 3635 1621 suarum
3675 1569 3792 1638 opi-

2189 1647 2443 1703 ttionibus
2470 1648 2816 1707 dissiderent.
2867 1652 2974 1709 Sed
3009 1654 3149 1709 inter
3197 1654 3312 1711 haec
3351 1658 3562 1713 animus
3591 1660 3791 1715 sollici-

2192 1751 2299 1804 ttts,
2350 1743 2466 1798 utili
2505 1759 2568 1801 ac
2597 1747 2902 1803 necessaria
2933 1747 2999 1801 ad
3047 1749 3411 1818 cognitionem
3462 1753 3672 1808 Domini
3706 1756 3786 1810 sui

484 1847 622 1902 bene
652 1848 835 1901 vivere
856 1860 979 1902 esse
1018 1845 1380 1915 opinabantur
1405 1861 1419 1899 :
1446 1845 1611 1899 vitam
1655 1852 1833 1900 autem
1880 1859 1988 1899 non
2018 1843 2085 1901 ad
2117 1843 2165 1903 B
2192 1834 2274 1889 Via
2308 1835 2507 1899 ιιῖιθιιεσ
2540 1852 2661 1894 Cum
2689 1853 2862 1908 neque
2886 1838 3146 1895 incuriam
3176 1841 3287 1897 Deo
3317 1858 3494 1899 rerum
3523 1860 3550 1899 a
3575 1861 3633 1901 se
3654 1861 3788 1901 con-

486 1948 720 1994 mortem
764 1948 968 1993 tantum
1001 1938 1068 1993 ab
1095 1936 1390 1991 immortali
1434 1936 1544 1991 Deo
1574 1937 1735 1991 tribui
1765 1937 2086 1993 exisdman-

486 2030 650 2095 dam;
689 2046 810 2084 cum
854 2030 982 2084 boni
1025 2029 1298 2100 largitoris
1346 2044 1453 2082 non
1499 2043 1621 2083 esse
1652 2028 2085 2098 intelligeretur,

488 2121 704 2181 vivendi
730 2122 1180 2193 jttcundissimum
1234 2138 1451 2180 sensum
1489 2123 1554 2178 ad
1587 2122 1950 2178 tristissimum
1976 2139 2088 2179 me-

485 2225 594 2271 tum
628 2216 882 2272 tribuisse
923 2215 1206 2271 moriendi.

555 2311 611 2367 5.
648 2309 714 2365 1η
741 2309 841 2364 Dei
871 2310 1211 2382 cognitionem
1242 2309 1389 2363 ardet
1421 2307 1677 2364 Hilarius.
1701 2338 1772 2349 —
1801 2308 1867 2363 Et
1898 2324 2089 2380 quam-

485 2420 642 2477 quam
669 2419 774 2458 non
803 2403 1036 2473 ineptam
1061 2403 1199 2458 hanc
1215 2418 1403 2459 eorum
1431 2418 1554 2459 esse
1581 2403 1901 2459 sententiam
1926 2413 2085 2475 atque

486 2497 730 2552 inutilem
772 2496 1141 2552 existimarem
1170 2539 1183 2562 ,
1217 2496 1602 2551 conscientiam
1646 2496 1714 2552 al)
1740 2496 1887 2551 omni
1927 2497 2084 2566 culpa

488 2589 713 2644 liberam
740 2603 1091 2656 conservare,
1136 2597 1192 2644 et
1215 2604 1404 2644 omnes
1449 2588 1698 2645 humana:
1732 2590 1855 2644 vitte
1885 2590 2082 2646 moles-

487 2684 588 2738 tias
638 2683 722 2738 vel
757 2684 1040 2753 providere
1083 2682 1415 2754 prudrnter,
1464 2683 1550 2738 vel
1595 2684 1771 2739 vitare
1804 2685 2080 2747 consulte,

484 2776 570 2830 vel
610 2776 750 2831 ferre
782 2777 1054 2846 patienter
1107 2793 1120 2831 :
1172 2785 1348 2830 tamen
1381 2774 1433 2829 hi
1476 2775 1589 2851 ipsi,
1619 2790 1727 2829 non
1768 2776 1903 2830 satis
1950 2774 2081 2830 mihi

484 2869 663 2924 idonei
710 2869 776 2923 ad
824 2869 961 2924 bene
991 2869 1256 2938 beateque
1300 2867 1590 2922 vivendum
1637 2875 1888 2922 auctores
1933 2865 2084 2924 vide-

481 2959 676 3014 bantur
699 3002 715 3027 ,
769 2959 1076 3015 communia
1108 2967 1315 3014 tantum
1346 2969 1399 3015 et
1423 2958 1800 3013 convenientia
1846 2958 2080 3015 humano

480 3054 664 3108 sensui
694 3053 1063 3109 doctrinarum
1097 3064 1365 3125 pra-cepta
1412 3059 1714 3108 statuentes
1743 3068 1757 3104 :
1792 3068 1912 3122 qum
1957 3068 2077 3108 cum

479 3160 585 3200 non
653 3147 953 3216 intelligere
1008 3146 1279 3200 helninum
1335 3155 1525 3212 esset,
1569 3145 1840 3201 intellecta
1892 3152 2076 3201 tamen

2191 1925 2424 1989 diturum
2470 1926 2684 1997 dignam
2743 1943 2865 1984 esse
2909 1932 3301 2001 arbitraretur,
3354 1951 3529 2007 neque
3584 1947 3789 1994 natura)

2191 2021 2394 2091 potenti
2435 2028 2596 2090 atque
2644 2021 2969 2092 incorruptae
2997 2036 3305 2095 competere
3348 2043 3510 2084 sexus
3540 2030 3782 2098 deorum,

2187 2120 2244 2165 et
2269 2111 2636 2167 successiones
2666 2123 2908 2169 Satorum
2937 2100 3102 2186 atque
3146 2125 3389 2174 ortorum
3422 2121 3744 2192 intelligeret
3772 2141 3783 2176 :

2188 2218 2349 2273 porro
2396 2213 2574 2259 antem
2606 2204 2847 2263 divinum
2894 2218 2949 2263 et
2989 2220 3250 2265 aeternum
3304 2212 3438 2267 nihil
3481 2214 3583 2268 nisi
3620 2232 3784 2271 unum

2187 2310 2312 2351 esse
2340 2306 2393 2351 et
2421 2296 2736 2353 indifferens
2781 2315 2876 2369 pro
2901 2308 3053 2357 certo
3101 2301 3337 2358 habebat
3361 2346 3376 2370 ,
3408 2307 3531 2375 quia
3564 2309 3614 2362 id
3642 2312 3784 2379 quod

2187 2390 2290 2444 sibi
2316 2389 2381 2444 ad
2408 2390 2460 2444 id
2486 2390 2629 2462 quod
2657 2402 2803 2447 esset
2829 2405 3018 2448 auctor
3051 2407 3195 2450 esset
3224 2438 3239 2461 ,
3290 2397 3421 2452 nihil
3455 2416 3676 2457 necesse
3702 2415 3788 2458 est

2190 2493 2340 2539 extra
2366 2499 2426 2540 se
2456 2484 2596 2555 quod
2620 2486 2701 2541 sui
2735 2499 2877 2541 esset
2895 2488 3238 2557 praestantius
3259 2491 3600 2561 reliquisset:
3626 2504 3786 2565 atque

2186 2577 2258 2634 ita
2313 2578 2761 2648 omnipotentiam
2814 2581 3280 2651 aeternitatemque
3320 2600 3425 2637 non
3470 2585 3572 2640 nisi
3622 2604 3784 2657 penes

2187 2685 2354 2725 unum
2385 2684 2544 2736 esse;
2576 2671 2698 2741 quia
2732 2686 2908 2742 neque
2938 2673 2987 2726 in
3031 2675 3420 2743 omnipotentia
3450 2679 3681 2734 validius
3707 2681 3784 2736 itt-

2185 2761 2520 2832 ﬁrmiusque,
2560 2778 2735 2833 neque
2760 2761 2814 2817 in
2856 2767 3159 2820 aeternitate
3183 2770 3451 2837 posterius
3473 2772 3781 2830 anterittsre

2184 2866 2544 2928 congrueret:
2597 2858 2649 2911 in
2680 2857 2789 2911 Deo
2835 2866 3015 2914 autem
3065 2860 3199 2915 nihil
3230 2862 3333 2916 nisi
3379 2873 3642 2921 mternum
3690 2883 3780 2937 po-

2186 2960 2412 3021 tcusque
2440 2966 2562 3006 esse
2588 2952 2977 3007 venerandum.

2254 3043 2309 3098 5.
2342 3041 2389 3096 E
2411 3043 2698 3112 Scripturis
2723 3045 2871 3098 discit
2899 3045 3022 3114 quid
3049 3047 3113 3099 sit
3158 3047 3298 3102 Dms
3322 3065 3342 3114 ;
3367 3050 3504 3119 quod
3541 3062 3777 3107 wternus.

2180 3166 2252 3176 —
2282 3135 2405 3191 'dcec
2434 3137 2610 3206 igitur,
2645 3136 2916 3206 multaque
2955 3137 3060 3191 alia
3107 3138 3371 3208 ejusmodi
3425 3158 3546 3197 cum
3600 3145 3780 3201 animo

479 3253 586 3294 non
618 3253 802 3309 agere,
835 3240 972 3292 ultra
1015 3238 1250 3294 heluium
1301 3237 1657 3294 Immanitatis
1701 3253 1822 3293 esse
1869 3239 2073 3293 rabiem
2104 3232 2147 3296 C
2182 3239 2457 3301 reputans,
2490 3229 2648 3285 incidi
2677 3229 2731 3285 in
2759 3245 2855 3285 eos
2883 3229 3072 3295 libros,
3129 3244 3263 3301 quos
3288 3249 3317 3288 a
3348 3234 3529 3307 Moyse
3560 3244 3720 3307 atque
3749 3254 3777 3292 a

479 3332 775 3387 videretur.
826 3330 1144 3387 Festinabat
1173 3342 1350 3387 autem
1383 3331 1627 3399 animus,
1675 3347 1780 3387 non
1811 3331 1925 3388 haec
1956 3341 2069 3387 tan-

483 3424 765 3480 tummodo
795 3440 978 3496 agere,
1004 3441 1125 3496 quae
1166 3439 1270 3478 non
1303 3424 1502 3493 egisse,
1533 3433 1587 3479 et
1616 3424 1901 3478 criminum
1930 3433 2078 3480 esset

476 3518 723 3589 plenum,
758 3527 815 3573 et
851 3516 1098 3572 dolorum
1126 3534 1140 3574 :
1166 3517 1261 3572 sed
1296 3516 1438 3571 hunc
1465 3517 1597 3571 tanti
1638 3517 1877 3572 muneris
1906 3517 2072 3573 Deum

487 3620 872 3680 parentemque
899 3624 1250 3681 cognoscere,
1283 3609 1370 3664 cui
1400 3624 1461 3665 se
1482 3618 1649 3664 totum
1681 3610 1794 3679 ipse
1824 3610 2070 3679 deberet,

473 3704 558 3760 cui
582 3703 848 3760 famulans
872 3705 1263 3758 uobilitandum
1305 3718 1364 3759 se
1393 3702 1768 3769 existimabat,
1817 3703 1881 3758 ad
1913 3719 2070 3773 quem

472 3813 690 3854 omnem
735 3800 849 3868 spei
894 3813 1006 3853 sum
1045 3799 1352 3868 opinionem
1386 3797 1633 3864 referret,
1664 3798 1716 3852 in
1741 3798 1890 3866 cujus
1920 3797 2074 3854 boni-

474 3901 582 3946 tate
602 3892 746 3946 inter
776 3901 951 3947 tantas
979 3893 1322 3963 praesentium
1350 3891 1686 3961 negetiorum
1710 3892 2068 3957 calamitates,

476 3995 744 4057 tamquam
779 3986 1044 4041 tutissimo
1071 3986 1174 4040 sibi
1224 3996 1379 4057 portu
1423 3985 1777 4056 familiarique
1824 3986 2070 4057 requies-

475 4090 643 4137 ceret.
676 4079 757 4136 Ad
803 4082 943 4137 hunc
972 4082 1133 4151 igitur
1160 4082 1241 4137 vel
1272 4080 1704 4152 intelligendum,
1736 4081 1817 4135 vel
1841 4096 2072 4152 cognos-

470 4175 725 4241 centium,
779 4173 958 4229 studio
1019 4174 1436 4244 flagrantissimo
1479 4174 1693 4229 animus
1735 4172 2070 4229 accendeba-

471 4274 580 4322 tur.

538 4361 594 4414 4.
631 4358 807 4414 Varia:
828 4360 1159 4431 antiquorum
1180 4359 1244 4413 de
1266 4357 1377 4413 Deo
1397 4359 1688 4428 apinioues.
1729 4357 1935 4414 Hilario
1965 4375 2067 4413 non

464 4452 770 4524 probantur,
796 4468 890 4522 pro
913 4462 1048 4507 certo
1079 4450 1286 4506 habenti
1312 4450 1480 4505 Deum
1503 4467 1603 4505 non
1633 4468 1740 4507 esse
1765 4453 1869 4506 nisi
1888 4468 2065 4508 unum.

469 4574 541 4586 -—-
566 4543 806 4613 Namque
874 4545 1058 4615 plures
1113 4559 1299 4599 eorum
1370 4558 1686 4600 numerosas
1737 4543 2064 4601 incertorum

2180 3324 2465 3396 prepbetis
2503 3325 2734 3407 scriptos
2783 3339 2902 3380 esse
2944 3324 3295 3382 l‘lebrteortttu
3340 3330 3530 3400 religio
3578 3332 3649 3403 (ε)
3683 3343 3781 3387 tra-

2176 3424 2341 3481 debat
2369 3442 2381 3479 :
2417 3425 2468 3478 in
2496 3425 2691 3495 quibus
2721 3425 2838 3494 ipso
2879 3434 3128 3479 creatore
3159 3425 3267 3479 Deo
3300 3432 3532 3479 testante
3574 3424 3639 3479 de
3679 3441 3736 3479 se
3761 3466 3775 3492 ,

2176 3518 2294 3575 haec
2324 3519 2393 3574 ita
2425 3519 2880 3574 continebantur:
2912 3518 3025 3592 Ego
3054 3536 3189 3584 sum,
3218 3519 3303 3586 qui
3335 3536 3447 3573 sum
3477 3518 3671 3589 (Exod.
3700 3537 3775 3585 tu,

2177 3613 2295 3681 id);
2348 3620 2401 3666 et
2424 3627 2636 3667 rursum
2664 3631 2677 3663 :
2712 3610 2839 3665 "(vc
2858 3613 2996 3667 dices
3016 3610 3143 3682 filiis
3174 3609 3359 3665 Israel.
3392 3610 3535 3665 Misit
3580 3629 3660 3666 me
3708 3614 3776 3666 ad

2175 3722 2264 3761 vos
2291 3706 2336 3761 is
2364 3707 2452 3776 qui
2500 3715 2575 3761 est
2617 3703 2891 3778 (Ibidem).
2945 3705 3262 3760 Admiratus
3299 3719 3418 3758 sum
3472 3704 3629 3774 plane
3668 3713 3777 3759 tam

2174 3798 2472 3854 absolutam
2514 3797 2583 3852 de
2620 3798 2729 3853 Deo
2760 3797 3205 3865 significationem
3233 3838 3248 3863 ,
3288 3784 3406 3867 qua:
3456 3806 3662 3852 natura:
3692 3797 3776 3852 tli-

2173 3890 2310 3947 vitta:
2349 3890 2948 3961 incompreltensibilem
2995 3892 3358 3962 cognitionem
3406 3893 3683 3961 aptissimo
3710 3892 3774 3946 ad

2174 3984 2589 4055 intelligentiam
2633 3984 2922 4039 humanam
2970 3998 3223 4039 sermone
3271 3984 3603 4054 loqueretur.
3660 3983 3775 4040 Non

2172 4080 2318 4139 enim
2343 4080 2486 4137 aliud
2519 4081 2797 4151 proprium
2834 4080 3004 4149 magis
3044 4079 3172 4143 Deo,
3205 4094 3364 4148 quam
3395 4093 3548 4146 esse,
3580 4078 3775 4133 inteltio

2173 4173 2350 4244 gitur;
2379 4173 2502 4243 quia
2535 4173 2586 4228 id
2617 4173 2791 4243 ipsum
2820 4172 2964 4242 quod
3006 4179 3091 4228 est
3117 4213 3132 4239 ,
3163 4187 3337 4243 neque
3366 4173 3665 4227 desinentis
3690 4183 3777 4227 est

2171 4266 2478 4337 aliquando,
2514 4281 2686 4336 neque
2707 4267 2869 4337 coepti
2892 4284 2904 4319 :
2923 4266 3018 4321 sed
3050 4265 3126 4333 id,
3147 4267 3287 4337 quod
3309 4283 3430 4323 cum
3455 4269 3777 4339 incorrupta:

2174 4358 2522 4413 beatitudinis
2557 4367 2821 4428 potesmte
2851 4368 3168 4428 perpetuum
3197 4368 3301 4425 est,
3334 4375 3437 4415 non
3471 4365 3640 4429 potuit
3683 4371 3775 4415 ant

2174 4452 2375 4522 poterit
2404 4450 2694 4521 aliquando
2727 4468 2833 4506 non
2863 4466 3027 4519 esse;
3063 4452 3185 4522 quia
3217 4452 3461 4507 divinum
3492 4468 3649 4508 omne
3680 4470 3772 4507 nc-

2172 4561 2275 4616 quc
2303 4544 2605 4614 abolitioni,
2639 4561 2814 4615 neque
2842 4546 3067 4603 exordio
3099 4546 3391 4601 obnoxium
3415 4554 3515 4601 est.
3557 4547 3624 4601 Et
3650 4563 3772 4601 cum

462 4636 686 4691 deorum
714 4634 946 4691 familias
967 4635 1382 4692 introducebant
1414 4655 1427 4690 :
1460 4646 1514 4692 et
1541 4637 1749 4692 virilem
1773 4652 1837 4692 ac
1864 4638 2053 4695 mulie'
2090 4620 2143 4681 D
2171 4640 2221 4695 in
2254 4640 2401 4695 nullo
2427 4656 2455 4693 a
2479 4656 2538 4696 se
2571 4638 2664 4695 Dei
2695 4640 2834 4697 desit
2860 4641 3173 4708 aeternitas;
3207 4642 3367 4711 digne
3396 4641 3499 4697 hoc
3547 4643 3719 4697 solum
3756 4683 3771 4707 ,

465 4729 614 4786 brem
646 4744 834 4785 sexum
866 4729 920 4784 in
967 4730 1162 4785 divinis
1202 4732 1412 4785 naturis
1440 4746 1600 4802 agere
1635 4732 2007 4789 existimantes
2038 4777 2052 4802 ,

462 4832 614 4877 ortus
640 4837 704 4877 ac
750 4822 1123 4879 successiones
1167 4838 1234 4878 ex
1289 4823 1393 4879 diis
1444 4823 1668 4879 deorum
1717 4826 2052 4882 asserebant.

463 4915 568 4971 Alii
597 4915 829 4986 majores
860 4930 921 4971 ac
958 4915 1197 4972 minores
1223 4926 1278 4971 et
1323 4914 1634 4972 differentes
1665 4932 1762 4988 pro
1795 4927 2059 4988 potestate

461 5006 593 5062 deos
643 5008 1027 5079 praedicabant.
1064 5009 1316 5068 Nonnulli
1364 5010 1569 5065 nttllum
1618 5012 1839 5066 omnino
1887 5012 2055 5068 Deum

460 5116 583 5158 63.58
612 5101 967 5170 afﬁrmantes,
1001 5120 1119 5159 eam
1155 5104 1457 5178 tantum,ﬁ,
1483 5121 1601 5177 qua:
1631 5105 1865 5162 fortuitis
1897 5109 2055 5162 moti-

460 5194 560 5250 bus
587 5203 749 5266 atque
778 5198 1129 5254 concursibus
1154 5199 1208 5254 in
1243 5198 1443 5270 aliquid
1473 5200 1781 5268 exsisteret,
1809 5208 2052 5257 naturam

534 5422 611 5499 (a)
641 5424 899 5499 Martinus
920 5425 1134 5496 Lipsius
1151 5437 1269 5496 post
1297 5426 1581 5483 Erasmttm
1604 5427 1664 5482 ob
1686 5444 1857 5499 quant,
1882 5427 2061 5484 addita

458 5497 717 5577 particula
740 5498 803 5577 ob
822 5512 1018 5577 praeter
1045 5499 1205 5577 fidem
1227 5514 1355 5577 mss.
1380 5500 1497 5577 Mox
1524 5500 1662 5577 apud
1687 5497 1904 5577 eosdem
1922 5500 2065 5577 refu-

460 5564 713 5639 tandum:
740 5567 789 5621 in
804 5564 1040 5625 editione
1058 5567 1204 5624 Badii
1230 5568 1499 5637 Ascensii,
1525 5564 1865 5639 rEputaudum
1886 5564 2064 5627 vel're-

459 5634 753 5709 (litandum,
772 5644 1234 5708 qttontotloentat
1261 5643 1311 5696 in
1337 5660 1443 5697 uno
1461 5634 1495 5699 ὁ
1511 5634 1838 5699 Ctilliet'tinis
1858 5660 1987 5699 mss.
2006 5643 2063 5700 In

457 5708 586 5782 edit.
614 5708 903 5765 Parisiensi
929 5728 1016 5764 an.
1041 5712 1202 5772 1605,
1221 5719 1274 5766 et
1297 5716 1532 5782 pluribus
1558 5715 2066 5779 mss.reputandam.

462 5780 533 5836 At
558 5779 612 5834 in
646 5797 778 5837 tuss.
803 5783 1206 5846 vetustioribus,
1236 5779 1600 5852 reputanduut.
1637 5784 1791 5850 Quod
1815 5784 1866 5838 in
1897 5786 1980 5841 bis
2007 5786 2075 5841 ad

468 5868 683 5921 manus,
710 5854 762 5909 in
791 5854 911 5911 aliis
927 5854 1119 5912 eodem
1146 5867 1310 5912 sensu
1335 5857 1401 5912 ad
1424 5859 1579 5913 vitam
1606 5856 1856 5915 refertur.
1875 5858 2079 5916 Deinde

2165 4733 2308 4802 quod
2342 4740 2509 4798 esset,
2538 4731 2603 4787 ad
2647 4733 3092 4801 protestationcm
3123 4733 3452 4803 incorruptae
3480 4749 3591 4788 suae
3620 4743 3775 4790 teter-

2164 4826 2348 4881 nitatis
2376 4824 2634 4881 ostendit.

2237 4922 2288 4996 5
2310 4920 2364 4975 6.
2392 4918 2530 4974 Deus
2558 4919 2821 4987 inﬁnitus;
2845 4929 3008 4975 mente
3036 4921 3155 4990 capi
3181 4921 3518 4989 nequit—Et
3542 4921 3608 4976 ad
3638 4920 3776 4978 hanc

2166 5015 2382 5086 quidem
2424 5011 2703 5068 infinitatis
2743 5013 3189 5084 significationem
3231 5012 3557 5070 satisfecisse
3595 5030 3775 5070 sermo

2166 5105 2396 5162 dicentis
2423 5122 2435 5161 :
2467 5103 2582 5176 Ego
2614 5121 2727 5159 sum
2756 5106 2845 5173 qui
2875 5121 3019 5171 sum,
3056 5105 3375 5161 videbatur:
3405 5108 3498 5161 sed
3532 5105 3774 5175 magnifi-

2164 5199 2356 5258 centia:
2385 5204 2440 5253 et
2470 5197 2685 5253 virtutis
2716 5212 2827 5253 sua:
2867 5207 2984 5253 erat
3022 5211 3051 5252 a
3090 5199 3245 5255 nobis
3283 5212 3420 5271 opus
3459 5197 3767 5268 intelligen-

2170 5429 2223 5484 in
2258 5441 2389 5501 mss.
2421 5424 2577 5501 Qolb_.
2603 5434 2657 5481 et
2678 5426 2889 5501 Germ"
2920 5429 3276 5501 languoribus,
3299 5444 3407 5485 non
3434 5431 3733 5500 angoribus.

2248 5498 2323 5573 (b)
2353 5497 2507 5573 linit,
2535 5496 2651 5559 Er.,
2677 5497 2850 5573 μηδ..
2877 5511 2933 5573 et
2960 5496 3088 5557 mss.
3120 5516 3225 5557 non
3256 5502 3434 5571 pauci,
3458 5496 3770 5561 existimare.

2178 5566 2503 5639 At'potiores
2533 5584 2652 5625 cum
2682 5566 2799 5626 Par.
2825 5572 3082 5631 exsistere.

2252 5643 2321 5710 (c)
2351 5640 2464 5694 Non
2496 5642 2564 5696 ita
2598 5642 2857 5699 abhorret
2881 5642 3136 5707 Hilarius.
3164 5655 3221 5699 ut
3249 5644 3518 5701 Scultetus
3540 5644 3645 5700 sibi
3673 5645 3772 5700 tin-

2181 5713 2279 5784 git,
2314 5729 2342 5765 a
2374 5712 2616 5787 doctrina
2640 5714 2996 5787 traditionis,
3042 5730 3103 5769 cx
3130 5731 3231 5787 qua
3270 5734 3393 5787 cum
3422 5719 3588 5771 sacris
3622 5716 3773 5773 libris

2182 5783 2556 5839 auctoritati-tn
2598 5783 2686 5837 hic
2714 5785 2930 5852 tribuat,
2958 5785 3011 5839 itt
3040 5783 3175 5855 psal‘.
3209 5803 3267 5853 lt,
3302 5805 3354 5840 n.
3379 5786 3435 5852 2,
3458 5792 3769 5845 eorutndem

2186 5869 2405 5918 sensum
2432 5869 2499 5913 ex
2517 5855 2633 5925 ipsa
2662 5859 3011 5927 quaerendum
3036 5872 3157 5915 esse
3180 5857 3444 5917 defendit.
