4118 6186
386 353 461 407 ες)
1616 353 1705 408 DE
1748 352 2144 422 TRINI'FATE,
2188 349 2389 409 LIBER
2431 351 2468 411 I.
3632 352 3702 411 30

391 471 545 526 dum.
581 468 824 543 Namque
852 485 974 525 cum
1006 484 1129 525 esse
1158 471 1206 527 ei
1239 471 1513 543 proprium
1544 482 1722 536 esset,
1755 471 1846 543 qui
1885 487 1998 526 ma-
2028 473 2076 533 Α
2108 488 2201 526 nos
2226 488 2363 527 nicas
2388 482 2506 527 ante
2532 473 2715 540 lucem,
2750 484 2793 527 et
2815 472 3107 531 habitavere
3135 474 3187 529 in
3218 476 3485 546 postremis
3514 479 3710 543 utaris,-

394 584 533 627 nens
563 584 781 638 semper
812 583 917 623 non
949 567 1109 624 etiam
1150 566 1440 638 aliquando
1478 568 1770 637 erupisset;
1812 567 2000 625 aeterni

392 674 449 723 et
496 663 792 733 incorrupti
839 662 930 716 Dei
971 661 1167 732 dignus
1205 661 1274 716 de
1311 676 1371 717 se
1410 661 1498 718 hic
1535 676 1747 718 rursum
1786 662 2001 721 auditus

394 766 478 811 est
508 770 724 811 sermo:
760 755 864 823 Qui
894 765 1028 813 tenet
1059 754 1239 809 coelum
1272 756 1443 824 palma
1464 796 1480 821 ,
1512 764 1561 809 et
1586 765 1772 812 terram
1804 755 2000 828 pugillo

396 847 550 921 (Esa.
590 865 695 909 XL,
730 848 856 919 12);
890 857 944 903 et
972 863 1182 903 rursum
1208 865 1224 904 :
1254 846 1449 903 (Icelum
1479 850 1602 903 mihi
1644 850 1857 905 thronus
1887 858 1960 904 est
1981 892 1995 914 ,

396 950 533 994 terra
573 952 743 995 autem
780 939 1059 995 scabellunt
1098 939 1285 1010 pedatu
1314 956 1561 997 meorum.
1596 941 1761 1008 Quam
1788 942 1998 999 domum

390 1034 524 1086 mihi
550 1032 868 1102 ediﬁcabitis
889 1074 905 1099 ,
932 1041 1021 1086 aut
1049 1033 1163 1103 quis
1194 1033 1335 1087 locus
1362 1035 1454 1088 erit
1483 1034 1807 1103 requietionis
1833 1034 1999 1088 meat?

393 1124 591 1181 Nonne
620 1143 798 1181 manus
830 1142 941 1180 mea
970 1125 1093 1197 fecit
1121 1123 1231 1180 Ita’c
1262 1124 1352 1197 (o)
1385 1123 1537 1196 (Esa.
1569 1142 1727 1189 LXVI,
1756 1125 1781 1182 i
1812 1136 1857 1179 et
1883 1125 1996 1198 2)?

396 1219 735 1281 lluiversitas
773 1220 897 1275 ouili
940 1219 1115 1289 palma
1159 1219 1257 1274 Dei
1302 1226 1537 1285 tenetur,
1579 1226 1634 1275 et
1673 1219 1994 1274 uniwrsiLas

388 1323 552 1370 terra:
581 1314 787 1386 pugillo
814 1312 1174 1369 concluditur.
1202 1312 1395 1369 Sermo
1420 1322 1598 1369 autem
1630 1313 1753 1377 Dei,
1782 1312 1993 1367 etiamsi

385 1406 455 1463 ad
499 1408 812 1477 opinionem
854 1406 1123 1477 religiosa:
1164 1404 1536 1474 intelligentiae
1576 1405 1826 1475 proﬁcit,
1872 1407 1992 1475 plus

387 1508 573 1556 tamen
622 1499 1032 1569 significationis
1082 1499 1443 1568 introspectus
1494 1513 1658 1555 sensu
1708 1500 1989 1565 continet,

381 1609 551 1663 quam
582 1602 840 1662 exceptus
869 1590 1055 1647 auditu
1098 1590 1257 1661 (Vide
1278 1591 1551 1662 Augustin.
1578 1591 1726 1661 epist.
1761 1605 1990 1647 cxxxvtt

379 1689 452 1747 ad
491 1686 783 1754 Volusium,
819 1703 874 1741 ιι.
914 1684 1005 1757 5).
1050 1685 1180 1741 Nam
1221 1685 1535 1741 conclusum
1577 1685 1751 1756 palma
1790 1685 1987 1741 caelum

377 1797 603 1843 rursum
637 1781 742 1835 Deo
774 1780 1004 1836 thronus
1033 1790 1147 1843 est;
1182 1788 1236 1834 et
1266 1786 1407 1834 terra
1429 1821 1443 1845 ,
1475 1795 1595 1850 qua:
1629 1779 1827 1847 pugillo
1857 1794 1989 1835 con-

2104 565 2288 628 etenint
2317 566 2444 621 illuc
2476 582 2655 629 manus
2684 576 2772 621 tua
2800 568 3013 623 deducet
3044 584 3149 636 me,
3182 577 3231 622 et
3261 567 3444 625 tenebit
3475 584 3554 624 tne
3584 570 3708 631 deny

2102 666 2212 713 tera
2240 667 2326 711 tua
2354 657 2529 729 (Ps-al.
2559 674 2800 717 cxxxvtn
2819 703 2833 723 ,
2861 661 2892 715 7
2922 670 2968 715 et
2990 661 3177 731 scqq.).
3205 660 3399 716 Nullus
3426 661 3545 721 sine
3576 662 3703 731 lioo,

2103 768 2278 825 neque
2318 753 2461 808 ullus
2502 768 2608 809 non
2651 753 2702 809 in
2749 753 2859 809 lien
2900 753 3053 809 locus
3091 761 3194 807 est.
3230 753 3287 809 lu
3317 753 3472 809 ctelis
3500 764 3577 809 est
3603 796 3618 819 ,
3652 755 3704 815 in

2102 845 2314 901 inferno
2352 852 2469 909 est,
2514 844 2652 899 ultra
2693 844 2860 899 maria
2901 855 3003 899 est.
3035 844 3186 911 inest
3213 845 3460 910 interior,
3492 845 3706 909 excedit

2100 937 2359 993 exterior.
2391 934 2467 990 lta
2509 951 2630 991 cum
2676 936 2871 1002 liabet,
2913 944 3073 1006 atque
3118 934 3378 1001 habetur;
3412 935 3486 1006 (e)
3529 952 3703 1009 nequc

2102 1029 2158 1085 in
2187 1029 2370 1095 aliquo
2402 1029 2516 1097 ipse
2539 1069 2555 1093 ,
2589 1043 2767 1097 neque
2800 1044 2906 1083 non
2936 1028 2986 1081 in
3016 1027 3270 1083 omnibus
3301 1035 3403 1082 est.

2171 1122 2226 1178 7.
2259 1121 2397 1177 Deus
2438 1122 2834 1191 pulcherrimus.
2884 1120 3016 1189 Quia
3058 1130 3355 1175 creterarnm
3387 1137 3558 1176 rerum
3584 1137 3701 1192 spe~

2095 1216 2260 1282 cient,
2294 1214 2340 1269 si
2369 1231 2472 1270 non
2497 1212 2664 1277 verba,
2695 1226 2829 1270 certe
2855 1230 3008 1268 sensu
3034 1215 3383 1285 assequinmr;
3411 1212 3503 1268 Dei
3531 1223 3697 1271 autent

2096 1312 2316 1380 speciem
2362 1318 2542 1364 neutro
2585 1310 2758 1364 modo.
2805 1339 2877 1349 —
2912 1310 3246 1377 Quamquam
3283 1310 3443 1378 igitur
3485 1307 3630 1377 nptiu
3656 1324 3703 1362 ω

2097 1406 2255 1476 hujus
2285 1418 2446 1476 atque
2474 1405 2869 1475 inexplicabilis
2895 1403 3264 1474 intelligentiae
3293 1418 3455 1458 sensu
3486 1402 3697 1459 animus

2092 1500 2387 1572 gauderet,
2417 1499 2559 1570 quod
2592 1497 2731 1559 hanc
2761 1499 2812 1552 in
2846 1505 3068 1568 parente
3097 1512 3196 1552 suo
3226 1505 3282 1551 et
3310 1505 3557 1552 creatore
3583 1496 3655 1551 int
3674 1525 3689 1536 ο

2091 1607 2294 1649 mensa:
2342 1591 2661 1647 aeternitatis
2712 1591 3031 1647 inﬁnitatetn
3075 1599 3454 1655 veneraretur;
3510 1599 3689 1647 tatnou

2092 1686 2273 1741 studio
2302 1685 2480 1741 adhuc
2508 1685 2802 1741 intentiore
2834 1686 3003 1754 ipsum
3033 1684 3177 1739 illam
3209 1684 3401 1738 inﬁniti
3432 1694 3482 1738 et
3509 1682 3701 1743 aeterni

2097 1778 2306 1833 Domini
2339 1779 2420 1832 sui
2452 1778 2689 1846 Speciem
2719 1776 2993 1848 quatrebat
3014 1818 3028 1843 ,
3064 1776 3140 1847 (f)
3173 1783 3232 1831 ut
3265 1776 3701 1845 incircutnscripn

383 1876 612 1939 tinetur,
652 1873 842 1933 eadem
883 1884 937 1928 et
974 1873 1268 1951 scabellqu
1312 1873 1506 1942 pedum
1540 1872 1657 1942 ejus
1684 1880 1800 1929 est:
1832 1888 1901 1927 ne
1930 1871 1984 1926 in
2016 1873 2064 1933 B
2093 1883 2198 1927 tant
2245 1872 2665 1931 immensitatem
2718 1871 2767 1924 in
2814 1870 2995 1937 aliquo
3041 1868 3276 1938 pulchra:
3323 1867 3696 1939 intelligentia:

378 1969 581 2035 throno
618 1975 670 2023 et
710 1967 981 2033 scabello,
1017 1964 1312 2023 secundum
1346 1966 1583 2020 habitum
1614 1964 1947 2020 considentis
1968 2006 1984 2030 ,

381 2062 655 2133 protensio
684 2062 885 2131 speciei
917 2075 1197 2129 corporea:
1230 2068 1414 2130 posset
1447 2059 1710 2130 intelligi,
1743 2075 1865 2114 cum
1895 2060 1945 2117 i-i
1968 2101 1982 2123 ,

377 2153 528 2225 quod
557 2154 657 2209 sibi
693 2152 923 2209 thronus
948 2161 1003 2210 et
1028 2152 1323 2209 seabellum
1356 2160 1440 2208 est
1460 2192 1475 2219 ,
1505 2167 1719 2206 rursum
1752 2153 1862 2221 ipsa
1896 2151 1985 2206 illa

381 2246 624 2303 inﬁnitas
649 2256 843 2316 potens
869 2246 1046 2317 palma
1075 2262 1138 2301 ac
1165 2246 1366 2315 pugillo
1392 2246 1833 2317 apprehendente
1857 2260 1988 2301 con-

376 2338 657 2405 cluderet;
698 2339 794 2395 sed
837 2351 894 2395 ut
934 2340 988 2395 in
1032 2338 1115 2394 bis
1171 2337 1383 2395 cunctis
1429 2338 1730 2409 originibus
1774 2346 1987 2393 creatu-

376 2446 566 2487 rarum
600 2433 739 2491 lleus
770 2432 909 2489 intra
937 2440 1229 2501 extraque,
1272 2438 1327 2487 et
1364 2430 1779 2500 supereminens
1817 2439 1869 2485 et
1901 2430 1984 2484 in-

378 2536 603 2591 ternus,
637 2525 709 2599 (ὁ)
743 2525 793 2581 id
832 2533 950 2591 est,
993 2526 1351 2582 circumfusus
1388 2534 1444 2581 et
1480 2522 1690 2578 inlusus
1722 2524 1774 2579 in
1805 2523 1984 2579 omnia

377 2628 725 2683 nosceretur,
750 2634 874 2683 cum
906 2627 961 2675 et
991 2619 1171 2689 palma
1202 2618 1543 2689 pugillusque
1569 2617 1856 2672 continens
1887 2634 1983 2685 po-

385 2719 642 2767 testatem
684 2718 895 2771 natura:
932 2712 1221 2769 exterioris
1259 2710 1613 2774 ostenderet;
1657 2724 1719 2764 ac
1758 2709 1985 2767 thronus

378 2810 438 2859 et
472 2802 768 2859 seabellutn
811 2803 1077 2858 substrata
1117 2816 1240 2858 esse
1284 2801 1358 2874 (ο)
1385 2813 1443 2857 ιιι
1474 2802 1687 2859 interno
1714 2801 1984 2857 exteriora

380 2905 752 2964 monstraret,
795 2914 918 2954 cum
959 2898 1231 2957 exteriora
1271 2912 1368 2953 sua
1426 2896 1651 2951 interior
1704 2896 1942 2953 insidens
1967 2937 1982 2962 ,

382 2992 504 3063 ipse
544 3008 757 3049 rursum
797 2993 1037 3055 exterior
1064 2993 1273 3051 interna
1309 2991 1691 3049 concluderet:
1722 3000 1882 3063 atque
1914 2993 1983 3049 ita

376 3092 527 3140 totus
553 3085 669 3156 ipse
695 3084 832 3140 intra
866 3096 1124 3156 extraque
1155 3100 1216 3140 se
1243 3086 1528 3140 continens
1559 3083 1823 3156 (supple,
1854 3098 1987 3138 cun-

374 3177 516 3246 cta),
547 3195 722 3249 neque
750 3178 990 3235 inﬁnitus
1015 3178 1233 3241 abesset
1260 3194 1288 3235 a
1320 3179 1564 3246 cunctis,
1595 3193 1767 3248 neque
1792 3189 1985 3235 cuncta

2091 1980 2213 2023 esse
2267 1966 2579 2037 opinaretur
2634 1975 2848 2019 ornatu.
2908 1962 2963 2021 lu
3018 1962 3217 2032 quibus
3270 1976 3393 2016 cum
3445 1962 3697 2032 religiosa

2092 2073 2247 2131 tuens
2273 2059 2409 2111 intra
2438 2055 2821 2115 imbecillitatis
2845 2070 2958 2109 sua:
2986 2054 3400 2111 concluderetur
3426 2068 3692 2119 errorem,

2095 2152 2235 2207 hunc
2282 2150 2351 2206 de
2401 2151 2511 2207 Deo
2558 2148 2936 2221 pulcherrima:
2977 2148 3260 2207 sententiae
3306 2147 3524 2204 modum
3571 2164 3696 2219 pro-

2093 2240 2325 2315 plteticis
2367 2242 2588 2300 vocibus
2626 2241 3021 2313 apprehendit:
3053 2240 3132 2299 De
3169 2241 3523 2313 magnitudine
3559 2241 3696 2297 enim

2090 2354 2301 2408 operum
2325 2379 2339 2402 ,
2392 2346 2439 2395 et
2479 2335 2859 2408 pulchritudine
2899 2346 3291 2401 creaturarum,
3333 2345 3699 2407 consequenter

2089 2434 2476 2505 generationunt
2519 2434 2757 2493 conditor
2787 2433 3099 2505 conspicitur
3133 2433 3298 2502 (Sap.
3333 2448 3457 2500 snt,
3489 2430 3560 2498 5,
3592 2447 3696 2486 sec.

2091 2543 2193 2583 us
2213 2530 2253 2595 ).
2285 2530 2601 2597 Magnorum
2627 2537 2844 2583 creator
2868 2527 2920 2581 in
2951 2526 3199 2583 iuaximis
3224 2533 3338 2590 est,
3367 2535 3421 2582 et
3444 2521 3697 2594 pulcher-

2090 2624 2351 2677 rimorum
2382 2623 2635 2678 conditor
2668 2622 2720 2676 in
2752 2620 3126 2690 pulcherrimis
3156 2628 3261 2675 est.
3305 2620 3371 2675 Et
3400 2616 3523 2673 cum
3564 2632 3696 2673 sen-

2089 2731 2208 2769 sum
2252 2716 2424 2784 ipsuni
2468 2716 2546 2784 (g)
2591 2713 2899 2782 egrediatur
2943 2710 3217 2781 operatio,
3258 2725 3474 2766 omnem
3517 2720 3697 2765 tamen

2089 2823 2307 2865 sensum
2331 2808 2488 2876 longe
2509 2820 2730 2861 necesse
2750 2815 2833 2861 est
2852 2803 3078 2860 excedat
3099 2811 3374 2872 operator.
3400 2800 3688 2857 Pulchrum

2091 2901 2272 2969 itaque
2303 2900 2499 2956 coelum
2525 2940 2540 2964 .
2571 2898 2761 2964 aitlter,
2811 2908 2950 2952 terra
2974 2937 2988 2959 ,
3032 2896 3197 2951 maria
3222 2937 3238 2961 ,
3279 2905 3334 2951 et
3372 2895 3698 2950 universitas

2090 2995 2267 3049 omnis
2296 3003 2411 3060 est,
2440 3008 2561 3063 quae
2589 3007 2655 3047 ex
2686 2997 2880 3046 ornatu
2909 3004 3041 3055 suo,
3073 2998 3129 3043 ut
3158 2988 3321 3044 etiam
3348 2986 3555 3045 Graecis
3582 2987 3696 3056 pla~

2090 3097 2215 3155 cet,
2247 3087 2409 3158 digne
2438 3086 2657 3159 κόσμος,
2694 3085 2743 3140 id
2785 3092 2898 3149 est,
2940 3082 3172 3138 mundus
3212 3082 3511 3152 nuncupari
3548 3081 3701 3137 vide-

2092 3190 2197 3239 tur.
2247 3181 2353 3239 Sed
2397 3181 2440 3235 si
2494 3182 2632 3234 hanc
2674 3179 2844 3246 ipsam
2891 3192 3071 3232 rerum
3115 3175 3569 3245 pulchritudinem
3614 3175 3685 3229 ita

301 3282 323 3351 χ
375 3270 425 3324 ei
465 3270 560 3340 qui
603 3270 841 3326 inﬁnitus
883 3280 970 3327 est
1007 3288 1113 3326 non
1149 3272 1406 3327 inessent.
1445 3271 1539 3331 llis
1578 3272 1739 3342 igitur
1769 3271 1987 3341 religio-
2013 3270 2056 3333 C
2091 3290 2285 3331 sensus
2326 3273 2554 3329 naturali
2595 3274 2814 3329 metitur
2855 3272 3143 3338 instinctu,
3187 3272 3436 3326 utetiam
3468 3270 3524 3326 in
3553 3286 3687 3339 qua-

374 3363 616 3419 sissimis
645 3363 713 3419 de
742 3364 850 3418 Deo
875 3365 1221 3432 Opinionibus
1246 3365 1357 3421 veri
1387 3364 1564 3420 studio
1590 3364 1843 3419 detentus
1870 3364 1989 3417 ani-

376 3472 503 3510 mus
542 3456 933 3513 delectabatur.
976 3457 1161 3530 Neque
1210 3458 1354 3515 enim
1403 3457 1548 3514 aliud
1599 3457 1725 3528 quid
1770 3458 1989 3527 dignum

381 3564 510 3605 esse
556 3550 667 3605 Deo
704 3550 1095 3618 arbitrabatur,
1134 3567 1295 3623 quam
1336 3551 1409 3607 ita
1450 3567 1572 3608 eum
1613 3552 1753 3607 ultra
1794 3552 1994 3607 intelli-

381 3642 601 3711 gentias
648 3657 825 3698 rerum
856 3658 1013 3710 esse,
1054 3653 1113 3698 ut
1155 3644 1209 3699 in
1250 3655 1509 3715 quantum
1549 3660 1609 3701 se
1648 3645 1724 3700 ad
1754 3644 1988 3712 aliquem

377 3744 730 3806 pursuinptze
787 3737 913 3793 licet
964 3738 1237 3808 opinionis
1294 3737 1511 3794 modum
1573 3753 1726 3795 mens
1784 3739 1990 3795 inﬁnita

380 3828 772 3897 protenderet,
806 3830 860 3885 in
893 3839 1099 3887 tantum
1128 3846 1347 3889 omnem
1386 3832 1757 3902 persequentis
1796 3848 1856 3889 se
1895 3848 1989 3888 na-

380 3928 521 3974 tum":
576 3921 895 3977 inﬁnitatem
950 3922 1196 3979 inﬁnitas
1250 3923 1619 3981 immoderatte
1672 3926 1990 3982 teternitatis

373 4014 691 4071 excederet.
736 4016 892 4084 Quod
932 4032 1056 4073 cum
1087 4035 1116 4071 a
1149 4018 1308 4075 nobis
1338 4019 1425 4089 pie
1464 4020 1876 4091 intelligeretur,
1909 4030 1989 4076 ta-

374 4124 505 4165 men
539 4124 566 4162 ιι
600 4109 863 4181 propheta
898 4110 1013 4165 haec
1054 4112 1124 4166 ita
1153 4112 1449 4184 edicente
1480 4112 1762 4169 manifeste
1791 4114 1987 4169 conﬁr-

375 4202 664 4256 mabatur:
698 4201 811 4269 Quo
840 4201 922 4276 (ὁ)
956 4203 1103 4257 abibo
1132 4221 1163 4257 a
1191 4205 1376 4275 spiritu
1407 4215 1495 4259 tuo
1514 4247 1529 4270 ,
1561 4214 1650 4258 aut
1678 4222 1707 4257 tl
1738 4205 1869 4276 facie
1899 4215 1988 4262 tua

370 4310 477 4362 quo
509 4294 750 4365 fugiam?
787 4294 851 4350 Si
893 4295 1207 4350 ndscendero
1248 4297 1301 4351 in
1343 4296 1556 4364 cretum,
1591 4307 1645 4351 tu
1681 4297 1789 4351 illic
1819 4315 1907 4364 es;
1942 4299 1989 4354 si

372 4387 695 4441 descendere
721 4387 776 4442 in
805 4390 1101 4460 infernum,
1134 4398 1183 4443 et
1212 4389 1281 4444 ibi
1308 4390 1451 4444 ades.
1477 4388 1540 4447 Si
1561 4406 1834 4460 sumpsero
1861 4408 1988 4463 pen-

449 4582 533 4657 (a)
566 4583 621 4638 In
648 4583 853 4655 aliquot
878 4599 1005 4641 mss.
1039 4586 1251 4641 additur
1282 4585 1367 4658 hic
1393 4587 1600 4651 omnia,
1631 4588 1773 4658 quod
1804 4599 1860 4647 et
1889 4591 1986 4646 ha-

2095 3367 2340 3422 rutndam
2365 3366 2646 3421 volucrum
2672 3381 2734 3420 ac
2756 3364 3015 3435 pecudum
3038 3364 3233 3419 accidit
3254 3362 3456 3433 specie,
3476 3370 3536 3417 ut
3555 3362 3684 3418 dum

2094 3456 2228 3513 infra
2261 3457 2582 3513 sententiam
2615 3473 2797 3511 sermo
2823 3465 2941 3521 est,
2973 3471 3165 3513 sensus
3204 3468 3381 3511 tamen
3422 3456 3471 3513 id
3515 3456 3686 3524 ipsum

2094 3550 2401 3620 intelligens
2430 3564 2536 3611 non
2564 3550 2884 3619 eloquatur;
2912 3549 3055 3619 quod
3085 3557 3260 3605 tamen
3288 3563 3497 3603 rursum
3515 3587 3532 3614 ,
3562 3547 3688 3601 dunt

2093 3659 2273 3700 sermo
2304 3644 2481 3699 onmis
2508 3657 2572 3698 ex
2607 3657 2769 3699 sensu
2802 3652 2881 3699 est
2902 3684 2916 3708 ,
2948 3656 3140 3697 sensus
3167 3641 3270 3696 sibi
3299 3642 3414 3709 ipse
3440 3640 3691 3711 loquatur

2092 3738 2436 3809 iutelligem:
2479 3752 2658 3794 nonne
2704 3737 2865 3805 hujus
2908 3738 3078 3806 ipsius
3119 3734 3533 3806 pulchritudinis
3575 3734 3681 3789 Do-

2092 3833 2298 3889 ntinum
2342 3846 2566 3888 necesse
2609 3841 2691 3886 est
2734 3831 2900 3886 totius
2951 3827 3369 3900 pulchritudinis
3412 3839 3533 3880 esse
3578 3825 3691 3891 rqu

2091 3927 2418 3983 cherrimum
2450 3926 2711 3996 intelligi;
2743 3934 2800 3979 ut
2830 3940 2952 3978 cum
2981 3924 3171 3979 aeterni
3201 3929 3424 3975 ornatus
3453 3918 3535 3973 sui
3563 3933 3689 3987 spe-

2091 4022 2202 4076 cies
2232 4035 2453 4079 sensum
2479 4017 2853 4087 intelligentize
2884 4018 3059 4073 omnis
3091 4014 3345 4085 emigiat.
3381 4012 3690 4081 opinionem

2092 4122 2272 4169 tamen
2320 4112 2689 4181 intelligentia:
2731 4125 2923 4165 sensus
2965 4125 3073 4164 non
3119 4108 3385 4177 relinquat
3432 4103 3693 4158 ornatus?

2089 4203 2267 4276 Atque
2302 4204 2370 4258 ita
2401 4202 2801 4275 pulcherrimus
2846 4201 2988 4256 Deus
3027 4208 3113 4255 est
3148 4196 3523 4254 conﬁtendus:
3553 4197 3604 4269 7
3637 4205 3695 4250 ιιι

2090 4313 2266 4368 neque
2311 4299 2453 4351 intra
2496 4298 2820 4351 sententiam
2870 4291 2951 4365 (It)
2999 4293 3073 4350 sit
3118 4291 3485 4364 intelligendi,
3518 4305 3693 4361 neque

2089 4400 2240 4446 extra
2271 4380 2706 4465 intelligeittiaét;
2727 4385 3061 4479 ςιιειιιξὲειιὶςίτἶ
3286 4410 3402 4477 τις
3444 4416 3462 4435 .

2088 4590 2866 4667 internas.sumptamrusula
2886 4601 3069 4667 ’παντο
3100 4591 3255 4667 velet-

374 4655 513 4711 beut
535 4671 669 4722 us,
700 4658 766 4709 de
826 4659 977 4713 uibus
999 4658 1122 4713 licet
1142 4658 1284 4713 dicat
1306 4657 1538 4713 Hilarius
1560 4659 1610 4713 itt
1637 4655 1767 4726 psal.
1790 4677 1979 4729 CXVIII,

376 4727 460 4782 Iit.
493 4725 559 4782 4.
592 4745 646 4780 ιι.
680 4728 713 4782 6
743 4746 753 4778 :
788 4673 953 4782 globis
981 4745 1142 4782 neque
1170 4740 1333 4782 tutum
1358 4739 1432 4782 est
1463 4732 1845 4782 translationem
1878 4749 1976 4782 tu

2159 4664 2241 4731 (ά)
2276 4655 2455 4719 νοιίιῖςξ
2477 4655 2866 4735 ἓρᾴἒςέςξιξιῖέ
2886 4655 3421 4733 Ξιείἱὶῑιιθξ”ριάουξίιο;
3452 4662 3713 4739 υωιίιιιιιζ

2093 4735 2249 4782 lectio
2277 4735 2685 4782 tr'aat.:itf.1isal.
2706 4738 2990 4782 istrxn'ttiv".
3023 4734 3407 4782 exlttbetttrg"
3444 4738 3459 4776 ἐ
3524 4738 3537 4777 ἐ
3570 4742 3585 4782 Ι
3650 4744 3665 4782 3
3698 4764 3707 4767 -

376 4727 460 4797 lit.
493 4725 559 4793 4,
592 4745 646 4780 ιι.
680 4728 713 4782 6
743 4746 753 4778 :
789 4725 953 4783 Nobis
981 4745 1142 4797 neque
1170 4740 1333 4784 tutum
1358 4739 1432 4785 est
1463 4725 1845 4787 translationem
1878 4725 1976 4789 us

378 4796 736 4872 Interpretum
762 4796 1088 4872 transgredi:
1106 4802 1213 4872 hos
1246 4811 1422 4855 tamen
1456 4801 1508 4857 itt
1554 4802 1732 4858 dubiis
1773 4814 1977 4860 tantum

378 4884 445 4925 ac
472 4867 786 4927 difﬁcilibus
815 4867 947 4927 locis
978 4871 1197 4941 pra-fert
1222 4913 1236 4937 ,
1267 4887 1387 4928 cum
1418 4873 1634 4927 latinam
1678 4877 1977 4933 versionem

377 4943 538 5011 sequi
584 4942 783 5005 soleat.
827 4958 891 4999 ac
932 4943 1166 4998 maxime
1191 4943 1329 5016 hic,
1376 4945 1467 5003 ubi
1510 4945 1804 5001 secundum
1838 4963 1974 5016 cxx,

379 5028 625 5077 nanque,
659 5028 755 5081 pro
788 5030 953 5069 nonne
985 5015 1298 5070 vertendum
1329 5016 1377 5070 ei
1414 5016 1621 5071 luisset.

449 5083 532 5153 (ὁ)
572 5084 786 5155 Aliquot
828 5101 955 5142 mss.
992 5102 1113 5160 cum
1144 5088 1402 5160 vulgatis,
1436 5086 1571 5143 idem
1599 5089 1977 5160 circumfusus,

375 5163 434 5210 ct
478 5169 641 5220 nios,
684 5173 798 5211 cum
835 5167 883 5212 et
929 5159 1100 5226 palnto
1142 5158 1437 5228 pugilloque
1476 5158 1979 5215 continensfcasti-

375 5236 580 5295 gantur
604 5242 668 5281 ex
699 5229 1080 5283 vetustioribus
1108 5230 1278 5284 libris.
1307 5229 1476 5283 Verba
1505 5229 1685 5285 llilarii
1711 5231 1981 5287 illustrant

379 5299 501 5352 btet:
531 5296 777 5368 Gregorii
810 5299 902 5353 lib.
941 5316 973 5356 ιι
1008 5301 1195 5355 Mural.
1219 5342 1233 5362 ,
1268 5315 1318 5355 c.
1348 5302 1414 5355 8:
1448 5297 1640 5355 Cretum
1669 5302 1840 5369 palmo
1870 5322 1974 5358 nte-

377 5374 550 5445 tiens.
573 5380 643 5445 _¢t
682 5383 877 5445 terram
916 5372 1116 5443 pugillo
1158 5372 1467 5429 concludens
1509 5373 1813 5442 ostenditur,
1844 5375 1981 5445 quod

374 5442 494 5509 ipse
539 5441 603 5496 sit
648 5441 1042 5516 circumquaque
1083 5447 1232 5498 rebus
1261 5461 1387 5516 quas
1416 5448 1604 5499 creauit
1632 5441 1895 5500 exterior:
1926 5447 1981 5501 id

376 5528 625 5580 namque,
665 5514 805 5584 quod
843 5518 1066 5569 exterius
1094 5514 1437 5579 concluditur,
1470 5533 1503 5570 a
1531 5516 1865 5573 concludentc
1890 5534 1981 5579 ea:-

374 5584 541 5659 tcrilts
568 5587 875 5659 continetur.
914 5586 1015 5641 l’er
1041 5586 1213 5642 sedem
1239 5603 1384 5659 ergo,
1416 5588 1499 5640 cui
1524 5588 1768 5659 praesidet
1788 5631 1801 5649 ,
1833 5591 1979 5644 intel-

374 5655 562 5730 ligitur
586 5672 698 5711 esse
724 5658 937 5730 interius
962 5675 1257 5728 supraque;
1288 5655 1379 5718 per
1408 5658 1660 5730 pugillum
1681 5700 1694 5725 ,
1725 5676 1826 5730 quo
1854 5677 1980 5715 con-

374 5728 544 5799 tinet,
570 5728 795 5799 exterius
823 5728 1092 5799 subterque
1118 5732 1370 5799 signatur.

448 5795 532 5868 (ε)
564 5798 754 5872 Editio
768 5801 887 5855 Par.
918 5795 1038 5872 cum
1065 5795 1381 5872 quibusdam
1410 5819 1514 5857 non
1544 5802 1814 5857 inferioris
1842 5812 1981 5859 notzn

374 5883 519 5926 usus.
550 5878 607 5925 ut
634 5871 687 5925 in
713 5869 916 5928 throno.
945 5869 1110 5944 Magis
1137 5876 1426 5945 probamus
1455 5890 1576 5931 cum
1605 5875 1723 5931 aliis
1748 5875 1900 5932 libris
1928 5885 1984 5931 ut

2086 4735 2249 4791 lectio
2277 4735 2685 4798 tr'aet.:itt.psal.
2706 4734 2991 4803 cumulis“,
3023 4734 3345 4801 exhibetur-.3
3365 4748 3407 4788 ':
3444 4738 3465 4804 ᾖ
3510 4738 3537 4804 ξ
3570 4742 3593 4804 ς,
3647 4744 3665 4804 Δ;
3696 4734 3707 4798 ξ

2161 4804 2232 4879 (ε)
2265 4805 2413 4861 Unus
2450 4821 2481 4859 θ
2518 4796 2673 4860 Coll».
2715 4796 2879 4879 mss.,
2914 4796 3432 4879 nequesine'tilitjub.
3454 4796 3771 4879 “Abire?”

2087 4876 2384 4941 cettt’tores,
2417 4892 2577 4943 neque
2605 4893 2703 4931 non
2732 4878 2783 4929 in
2825 4879 3019 4944 aliqua.
3060 4876 3246 4929 Melius
3285 4877 3436 4929 abest
3474 4891 3576 4927 non
3618 4877 3686 4928 ab

2088 4950 2299 5004 excusis
2326 4957 2381 5002 et
2415 4948 2806 5015 antiquioribus
2847 4963 2978 5001 mss.
3019 4947 3150 5001 Nam
3192 4952 3453 5014 quatenus
3492 4945 3685 5015 habet,

2090 5035 2195 5074 non
2231 5023 2344 5089 ipse
2390 5022 2440 5072 in
2480 5020 2663 5088 aliquo
2700 5019 2966 5089 inclusus;
3007 5018 3103 5072 Sed
3141 5018 3369 5083 quodvis
3410 5025 3586 5087 potius
3628 5019 3680 5073 in

2091 5088 2344 5162 ipsoest:
2377 5100 2639 5158 quatenus
2670 5104 2799 5144 vero
2829 5088 3078 5162 habetur,
3112 5088 3163 5143 in
3195 5089 3447 5144 omnibus
3475 5097 3576 5162 est.

2161 5161 2228 5233 (Ῑ)
2262 5163 2390 5216 Bad.
2424 5169 2479 5215 et
2514 5162 2604 5216 Er.
2636 5170 2693 5216 ut
2721 5177 2894 5233 unum.
2936 5161 3084 5227 Lips.
3135 5166 3192 5215 et
3240 5162 3359 5216 Par.
3409 5170 3465 5215 ut
3512 5161 3677 5214 illam.

2087 5232 2275 5299 Neque
2299 5250 2454 5286 unam
2484 5249 2657 5302 neque
2687 5232 2834 5285 illam
2865 5234 3059 5287 habent
3092 5247 3224 5288 mss.

2158 5306 2235 5377 (g)
2269 5305 2438 5371 Etliti,
2471 5305 2917 5378 supergrediatur:
2944 5304 3146 5360 nullius
3174 5304 3371 5359 veteris
3402 5302 3521 5359 libri
3550 5318 3678 5359 auc-

2087 5383 2326 5433 toritate.
3356 5422 3369 5431 ,

2158 5447 2239 5521 (Ιι)
2285 5447 2339 5502 ld
2382 5456 2497 5521 est,
2540 5448 2665 5503 licet
2712 5447 3165 5515 pulchritudinem
3207 5447 3351 5521 illius
3387 5460 3455 5501 ne
3490 5448 3686 5503 intem-

2086 5518 2279 5590 gentia:
2309 5519 2524 5588 quidem
2554 5533 2717 5590 sensu
2744 5521 3186 5586 complectimur,
3216 5518 3460 5587 adeoque
3487 5536 3591 5574 non
3618 5522 3688 5575 sit

2088 5589 2223 5645 intra
2244 5592 2543 5646 sententiam
2566 5589 2916 5662 intelligendi;
2933 5604 3126 5662 sensus
3148 5598 3326 5646 tamen
3350 5591 3516 5646 dictat
3537 5608 3681 5658 eunt,

2086 5663 2176 5731 qui
2203 5663 2271 5716 ita
2301 5675 2511 5731 captum
2538 5678 2693 5718 suum
2717 5661 2966 5729 superat,
2993 5661 3399 5729 intelligendum
3428 5678 3546 5718 esse
3572 5664 3687 5730 pul-

2088 5733 2444 5808 cherrimum:
2474 5750 2580 5808 qua
2607 5736 2813 5808 ratione
2845 5733 2935 5788 Dei
2963 5735 3305 5808 species‘pon
3332 5745 3415 5791 est
3437 5746 3578 5790 extra
3603 5735 3686 5786 in-

2090 5806 2419 5933 tqlligentiam
2453 5805 2736 5872 sentiendi,
2777 5815 2934 5875 puta,
2973 5822 3093 5862 eam
3129 5805 3251 5864 esse
3280 5811 3518 5863 omnium
3564 5808 3682 5878 pul-

2090 5892 2119 5933 c
2142 5891 2435 5933 territuam.

2089 5891 2435 5936 cuerrnuam.
