4118 6186
464 277 531 339 Si
1684 281 1931 341 SANCTI
1974 283 2235 342 lilLAllll
2273 284 2585 341 EPISCOPI

3708 286 3783 343 52

545 403 600 460 8.
635 400 774 457 Deus
803 401 1196 475 intelligentiam
1224 400 1471 457 excedens
1498 401 1602 472 fide
1632 402 1977 474 attingendus.
2003 431 2071 444 --
2096 404 2149 464 Α
2177 404 2260 457 cui
2301 419 2484 459 nomen
2524 410 2632 458 erat
2659 400 2907 457 Joannes.
2947 400 3045 456 llic
3074 403 3206 458 venit
3235 403 3287 457 in
3320 402 3660 459 testimonium
3680 445 3693 469 ,
3726 417 3786 461 ut

473 493 573 553 Bis
603 495 784 566 itaque
818 499 918 565 pia:
947 494 1219 565 opinionis
1247 501 1408 565 atque
1438 494 1699 550 doctrinze
1739 493 1931 550 studiis
1957 495 2076 550 auio

474 600 598 643 mus
642 587 919 652 imbutus,
969 588 1020 641 in
1067 600 1285 643 secessu
1331 586 1565 658 quodam
1605 601 1669 642 ac
1709 587 1923 657 Specula
1955 586 2081 657 pul-

476 678 767 735 cherrima:
818 678 978 745 hujus
1024 677 1311 733 sententia:
1358 676 1768 747 requiescebat,
1821 693 1929 733 non
1974 677 2076 734 sibi

474 771 721 828 relictura
755 771 1047 842 quidquam
1078 771 1225 826 aliud
1256 786 1286 825 a
1317 762 1634 826 natura'sua
1666 771 1991 842 intelligens,
2022 771 2076 826 in

477 880 585 937 quo
630 866 802 935 majus
848 865 1082 919 ofﬁcium
1124 873 1386 936 prtestare
1423 864 1703 920 Conditori
1735 880 1835 919 suo
1865 864 1943 937 (a)
1975 864 2078 918 mi-

477 972 648 1012 nusve
674 965 889 1029 posset,
920 973 1081 1028 quam
1110 967 1167 1012 ut
1196 966 1398 1012 tantunt
1428 973 1551 1012 eum
1577 972 1698 1013 esse
1723 958 2081 1028 intelligeret,

472 1064 709 1121 quantus
734 1059 789 1105 et
815 1048 1037 1119 intelligi
1070 1066 1174 1103 non
1207 1059 1420 1119 potest,
1451 1057 1507 1104 et
1536 1059 1710 1121 potest
1735 1049 1915 1105 credi:
1948 1049 2076 1105 dum

477 1143 889 1215 intelligentiam
922 1156 973 1198 et
1005 1142 1137 1199 ﬁdes
1165 1144 1268 1200 sibi
1312 1146 1632 1200 necessariae
1675 1146 1954 1217 religionis
1994 1161 2083 1202 as-

480 1239 645 1294 sumit
667 1279 682 1304 ,
716 1248 769 1294 et
802 1237 1040 1293 inﬁnitas
1071 1250 1289 1294 aeterna:
1319 1239 1602 1309 potestatis
1631 1239 1864 1296 excedit.

547 1330 602 1386 9.
652 1329 717 1383 In
754 1330 1151 1386 immortalitatis
1190 1347 1328 1401 spem
1368 1332 1590 1403 assurgit
1630 1330 1886 1387 Hilarius.
1935 1330 2083 1386 Hanc

478 1423 611 1477 ratio
627 1423 741 1494 ipsa
771 1424 815 1477 ei
840 1423 1040 1477 suadet.
1065 1451 1138 1464 --
1159 1423 1582 1480 Suberatautem
1611 1424 1863 1479 omnibus
1885 1424 1968 1479 his
1989 1440 2085 1479 ua-

480 1514 672 1568 turalis
702 1513 879 1569 adhuc
905 1530 1099 1569 sensus
1121 1557 1135 1580 ,
1169 1522 1226 1569 ut
1267 1517 1481 1586 pietatis
1522 1515 1915 1587 professionem
1959 1532 2084 1586 Spes

477 1605 660 1676 aliqua
689 1606 1018 1679 incorruptae
1059 1608 1409 1665 beatitudinis
1447 1612 1654 1676 aleret,
1697 1625 1857 1681 quam
1899 1620 2083 1666 saneta

477 1696 547 1753 de
578 1698 690 1753 Deo
716 1700 902 1769 Opinio
933 1711 986 1756 et
1019 1702 1143 1756 boni
1185 1717 1365 1758 mores
1394 1703 1626 1773 quodam
1666 1705 1905 1760 victricis
1945 1706 2087 1760 mili-

2180 495 2523 550 testimonium
2551 494 2834 567 perhiberet
2865 495 2927 548 de
2956 495 3167 549 lumine.
3214 493 3337 549 Non
3374 505 3483 550 erat
3524 496 3614 550 ille
3654 498 3743 552 lus:
3763 541 3780 566 ,

2179 587 2270 642 sed
2297 596 2350 639 ut
2378 587 2720 641 testimonium
2748 587 3030 651 perhiberet
3056 591 3119 641 de
3143 587 3351 643 lumine.
3379 586 3512 643 Erat
3531 589 3625 644 lux
3643 607 3784 656 vera,

2180 693 2297 748 quw
2318 677 2579 733 illuminat
2602 695 2799 734 omnem
2824 680 3075 734 hominem
3102 681 3378 735 venientem
3404 683 3457 735 in
3480 681 3617 737 hunc
3639 701 3789 738 utun—

2181 772 2323 825 dum.
2352 768 2431 842 (ά)
2457 769 2524 825 1η
2545 772 2735 825 mundo
2762 782 2889 838 erat,
2923 783 2968 827 et
2994 776 3213 827 mundus
3249 791 3339 844 per
3359 791 3471 828 eum
3499 777 3667 846 factus
3686 786 3786 842 est,

2182 871 2229 917 et
2257 864 2479 916 mundus
2507 878 2621 916 eum
2654 880 2755 917 non
2785 865 3037 934 cognovit.
3072 863 3098 917 1
3108 881 3141 917 ιι
3169 880 3261 918 sua
3287 866 3417 918 venit
3438 907 3453 930 ,
3486 876 3532 919 et
3561 867 3643 920 sui
3672 883 3788 921 eum

2182 970 2284 1009 non
2323 966 2637 1024 receperunt.
2677 956 2933 1027 Quotquot
2964 965 3132 1011 autem
3161 965 3460 1027 receperunt
3492 974 3606 1011 eum
3631 1000 3647 1023 ,
3694 964 3785 1012 de-

2183 1046 2257 1100 dit
2286 1047 2356 1100 eis
2384 1057 2684 1115 potestatem
2710 1047 2846 1117 ﬁlios
2876 1048 2970 1101 Dei
2999 1048 3113 1118 ﬁeri
3132 1089 3147 1113 ,
3175 1049 3240 1102 iis
3263 1049 3349 1117 qui
3374 1048 3582 1103 credunt
3609 1050 3663 1103 in
3689 1066 3788 1103 no-

2183 1138 2318 1191 mine
2346 1141 2493 1208 ejus:
2521 1140 2608 1209 qui
2636 1154 2739 1192 non
2773 1136 2846 1210 (e)
2890 1155 2951 1192 ea:
2989 1140 3271 1210 sanguine,
3313 1157 3470 1209 neque
3506 1157 3568 1195 ea:
3605 1141 3785 1195 uolun-

2185 1239 2288 1285 tate
2316 1232 2443 1297 viri,
2476 1248 2636 1298 neque
2664 1248 2725 1286 ea:
2751 1233 3011 1286 voluntate
3049 1234 3252 1299 carnis,
3297 1236 3387 1287 sed
3423 1250 3487 1289 ex
3530 1234 3635 1289 Deo
3676 1235 3782 1290 nati

2184 1333 2320 1377 sunt.
2356 1323 2425 1378 Et
2462 1323 2680 1378 Verbum
2710 1342 2830 1379 caro
2861 1326 3052 1394 factum
3093 1337 3201 1393 est,
3234 1336 3280 1381 et
3319 1326 3564 1382 habitavit
3605 1331 3657 1383 in
3698 1346 3790 1384 no-

2187 1418 2301 1471 bis:
2330 1429 2375 1471 et
2405 1418 2624 1472 vidimus
2650 1418 2870 1489 gloriam
2900 1422 3011 1491 ejus
3033 1461 3045 1483 ,
3077 1419 3295 1491 gloriam
3323 1430 3582 1490 tamquam
3611 1422 3793 1492 unige-

2186 1511 2283 1564 niti
2307 1526 2339 1563 a
2369 1509 2561 1579 Patre,
2592 1510 2796 1579 plenum
2824 1514 2990 1582 gratia
3014 1522 3060 1567 et
3089 1513 3297 1567 veritate
3322 1511 3501 1583 (Joan.
3531 1530 3577 1581 t,
3608 1514 3791 1588 1-H).

2188 1601 2408 1658 Proﬁcit
2440 1619 2591 1658 meus
2623 1604 2760 1658 ultra
2804 1606 3066 1659 naturalis
3103 1620 3296 1661 sensus
3339 1607 3748 1677 intelligentiam
3773 1651 3789 1678 ,

2189 1704 2246 1752 et
2271 1697 2390 1767 plus
2411 1696 2478 1752 de
2504 1697 2614 1752 Deo
2641 1713 2797 1767 quam
2826 1699 3147 1769 opinabatur
3173 1698 3447 1754 edocetur.
3477 1700 3792 1757 Creatorem

480 1789 570 1844 tite
591 1791 862 1861 stipendio
888 1805 1250 1851 mererentur.
1280 1796 1464 1866 Neque
1489 1797 1633 1851 enim
1660 1796 1866 1853 fructus
1889 1799 2084 1869 aliquis

2202 1789 2333 1843 enim
2366 1804 2525 1843 suum
2561 1789 2726 1844 Deum
2759 1806 2825 1844 ex
2869 1791 2978 1845 Deo
3017 1790 3206 1845 discit:
3237 1791 3473 1856 Veritum
3512 1794 3713 1862 lit-um,
3742 1802 3798 1851 et

481 1892 656 1949 esset,
691 1884 830 1939 bene
874 1884 941 1940 de
989 1885 1098 1941 Deo
1143 1886 1388 1955 Opinari:
1437 1904 1562 1943 cum
1606 1904 1821 1945 omnem
1866 1906 2084 1946 sensum

480 1988 632 2029 mors
678 1978 1009 2045 perimeret,
1061 1987 1117 2033 et
1167 1994 1392 2034 occasus
1434 1981 1651 2049 quidam
1703 1996 1910 2038 naturae
1955 1983 2090 2040 deﬁ—

483 2066 680 2123 cientis
711 2069 973 2126 aboleret.
1008 2071 1177 2129 Porro
1207 2083 1385 2129 autem
1418 2090 1522 2129 non
1564 2091 1686 2130 θεμθ
1728 2077 1831 2133 hoc
1867 2078 2087 2149 dignum

485 2159 598 2216 Deo
647 2161 783 2217 ratio
832 2162 947 2233 ipsa
999 2165 1294 2233 suadebat,
1343 2165 1632 2223 deduxisse
1680 2184 1802 2223 eum
1850 2168 1904 2224 in
1952 2169 2091 2227 hanc

486 2252 799 2325 participem
830 2257 1041 2311 consilii
1066 2257 1470 2329 prudentiaeque
1494 2260 1653 2314 vitam
1686 2260 1957 2318 hominem
1989 2263 2091 2318 sub

483 2342 785 2401 defectione
830 2347 1044 2404 vivendi
1083 2358 1139 2405 et
1175 2351 1480 2407 teteruitate
1522 2352 1820 2408 moriendi:
1856 2355 1995 2409 utin
2038 2355 2087 2409 id

484 2444 693 2492 tantum
734 2439 810 2510 (b)
852 2455 959 2495 nou
1001 2443 1273 2499 exsistens
1312 2444 1753 2508 substitueretur.
1786 2462 1852 2502 ne
1891 2447 2093 2503 subsli-

487 2535 639 2584 tutus
680 2534 1003 2598 exsisteret;
1035 2550 1155 2590 cum
1199 2537 1600 2594 constitutionis
1638 2548 1837 2595 nostra!
1874 2556 1937 2595 ea
1977 2542 2090 2596 sola

486 2638 608 2679 esse
637 2626 775 2680 ratio
806 2626 1212 2698 intelligeretur,
1244 2641 1301 2685 ut
1328 2630 1471 2701 quod
1502 2645 1611 2687 non
1642 2640 1787 2688 esset
1825 2648 1944 2689 esse
1981 2647 2094 2690 cm-

492 2716 660 2788 pisset
685 2760 700 2784 ,
734 2734 840 2774 non
871 2729 928 2774 ut
957 2720 1099 2791 quod
1130 2724 1386 2793 cmpisset
1413 2739 1535 2781 esse
1567 2741 1672 2780 non
1702 2732 1869 2782 esset.

563 2810 651 2866 10.
696 2811 856 2886 Spem
892 2830 953 2869 ac
987 2812 1081 2869 Dei
1119 2818 1357 2872 notitiam
1393 2830 1545 2890 auget
1586 2819 1809 2875 Joannis
1850 2820 2091 2893 Evange-

485 2902 634 2957 lium.
657 2934 731 2945 —
753 2904 1099 2978 Fatigabatur
1125 2917 1303 2965 autem
1332 2912 1565 2979 animus,
1596 2916 1788 2982 partim
1819 2929 1939 2978 suo,
1973 2929 2095 2982 par-

484 2998 580 3051 tim
612 3000 857 3068 corporis
887 3008 1055 3057 metu.
1101 3002 1201 3072 Qui
1232 3019 1353 3058 cum
1398 3015 1454 3061 et
1492 3017 1829 3063 constantem
1872 3016 2095 3063 senten-

487 3090 616 3145 tiam
647 3106 796 3147 suam
831 3092 914 3163 pia
944 3094 1012 3149 de
1046 3096 1153 3152 Deo
1179 3097 1513 3165 professione
1543 3101 1799 3156 retineret
1821 3140 1836 3163 ,
1866 3108 1922 3157 et
1946 3101 2095 3155 solli-

2190 1882 2330 1953 apud
2367 1883 2531 1937 Deum
2564 1884 2615 1938 in
2650 1883 2910 1953 principio
2939 1899 3058 1939 esse
3085 1884 3253 1940 audit.
3299 1885 3481 1940 Mundi
3525 1887 3703 1942 lumen
3739 1888 3793 1942 in

2193 1975 2394 2030 mundo
2426 1989 2681 2041 manens,
2713 1982 2768 2029 ct
2795 1991 2826 2030 a
2858 1975 3058 2030 mundo
3089 1992 3194 2030 non
3227 1977 3565 2048 recognitum
3600 1979 3801 2034 intelli-

2190 2067 2286 2137 git.
2319 2065 2638 2122 Venientem
2666 2082 2879 2137 quoque
2908 2069 2957 2122 in
2988 2083 3083 2123 sua
3104 2109 3118 2134 ,
3152 2083 3180 2122 a
3209 2069 3321 2123 suis
3349 2085 3455 2125 non
3484 2080 3758 2141 receptum
3782 2089 3797 2127 :

2193 2159 2517 2230 recipientes
2547 2169 2724 2216 autem
2759 2162 2860 2217 sub
2890 2161 3011 2218 ﬁdei
3041 2176 3153 2217 suae
3194 2163 3387 2217 merito
3427 2166 3480 2217 iu
3526 2164 3618 2219 Dei
3660 2164 3801 2220 ﬁlios

2192 2254 2487 2326 profecisse
2527 2256 2837 2337 cognoscit;
2886 2271 2990 2309 non
3033 2271 3096 2310 ex
3138 2257 3426 2326 complexu
3460 2261 3675 2324 carnis,
3707 2275 3803 2313 ne-

2192 2365 2297 2419 que
2327 2364 2391 2403 ex
2422 2357 2687 2419 conceptu
2730 2348 3005 2419 sanguinis
3025 2391 3040 2415 ,
3081 2365 3257 2419 neque
3286 2365 3349 2404 ex
3392 2365 3681 2421 corporum
3715 2349 3798 2424 (f)

2195 2442 2504 2507 voluntate,
2557 2440 2651 2495 sed
2693 2456 2757 2494 ex
2805 2440 2915 2495 Deo
2960 2447 3135 2496 natos.
3174 2440 3374 2496 Deinde
3417 2439 3669 2514 (supple,
3704 2457 3801 2497 co-

2193 2532 2440 2604 gnoscit)
2478 2531 2706 2587 Verbum
2752 2547 2972 2588 carnem
3016 2532 3254 2599 factum,
3304 2542 3360 2589 et
3426 2534 3695 2591 habitasse
3742 2536 3799 2591 in

2196 2626 2394 2692 nobis,
2437 2631 2495 2681 et
2535 2625 2763 2695 gloriam
2805 2634 3150 2696 conspectam
3188 2626 3343 2695 ejus,
3377 2644 3497 2697 qua:
3530 2642 3802 2700 tamquam

2196 2720 2342 2775 unici
2371 2735 2400 2775 a
2436 2729 2617 2789 patre,
2645 2721 2716 2774 sit
2747 2719 2979 2789 perlecta
3011 2735 3131 2775 cum
3166 2722 3332 2788 gratia
3364 2728 3421 2775 et
3448 2720 3694 2777 veritate.

2269 2814 2357 2869 Η.
2396 2812 2562 2867 Filius
2606 2811 2704 2867 Dei
2746 2811 2906 2866 Deus.
2967 2812 3132 2868 Filios
3161 2812 3257 2867 Dei
3284 2814 3397 2884 ﬁeri
3438 2823 3663 2885 potestas
3692 2825 3800 2880 est,

2201 2924 2303 2963 non
2333 2907 2632 2962 necessitas.
2666 2904 2836 2961 Filius
2863 2903 2961 2959 Dei
2987 2909 3156 2978 [actus
3184 2906 3368 2973 homo,
3397 2917 3455 2959 ut
3482 2908 3634 2960 .‘tomo
3666 2906 3806 2972 ﬁeret

2197 3004 2339 3075 ﬁlius
2386 3002 2502 3056 Dei.
2549 3000 2789 3057 Christus
2818 3018 2967 3057 uerus
2996 3001 3135 3057 Deus
3164 3012 3209 3056 et
3238 3018 3385 3059 verus
3413 3001 3585 3057 homo.
3616 3033 3689 3044 —
3710 3004 3806 3059 Hic

2193 3096 2307 3170 jam
2342 3113 2496 3154 meus
2526 3097 2735 3168 trepida
2767 3104 2823 3152 et
2852 3096 3008 3152 anxia
3038 3097 3158 3169 plus
3199 3099 3317 3168 spei
3359 3097 3601 3164 invenit,
3643 3113 3803 3168 quam

489 3184 652 3239 citam
681 3185 751 3241 de
778 3201 839 3243 se
868 3195 1031 3259 atque
1064 3188 1167 3247 hoc
1196 3204 1457 3247 occasuro
1485 3210 1701 3261 secum,
1746 3203 1802 3249 ut
1841 3195 2091 3266 putabat,
2121 3196 2167 3259 C
2200 3191 2565 3259 exspectabat.
2601 3192 2677 3247 Ac
2707 3192 2937 3261 primum
2983 3192 3050 3246 ad
3088 3191 3451 3263 cognitionem
3500 3192 3592 3248 Dei
3637 3193 3804 3263 patris

492 3275 800 3332 habitacqu
831 3295 930 3335 suo
967 3297 1152 3337 curam
1195 3285 1525 3355 recepisset,
1570 3295 1689 3355 post
1728 3288 2090 3358 cognitionem

493 3367 629 3439 legis
668 3384 731 3424 ac
773 3371 1156 3441 prophetarum
1200 3378 1355 3432 istius
1395 3377 1539 3432 modi
1577 3393 1790 3448 quoque
1834 3378 2096 3433 doctrinae

502 3463 831 3533 evangelicae
860 3478 1021 3537 atque
1049 3471 1359 3539 apostolicm
1392 3472 1630 3526 instituta
1679 3473 1987 3543 cognoscit:
2032 3469 2099 3525 In

495 3556 751 3628 principio
789 3567 895 3613 erat
937 3558 1156 3616 Verbunt
1179 3604 1194 3628 ,
1236 3573 1283 3617 et
1320 3561 1541 3618 Verbum
1580 3574 1690 3618 erat
1728 3562 1868 3634 apud
1900 3562 2060 3616 Deum
2082 3605 2097 3629 ,

497 3656 546 3703 et
570 3647 705 3702 Deus
727 3663 833 3704 erat
868 3651 1101 3709 Verbum.
1130 3654 1244 3711 Hoc
1263 3657 1449 3711 eratin
1476 3658 1726 3726 principio
1749 3659 1889 3726 apud
1912 3654 2098 3710 Deum.

501 3740 690 3796 Omnia
728 3761 818 3813 per
856 3747 1025 3813 ipsum
1066 3752 1208 3819 facta
1246 3759 1397 3817 sunt,
1430 3759 1478 3804 et
1508 3750 1618 3804 sine
1646 3751 1760 3819 ipso
1798 3750 1989 3818 factum
2034 3757 2105 3801 cst

493 3835 648 3889 nihil.
694 3835 849 3902 Quod
876 3839 950 3912 (e)
982 3842 1171 3911 factum
1202 3844 1357 3897 estin
1397 3859 1489 3910 eo,
1532 3844 1633 3897 vita
1673 3852 1783 3909 est,
1821 3851 1867 3897 et
1914 3843 2017 3895 vita
2042 3843 2102 3913 8

498 3938 612 3984 erat
640 3931 731 3985 lux
762 3932 1059 4002 hominum,
1092 3945 1140 3991 et
1172 3935 1266 3990 lux
1292 3938 1423 3992 lucet
1454 3938 1504 3990 in
1535 3937 1752 3991 tenebris
1774 3978 1788 4003 ,
1819 3946 1865 3990 et
1892 3934 2111 3991 tenebrat

502 4040 614 4079 eam
646 4043 748 4082 non
777 4030 1290 4099 comprehenderunt.
1330 4030 1454 4086 Fuit
1486 4032 1636 4085 homo
1677 4031 1865 4085 missus
1902 4046 1934 4084 a
1967 4032 2074 4084 Deo
2094 4070 2109 4096 ,

577 4166 652 4237 (α)
679 4167 834 4233 Apul]
873 4168 1001 4224 Bad.
1042 4182 1095 4225 et
1136 4172 1186 4227 in
1215 4188 1324 4227 uno
1353 4189 1453 4228 ms.
1481 4171 1635 4228 Colb.
1667 4172 1889 4226 muneris
1911 4171 2013 4225 sui.
2042 4168 2097 4223 lu

506 4237 666 4314 editis
695 4239 848 4305 aliis,
884 4257 1146 4314 munusve.
1180 4244 1346 4310 Magis
1379 4245 1698 4314 placetcqu
1728 4243 1943 4297 duobus
1970 4256 2101 4295 mss.

504 4308 662 4362 Coll).
690 4324 899 4364 necnon
925 4311 1182 4368 German.
1215 4308 1458 4368 minusve.

547 4379 657 4504 ἐξ)
682 4381 1325 4466 ελξιιξωτιεοιιενιηιιπιειιιέ.
1351 4382 1504 4465 Cogis
1527 4377 1937 4462 ﬁgileﬁpcriude
1963 4384 2106 4437 enim

620 4466 745 4504 stove
758 4457 1007 4504 caedent
1046 4450 1460 4504 ιιιϐιιέιιὲἠιιιινι
1485 4470 1563 4504 «te
1592 4470 1661 4504 ea:
1693 4471 1802 4504 non
1841 4455 2106 4504 exsistente

511 4446 1008 4531 «assesasses;
1027 4446 1460 4531 ,ειιεεςιρτξιμτξ
1484 4446 1802 4525 ξιξῖὶιέΞὶοη
1841 4455 2109 4508 exsistente

512 4507 849 4595 εοίἶιῖτιῖεἷιιῖ.
883 4507 1468 4592 'Potis‘fiitts‘tna'el-E',
1486 4507 1651 4595 (pro,
1672 4507 1848 4579 c'reare
1870 4507 2107 4579 rursum

516 4601 804 4671 usurpatur
838 4593 975 4671 infra
1013 4596 1107 4671 lib.
1148 4614 1200 4671 vi
1224 4616 1342 4671 ..ιιι
1353 4600 1475 4671 ,1,8,,
1490 4593 1653 4671 Δεἱειιι
1689 4606 1749 4660 et
1773 4614 1826 4671 ξι,
1840 4596 2110 4671 Faustino

471 4689 492 4743 ε
515 4653 747 4746 Maii»,
766 4670 978 4746 ξρξιινζν,
997 4653 1750 4746 αξιιυειὶῖοέιῖ
1764 4653 2107 4746 ᾖῖξθιιάιθηιιιι
2139 4653 2187 4714 D

1004 4725 1105 4814 xii,
1143 4728 1263 4809 quia".
1303 4725 1360 4796 ιᾶ
1395 4725 1532 4805 bii;
1556 4725 1697 4814 ﬁa‘et
1728 4728 1863 4793 ﬁlias
1882 4778 1897 4804 ,
1930 4754 2024 4805 pro
2052 4748 2108 4790 ut

415 4796 620 4860 ὀδιῖὁῖι
645 4796 1111 4880 εἲῐεῖιίἶιεέπέιῖιῖιξ
1141 4796 1260 4867 scil.
1301 4822 1360 4866 ut
1404 4796 1512 4866 nou
1555 4796 2106 4880 exsiSteret,'postea

516 4894 674 4949 quam
702 4879 1016 4936 exsistentia
1043 4884 1272 4939 donatus
1306 4895 1408 4939 est.
1450 4882 1592 4938 Idem
1631 4893 2003 4951 argumentum
2042 4879 2111 4934 de

519 4951 918 5007 immortalitate
946 4954 1176 5008 hominis
1202 4971 1306 5009 non
1340 4956 1516 5009 minus
1545 4954 1688 5009 clare
1717 4959 1999 5008 tractatum
2029 4951 2109 5005 vi-

522 5021 660 5075 tlesis
690 5023 740 5075 in
770 5025 903 5089 psal.
934 5040 1128 5090 cxvul,
1160 5026 1237 5081 lit.
1269 5027 1367 5087 14,
1399 5043 1452 5080 ιι.
1493 5030 1537 5081 Ι.

593 5091 666 5168 (e)
697 5092 819 5147 Hzee
848 5097 1039 5168 verba,
1068 5098 1203 5168 quod
1230 5098 1426 5167 factum
1460 5107 1564 5159 est,
1599 5112 1721 5168 cum
1760 5091 2115 5168 praecedenti-

525 5164 625 5237 lms
646 5164 880 5237 jungunt
906 5164 1102 5234 vulgati
1126 5210 1139 5232 ,
1168 5164 1287 5237 quze
1314 5166 1672 5237 disjungeuda
1700 5181 1822 5220 esse
1850 5166 2015 5237 liquet
2047 5179 2114 5218 ex

520 5235 612 5289 lib.
645 5250 678 5288 ll
699 5277 713 5292 .
746 5251 798 5288 ιι.
830 5236 927 5300 19,
961 5241 1045 5292 ubi
1076 5235 1300 5306 deinde,
1332 5235 1601 5306 quoume
1628 5246 1681 5291 et
1718 5237 1805 5291 hic
1842 5248 1939 5301 pro
1971 5236 2024 5287 in
2059 5250 2121 5287 eo

524 5311 623 5359 vita
650 5317 774 5368 erat,
797 5310 1131 5376 reposuimus
1156 5304 1292 5363 in'ea
1315 5304 1415 5362 vita
1440 5319 1511 5363 est
1535 5310 1773 5363 omnium
1796 5321 1963 5378 prope
1985 5320 2115 5378 mss.

523 5378 859 5449 auctoritate.
902 5379 973 5433 De
1001 5380 1343 5435 distinctione
1384 5383 1669 5437 verborum
1707 5375 1866 5449 hujus
1900 5375 2004 5431 loci
2044 5376 2121 5429 vi-

526 5448 735 5519 dendus
766 5450 1080 5506 Ambrosius
1107 5453 1195 5508 lib.
1232 5468 1287 5506 ιιι
1314 5452 1382 5506 dc
1412 5452 1626 5519 Fide,c.
1654 5452 1708 5505 6.

603 5518 687 5586 (d)
716 5519 965 5577 Vetusius
991 5523 1163 5579 Codex
1188 5523 1340 5579 Colb.
1375 5522 1436 5578 In
1464 5526 1560 5578 hoc
1579 5523 1791 5577 mundo.

626 5596 677 5663 ε)
706 5591 843 5663 Editi
862 5634 877 5656 ,
907 5610 971 5648 ex
994 5596 1358 5663 sanguinibus:
1389 5594 1742 5650 renitentibus
1770 5605 1900 5647 mss.

628 5662 679 5731 f)
709 5662 949 5716 Basilicte
968 5660 1238 5721 Vaticana:
1259 5667 1650 5722 vetustissimus
1674 5664 1843 5721 codex
1862 5676 1985 5717 eum
2010 5660 2123 5731 ple-

532 5731 859 5808 risquealiis
872 5748 1016 5808 .mss.
1045 5737 1320 5808 voluptate.

605 5801 682 5873 lg)
709 5804 833 5859 Mss.
862 5801 1012 5860 Colb.
1039 5814 1094 5861 et
1116 5801 1299 5862 Germ.
1326 5810 1503 5865 nonin
1524 5807 1687 5863 duos:
1713 5814 1765 5862 et
1789 5801 1925 5859 inira
1951 5820 2004 5860 ιι.
2030 5801 2122 5869 58,

2199 3284 2477 3339 imbuitur.
2515 3284 2577 3339 Et
2610 3285 2754 3356 quod
2786 3295 2941 3340 antea
2972 3285 3041 3341 de
3068 3285 3341 3341 Creatoris
3370 3289 3450 3341 sui
3481 3290 3807 3355 teteruitate,

2200 3384 2256 3431 et
2297 3376 2597 3440 inﬁnitate,
2643 3387 2698 3432 et
2736 3378 2950 3446 Specie,
2995 3377 3222 3432 naturali
3262 3394 3424 3433 sensu
3467 3380 3806 3447 Opiuahatur,

2202 3468 2289 3524 hic
2318 3485 2460 3525 nunc
2492 3470 2767 3540 proprium
2795 3485 2919 3525 esse
2948 3471 3108 3525 etiam
3139 3472 3414 3542 uuigenito
3445 3473 3554 3527 Deo
3582 3474 3807 3543 accipit:

2204 3559 2284 3633 (g)
2337 3577 2442 3616 non
2490 3564 2541 3616 in
2589 3562 2721 3616 deos
2766 3561 2923 3617 ﬁdem
2971 3561 3192 3629 laxans,
3239 3564 3360 3631 quia
3406 3579 3470 3619 ex
3502 3565 3609 3619 Deo
3644 3565 3809 3619 Deum

2204 3654 2389 3719 audit;
2431 3671 2535 3708 non
2581 3655 2647 3708 ad
2693 3663 2898 3709 naturae
2940 3654 3308 3710 diversitatem
3344 3656 3421 3726 (lt)
3455 3656 3505 3709 in
3541 3658 3706 3711 lteum
3737 3671 3809 3711 ex

2210 3748 2323 3803 Deo
2371 3748 2677 3812 decedens,
2731 3749 2788 3821 9
2833 3751 2958 3819 quia
3001 3749 3215 3819 plenum
3265 3751 3434 3820 gratia
3484 3758 3539 3804 et
3584 3754 3813 3807 veritate

2216 3841 2383 3897 Deum
2425 3856 2490 3895 ex
2539 3841 2648 3895 Deo
2693 3840 2888 3906 discit;
2935 3857 3111 3913 neque
3154 3850 3541 3915 praeposterum
3590 3859 3655 3900 ex
3708 3847 3816 3898 Dm

2215 3933 2380 3988 Deum
2416 3935 2688 3998 sentiens,
2735 3935 2855 4003 quia
2903 3936 2955 3990 iu
3002 3937 3268 4006 principio
3308 3938 3449 4007 apud
3500 3938 3663 3993 Deum
3695 3952 3815 3994 esse

2217 4028 2385 4084 Deum
2411 4028 2693 4099 comperit.
2729 4028 3079 4084 Rarissimam
3121 4029 3316 4085 deinde
3362 4029 3522 4100 hujus
3565 4030 3816 4084 salutaris

2209 4186 2311 4224 non
2350 4171 2401 4222 in
2442 4168 2663 4221 duorum
2704 4182 2971 4221 numerum
3011 4166 3235 4220 veritatis
3265 4166 3562 4221 diuersitate
3590 4167 3817 4235 referen-

2211 4241 2354 4293 dum.
2386 4238 2622 4308 Utraque
2652 4238 2739 4293 illa
2779 4238 2935 4293 lcetio
2971 4238 3279 4292 conﬁrmari
3319 4248 3490 4304 potest
3519 4253 3584 4294 ex
3618 4239 3711 4293 lib.
3744 4255 3815 4305 tv,

2212 4329 2269 4366 ιι.
2308 4313 2372 4374 4,
2416 4310 2503 4363 ulti
2541 4310 2723 4364 Ariani
2777 4309 2907 4363 hanc
2945 4310 3271 4378 improbandi
3315 4308 3574 4363 homousii
3609 4327 3820 4364 causam

2210 4382 2684 4443 comminiscuntur,
2712 4382 2845 4442 quod
2881 4382 3156 4454 secundum
3199 4380 3336 4435 uerbi
3374 4382 3541 4454 hujus_
3556 4381 3821 4454 signiﬁca-

2214 4455 2398 4508 tionem
2429 4468 2489 4506 σιω
2516 4454 2762 4506 divisione
2788 4461 3013 4520 paterna:
3038 4453 3335 4507 substantia:
3361 4451 3468 4508 esse
3495 4451 3663 4507 Filius
3687 4455 3820 4507 exis—

2215 4526 2450 4589 timetur;
2479 4533 2739 4595 tamquam
2768 4523 2999 4595 desectus
3036 4540 3097 4576 ea:
3123 4540 3181 4579 eo
3221 4525 3403 4593 fuerit,
3433 4525 3503 4578 ita
3530 4533 3583 4577 ut
3610 4525 3661 4578 in
3691 4526 3821 4578 duos

2214 4597 2279 4651 sit
2304 4612 2385 4649 res
2411 4614 2515 4650 una
2541 4592 2723 4649 diuisa.
2756 4594 2811 4649 Si
2844 4592 3098 4660 praeferas
3124 4592 3337 4649 hicnon
3373 4596 3424 4647 in
3463 4597 3626 4661 duos,
3659 4597 3819 4649 tacita

2216 4667 2558 4738 intelligenda
2590 4678 2671 4721 (εει
2700 4681 2802 4719 vox
2832 4666 2983 4729 deos,
3012 4682 3132 4730 quae
3162 4665 3297 4738 inira
3327 4683 3381 4719 ιι.
3415 4667 3503 4728 17,
3535 4667 3604 4720 ita
3632 4668 3811 4735 expri-

2213 4737 2409 4793 mitur;
2458 4737 2641 4792 Edocli
2689 4737 2929 4806 divinitus
2970 4753 3128 4806 neque
3160 4737 3289 4790 duos
3325 4738 3448 4790 deos
3497 4738 3810 4806 pra’dicare,

2210 4825 2375 4879 neque
2392 4811 2555 4865 solum
2572 4825 2590 4862 :
2604 4820 2657 4863 et
2676 4826 2728 4863 ιι.
2746 4808 2817 4861 24
2836 4824 2847 4859 :
2869 4805 2985 4879 Nec,
3003 4808 3132 4861 duos
3158 4809 3296 4869 deos.
3311 4824 3406 4862 nec
3432 4810 3717 4863 solitarium
3739 4825 3824 4879 re-

2209 4878 2324 4935 rum
2347 4878 2515 4934 Deum
2537 4880 2945 4949 prmdicavimus.
2976 4878 3119 4932 Idem
3146 4881 3371 4933 habetur
3396 4880 3487 4933 lib.
3514 4895 3624 4945 vttt,
3648 4896 3701 4933 η.
3727 4878 3821 4933 29.

2289 4951 2373 5021 (lt)
2405 4955 2657 5007 lirasmus
2684 4959 2894 5021 acpost
2918 4965 3038 5003 eum
3071 4951 3248 5021 Lips,
3268 4950 3431 5003 Deum
3457 4966 3519 5003 ea:
3547 4949 3656 5003 Deo
3687 4951 3826 5004 deci-

2217 5020 2374 5077 dens:
2404 5024 2546 5092 quod
2578 5037 2682 5076 non
2729 5020 3064 5088 displiceret,
3097 5023 3142 5075 si
3188 5020 3404 5074 adesset
3440 5021 3667 5092 alicujus
3717 5037 3820 5075 ms.

2223 5098 2537 5148 auctoritas.
2570 5094 2834 5147 Arriserat
2863 5092 3022 5145 etiam
3061 5107 3182 5145 cum
3224 5101 3510 5146 teterrtmo
3535 5091 3723 5148 codice
3763 5094 3823 5146 S.

2226 5164 2368 5219 Petri
2396 5167 2446 5218 in
2481 5164 2757 5226 Vaticano,
2782 5162 2838 5214 in
2867 5161 3027 5214 Deum
3058 5162 3220 5215 Deum
3246 5163 3515 5217 decidens:
3548 5162 3650 5217 Sed
3679 5163 3825 5217 anti-

2223 5237 2313 5305 qui
2345 5236 2533 5289 uotarii
2563 5236 2735 5305 multa
2758 5232 2953 5305 passim
2985 5235 3242 5287 mutantis
3284 5235 3476 5287 nimius
3513 5248 3674 5305 ausus
3702 5234 3825 5305 lor-

2227 5303 2511 5370 ntidamus,
2539 5306 2628 5360 tibi
2652 5304 2831 5357 nullus
2854 5303 2989 5358 alios
3014 5307 3179 5359 codex
3207 5304 3544 5371 suliragatur.
3569 5303 3825 5373 Plerique

2227 5391 2358 5432 tuss.
2386 5392 2505 5431 cum
2536 5376 2665 5431 Bad.
2695 5375 2747 5429 in
2780 5373 2912 5438 Deo,
2937 5376 3015 5429 vel
3040 5378 3091 5430 in
3123 5375 3309 5438 Deum,
3337 5391 3399 5427 ea?
3428 5374 3532 5428 Deo
3558 5376 3823 5434 decidens.

2227 5447 2331 5502 Alii
2364 5448 2543 5517 proba:
2576 5459 2715 5502 noue
2748 5462 2871 5501 cum
2902 5447 3024 5502 Par.
3054 5449 3107 5501 in
3137 5446 3296 5498 Deum
3324 5462 3386 5499 ex
3416 5443 3526 5499 Deo
3556 5450 3824 5501 decedens.

2229 5519 2385 5587 Quod
2421 5522 2499 5575 sic
2534 5519 2757 5587 intelligi
2793 5520 3073 5573 commodo
3098 5527 3289 5586 queat:
3323 5534 3428 5571 non
3456 5518 3727 5574 decedens
3756 5519 3822 5573 ad

2234 5590 2590 5646 ittvehcndam
2617 5592 2667 5643 in
2702 5589 2891 5645 Filium
2911 5630 2926 5654 ,
2949 5592 3038 5657 qui
3077 5589 3212 5657 Deus
3242 5604 3305 5641 ex
3343 5590 3450 5640 Duri
3476 5599 3585 5647 est.
3621 5603 3827 5644 natura:

2231 5662 2621 5717 diversitatem.
2654 5656 2979 5732 Legentibus
3006 5661 3059 5714 in
3086 5656 3196 5732 Deo
3224 5675 3290 5732 ea:
3311 5657 3447 5732 Deo,
3480 5661 3731 5732 supplere
3760 5662 3825 5715 li-

2230 5741 2319 5789 cet
2345 5733 2647 5789 credendam
2674 5729 2798 5787 ante
2822 5730 3068 5787 decedens
3098 5730 3178 5786 vel
3209 5729 3465 5785 decidens.
