4118 6186
332 277 407 333 5‘5

1569 263 1657 320 DE
1695 258 1975 319 TBINITA

2079 300 2090 326 ,
2131 258 2336 315 LIBER
2376 259 2417 315 ι.
3566 264 3638 321 δι

327 386 660 460 cognitionis
690 384 854 441 ﬁdem
882 397 1025 442 esse.
1056 381 1149 438 sed
1179 381 1470 437 maximum
1500 379 1777 449 prmmium
1811 391 1935 432 nos-
1962 377 2018 436 Α
2043 375 2188 431 circo
2214 390 2319 430 non
2343 374 2622 460 crederet,
2651 374 2770 444 quia
2804 390 2910 429 non
2944 375 3293 447 intelligeret;
3323 379 3415 435 sed
3441 380 3642 439 idcirco

326 485 435 538 cit:
472 480 596 550 quia
629 488 685 534 et
713 477 798 533 sui
842 492 948 530 non
978 486 1328 545 receperunt,
1360 482 1416 529 et
1445 473 1767 542 recipientes
1794 469 1846 524 in
1877 467 1936 522 ﬁ-

328 573 434 629 lios
469 571 560 626 Dei
589 570 729 624 aucti
762 577 923 630 sunt,
953 583 1059 621 non
1089 576 1209 621 ortu
1236 565 1416 621 carnis
1436 607 1451 633 ,
1480 562 1575 620 sed
1613 563 1757 618 lidei.
1806 562 1939 616 Esse

328 674 512 721 autem
542 662 682 717 ﬁlios
712 661 805 716 Dei
830 703 847 727 ,
877 674 982 715 non
1009 659 1385 713 necessitatem
1415 672 1537 713 esse
1557 698 1572 723 ,
1587 654 1714 741 {sed
1759 662 1939 724 potes-

330 766 531 812 tatem:
563 754 687 825 quia
717 752 997 826 proposito
1026 750 1289 805 universis
1320 750 1409 804 Dei
1437 762 1682 811 munere,
1713 760 1822 799 non
1849 759 1944 798 na-

333 858 459 904 tura
507 846 843 918 gignentium
895 842 1171 908 aﬁeratur,
1223 841 1317 897 sed
1366 840 1612 896 voluntas
1661 837 1940 909 praemium

334 950 717 1011 consequatur.
744 939 822 991 Ac
843 952 910 991 ne
938 934 990 991 id
1019 937 1193 1005 ipsum
1211 976 1225 999 ,
1248 932 1389 1005 quod
1413 931 1697 1002 unicuique
1721 929 1793 1003 (a)
1822 942 1944 984 esse

337 1035 436 1091 Dei
469 1034 575 1089 lilio
598 1033 655 1087 ﬁt
683 1039 951 1101 potestas,
983 1029 1035 1083 in
1066 1027 1245 1099 aliquo
1276 1025 1646 1081 inﬁrmitatem
1673 1023 1793 1079 ﬁdei
1835 1029 1945 1076 tre-

342 1128 492 1199 pidae
516 1124 835 1196 impediret;
865 1123 989 1194 quia
1018 1138 1115 1192 per
1149 1120 1229 1175 sui
1268 1119 1638 1174 dilﬁcultatem
1662 1118 1946 1187 aegerrime

342 1232 616 1289 speretur,
654 1216 796 1288 quod
840 1226 894 1271 et
922 1215 1091 1285 magis
1120 1221 1356 1282 optatur,
1387 1221 1438 1267 et
1469 1212 1648 1266 minus
1674 1209 1943 1265 creditur:

349 1314 589 1371 Verbum
621 1313 763 1366 Deus
788 1325 913 1365 caro
944 1310 1137 1365 factum
1165 1317 1247 1362 est
1267 1349 1280 1369 ,
1311 1316 1368 1362 ut
1398 1322 1491 1375 per
1520 1306 1685 1360 Deum
1715 1303 1945 1359 Verbum

348 1423 573 1463 carnem
608 1405 798 1459 factum
830 1417 957 1458 caro
990 1400 1276 1470 proﬁceret
1305 1400 1355 1452 in
1392 1399 1554 1453 Deum
1582 1396 1838 1453 Verbum.
1873 1398 1949 1450 Ac

352 1520 422 1558 ne
448 1500 682 1557 Verbum
710 1514 837 1553 caro
869 1495 1068 1551 factum
1100 1504 1194 1549 aut
1218 1493 1419 1562 aliquid
1450 1491 1593 1547 aliud
1625 1501 1769 1546 esset
1789 1504 1951 1560 quam

355 1597 505 1650 Deus
531 1592 799 1655 Verbum,
828 1599 921 1643 aut
959 1603 1065 1643 non
1107 1586 1273 1643 nostri
1314 1586 1558 1655 corporis
1600 1599 1727 1638 caro
1767 1592 1949 1649 esset,

347 1685 618 1743 habitavit
648 1685 699 1737 in
731 1684 922 1738 nobis:
956 1691 1012 1734 ut
1040 1680 1167 1734 dum
1198 1678 1433 1739 habitat,
1468 1692 1574 1732 non
1616 1676 1760 1731 aliud
1789 1691 1951 1746 quam

2041 482 2099 523 se
2131 445 2465 524 n‘ietninisset
2496 467 2798 540 intelligere
2828 482 3010 539 posse,
3041 445 3187 543 (c)—si
3218 472 3488 529 crederet.

2114 562 2202 617 15.
2233 558 2423 616 Christi
2453 571 2595 634 gesta
2630 576 2732 616 non
2772 566 3112 618 succumbunt
3141 568 3466 623 naturalibus
3495 586 3641 625 men-

2042 655 2168 709 tium
2194 654 2445 710 sensibus.
2468 685 2540 696 -—-
2572 658 2648 711 Ac
2676 670 2743 710 ne
2763 656 2816 710 in
2840 655 3020 728 aliquo
3047 657 3320 716 saecularis
3344 661 3645 730 prudentia:

2044 746 2345 802 tardaretur
2370 762 2589 813 errore,
2618 746 2685 803 ad
2719 746 2820 818 pia:
2850 747 3208 805 confessionis
3238 751 3401 822 hujus
3423 753 3645 812 absolu-

2048 838 2309 893 lissimam
2357 839 2515 894 ﬁdem
2564 840 2634 894 ita
2680 839 2901 910 insuper
2945 855 3043 911 per
3084 844 3404 911 Apostolum
3447 847 3646 904 divinis

2047 929 2202 987 dietis
2230 929 2524 986 edocetttr:
2566 929 2742 985 Videte
2768 948 2831 986 ne
2855 934 2971 1001 quis
3012 948 3100 988 vos
3128 935 3311 1006 spoliet
3347 953 3439 1005 per
3481 938 3651 1009 phila-

2047 1024 2288 1094 sophiam
2311 1034 2359 1079 et
2383 1025 2584 1079 inanem
2612 1025 2980 1096 deceptionem,
3011 1029 3292 1105 secundum
3322 1032 3651 1088 traditionem

2051 1118 2335 1187 hominum,
2361 1119 2640 1173 secundum
2670 1119 2918 1174 elementa
2946 1121 3143 1190 mundi,
3168 1131 3216 1177 et
3237 1141 3338 1177 non
3367 1125 3649 1180 secundum

2051 1207 2313 1263 Christum
2337 1227 2355 1264 :
2379 1211 2499 1282 quia
2532 1212 2583 1265 in
2615 1213 2729 1283 ipso
2761 1212 3014 1267 inhabitat
3036 1216 3199 1269 omnis
3230 1216 3494 1286 plenitudo
3521 1220 3652 1273 divi-

2050 1304 2225 1358 nitatis
2251 1305 2607 1374 corporaliter,
2634 1316 2682 1361 et
2706 1307 2826 1360 estis
2846 1308 2898 1360 in
2924 1307 3016 1361 illo
3046 1309 3257 1377 repleti,
3281 1311 3463 1380 quiest
3492 1325 3649 1380 caput

2052 1397 2217 1449 omnis
2247 1397 2569 1467 principatus
2615 1407 2663 1452 et
2708 1400 2972 1467 potestatis
3005 1415 3023 1453 :
3064 1402 3116 1454 in
3155 1418 3254 1470 quo
3282 1412 3327 1455 et
3371 1405 3657 1461 circuMcisi

2054 1490 2207 1555 estis,
2253 1492 2638 1547 circumcisione
2673 1510 2777 1548 non
2823 1512 2980 1549 manu
3027 1500 3168 1567 facta
3205 1497 3259 1551 in
3289 1500 3660 1571 exspoliatione

2053 1582 2284 1651 corporis
2313 1586 2515 1654 carnis,
2559 1587 2649 1640 sed
2686 1588 3070 1643 circumcisione
3110 1589 3335 1660 Christi,
3376 1596 3660 1667 consepulti

2056 1676 2101 1728 ei
2123 1676 2176 1728 in
2192 1676 2513 1748 baptismate,
2541 1682 2593 1733 in
2613 1696 2711 1749 quo
2739 1692 2785 1735 et
2807 1685 3161 1739 resurrexistis
3186 1703 3276 1755 per
3291 1688 3445 1757 fidem
3472 1707 3659 1761 opera-

350 1779 501 1833 Dcns
530 1784 770 1831 maneret
797 1773 910 1842 (b);
944 1772 1068 1826 dum
1097 1780 1275 1824 autem
1311 1770 1509 1823 habitat
1541 1768 1592 1821 in
1625 1768 1779 1823 nobis
1801 1809 1815 1833 ,
1849 1782 1954 1822 non
1986 1769 2033 1830 B
2062 1769 2212 1823 tionis
2244 1769 2339 1825 Dei
2359 1812 2373 1835 ,
2413 1774 2501 1842 qui
2527 1775 2759 1828 excitavit
2790 1791 2905 1829 eum
2938 1794 2970 1829 a
3005 1780 3236 1833 mortuis.
3273 1779 3337 1834 Et
3373 1797 3492 1849 vos,
3543 1800 3660 1839 cum

347 1871 499 1925 aliud
526 1884 686 1940 quant
715 1876 912 1922 nostra).
936 1862 1115 1919 carnis
1143 1864 1281 1917 Deus
1306 1877 1431 1917 caro
1460 1861 1629 1916 lactus
1654 1871 1831 1926 esset;
1862 1875 1955 1929 per

350 1964 719 2034 dignationem
772 1968 1063 2027 assumptus
1109 1956 1290 2012 carnis
1342 1971 1448 2010 non
1501 1955 1655 2024 inops
1699 1969 1954 2020 suorum,

354 2059 481 2130 quia
524 2067 794 2126 tamquam
844 2053 1147 2122 unigenitus
1192 2066 1222 2105 a
1266 2051 1425 2106 Patre
1475 2049 1662 2119 plenus
1690 2049 1878 2119 gratiae
1905 2056 1961 2103 et

354 2153 629 2210 veritatis.
659 2160 713 2205 et
741 2149 794 2202 in
821 2147 935 2202 suis
963 2144 1235 2216 perfectus
1258 2144 1356 2208 sit,
1388 2151 1442 2197 et
1470 2158 1630 2197 verus
1657 2143 1708 2195 in
1740 2140 1956 2195 nostris.

430 2245 519 2299 12.
548 2241 741 2296 Divina
770 2256 871 2294 non
899 2238 1035 2307 capit
1052 2237 1153 2291 nisi
1177 2234 1573 2306 ﬁdes—Hanc
1599 2234 1776 2303 itaque
1796 2231 1964 2287 divini

354 2335 680 2393 sacramenti
718 2332 1017 2388 doctrinam
1051 2344 1204 2384 meus
1243 2329 1364 2382 lreta
1408 2327 1674 2395 suscepit,
1711 2324 1762 2380 iu
1795 2326 1959 2379 Deum

357 2428 650 2499 proﬁciens
680 2441 774 2495 per
810 2437 1026 2479 carnem
1047 2463 1061 2487 ,
1109 2428 1164 2475 et
1192 2420 1245 2474 in
1275 2435 1466 2474 novam
1494 2418 1826 2473 nativitatem
1868 2432 1964 2487 per

361 2521 522 2577 ﬁdem
570 2527 787 2582 vocata,
834 2524 887 2570 et
916 2513 982 2567 ad
1023 2512 1297 2567 cmlestem
1331 2509 1792 2581 regenerationem
1822 2510 1964 2563 obti-

360 2613 596 2669 nendum
628 2608 875 2680 potestati
899 2621 1011 2661 suae
1036 2606 1315 2674 permissa,
1348 2618 1535 2657 curam
1560 2601 1613 2657 in
1637 2618 1695 2658 se
1726 2602 1965 2672 parentis

360 2709 445 2764 sui
488 2704 868 2773 Creatorisque
911 2714 1246 2771 cognoscens
1302 2714 1411 2753 non
1455 2699 1508 2752 in
1550 2697 1777 2753 nihilum
1827 2697 1969 2752 redi-

361 2802 595 2874 gentiam
626 2814 687 2854 se
715 2813 809 2868 per
832 2811 955 2852 eum
986 2795 1333 2859 existinmas,
1365 2808 1462 2861 per
1486 2808 1644 2863 quem
1675 2793 1730 2847 in
1761 2794 1860 2847 hoc
1886 2792 1969 2861 ip-

363 2910 489 2951 sum
526 2890 668 2963 quod
699 2902 809 2957 est,
849 2904 913 2944 es
945 2886 1116 2943 nihilo
1146 2886 1476 2941 substitisset
1508 2902 1519 2937 :
1554 2896 1606 2940 et
1640 2885 1755 2939 hate
1789 2885 1967 2939 omnia

364 2988 508 3042 ultra
556 2982 919 3054 intelligentia:
964 2980 1213 3034 luunanrc
1273 2979 1501 3032 metiens
1548 2992 1800 3043 sensum,
1844 2979 1967 3049 quia

364 3081 507 3136 ratio
544 3077 909 3133 communium
950 3073 1264 3143 Opinionum
1304 3069 1513 3125 consilii
1554 3070 1789 3126 coelesﬁs
1826 3070 1965 3125 inca-

2062 1863 2234 1915 essetis
2273 1862 2353 1937 (ά)
2395 1867 2585 1919 mortui
2627 1868 2679 1920 in
2724 1868 2923 1923 delictis
2958 1880 3003 1923 et
3054 1874 3450 1941 prwputiatione
3490 1878 3662 1932 carnis

2059 1966 2267 2022 vestrm,
2302 1956 2575 2024 vivi/icavit
2613 1976 2729 2013 cum
2768 1960 2891 2024 illo,
2924 1962 2995 2033 (ε)
3028 1962 3231 2019 donatis
3260 1965 3395 2021 vobis
3428 1969 3662 2025 omnibus

2011 2079 2027 2096 ο
2062 2050 2294 2114 delictis,
2332 2049 2509 2105 deleas
2560 2052 2695 2118 quod
2732 2053 3003 2109 adversum
3030 2072 3123 2111 nos
3152 2068 3263 2112 erat
3290 2057 3363 2131 if)
3401 2060 3668 2133 chirogra-

2064 2140 2221 2211 phum
2261 2140 2316 2194 in
2360 2142 2652 2210 sententiis,
2697 2144 2835 2214 quod
2874 2156 2983 2199 erat
3022 2150 3341 2203 contrarium
3377 2153 3523 2207 nobis
3551 2169 3571 2207 :
3615 2164 3663 2209 et

2064 2236 2235 2305 ipsum
2264 2234 2379 2287 tttlit
2406 2251 2432 2287 e
2459 2238 2657 2301 medio,
2687 2237 2894 2309 aﬁigens
2934 2238 3067 2293 illud
3105 2241 3249 2295 cruci
3278 2258 3297 2296 :
3325 2253 3508 2299 exutus
3546 2261 3666 2301 car-

2065 2344 2209 2392 nem,
2256 2337 2301 2379 ct
2328 2336 2602 2399 potestates
2632 2331 2851 2383 ostentui
2894 2331 3013 2402 fecit
3034 2373 3048 2398 ,
3088 2333 3419 2403 triumphalis
3455 2338 3517 2393 iis
3545 2355 3662 2394 cum

2065 2419 2259 2489 ﬁducia
2298 2420 2348 2473 in
2393 2421 2660 2493 semetipso
2692 2418 2915 2492 (Coloss.
2949 2440 3017 2490 ιι,
3061 2425 3093 2482 8
3120 2436 3166 2481 et
3202 2428 3391 2501 seqq.).
3437 2430 3664 2502 Respuit

2066 2512 2333 2582 captiosas
2376 2521 2432 2569 et
2477 2512 2696 2569 inutiles
2745 2516 3101 2585 philosOphia:
3144 2522 3477 2592 quaestiones
3528 2526 3662 2583 lidcs

2068 2618 2343 2672 constans,
2370 2622 2544 2678 neque
2570 2609 2923 2665 humanarum
2945 2611 3266 2683 ineptiarum
3291 2618 3516 2675 fallaciis
3544 2636 3672 2677 suc-

2068 2702 2360 2765 cumbens,
2394 2700 2625 2769 spolium
2672 2716 2731 2757 se
2769 2704 2977 2773 praebet
3022 2706 3226 2762 veritas
3265 2708 3520 2778 falsitati;
3558 2728 3668 2770 non

2071 2791 2366 2847 secundum
2398 2807 2618 2846 sensum
2648 2796 2951 2850 communis
2980 2796 3349 2869 intelligentim
3378 2801 3545 2859 Deum
3575 2821 3670 2862 re-

2071 2882 2281 2952 tinens,
2312 2899 2486 2955 neque
2511 2884 2579 2941 de
2615 2885 2835 2944 Christo
2864 2890 3158 2947 secundum
3192 2896 3377 2952 mundi
3405 2898 3669 2957 elementa

2069 2977 2402 3046 decernens,
2448 2980 2498 3034 in
2528 2996 2636 3051 quo
2675 2980 2971 3038 divinitatis
3004 2985 3281 3055 plenitudo
3315 2994 3672 3063 corporaliter

2074 3070 2337 3125 inhabitet
2364 3088 2377 3124 :
2411 3083 2467 3125 ιιι
2498 3074 2624 3127 dum
2666 3072 2899 3129 inﬁnitas
2926 3087 3144 3133 astet-nae
3175 3080 3226 3134 in
3266 3097 3332 3137 eo
3362 3094 3446 3140 est
3487 3095 3673 3155 potes-

364 3188 512 3249 pax,
546 3171 648 3224 hoc
692 3168 865 3224 solum
900 3174 1049 3238 putet
1092 3165 1144 3219 in
1192 3173 1380 3218 natura
1411 3179 1591 3219 rerum
1642 3180 1794 3231 esse,
1826 3164 1968 3235 quod
1995 3148 2041 3212 Ο
2077 3161 2232 3231 tatis,
2284 3179 2501 3218 omnetn
2549 3173 2779 3220 terrente
2831 3169 3026 3223 mentis
3079 3173 3387 3241 amplexum
3440 3148 3677 3247 potestas

364 3276 461 3319 aut
493 3265 631 3319 intra
659 3277 718 3317 sc
748 3259 1038 3328 intelligat,
1086 3267 1177 3311 aut
1221 3265 1476 3325 praestare
1519 3255 1689 3325 possit
1728 3272 1790 3311 es
1824 3272 1967 3312 sese.

367 3357 469 3414 Dei
502 3366 680 3411 autem
709 3354 932 3409 virtutes
955 3350 1247 3406 secundum
1273 3349 1726 3419 magniﬁcentiam
1756 3360 1973 3405 aeternae

370 3448 688 3523 potestatis,
723 3463 827 3502 non
860 3459 1019 3501 sensu
1043 3485 1056 3509 ,
1101 3443 1194 3498 sed
1241 3442 1361 3497 ﬁdei
1399 3441 1503 3513 10
1544 3440 1808 3497 inﬁnitate
1846 3458 1977 3513 pen-

371 3543 579 3598 debat:
625 3550 680 3594 ut
731 3538 896 3592 Deum
939 3536 990 3590 in
1033 3535 1296 3601 principio
1338 3532 1480 3602 apud
1523 3533 1704 3588 Dettm'
1730 3548 1882 3601 esse,
1925 3543 1980 3590 et

374 3636 617 3694 Verbum
649 3647 866 3689 carnem
902 3630 1102 3685 factum
1132 3626 1400 3683 habitasse
1441 3628 1492 3681 in
1524 3626 1712 3695 nobis,
1754 3642 1863 3683 non
1894 3627 1977 3683 id-

372 3892 375 3895 _
452 3827 534 3898 (a)
568 3827 659 3882 Sic
689 3840 822 3880 mss.
853 3822 1222 3898 castigatiores
1251 3817 1545 3898 (paratione
1566 3832 1668 3887 qua
1695 3817 1986 3898 tl‘ix_it"l_‘_ul-

384 3888 528 3965 liu's,
555 3899 669 3952 licet
702 3898 791 3950 tibi
809 3912 916 3950 esse
933 3888 1066 3947 bona
1094 3893 1230 3965 viro.
1251 3891 1356 3945 Alii
1387 3904 1539 3965 vero,
1562 3904 1670 3965 esse
1698 3888 1791 3965 Dei
1821 3889 1988 3965 [ilium

384 3973 470 4026 vel
516 3960 673 4039 ﬁlios.
721 3968 798 4039 Ex
832 3976 1059 4039 utraque
1098 3964 1188 4039 illa
1222 3964 1453 4039 lectione
1496 3960 1811 4039 in_vu_lgatis
1851 3962 1991 4015 obti-

384 4032 540 4107 nuit,
567 4056 678 4095 esse
720 4038 812 4093 Dei
841 4032 1006 4106 [ilium
1034 4053 1066 4089 a
1096 4034 1203 4088 Deo
1233 4033 1457 4107 [ilio/it,
1500 4032 1581 4107 vel
1610 4033 1674 4084 sit
1717 4040 1939 4107 potestas
1973 4048 1987 4085 :

382 4103 849 4238 glosscéuqbquod
887 4123 994 4165 nou
1038 4114 1213 4163 exstat
1258 4106 1360 4160 nisi
1402 4105 1455 4158 in
1488 4103 1648 4157 unico
1685 4104 1991 4158 recentiore

386 4201 529 4238 mss.
606 4200 638 4237 o
706 4222 719 4237 .

386 4184 529 4241 iuss.
560 4184 719 4238 Colb.

469 4278 545 4349 (b)
601 4275 735 4344 Quia
783 4275 1038 4349 nimirum
1090 4270 1382 4349 habitator,
1432 4266 1652 4349 domum
1692 4265 1992 4349 habitando

388 4337 557 4424 quam
590 4337 885 4424 anteagon
918 4343 1212 4424 habitabat.
1247 4341 1465 4424 minime
1487 4337 1727 4424 aliud_ah
1755 4353 1821 4424 et)
1849 4337 1992 4421 quod

391 4408 549 4495 prius
580 4431 694 4476 erat
721 4417 950 4495 efﬁcitur
969 4433 988 4495 _:
1014 4412 1506 4495 adeoqtte_vet~_butii
1538 4408 1801 4491 habitandi
1825 4410 1991 4478 aptis-

388 4481 594 4550 simum
621 4499 706 4546 est
734 4491 800 4543 ad
832 4481 1246 4558 exprimendam
1261 4483 1418 4538 Verbi
1445 4482 1713 4558 corporati
1745 4481 1992 4558 immuta:

390 4568 694 4626 bilitatem;
733 4562 802 4616 de
844 4550 954 4631 quo
999 4555 1340 4628 praemittitur
1380 4567 1502 4631 caro
1541 4553 1736 4631 factum
1776 4561 1902 4631 est;
1929 4550 1996 4605 ad

2078 3264 2295 3309 :eternae
2319 3254 2599 3310 inﬁnitatis
2620 3256 2883 3313 excedat:
2916 3262 3004 3329 qui
3028 3276 3126 3315 nos
3146 3262 3213 3317 ad
3241 3264 3537 3323 divinitatis
3562 3285 3676 3328 sua:

2082 3357 2326 3401 naturam
2368 3346 2618 3414 trahens,
2663 3364 2769 3403 non
2803 3350 3098 3408 etiatnnum
3134 3359 3399 3426 Corporali
3434 3376 3677 3433 princep-

2087 3448 2264 3494 torum
2286 3439 2664 3495 observatione
2689 3440 3046 3510 distrinxerit,
3076 3461 3250 3518 neque
3278 3465 3377 3519 per
3402 3450 3532 3522 legis
3562 3469 3679 3510 um-

2088 3533 2238 3589 bram
2271 3533 2337 3589 ad
2372 3534 2635 3589 solemnia
2662 3534 2980 3613 desecandze
3018 3542 3196 3597 carnis
3222 3543 3301 3617 (id
3330 3554 3423 3613 est,
3450 3547 3683 3604 circum-

2088 3625 2328 3699 cisionis)
2354 3626 2636 3696 imbuerit;
2669 3629 2764 3684 sed
2790 3638 2847 3685 ut
2871 3644 3088 3689 omnem
3116 3637 3414 3694 naturalem
3437 3643 3682 3712 corporis

2163 3814 2243 3887 (d)
2273 3813 2474 3898 Omnes
2504 3828 2634 3898 mss.
2663 3814 3001 3898 uno_nullius
3028 3818 3199 3898 ferme
3224 3824 3560 3880 auctoritatis
3596 3844 3692 3883 ex-

2092 3886 2257 3969 cepto.
2279 3887 2533 3969 omittunt
2562 3886 2650 3942 hic
2678 3888 2899 3969 verbum
2932 3892 3121 3969 mortui
3157 3910 3171 3945 :
3205 3896 3345 3963 quod
3379 3903 3555 3951 tamen
3591 3899 3687 3955 ha-

2094 3958 2485 4031 bentinlrahb
2533 3974 2605 4012 ιιι.
2643 3975 2697 4012 ιι.
2730 3960 2827 4022 10,
2872 3962 3003 4015 etin
3032 3960 3121 4016 Ps.
3168 3958 3328 4031 Livtt,
3369 3984 3422 4021 ιι.
3456 3967 3548 4026 25.
3580 3970 3690 4028 Sed

2095 4029 2199 4085 hoc
2226 4031 2364 4098 apud
2390 4029 2646 4101 Hilarium
2673 4045 2777 4084 non
2802 4030 3137 4100 inusitatum,
3163 4046 3219 4090 ut
3241 4029 3399 4092 etiam
3423 4039 3474 4093 in
3496 4043 3690 4101 eodem

2096 4109 2325 4226 tracti-tat?
2372 4100 2562 4156 eadem
2607 4099 2902 4171 Scriptura:
2940 4102 3059 4158 loca
3102 4099 3210 4162 non
3255 4109 3444 4167 eadem
3482 4099 3694 4173 ratione

2096 4187 2225 4226 rene
2311 4210 2327 4226 .

2096 4187 2327 4243 repetat.

2168 4266 2237 4337 (c)
2274 4264 2334 4338 in
2368 4279 2476 4338 ms.
2513 4265 2633 4338 bas.
2658 4265 2802 4322 Vat.:
2833 4265 3042 4323 Danaus
3084 4270 3227 4326 nobis
3266 4277 3439 4331 omnia
3468 4279 3658 4338 delicta

2097 4324 2313 4420 delenda
2341 4337 2478 4420 quod
2503 4337 2772 4420 adversum
2798 4355 2892 4420 nos
2918 4351 3028 4395 erat
3054 4324 3697 4420 chirographum

2097 4412 2235 4480 quod
2260 4397 2370 4464 erat
2390 4409 2737 4491 aduersarium
2765 4412 2909 4491 nobis
2932 4427 2949 4466 :
2981 4423 3036 4467 et
3059 4397 3699 4491 inus:

2099 4493 2144 4535 et
2185 4490 2431 4566 potestate
2464 4481 2700 4566 traducit
2728 4482 2901 4566 palam
2945 4481 3326 4566 retriumphans
3364 4491 3484 4547 illos
3514 4510 3534 4561 ;
3578 4481 3701 4566 qua;

2101 4553 2279 4636 versio
2310 4552 2531 4636 Hilario.
2557 4551 2770 4607 videtur
2795 4564 3073 4636 es‘tranea.
3103 4551 3236 4626 Qine
3269 4563 3354 4617 hic
3390 4551 3700 4636 exhibeittr,

390 4622 807 4708 signiﬁcandam
831 4622 1828 4708 _ipsiu_s'_cum_carnecpnjunctionem.
1859 4622 1994 4677 Tum
2024 4644 2078 4705 ι)
2101 4624 2452 4708 conﬁrmatur
2478 4624 2571 4680 lib.
2602 4638 2677 4693 ιιι,
2714 4640 2769 4679 ιι.
2806 4627 2892 4680 10.
2925 4624 3061 4683 Vide
3087 4622 3244 4686 tract.
3278 4633 3330 4689 in
3360 4638 3498 4705 psal.
3528 4622 3703 4707 ιιινιιξ

392 4694 566 4765 virilia
595 4704 788 4760 habitat
824 4694 875 4755 in
904 4694 1083 4768 nobis,
1124 4701 1201 4753 sic
1226 4698 1294 4751 ab
1336 4696 1536 4750 llilario
1578 4694 1844 4768 intellecta
1877 4708 1999 4768 esse

394 4781 554 4851 quasi
586 4779 642 4831 in
660 4765 1076 4851 rto_stris,__p.itet
1102 4784 1170 4824 ett
1194 4768 1673 4851 -su.bnex.is.,lverus
1712 4765 1764 4818 in
1792 4766 1998 4847 nostris.

398 4835 557 4909 ﬁnde
589 4847 855 4904 refellitur
873 4835 1161 4909 Erasmus,
1190 4839 1282 4911 qui
1314 4840 1366 4892 in
1398 4837 1616 4892 dubium
1644 4835 2001 4911 revocavitan

397 4906 605 4978 Christi
633 4932 854 4973 carnem
883 4931 951 4971 ex
981 4906 1497 4978 Maria'assumptam
1529 4908 1870 4963 credidisset.
1900 4906 2003 4975 Qui

403 5008 537 5048 vero
579 4988 892 5046 existimant
937 4985 1195 5040 llilariutn
1242 4984 1294 5036 in
1337 4980 1637 5052 gentilitate
1674 4988 1910 5052 natum,
1944 4992 2007 5032 ac

401 5068 595 5134 prima:
622 5076 737 5117 sua).
775 5059 841 5113 ad
887 5055 1269 5134 veram_ﬁdem
1305 5050 1697 5134 conversionis
1727 5050 2006 5134 historiam

398 5120 495 5193 hic
525 5145 744 5195 texere,
777 5127 1189 5199 expendendnm
1236 5124 1467 5188 habent,
1498 5137 1565 5177 an
1595 5122 1731 5199 scila
1780 5120 2007 5177 Joannis

401 5209 695 5263 verborum
730 5195 891 5258 lectio
926 5215 1019 5268 per
1054 5214 1113 5254 se
1144 5206 1345 5252 tantam
1387 5195 1765 5268 mysteriorum
1797 5202 2009 5268 nostro-

402 5296 525 5335 rum
560 5276 805 5331 notitiam
834 5264 1019 5343 gentili
1042 5279 1319 5343 praestare
1338 5266 1593 5343 potuerit,
1624 5273 1684 5343 ιιι
1706 5264 1824 5343 janl
1850 5264 2011 5343 Apol-

402 5334 627 5413 linario,
660 5334 929 5408 Nestorio,
960 5352 1017 5398 et
1038 5334 1687 5411 Eutycheticonfutandis
1714 5334 2005 5390 suﬁ'ecerit.

484 5440 562 5513 (c)
606 5440 776 5509 Quia,
829 5446 898 5513 ut_
929 5434 1165 5513 loquitur
1213 5430 1544 5513 Augustinus
1586 5429 1749 5497 epist.
1797 5443 1901 5484 cxx
1948 5425 2013 5480 ad

2104 4712 2160 4753 n.
2187 4695 2277 4751 25.

2180 4787 2248 4869 (ί)
2291 4787 2492 4869 Praeter
2518 4802 2621 4843 ms.
2657 4787 2774 4869 Vat.
2818 4787 2933 4869 bas.
2970 4792 3159 4869 pauci,
3189 4793 3344 4869 iique
3380 4798 3711 4857 recentiores

2108 4856 2345 4925 habent,
2376 4856 2774 4930 chirographum
2814 4856 3022 4915 decreti.
3068 4856 3154 4918 Ab
3186 4856 3289 4920 hac
3333 4867 3566 4926 lectione
3598 4887 3705 4928 non

2109 4930 2367 5013 abhorret
2389 4946 2512 5013 qua:
2541 4930 2824 5013 subjicitur
2853 4932 3139 5013 explicatio
3159 4975 3175 5001 ,
3207 4945 3264 4988 ut
3305 4954 3436 4992 nova
3456 4941 3511 4994 in
3541 4960 3595 4996 se
3623 4960 3710 5012 ge-
3762 4939 3773 4944 ”

2112 5002 2246 5056 neris
2286 5002 2447 5055 nostri
2479 5004 2736 5056 creatione
2776 5005 3186 5059 constitutionem
3225 5010 3416 5064 decreti
3441 5002 3713 5069 anter‘io'ris

2113 5074 2355 5153 aboleret.
2390 5072 2562 5127 Aliter
2590 5073 2718 5153 liba
2740 5089 2824 5140 ιιι,
2859 5090 2911 5129 ιι.
2944 5075 3043 5142 10,
3076 5076 3162 5133 ubi
3192 5077 3427 5137 Hilarius
3464 5082 3712 5153 Apostoli

2113 5144 2279 5199 verba
2313 5142 2679 5220 tanquamhic
2699 5144 2810 5220 jam
2844 5153 3066 5220 tractata
3096 5163 3389 5220 memorat,
3430 5142 3713 5211 sic'intcr-

2119 5223 2359 5300 pretatur
2377 5217 2477 5269 hoc
2495 5215 2941 5300 chirographum,
2968 5218 3142 5300 deleas
3165 5215 3563 5294 chirographum
3591 5228 3716 5300 legis

2118 5287 2515 5368 peccati'.'qt_tod
2544 5302 2632 5351 per
2653 5289 2930 5342 sententias
2960 5292 3239 5368 anteriores
3271 5287 3579 5350 contrarium
3607 5287 3720 5355 erat

2119 5357 2285 5440 stabis.
2318 5356 2473 5440 Unde
2500 5358 2664 5440 inps“.
2698 5373 2827 5440 (ιιι-ιιι,
2861 5375 2918 5413 ιι.
2954 5360 3049 5425 18,
3078 5363 3202 5417 illud
3223 5364 3542 5440 simpliciter
3564 5382 3719 5426 vocat

2121 5428 2521 5500 chirographum
2550 5429 2676 5497 legis
2707 5429 2846 5500 ;hic
2875 5446 3004 5485 vero
3030 5428 3345 5488 sententiant'
3368 5439 3565 5494 mortis.
3600 5440 3721 5498 Non

406 5501 728 5571 Cosetttium
761 5501 825 5561 ἰι.
869 5504 1115 5564 3:Fides
1153 5501 1408 5575 prazcedat
1444 5501 1726 5575 rationem,
1781 5515 1885 5575 qua
1929 5514 2018 5551 cor

408 5570 709 5647 mandetur,
740 5592 793 5636 ut
816 5593 1015 5650 magna:
1043 5570 1256 5650 rationis
1270 5575 1448 5650 cupiat
1488 5582 1537 5626 et
1565 5570 1787 5650 perferat
1814 5570 2019 5650 luceml;

407 5638 710 5713 etvrursntn'
741 5638 1149 5719 epistfcsxsvn
1177 5647 1242 5700 ad
1270 5638 1615 5719 Vo'lusianuin
1640 5638 2024 5719 n.__15:‘lntel-

410 5710 570 5784 item
604 5710 1207 5797 ﬁdes_aditmit__aperit,
1249 5717 1528 5797 inﬁdelitas
1565 5713 1778 5770 claudit.
1826 5710 2027 5769 Confer

413 5790 691 5873 Superior
745 5793 932 5852 llilarii
962 5792 1099 5849 dicta
1133 5805 1282 5848 num.
1313 5790 1367 5846 8.

2124 5510 2207 5556 est
2231 5499 2761 5573 omittendum‘quod
2794 5500 2845 5554 in
2872 5517 2977 5573 uno
3009 5518 3109 5558 ms.
3140 5504 3295 5561 Coll).
3328 5518 3523 5573 exstat,
3546 5515 3719 5568 chiro-

2125 5570 2379 5640 graphum
2421 5570 2608 5626 decreti
2649 5572 2704 5625 in
2731 5572 3008 5626 sententiis.
3043 5574 3111 5628 Et
3141 5575 3246 5632 hoc
3289 5578 3496 5637 Hilario
3512 5570 3605 5638 est
3631 5600 3723 5638 so-

2124 5630 2419 5785 Ξῖιξξέὶὶθὸηιέἱ
2440 5641 2576 5698 duas
2600 5642 2901 5715 versiones,
2929 5659 3063 5716 quas
3091 5630 3726 5722 pariter'p'robatIsin-ihl
