4118 6186
469 220 539 292 ss
1670 198 1913 292 SANCTI
1948 214 2203 293 utLAntt
2246 229 2551 290 EPlSCOPl
3711 226 3781 285 se

470 349 846 405 neressitatem
879 346 1227 406 circumcisus
1265 362 1293 401 a
1333 347 1477 402 vitiis
1518 347 1741 417 spiritus
1785 345 2069 402 criminum
2100 347 2154 409 Α
2177 343 2339 397 dium.
2369 373 2439 385 -α
2466 342 2524 398 ln
2558 343 2661 399 hoc
2692 356 2823 413 ergo
2845 337 2924 413 (ιι)
2950 339 3168 396 conscio
3193 339 3503 394 securitatis
3531 352 3644 393 sure
3671 342 3786 396 alio

469 443 849 497 emundatione
896 450 1147 512 purgaret
1178 459 1188 493 :
1230 439 1384 509 cujus
1420 440 1581 494 utnrti
1610 439 2071 510 consepelirctnur

469 534 520 586 in
558 531 852 604 baptismo,
884 542 942 588 ut
973 535 1071 605 ιι
1111 533 1163 585 in
1194 530 1512 586 a-tcrnitatis
1541 533 1704 586 vitam
1737 531 2067 595 rediremus;

468 624 597 679 dum
627 625 962 696 regeneratio
991 625 1055 679 ad
1087 626 1249 677 vitam
1282 639 1428 678 mors
1454 632 1599 679 esset
1619 639 1683 677 ex
1711 622 1816 678 vita
1838 666 1851 689 ,
1878 634 1930 679 et
1965 639 2071 677 mo-

468 717 671 772 rientes
714 718 858 771 vitiis
895 715 1290 771 immortalitati
1330 730 1775 779 renasceremnr;
1822 713 1940 785 ipso
1973 728 2071 783 pro

466 810 623 864 uobis
661 825 726 864 ex
761 807 1165 863 immortalitate
1213 808 1510 875 moriente,
1552 817 1608 862 ιιι
1648 804 1712 860 ad
1748 805 2067 860 immortali-

468 912 630 957 tatem
674 917 775 957 una
817 916 939 957 cum
981 917 1048 958 eo
1085 904 1446 956 excitarentur
1483 917 1548 956 ex
1605 910 1796 955 morte.
1841 900 2068 954 Carnem

466 997 609 1050 cnim
640 992 716 1064 (α)
745 992 945 1064 peccati
977 995 1205 1066 recepit,
1239 1004 1293 1047 ut
1323 994 1694 1063 assumptione
1725 1001 1923 1046 nostrte
1953 1006 2072 1045 car-

469 1086 553 1141 nis
588 1086 783 1141 delicta
819 1085 1078 1152 donaret,
1112 1086 1238 1140 dttnt
1274 1086 1393 1156 ejus
1424 1087 1482 1140 ﬁt
1517 1085 1786 1156 particeps
1821 1099 2070 1154 assump-

470 1182 648 1245 tione,
684 1198 787 1233 non
827 1181 1088 1244 crimine;
1133 1178 1317 1235 delens
1359 1195 1455 1250 per
1492 1182 1718 1233 mortem
1749 1178 2069 1233 sententiam

470 1277 681 1336 tnnrtis,
713 1283 771 1328 ιιι
799 1290 932 1329 nova
968 1276 1020 1329 in
1043 1289 1100 1329 se
1132 1274 1344 1340 generis
1368 1274 1535 1326 nostri
1564 1266 1841 1327 creatione
1864 1270 2072 1325 consti-

472 1368 734 1421 tutionem
778 1365 980 1420 decreti
1029 1365 1318 1421 anterioris
1366 1363 1643 1428 aboleret;
1688 1362 1832 1417 cruci
1879 1377 1937 1416 se
1983 1361 2073 1431 ﬁgi

469 1462 808 1530 permittens,
843 1467 895 1513 ut
927 1458 1211 1514 maledicto
1225 1453 1815 1525 crucisoblitterala(b)
1840 1463 2071 1508 terrente

469 1552 829 1608 datnuationis
858 1549 1141 1606 maledicta
1175 1551 1362 1621 ﬁgeret
1390 1550 1568 1604 omnia
1595 1566 1607 1601 :
1640 1547 1706 1602 ad
1740 1549 1985 1601 ultimum
2018 1549 2070 1600 itt

471 1644 688 1698 bnntine
703 1659 912 1713 passus,
940 1653 995 1698 ιιι
1020 1651 1315 1713 potestates
1333 1641 1748 1705 dehonestaret;
1773 1638 1898 1694 dum
1927 1639 2071 1695 Deus

2181 452 2333 489 turns
2371 436 2567 507 spebus
2605 437 2716 490 suis
2752 437 2868 489 tasta
2910 426 3293 502 requieverat:
3332 433 3782 488 interceSsionent

2178 530 2366 583 mortis
2416 529 2574 601 hujus
2621 542 2791 599 usque
2828 543 2894 582 eo
2932 541 3038 582 tton
3073 535 3352 585 metuens,
3394 527 3497 597 12
3533 535 3591 579 ut
3621 526 3784 579 etiam

2176 630 2447 690 reputaret
2475 619 2551 694 (ε)
2573 619 2625 674 iu
2651 620 2812 673 vitam
2851 618 3188 673 aeternitatis.
3220 614 3392 670 Vitam
3417 628 3598 670 autem
3624 615 3785 685 hujus

2176 711 2422 782 corporis
2453 712 2537 766 sui
2567 727 2672 765 non
2701 710 2860 766 modo
2894 728 2995 763 tton
3026 703 3310 764 molestam
3335 708 3438 764 sibi
3468 719 3557 761 aut
3586 724 3787 780 tcgrattt

2177 802 2561 870 arbitrabatur,
2610 812 2667 856 ιιι
2714 818 2832 857 cam
2876 801 3015 871 quod
3052 800 3297 869 pueritia:
3347 801 3591 867 litteras,
3640 799 3785 871 quod

2177 896 2334 962 :t-gris
2358 895 2700 955 medicinam.
2728 894 2868 964 quod
2900 891 3170 960 naufragis
3195 901 3460 956 natatum,
3486 891 3783 962 quod-ado-

2176 986 2508 1044 lescentibus
2550 988 2923 1058 disciplinam,
2954 984 3023 1057 (f)
3066 985 3206 1057 quod
3243 986 3487 1040 militiam
3521 1001 3641 1041 esse
3667 1001 3789 1041 cre-

2177 1082 2328 1136 deret
2372 1082 2713 1151 imperaturis
2744 1098 2756 1134 :
2790 1094 2972 1135 rerum
3011 1079 3218 1134 scilicet
3250 1078 3597 1147 prtescntium
3643 1078 3782 1134 tole-

2177 1177 2431 1241 rantiam,
2462 1174 2528 1229 ad
2554 1172 2830 1244 praemium
2861 1172 3029 1226 beate
3053 1170 3479 1225 immortalitatis
3504 1169 3786 1239 proﬁcien-

2179 1278 2307 1321 tem.
2348 1267 2485 1335 Quin
2515 1266 2675 1321 etiam
2707 1264 2788 1332 id,
2820 1264 2960 1335 quod
2997 1262 3098 1317 sibi
3144 1263 3431 1328 credebat,
3473 1271 3654 1318 tamen
3692 1279 3788 1334 per

2182 1359 2542 1414 ministerium
2577 1357 2812 1429 impositi
2846 1355 3133 1411 sacertloﬁi
3160 1356 3321 1410 etiam
3351 1358 3561 1411 ca-tcris
3594 1356 3789 1427 ιιι-ηιᾱί-

2177 1453 2361 1518 eubat,
2397 1469 2592 1507 munus
2635 1467 2791 1507 suum
2821 1451 2886 1507 ad
2919 1450 3157 1505 cilicium
3201 1449 3431 1521 publicze
3472 1450 3665 1507 salutis
3689 1468 3786 1506 ex-

2177 1538 2428 1604 tendens.

2252 1642 2341 1696 15.
2379 1640 2753 1696 ereticorunt
2776 1638 3054 1711 ingenium.
3074 1667 3145 1681 —
3164 1636 3270 1693 Sed
3300 1638 3439 1693 inter
3470 1637 3585 1693 hmc
3614 1654 3784 1694 emero

467 1737 765 1792 secundum
810 1735 1123 1806 Scripturas
1169 1734 1498 1801 moriturus,
1532 1745 1586 1789 et
1628 1732 1699 1806 (c)
1745 1733 1796 1788 in
1843 1732 1926 1788 bis
1954 1734 2073 1786 vin-
2102 1741 2151 1802 Β
2178 1744 2364 1789 serunt
2407 1732 2691 1803 desperata
2725 1733 2776 1787 ιιι
2807 1747 2959 1797 sese,
3003 1739 3057 1785 et
3098 1745 3240 1786 sreva
3289 1731 3341 1784 in
3384 1745 3575 1785 omnes
3607 1731 3785 1800 impie

467 1830 639 1883 cautis
682 1830 732 1883 in
784 1843 843 1884 se
888 1827 1079 1882 ﬁducia
1131 1826 1522 1897 triumpharet;
1574 1825 1700 1881 dum
1756 1825 2076 1881 immortalis

468 1922 602 1990 ipse,
633 1935 807 1991 neque
839 1930 1013 1975 morte
1039 1919 1339 1975 Vincendus
1361 1961 1377 1985 ,
1411 1936 1506 1989 pro
1537 1921 1883 1973 morientium
1916 1928 2072 1973 teter-

467 2016 635 2069 nitate
664 2022 985 2069 moreretur.
1024 2013 1151 2069 llmc
1192 2028 1371 2084 itaque
1405 2013 1540 2067 ultra
1581 2023 1786 2067 natura:
1824 2012 2075 2068 humana:

466 2106 881 2176 intelligentiam
908 2121 935 2158 a
973 2106 1086 2161 Deo
1125 2118 1272 2175 gesta
1318 2120 1424 2159 non
1467 2107 1830 2159 succumbunt
1859 2120 2072 2159 rursum

470 2199 806 2253 naturalibus
837 2199 1096 2253 mentium
1130 2198 1416 2263 sensibus;
1448 2198 1569 2267 quia
1604 2194 1829 2251 inﬁnita:
1858 2197 2075 2251 :cterni-

469 2292 593 2346 tatis
623 2292 868 2362 operatio
903 2291 1164 2346 inlinitam
1209 2291 1466 2345 metiendi
1504 2288 1682 2361 exigat
1709 2289 2018 2361 opinionem
2054 2309 2068 2344 :

470 2392 525 2438 ttt
559 2400 680 2440 cum
728 2384 868 2439 Deus
908 2381 1104 2447 homo,
1135 2396 1255 2438 cum
1291 2381 1613 2437 immortalis
1644 2392 1886 2438 mortuus
1906 2425 1920 2449 ,
1950 2398 2074 2438 cum

468 2491 706 2532 aeternus
731 2478 974 2546 sepultus
995 2485 1109 2544 est,
1146 2492 1250 2531 non
1282 2476 1352 2531 sit
1376 2475 1747 2546 intelligentia:
1776 2476 1946 2544 ratio,
1978 2474 2076 2532 sed

469 2570 752 2641 potestatis
779 2569 1062 2639 exceptio;
1096 2568 1169 2623 ita
1200 2585 1413 2623 rursum
1443 2584 1473 2623 e
1500 2567 1776 2623 contrario
1805 2586 1911 2623 non
1948 2583 2075 2624 sen-

469 2676 594 2727 sus,
632 2663 728 2718 sed
770 2662 984 2717 virtutis
1014 2660 1206 2716 modus
1237 2662 1342 2727 sit,
1384 2668 1439 2715 tit
1469 2660 1611 2716 Deus
1637 2676 1705 2716 ex
1737 2659 1954 2715 homine
1976 2703 1990 2727 ,
2020 2673 2079 2716 ιιι

465 2752 788 2808 immortalis
826 2767 893 2807 ex
937 2761 1183 2817 mortuo,
1233 2760 1292 2807 ut
1331 2764 1569 2807 retentus
1614 2753 1687 2807 sit
1729 2767 1796 2808 ex
1840 2754 2072 2823 sepulto.

464 2846 843 2901 Coexcitamur
869 2860 1000 2916 ergo
1022 2860 1049 2898 a
1087 2845 1196 2899 Deo
1225 2843 1278 2898 itt
1302 2841 1518 2900 Christo
1552 2860 1647 2913 per
1674 2855 1901 2899 mortem
1932 2844 2073 2915 ejus.

462 2937 569 2994 Sed
596 2937 723 2993 dum
758 2939 809 2992 in
843 2936 1063 2993 Christo
1096 2935 1377 3007 plenitudo
1406 2944 1490 2990 est
1530 2936 1859 3003 divinitatis,
1910 2937 2076 2995 habe-

469 3045 587 3086 mus
615 3040 670 3087 et
698 3031 1149 3102 signiﬁcationem
1180 3030 1269 3085 Dei
1315 3030 1482 3100 patris
1510 3046 1607 3085 nos
1636 3030 1994 3085 coexcitantis
2022 3032 2074 3086 in

2176 1829 2501 1884 temeritatis
2532 1828 2744 1897 ingenia
2776 1826 2999 1897 (supple,
3030 1822 3353 1896 hominum),
3387 1832 3662 1895 potentem
3691 1825 3783 1880 Dei

2177 1930 2424 1976 naturam
2454 1930 2661 1975 natura:
2689 1934 2799 1973 sum
2828 1917 3141 1973 inﬁrmitate
3160 1917 3587 1972 moderantium:
3612 1933 3788 1986 neque

2178 2022 2237 2066 ιιι
2264 2012 2365 2082 ipsi
2396 2028 2565 2083 usque
2595 2012 2662 2067 ad
2699 2012 3015 2066 inﬁnitatem
3045 2010 3300 2079 opinandi
3334 2010 3402 2065 de
3434 2010 3659 2066 inﬁnitis
3687 2027 3778 2066 rc-

2179 2106 2284 2163 bus
2308 2118 2667 2177 emergerent,
2696 2107 2791 2161 sed
2821 2107 2959 2161 intra
2990 2104 3149 2160 ﬁnem
3183 2119 3374 2160 sensus
3396 2106 3476 2161 sui
3507 2105 3788 2161 indeﬁnito

2180 2201 2595 2267 concluderent;
2627 2209 2917 2271 essentque
2955 2198 3058 2254 sibi
3088 2198 3276 2253 arbitri
3314 2199 3626 2270 religionis,
3666 2215 3789 2255 cum

2181 2292 2460 2363 religionis
2488 2308 2624 2361 opus
2649 2290 2725 2364 (g)
2755 2291 3080 2346 obedientite
3107 2298 3253 2345 esset
3276 2289 3550 2357 ofﬁcium;
3582 2291 3667 2346 sui
3692 2292 3794 2346 itu-

2181 2400 2473 2451 memores,
2501 2384 2807 2439 divinorum
2828 2383 3183 2454 negligentes,
3202 2395 3598 2454 praeceptorum
3617 2399 3797 2440 emen-

2183 2478 2426 2532 datores.
3626 2496 3629 2497 ⁷

2257 2569 2346 2625 16.
2380 2567 2619 2624 Ηωνεδεε
2663 2568 2782 2623 dua:
2820 2568 3097 2639 praecipuae
3135 2566 3198 2623 de
3244 2566 3469 2627 Christo.
3504 2567 3724 2623 Sabellii
3750 2578 3797 2624 rt

2190 2663 2324 2720 Arii.
2351 2693 2424 2705 ——
2452 2663 2583 2719 Nam
2615 2671 2673 2717 ut
2700 2663 2767 2718 de
2799 2661 3014 2718 caeteris
3048 2660 3424 2717 haereticorum
3459 2662 3796 2719 stultissimis

2183 2759 2379 2813 Studiis
2406 2756 2628 2823 sileam,
2660 2755 2726 2811 de
2754 2756 2946 2826 quibus
2978 2763 3189 2820 tamen,
3221 2758 3301 2811 sic
3327 2755 3413 2811 tibi
3443 2757 3791 2812 occasionem

2184 2852 2451 2906 sermonis
2478 2850 2614 2906 ratio
2646 2850 2940 2922 przebebit,
2975 2865 3082 2905 non
3108 2850 3442 2915 tacebimus;
3475 2850 3690 2921 quidam
3716 2850 3796 2923 (It)

2182 2942 2254 2997 ita
2278 2943 2604 3013 evangelicae
2635 2943 2755 2997 ﬁdei
2784 2952 3137 3013 corrumpunt
3169 2955 3591 3010 sacramentum,
3615 2954 3671 2999 ut
3694 2945 3797 3000 sub

2182 3034 2344 3089 unius
2394 3037 2484 3089 Dei
2527 3035 2610 3101 pia
2650 3043 2858 3089 tantum
2905 3033 3246 3104 professione
3300 3035 3635 3091 nativitatem
3680 3036 3798 3090 uni—

468 3135 704 3192 mortuo,
731 3134 785 3180 et
808 3123 1086 3179 Christum
1117 3122 1301 3179 Jesum
1323 3139 1428 3178 nou
1460 3123 1607 3178 aliud
1633 3138 1795 3195 quam
1827 3123 1993 3179 Deum
2020 3125 2072 3178 in
2102 3123 2149 3188 C
2179 3128 2347 3199 geniti
2377 3128 2470 3183 Dei
2499 3128 2801 3198 abnegent;
2835 3137 2892 3181 ιιι
2917 3136 3196 3197 protensno
3225 3127 3294 3201 sit
3323 3128 3504 3199 potius
3534 3129 3586 3183 in
3619 3128 3797 3182 homi-

467 3216 763 3273 divinitatis
789 3217 1122 3286 plenitudine
1152 3214 1540 3272 conﬁtendum.

538 3311 628 3367 M.
660 3308 853 3365 Christi
893 3310 1020 3379 ﬁdes
1051 3319 1097 3363 et
1142 3309 1321 3363 mortis
1351 3318 1543 3363 metum
1590 3318 1637 3363 et
1666 3308 1783 3363 vita:
1820 3308 1953 3364 tollit
1983 3320 2072 3366 ta:-

542 3467 618 3541 (a)
665 3468 825 3524 Solus
850 3468 972 3524 eod.
1018 3467 1324 3524 Victorinus
1345 3509 1359 3531 ,
1401 3467 1604 3541 peccati;
1621 3475 1877 3541 expertem
1908 3468 2027 3539 fecit
2056 3485 2083 3536 ;

467 3538 626 3613 quam
650 3541 939 3596 lectionem
962 3541 1298 3613 amplexatus
1321 3538 1565 3613 est‘Lud.
1589 3539 1827 3604 Mimans,
1853 3538 2034 3613 inepte
2060 3556 2074 3594 :

471 3611 585 3666 rttlt
613 3616 812 3682 quippe
843 3620 1046 3666 tantum
1072 3611 1304 3665 Hilarius
1325 3612 1626 3682 Christum,
1661 3614 1907 3682 incarne
1928 3612 2077 3681 ejus-

468 3684 592 3741 dem
634 3680 916 3739 nobiscnm
965 3693 1203 3745 naturte,
1238 3683 1417 3736 carnis
1457 3681 1653 3737 delicta
1702 3680 1967 3737 donasse.
2005 3683 2073 3739 Ut

465 3760 609 3811 enim
632 3755 788 3810 docet
808 3753 1173 3825 Tertullianus
1190 3754 1259 3808 de
1278 3769 1443 3809 carne
1464 3753 1664 3809 Christi
1690 3772 1741 3806 ιι.
1782 3754 1866 3818 16,
1891 3770 2071 3825 neque

468 3828 535 3881 ad
568 3829 898 3896 propositum
927 3824 1171 3889 Christi,
1203 3833 1482 3893 peccatum
1514 3826 1697 3881 carnis
1721 3824 2033 3881 evacuatu’ri
2056 3868 2072 3891 ,

469 3896 645 3968 neque
676 3897 745 3952 ad
773 3898 999 3966 gloriam
1044 3899 1274 3959 iaceret,
1305 3896 1490 3968 nonin
1524 3913 1585 3949 ea
1618 3912 1781 3951 carne
1805 3912 2073 3953 evacuare

467 3967 594 4041 illud
617 4011 631 4033 ,
666 3970 719 4041 in
749 3986 851 4041 qua
874 3978 993 4023 erat
1022 3979 1211 4041 natura
1245 3967 1469 4035 peccati.
1504 3967 1637 4041 Tum
1667 3968 1878 4041 cuidam
1907 3969 2071 4023 Alt-x-

467 4040 638 4095 audro
664 4040 741 4095 sic
765 4036 1036 4111 argutanti
1053 4055 1081 4111 :_
1099 4036 1242 4111 Ergo
1268 4041 1313 4094 si
1338 4049 1566 4092 nostram
1593 4039 1781 4102 induit,
1812 4044 2074 4102 peccatrix

465 4113 564 4180 fuit
593 4127 711 4166 caro
757 4109 998 4167 Christi:
1034 4109 1301 4176 Nostram,
1351 4110 1584 4177 reponit,
1633 4111 1877 4174 iuduens,
1924 4128 2073 4165 suam

470 4186 626 4254 feeit;
653 4200 799 4237 suout
837 4183 1063 4252 faciens,
1112 4198 1213 4236 non
1258 4184 1588 4252 peccatricem
1627 4198 1737 4235 eam
1784 4184 1921 4253 fecit.
1976 4183 2071 4236 llic

468 4255 628 4325 igitur
656 4255 791 4308 dixit
822 4254 1053 4308 llilarius
1088 4255 1291 4321 peccati
1319 4269 1538 4307 carnem
1559 4294 1572 4315 ,
1602 4269 1722 4323 qua:
1758 4269 1850 4322 per
1876 4269 2067 4324 pecca-

470 4336 613 4379 tores
644 4325 709 4378 ad
734 4325 1003 4395 Christum
1037 4338 1205 4394 usque
1232 4334 1520 4395 pr0pagata
1544 4334 1655 4395 cst,
1689 4340 1830 4394 QUil‘,
1864 4338 1921 4379 ut
1953 4327 2067 4378 latt-

469 4396 597 4448 dato
637 4397 755 4450 loco
783 4393 1176 4461 Tertttlliantts,
1209 4393 1423 4466 genere,
1462 4412 1561 4448 non
1605 4393 1756 4458 ritio,
1789 4396 1915 4451 Ααω
1942 4405 2064 4451 est:

470 4468 595 4522 dum
626 4468 743 4521 scil.
771 4466 1037 4534 Christus,
1064 4478 1119 4520 ιιι
1149 4468 1234 4521 hic
1257 4467 1412 4520 habet
1446 4466 1703 4539 Hilarius,
1729 4469 1839 4537 ejus
1860 4468 1917 4539 ﬁt
1942 4484 2065 4539 par-

470 4540 627 4607 ticeps
646 4538 1011 4609 assumptione,
1028 4555 1130 4592 non
1151 4538 1382 4591 crimine.
1404 4539 1579 4605 Quare
1605 4535 1809 4609 frttstra
1829 4535 1881 4593 iu
1902 4535 2068 4594 limbo

473 4598 629 4665 uuiits
654 4626 751 4663 ms.
779 4598 933 4663 (ιλιι).
967 4598 1071 4663 non
1095 4626 1252 4665 nctno
1275 4598 1573 4675 annoiavit,
1602 4607 1821 4664 Carnem
1850 4611 2066 4677 peccati,
2097 4598 2146 4659 Ι)

468 4691 616 4735 caute
642 4682 768 4752 lege.
796 4679 978 4747 Alias,
1015 4692 1134 4749 puta
1159 4682 1194 4735 1.
1234 4679 1379 4752 xdde
1429 4680 1659 4745 'l‘rinit.,
1696 4698 1841 4734 nunt.
1875 4681 1970 4747 2'5,
2003 4683 2071 4738 de

468 4753 655 4807 eadem
674 4750 873 4806 Christi
892 4768 1055 4807 carne
1077 4752 1226 4813 dicit,
1254 4750 1433 4825 Neque
1448 4769 1567 4825 caro
1591 4753 1682 4807 illa
1702 4770 1822 4806 caro
1851 4755 2067 4825 peccati,

465 4824 872 4949 sertaseimilitudo
899 4824 1070 4878 carnis
1111 4825 1326 4894 peccati.
1372 4823 1507 4878 Vide
1553 4832 1710 4878 tract.
1755 4823 1859 4896 ps.'
1886 4840 2066 4892 urit,

470 4913 524 4949 ιι.
597 4918 653 4949 ι).

470 4913 524 4951 li.
560 4913 653 4953 Σὲ).

540 4986 615 5058 (b)
646 4987 702 5041 In
734 4990 902 5044 tribus
934 5004 1066 5043 mss.
1098 4999 1311 5042 terrente
1338 4986 1731 5058 maledictionis.
1764 4987 1817 5041 ln
1853 4986 2067 5056 Remig.

466 5057 657 5119 Corb..
677 5059 899 5123 Pratel.,
919 5072 1050 5125 etc.,
1072 5070 1285 5114 terrente
1302 5059 1687 5114 dominationis.
1711 5057 2069 5113 Retittendum

470 5144 718 5199 pu'amus
746 5147 866 5183 cum
898 5132 1142 5201 pluribus
1172 5134 1293 5184 aliis
1312 5173 1326 5195 ,
1363 5141 1578 5186 terrente
1604 5129 1985 5192 damnationis;
2015 5139 2073 5186 ut

466 5202 750 5256 sitallnsio
780 5201 844 5255 ad
874 5204 1198 5256 sententiam
1226 5217 1385 5270 quam
1416 5203 1576 5256 homo
1608 5201 1892 5259 damnatus
1918 5217 2073 5257 acce-

469 5275 545 5339 pit
566 5316 578 5335 ,
618 5272 778 5328 Terra
807 5291 886 5342 es,
922 5282 969 5328 et
995 5275 1048 5327 in
1079 5280 1267 5326 terram
1294 5273 1410 5330 ibis.

542 5363 612 5435 (c)
644 5364 771 5419 St'X.
799 5380 930 5419 mss.
960 5381 1066 5420 non
1098 5372 1277 5420 tamen
1310 5365 1583 5436 potiores,
1616 5365 1669 5420 in
1707 5364 1787 5420 his
1814 5364 2073 5421 uincendi:

471 5435 524 5488 in
556 5453 609 5489 se
636 5452 754 5490 cum
785 5436 997 5506 ﬁducia.

543 5525 623 5602 (ιζ)
648 5529 881 5602 Ῑξχυιιεί,
911 5531 1115 5585 conscia
1148 5549 1161 5584 :
1197 5528 1589 5602 refragantibus
1621 5545 1749 5586 mss.

648 5599 800 5656 Unus
828 5596 999 5658 cedcx
1032 5602 1242 5674 Remig.
1272 5596 1395 5658 cuin
1420 5601 1877 5666 'l‘heod.,initium
1911 5611 2062 5658 trier—

514 5688 523 5724 ι
551 5692 578 5723 u
609 5689 672 5725 ts.

472 5688 672 5727 ιιιιιιιιδ.

541 5742 610 5815 (Ῑ)
638 5743 959 5801 Particulam
984 5744 1121 5815 quod
1153 5744 1239 5801 hic
1276 5745 1330 5802 in
1359 5743 1586 5815 vulgatis
1614 5746 1871 5803 omissam
1907 5746 2064 5802 resti-

2179 3236 2337 3285 ncto,
2367 3235 2529 3287 quam
2567 3218 2892 3274 descensio:
2939 3233 3112 3289 neque
3158 3218 3334 3289 utqui
3379 3218 3519 3273 ﬁlius
3563 3219 3796 3276 hominis

2183 3311 2482 3368 secundum
2514 3321 2756 3383 tempora
2785 3319 3080 3382 assumpta:
3110 3312 3291 3367 carnis
3318 3311 3440 3380 fuit,
3466 3312 3606 3369 idem
3634 3323 3793 3371 antea

2186 3469 2389 3523 tuimus
2411 3483 2472 3521 ex
2492 3481 2625 3522 mss.
2647 3465 2725 3541 ita
2752 3466 2866 3541 hate
2888 3465 3189 3541 intelligere
3204 3479 3309 3541 est,
3330 3467 3483 3538 quasi
3504 3468 3791 3541 legeretur,

2185 3551 2242 3595 ut
2270 3557 2381 3595 eam
2402 3581 2416 3603 ,
2453 3539 2684 3608 quamvis
2708 3540 2865 3592 tantis
2894 3540 3173 3609 angoribus
3205 3540 3526 3611 aﬂlictatam,
3565 3539 3795 3597 crederet

2183 3628 2324 3683 esse,
2346 3614 2482 3683 quod
2512 3611 2747 3683 pueritia:
2770 3610 2986 3675 litteras,
3008 3622 3114 3667 etc.

2255 3681 2335 3755 (g)
2359 3683 2431 3737 Ita
2454 3681 2583 3755 Par.
2606 3697 2726 3755 cum
2756 3682 3147 3755 antiquioribus
3170 3697 3299 3737 mss.
3330 3682 3400 3736 At
3436 3682 3562 3736 Bad.
3615 3683 3710 3739 Er.
3738 3693 3796 3740 et.

2180 3753 2333 3825 Lips.
2366 3770 2487 3825 eum
2521 3753 2673 3817 aliis,
2701 3754 2904 3825 in‘solo
2942 3754 3242 3825 obedientia:
3287 3764 3415 3807 esset
3461 3755 3658 3824 ofﬁcio.
3696 3756 3795 3813 llic

2180 3822 2596 3880 commendatur
2625 3822 2930 3879 obedientia
2974 3824 3125 3890 ﬁdei,
3171 3828 3240 3880 de
3277 3840 3378 3895 qua
3411 3822 3543 3880 inira
3581 3844 3635 3880 u.
3684 3828 3794 3884 37:

2184 3895 2335 3952 Ultra
2354 3895 2641 3950 naturalem
2664 3895 2959 3963 opinionem
2974 3895 3096 3966 ﬁdei
3114 3896 3403 3951 obedientia
3419 3912 3515 3952 nos
3543 3897 3790 3966 provehit.

2252 3966 2335 4040 (It)
2369 3967 2496 4022 Haec
2521 3965 2751 4021 Noetutu
2772 4006 2788 4034 ,
2808 3966 3107 4041 APraiteam,
3137 3977 3193 4023 et
3217 3965 3608 4041 Hermogenem
3639 3985 3799 4041 spec-

2181 4037 2329 4104 tant,
2374 4041 2611 4111 ntasitne
2639 4054 2769 4111 vero
2794 4037 3091 4111 Sabellium
3115 4079 3131 4103 ,
3164 4040 3251 4108 qui
3274 4081 3288 4099 ,
3323 4051 3381 4093 ιιι
3410 4037 3557 4095 notat
3579 4037 3795 4111 Angus-

2181 4112 2325 4163 tiutts
2352 4110 2417 4164 de
2440 4110 2644 4164 “teres.
2678 4110 2743 4180 ad
2768 4109 3227 4176 Quodvultdeum,
3252 4111 3317 4163 iis
3338 4111 3533 4180 quibus
3555 4109 3792 4166 cttttsett-

2182 4182 2388 4246 tiebat,
2422 4180 2651 4235 subinde
2693 4179 2867 4234 faetus
2909 4189 2994 4234 est
3033 4183 3303 4249 farnosior.
3356 4181 3526 4250 Hujus
3568 4182 3791 4240 Ita-rosis

2180 4266 2393 4306 rursum
2416 4254 2705 4319 eXponitur
2732 4252 2827 4305 lib.
2853 4252 2919 4322 de
2949 4252 3157 4322 Synod.
3191 4270 3244 4305 ιι.
3271 4251 3374 4307 45ε
3405 4255 3632 4321 Quidam
3659 4258 3791 4310 enim

2176 4322 2291 4377 ausi
2317 4333 2436 4398 sunt
2460 4322 2811 4398 innascthiiem
2844 4321 3014 4398 Deum
3052 4341 3212 4398 usque
3240 4326 3309 4378 ad
3335 4337 3565 4379 sanctam
3614 4326 3790 4398 Virgi-

2179 4410 2293 4448 nem
2324 4393 2619 4447 substantia:
2652 4394 2952 4448 diiatationc
2983 4396 3315 4460 protendere.
3349 4406 3403 4451 ut
3444 4398 3663 4451 latitudo
3702 4393 3792 4452 de-

2179 4465 2332 4536 ducta
2360 4467 2582 4533 quodam
2612 4475 2811 4520 natura:
2835 4481 2943 4519 sua:
2960 4476 3127 4521 tractu
3147 4482 3509 4536 assumensque
3535 4470 3790 4523 hominem

2178 4535 2319 4611 ﬁlius
2353 4547 2760 4611 nuncuparetur,
2788 4554 2945 4607 neque
2973 4537 3146 4611 ilius
3170 4550 3287 4592 ante
3316 4535 3505 4593 swcula
3533 4543 3792 4611 perfectus

2174 4604 2322 4682 Deus
2354 4604 2541 4682 natus,
2571 4608 2707 4682 idem
2738 4604 2910 4682 postea
2938 4618 2982 4682 et
3000 4608 3155 4663 homo
3181 4621 3332 4664 natus
3362 4612 3447 4664 sit.
3485 4604 3788 4682 Utrumque

2181 4679 2327 4733 illum
2358 4679 2533 4735 locum
2559 4680 2793 4734 illustrat
2817 4680 3179 4748 Epiphanius,
3202 4697 3311 4750 quo
3336 4693 3469 4737 teste
3493 4681 3628 4737 hear.
3656 4679 3785 4750 Litt,

2181 4766 2236 4803 n.
2266 4752 2316 4819 1,
2341 4752 2617 4805 asserebat
2638 4751 2928 4811 Sabellius,
2957 4751 3153 4805 Filium
3180 4754 3315 4805 radii
3343 4757 3394 4807 in
3416 4770 3606 4808 morem
3629 4755 3785 4808 emis-

2178 4838 2313 4887 sum,
2346 4823 2537 4885 omnia,
2570 4838 2681 4892 ante
2710 4824 2777 4875 ad
2808 4822 3073 4894 Evangelii
3100 4833 3145 4876 et
3174 4823 3412 4878 humana:
3440 4826 3619 4879 solutis
3660 4842 3784 4894 pro-

2179 4894 2497 4968 curationem
2522 4895 2824 4968 attinerent,
2858 4894 2908 4948 in
2938 4894 3256 4968 ltocmundo
3282 4897 3610 4968 praestitisse;
3637 4908 3789 4968 atque

2180 4963 2251 5016 ita
2281 4968 2332 5019 in
2358 4966 2538 5019 caelum
2563 4967 2774 5019 rediisse
2794 5005 2808 5031 ,
2835 4966 3266 5036 quemadmodum
3301 4968 3342 5020 is
3370 4967 3456 5036 qui
3485 4987 3515 5021 (ι
3542 4970 3650 5023 sole
3677 4963 3790 5023 ma-

2183 5035 2322 5089 navit
2361 5037 2540 5090 radius
2579 5038 2633 5091 in
2671 5035 2903 5091 eumdem
2944 5046 3118 5105 postea
3147 5035 3463 5104 refunditur.
3503 5040 3787 5107 Quomodo

2181 5119 2360 5181 autem
2405 5108 2488 5181 sol
2516 5107 2763 5181 radioin
2805 5120 2974 5181 terras
3014 5108 3353 5176 protenditur
3402 5115 3577 5177 ponus
3623 5127 3784 5181 quam

2180 5176 2483 5241 descendit,
2515 5179 2588 5233 ita
2613 5179 2704 5234 Dei
2730 5181 2780 5231 in
2812 5178 3098 5250 Virginem
3119 5176 3518 5248 pt'otensiouem
3551 5176 3780 5250 lanium,

2184 5265 2287 5302 non
2331 5251 2739 5304 descensionem
2773 5250 3011 5305 admisit.
3060 5249 3214 5305 llautl
3253 5253 3410 5306 aliter
3437 5254 3606 5307 sensit
3642 5252 3787 5308 Mar-

2178 5320 2351 5374 cellus
2377 5319 2724 5392 Theodorcto
2754 5331 2910 5385 teste,
2945 5321 3035 5392 qui
3070 5322 3139 5377 de
3168 5337 3233 5377 eo
3267 5322 3442 5389 prodit
3470 5323 3563 5376 lib.
3594 5339 3634 5379 ιι
3665 5324 3786 5379 Haa-

2180 5398 2283 5445 ret.
2319 5393 2425 5445 fab.
2461 5410 2474 5443 :
2511 5391 2729 5446 Prorsus
2769 5391 3077 5462 existimavit
3109 5392 3406 5447 Trinitatem
3437 5398 3638 5450 extendi
3660 5412 3784 5450 con-

2183 5464 2376 5515 trahive
2402 5478 2494 5532 pro
2523 5465 2919 5520 oeconomiarum
2950 5476 2997 5519 et
3019 5464 3344 5518 consiliorum
3377 5467 3665 5521 diversitate
3685 5484 3705 5533 ,°
3728 5477 3784 5522 et

2176 5538 2335 5603 punio
2360 5545 2485 5589 ante
2514 5554 2526 5589 :
2565 5535 2923 5592 Extcnsionent
2954 5535 3230 5601 quamdam
3271 5537 3558 5594 divinitatis
3606 5537 3780 5593 Putris

2174 5607 2227 5677 in
2245 5604 2505 5677 Christum
2527 5608 2721 5662 venisse
2749 5609 2900 5670 dixit,
2930 5615 2976 5660 et
3006 5608 3137 5659 hanc
3163 5605 3325 5662 Deum
3358 5608 3580 5664 Verbum
3597 5610 3783 5677 appel-

2173 5674 2298 5729 lavit
2331 5694 2351 5731 :
2381 5688 2590 5744 peracta
2616 5688 2784 5733 autem
2815 5678 3049 5732 universa
3075 5681 3359 5734 oeconomia
3385 5696 3568 5736 rursus
3595 5674 3784 5737 attrac-

2172 5759 2279 5801 tam
2304 5763 2412 5803 esse
2442 5765 2794 5820 reversumque
2821 5750 2888 5803 ad
2914 5746 3080 5805 Deum
3104 5766 3168 5805 ea:
3192 5767 3291 5824 quo
3310 5762 3520 5807 extensa
3546 5750 3665 5825 fuit.
