4118 6186
303 231 386 290 57
1546 227 1634 283 DE
1665 223 2065 293 TRINITATE,
2094 201 2294 282 Lmen
2335 225 2374 280 ι.
3564 214 3637 281 ss

303 360 534 415 semper
566 343 731 398 fuerit
759 351 924 413 atque
952 342 1023 399 sit
1049 341 1189 398 filius
1219 343 1354 398 Dei:
1394 356 1462 398 ne
1497 341 1550 396 in
1577 357 1644 397 eo
1678 341 1930 396 nativitas
1958 347 2012 408 Α
2036 337 2260 393 minisse
2300 344 2514 409 oportet
2545 345 2881 394 terrenarum
2913 335 3174 392 mentium
3205 336 3448 392 inﬁrmas
3483 345 3646 407 atque

304 440 409 495 Dei
441 441 535 504 sit,
562 437 657 492 sed
689 453 757 492 ex
785 433 975 492 eodem
1009 436 1151 492 idem
1179 437 1285 503 sit;
1317 445 1374 490 ut
1405 436 1562 491 unius
1592 431 1685 490 Dei
1707 477 1721 500 ,
1752 445 1808 490 ιιι
1836 451 1934 504 pu-

305 543 458 598 tant,
477 529 848 588 inviolabilem
878 529 1038 585 fidem
1063 527 1140 602 (α)
1167 529 1338 584 series
1358 545 1424 584 ex
1445 527 1619 582 solido
1640 528 1692 583 in
1713 543 1929 583 carnem

304 623 546 680 deducta
590 631 918 688 conservet,
965 620 1095 676 dum
1141 635 1311 691 usque
1354 619 1420 674 ad
1465 619 1728 690 virginem
1775 617 1934 674 Pater

305 725 638 785 protensus,
669 715 789 785 ipse
813 714 916 768 sibi
945 723 1102 769 natus
1139 711 1240 786 13
1261 715 1331 768 sit
1355 711 1408 768 in
1442 712 1634 768 ﬁlium.
1673 711 1778 768 Alii
1803 727 1933 768 vero

309 806 477 878 (quia
515 805 667 861 salus
712 805 861 860 nulla
901 805 1021 860 sine
1051 803 1273 860 Christo
1300 803 1398 882 sit,
1443 803 1533 874 qui
1573 804 1626 858 in
1668 803 1934 874 principio

305 900 459 969 apud
487 901 656 954 Deum
685 911 799 952 erat
826 898 966 952 Deus
985 897 1269 966 Verbum),
1292 897 1624 952 nativitatem
1651 905 1928 967 negantes,

307 996 648 1049 creationem
679 993 853 1047 solam
884 992 1116 1062 professi
1148 999 1276 1045 sunt
1305 1008 1319 1043 :
1355 1008 1422 1044 ne
1453 990 1704 1045 nativitas
1737 989 1936 1044 verita-

306 1095 430 1141 tem
465 1084 556 1140 Dei
587 1081 926 1148 admitteret,
957 1081 1033 1158 (ὁ)
1083 1081 1180 1137 sed
1211 1083 1416 1138 creatio
1447 1081 1734 1136 falsitatem
1765 1081 1931 1136 doce-

307 1184 434 1243 ret,
476 1193 596 1246 quae
623 1175 752 1231 dum
784 1177 1146 1231 ementiretur
1187 1175 1240 1230 in
1281 1191 1480 1246 genere
1518 1172 1592 1248 (c)
1643 1173 1735 1229 Dei
1775 1174 1934 1230 unius

309 1268 506 1335 ﬁdem,
537 1283 644 1322 non
670 1265 1058 1323 excluderetin
1079 1278 1454 1322 sacramento:
1475 1266 1570 1321 sed
1596 1265 1931 1320 nativitatem

309 1377 503 1416 veram
535 1360 745 1415 nomini
785 1375 846 1415 ac
873 1359 999 1415 fidei
1029 1359 1322 1415 creationis
1365 1359 1443 1430 (ά)
1485 1359 1870 1429 subjicientes,
1901 1373 1933 1414 a

308 1457 558 1510 veritate
582 1456 736 1508 unius
759 1453 855 1508 Dei
883 1454 1242 1524 separabilem
1269 1469 1390 1508 eum
1411 1452 1675 1519 facerent,
1694 1461 1753 1508 ut
1781 1467 1935 1510 crea-

311 1547 399 1602 tio
431 1545 862 1611 substitutionis,
908 1547 1298 1616 perfectionem
1337 1547 1438 1601 sibi
1483 1545 1778 1602 divinitatis
1822 1561 1930 1601 non

313 1648 629 1707 usurparet,
660 1655 818 1710 quam
849 1638 1095 1694 veritatis
1125 1640 1374 1696 uativitas
1396 1654 1502 1695 non
1533 1639 1793 1695 dedisset.

395 1815 488 1870 17.
519 1815 678 1872 Fides
698 1833 810 1872 vera
837 1826 1018 1872 contra
1045 1825 1312 1889 utrunque
1339 1827 1444 1874 toto
1465 1820 1561 1873 hoc
1583 1833 1740 1890 opere
1764 1817 1928 1874 stabi-

316 1913 514 1968 lienda.
570 1943 643 1953 —
677 1912 880 1968 ﬂorum
930 1913 1096 1983 igitur
1139 1913 1312 1968 furori
1343 1914 1674 1983 reSpondere
1717 1913 1930 1969 animus

318 2008 557 2062 exarsit:
583 2007 833 2062 recolens
861 2005 962 2062 hoc
984 2007 1068 2063 vel
1094 2008 1364 2078 praecipue
1393 2005 1496 2062 sibi
1517 2008 1755 2062 salutare
1783 2019 1929 2074 esse,

321 2117 438 2156 non
464 2101 632 2157 solum
661 2099 717 2156 in
747 2101 916 2156 Deum
971 2099 1292 2166 credidisse,
1323 2100 1417 2156 sed
1457 2101 1620 2156 etiam
1677 2101 1730 2155 iu
1761 2100 1930 2156 Deum

323 2205 569 2266 patrem;
601 2209 779 2266 neque
821 2195 874 2250 in
913 2193 1133 2250 Christo
1165 2202 1373 2248 tantum
1420 2207 1690 2264 sperasse,
1739 2193 1832 2249 sed
1879 2193 1933 2248 in

321 2289 542 2343 Christo
575 2287 666 2343 Dei
721 2287 865 2356 ﬁlio;
913 2303 1088 2357 neque
1141 2287 1192 2342 in
1243 2296 1512 2354 creatura,
1567 2285 1662 2341 sed
1710 2285 1765 2341 in
1823 2287 1934 2341 Deo

323 2393 572 2437 creatore
596 2396 666 2436 ex
697 2380 809 2435 Deo
846 2387 997 2435 nato.
1031 2379 1259 2436 Maxime
1297 2394 1427 2450 ergo
1474 2393 1828 2450 properamus
1867 2393 1936 2434 ex

326 2473 660 2545 propheticis
721 2483 882 2544 atque
937 2474 1263 2544 evangelicis
1319 2474 1602 2544 praeconiis
1657 2473 1936 2529 vesaniam

325 2583 518 2622 eorum
560 2567 1034 2638 ignorantianique
1079 2565 1434 2634 confundere,
1487 2566 1579 2638 qui
1630 2565 1730 2623 sub
1778 2567 1939 2622 unius

329 2659 444 2724 Dei,
494 2661 610 2715 sola
661 2673 795 2715 sane
836 2660 952 2714 utili
991 2675 1055 2716 ac
1105 2659 1356 2730 religiosa
1388 2659 1795 2730 praedicatione,
1845 2671 1940 2715 aut

333 2753 500 2810 Deum
527 2764 712 2809 natum
741 2752 1020 2808 Christum
1049 2761 1266 2824 negant,
1296 2761 1389 2808 aut
1417 2767 1605 2808 verum
1637 2754 1800 2808 Deum
1832 2769 1938 2810 non

328 2861 452 2902 esse
478 2845 847 2910 contendunt;
895 2854 954 2900 ut
992 2845 1198 2902 creatio
1239 2844 1478 2917 potentis
1505 2855 1769 2900 creaturae
1797 2844 1939 2900 intra

329 2953 502 2993 unum
518 2939 687 2994 Deum
715 2938 838 2993 fidei
869 2949 1266 2993 sacramentum
1301 2938 1602 3007 relinquat;
1634 2937 1756 3006 quia
1799 2937 1942 2990 nati-

333 3035 476 3088 vitas
524 3033 616 3087 Dei
655 3042 808 3088 extra
847 3031 1010 3087 unius
1042 3032 1136 3088 Dei
1168 3031 1328 3087 fidem
1374 3031 1690 3102 religionem
1730 3035 1945 3100 protra-

2036 429 2334 485 inibecilla»
2363 430 2646 500 opiniones
2677 443 2798 483 esse
2828 425 3160 497 abjicieudas
3183 471 3198 494 ,
3227 437 3282 483 et
3316 443 3506 483 omnes
3539 428 3642 481 itu-

2037 519 2290 591 perfecta:
2330 522 2620 575 sententiae
2667 519 2947 588 angustias
2996 519 3244 591 religiosa
3275 519 3516 574 discendi
3549 535 3645 574 ex-

2036 613 2371 684 spectatione
2399 613 2679 670 laxandas.
2726 611 2888 668 Novis
2917 615 3060 668 enim
3101 615 3402 686 regenerali
3447 613 3649 684 ingenii

2036 705 2286 760 sensibus
2315 720 2452 776 opus
2475 715 2578 769 est.
2611 717 2667 760 ut
2710 719 3151 777 unumquemque
3181 707 3517 764 conscientia
3551 721 3650 763 sua

2038 798 2335 852 secundum
2372 798 2614 854 C(elestis
2657 798 2882 869 originis
2931 795 3125 855 munus
3171 800 3460 856 illuininet.
3491 801 3654 858 Stans
3681 831 3700 842 ι-

2037 889 2162 943 dum
2192 889 2373 960 itaque
2403 905 2500 961 per
2533 889 2692 945 fidem
2723 900 2853 946 ante
2891 902 2995 956 est,
3026 900 3086 946 ut
3121 897 3343 947 sanctus
3384 891 3652 948 Jeremias

2037 983 2292 1039 admonet
2316 983 2494 1058 (niti,
2525 984 2645 1058 ‘22),
2669 983 2750 1058 (ft)
2778 986 2828 1040 in
2858 985 3158 1041 substantia
3193 985 3287 1042 Dei
3307 1003 3320 1040 :
3343 995 3400 1041 ut
3425 985 3494 1041 de
3523 987 3652 1043 sub-

2036 1076 2232 1145 stantia
2251 1077 2342 1132 Dei
2357 1077 2661 1146 auditurus,
2680 1092 2900 1134 sensum
2923 1095 3080 1134 suum
3105 1079 3176 1133 ad
3197 1072 3303 1151 ιῇ.
3321 1093 3382 1134 ea
3405 1093 3524 1148 (tum
3557 1077 3652 1134 Del

2037 1171 2359 1226 substantiae
2385 1174 2496 1228 sint
2523 1173 2685 1244 digna
2729 1175 3074 1236 moderetur;
3125 1171 3440 1228 moderetur
3467 1180 3650 1228 autem

2039 1278 2147 1317 non
2186 1264 2372 1336 aliquo
2413 1265 2579 1322 modo
2621 1265 2980 1337 intelligendi,
3028 1268 3124 1322 sed
3170 1267 3456 1322 infinitate.
3509 1267 3650 1336 Quin

2037 1357 2202 1411 etiam
2232 1358 2487 1413 conscius
2512 1357 2618 1412 sibi
2657 1358 2854 1413 divina:
2879 1371 2938 1414 se
2965 1368 3172 1414 naturae
3215 1358 3556 1429 participem,
3596 1365 3654 1412 ut

2038 1435 2233 1505 beatu's
2275 1453 2558 1522 apostolus
2604 1452 2796 1508 Petrus
2842 1453 2895 1508 in
2943 1452 3172 1524 epistola
3225 1467 3322 1507 sua
3368 1453 3540 1506 altera
3577 1451 3654 1506 sit

2039 1538 2180 1614 (cap.
2213 1557 2274 1608 ιι,
2307 1542 2422 1616 ﬂ),
2455 1543 2712 1605 effectum
2751 1544 2918 1600 fuisse
2942 1585 2958 1609 ,
3008 1545 3102 1600 Dei
3145 1555 3392 1600 naturam
3423 1557 3529 1600 non
3560 1557 3656 1599 na.-

2035 1642 2170 1691 turre
2193 1653 2308 1692 sttui
2339 1639 2548 1710 legibus
2577 1641 2852 1707 metiatur,
2897 1640 2992 1696 sed
3032 1641 3249 1697 divinas
3275 1640 3652 1712 professiones

1961 1749 2009 1810 Β
2035 1729 2334 1785 secundum
2382 1732 2839 1802 magnificentiam
2879 1733 3082 1789 divinae
3113 1734 3182 1789 de
3205 1749 3267 1790 se
3299 1735 3653 1804 protestalio-

2035 1821 2121 1875 nis
2153 1822 2442 1892 eXpendat.
2467 1823 2723 1893 Optimus
2748 1825 2894 1878 enim
2926 1824 3097 1880 lector
3127 1835 3232 1892 est,
3267 1826 3354 1896 qui
3379 1824 3648 1880 dictorum

2034 1911 2444 1984 intelligentiam
2478 1924 2760 1985 exspectet
2784 1931 2854 1974 ex
2881 1916 3041 1972 dictis
3069 1919 3250 1986 potius
3276 1932 3434 1986 «luam
3474 1917 3651 1988 impo-

2037 2015 2149 2069 nat,
2181 2017 2234 2060 et
2259 2006 2505 2062 retulerit
2532 2009 2704 2078 magis
2729 2023 2890 2078 quam
2922 2008 3186 2074 attulerit,
3212 2023 3389 2079 neque
3411 2018 3575 2081 cogat
3598 2009 3655 2068 id

2041 2096 2213 2152 videri
2264 2096 2424 2152 dictis
2469 2101 2759 2167 contineri,
2807 2099 2950 2172 quod
2995 2107 3124 2158 ante
3178 2100 3468 2158 lectionem
3515 2116 3660 2174 prte-

2036 2189 2334 2258 sumpserit
2354 2189 2786 2262 intelligendum.
2806 2193 2940 2248 Cum
2959 2193 3142 2264 itaque
3161 2194 3231 2250 de
3250 2193 3414 2250 rebus
3435 2195 3530 2251 Dei
3553 2195 3657 2254 erit

2039 2295 2248 2349 sermo,
2281 2283 2646 2340 concedamus
2684 2283 3052 2356 cognitionem
3083 2287 3169 2342 sui
3201 2287 3313 2346 Deo
3336 2325 3354 2354 ,
3385 2285 3658 2359 dictisque

2039 2373 2158 2445 ejus
2187 2375 2274 2446 pia
2303 2377 2656 2434 veneratione
2699 2377 3044 2438 famulemur.
3095 2380 3326 2438 idoneus
3366 2381 3512 2438 enim
3551 2379 3657 2438 sibi

2041 2469 2195 2526 testis
2215 2481 2321 2536 est,
2344 2469 2439 2542 qui
2469 2470 2572 2527 nisi
2595 2487 2691 2541 per
2710 2487 2772 2528 se
2794 2473 3045 2543 cognitus
3072 2489 3179 2529 non
3207 2485 3313 2530 est.

2115 2561 2202 2616 i9.
2225 2560 2556 2633 Comparatio
2569 2565 2640 2619 ad
2655 2565 2830 2622 divina
2845 2567 2994 2622 nulla
3011 2575 3085 2621 est
3113 2565 3511 2637 perfecta.-—Si
3542 2580 3648 2638 qua

2041 2669 2171 2708 vero
2199 2669 2298 2709 nos
2323 2655 2391 2710 de
2414 2665 2608 2710 natura
2637 2656 2730 2712 Dei
2758 2667 2812 2712 et
2837 2659 3120 2714 nativitate
3149 2667 3470 2725 tractantes,
3502 2672 3657 2715 com-

2043 2745 2388 2816 parationum
2438 2749 2686 2818 exempla
2730 2748 3023 2804 aﬂ'eremus
3048 2789 3064 2816 ,
3097 2765 3258 2804 nemo
3282 2765 3345 2804 ea
3377 2751 3656 2808 existimet

2042 2835 2306 2892 absoluta:
2328 2838 2380 2892 in
2411 2851 2470 2893 se
2491 2839 2720 2895 rationis
2741 2838 3126 2911 perfectionem
3157 2841 3463 2897 continere.
3494 2841 3658 2898 Com-

2043 2927 2252 2998 paratio
2279 2931 2425 2986 enim
2460 2939 2798 2987 terrenarum
2829 2931 2897 2988 ad
2928 2933 3092 2988 Deum
3123 2935 3266 2988 nulla
3299 2941 3419 2990 est:
3453 2933 3549 2989 sed
3580 2934 3662 2990 in-

2045 3023 2272 3079 firmitas
2303 3035 2504 3081 nostrae
2532 3025 2916 3098 intelligentiae
2945 3027 3093 3096 cogit
3139 3027 3352 3099 species
3396 3027 3662 3100 quasdam

337 3127 432 3180 hat
455 3126 528 3197 (θ)
550 3125 926 3182 cctiﬂtentum.
962 3124 1068 3181 Sed
1113 3141 1214 3180 mis
1259 3124 1435 3180 edocti
1473 3123 1730 3179 divinitus
1766 3137 1942 3192 neque

2049 3129 2115 3170 ex
2159 3115 2531 3185 inferioribus,
2581 3125 2854 3189 tamquam
2899 3121 3241 3191 superiorum
3270 3117 3480 3176 iudices
3506 3137 3662 3188 qua:-

328 3218 476 3272 duos
505 3217 636 3271 deos
663 3215 958 3286 praedicare
999 3231 1174 3287 neque
1219 3215 1416 3282 solum,
1467 3215 1606 3270 hanc
1644 3214 1942 3285 evangelici

331 3327 395 3366 ac
424 3308 733 3381 prophetici
763 3309 1015 3377 praeconii
1046 3309 1314 3363 rationem
1363 3309 1414 3362 in
1459 3305 1803 3362 confessione
1845 3305 1944 3362 Dei

332 3405 509 3475 patris
531 3413 587 3458 et
609 3403 705 3458 Dei
729 3404 821 3458 lilii
851 3404 918 3476 (Γ)
950 3402 1268 3468 afferemus,
1298 3411 1356 3457 ut
1386 3417 1552 3458 unum
1593 3402 1648 3456 in
1679 3402 1785 3456 nde
1814 3416 1944 3457 nos-

333 3511 414 3553 tra
439 3497 552 3554 sint
577 3509 824 3568 uterque,
864 3512 974 3553 non
1021 3511 1159 3552 unus
1189 3513 1202 3550 :
1239 3509 1413 3567 neque
1433 3495 1684 3552 eumdem
1727 3505 1942 3552 utrum-

331 3606 465 3662 que,
501 3605 678 3662 neque
703 3591 846 3646 inter
865 3604 1052 3646 verum
1079 3605 1143 3646 ac
1170 3589 1362 3646 falsum
1393 3587 1536 3644 aliud
1577 3589 1944 3656 confitentes;

337 3684 465 3752 quia
503 3684 612 3738 Deo
638 3697 707 3738 ex
737 3683 850 3737 Deo
877 3691 1025 3748 nato,
1056 3697 1232 3750 neque
1255 3682 1506 3736 emdem
1529 3681 1783 3737 nativitas
1821 3697 1949 3752 per-

339 3777 507 3830 mittit
533 3789 672 3838 esse,
707 3791 886 3846 neque
913 3775 1079 3832 aliud.

411 3870 505 3923 18.
543 3869 749 3924 Lectori
798 3869 928 3939 ﬁdes
973 3869 1282 3924 necessaria.
1325 3898 1397 3909 —
1425 3868 1493 3924 Et
1539 3883 1637 3925 vos
1693 3869 1944 3938 quidem,

336 3976 476 4030 quos
499 3960 623 4017 fidei
650 3961 804 4016 calor
825 3969 882 4016 et
905 3960 986 4034 (θ)
1011 3961 1266 4032 ignoratae
1295 3959 1497 4016 mundo
1517 3975 1581 4015 ac
1608 3961 1944 4030 sapientibus

339 4052 534 4108 mundi
565 4052 810 4109 veritatis
845 4051 1086 4108 studium
1123 4053 1192 4108 ad
1233 4052 1518 4124 legendum
1546 4052 1784 4119 vocavit,
1827 4067 1946 4108 me-

411 4253 494 4327 (a)
522 4253 581 4311 In
608 4252 932 4327 Pratellensi
966 4269 1066 4310 ms.
1100 4255 1256 4310 series
1283 4270 1350 4327 go:
1367 4252 1534 4327 solido
1565 4251 1690 4320 Deo,
1728 4263 1784 4308 et
1805 4267 1953 4318 mox,

345 4324 510 4398 Pater
536 4325 719 4396 spiritu
742 4337 1047 4398 protensus:
1081 4342 1243 4381 voces
1271 4324 1383 4380 Deo
1405 4325 1690 4398 etdSpiritu
1711 4342 1777 4381 ex
1803 4342 1957 4398 niar~

341 4401 468 4464 gine
493 4397 545 4452 in
567 4395 768 4451 textum
787 4398 926 4452 haud
949 4398 1112 4453 dubie
1130 4398 1423 4453 translatae.
1442 4395 1541 4452 Hic
1564 4412 1776 4452 rursum
1801 4397 1954 4452 locus

341 4472 648 4525 illustratur
678 4469 1026 4524 similitudine
1057 4469 1191 4524 solis
1211 4511 1224 4533 ,
1276 4478 1334 4522 ut
1363 4468 1817 4536 quemadmodum
1867 4484 1954 4522 ra-

343 4541 468 4596 dius
491 4541 763 4610 estseries
783 4556 848 4595 ex
867 4541 1042 4594 solido
1059 4541 1188 4595 solis
1209 4553 1440 4610 corpore
1461 4540 1649 4594 educta
1675 4540 1726 4594 in
1754 4550 1948 4606 terras,

343 4616 418 4667 ita
470 4619 530 4666 et
576 4607 746 4665 Filius
790 4612 861 4666 sit
903 4612 1072 4666 series
1117 4607 1364 4667 eductae
1397 4609 1555 4666 Patre
1586 4627 1600 4664 :
1632 4621 1686 4666 ut
1718 4612 1862 4666 enim
1893 4611 1950 4665 in

2050 3221 2172 3264 rere
2195 3226 2210 3275 ;
2235 3219 2294 3264 ut
2320 3225 2502 3266 rerum
2528 3211 2874 3267 familiarium
2897 3214 3294 3268 consuetudine
3310 3213 3660 3282 admonente,

2048 3318 2115 3357 ex
2147 3317 2342 3360 sensus
2385 3303 2558 3360 nostri
2600 3308 2934 3364 conscientia
2981 3310 3046 3363 ad
3091 3307 3295 3364 insoliti
3324 3325 3518 3366 sensus
3545 3309 3666 3382 opi—

2049 3396 2266 3451 nionem
2297 3397 2660 3454 educeremur
2693 3395 2850 3470 (ηωε
2879 3409 3228 3455 memorantur
3267 3400 3358 3456 lib.
3388 3417 3463 3469 iv,
3492 3419 3547 3456 η.
3580 3402 3663 3474 2).

2047 3487 2236 3544 Omnis
2263 3490 2428 3560 igitur
2455 3493 2792 3562 comparatio
2825 3493 3032 3548 homini
3062 3495 3246 3566 potius
3279 3495 3426 3552 utilis
3461 3495 3668 3554 habea-

2052 3592 2162 3649 tur,
2194 3597 2353 3654 quam
2407 3585 2517 3641 Deo
2549 3595 2684 3657 .apta
2706 3629 2722 3656 ,
2773 3587 2897 3658 quia
2943 3587 3361 3659 intelligentiam
3393 3589 3564 3662 magis
3593 3593 3670 3646 si-

2054 3679 2293 3749 gnificel,
2324 3696 2484 3751 quam
2513 3681 2730 3751 expleat
2763 3701 2776 3736 :
2823 3700 2998 3753 neque
3027 3688 3237 3740 naturis
3265 3685 3447 3741 carnis
3475 3695 3529 3742 et
3559 3689 3672 3758 spi-

2053 3775 2210 3838 ritus,
2231 3785 2282 3830 et
2303 3773 2652 3830 invisibilium
2675 3791 2738 3831 ac
2757 3777 3122 3832 tractabilium
3157 3777 3503 3850 coaequandis
3527 3795 3670 3850 prae-

2056 3880 2272 3937 sumpta
2295 3877 2596 3940 reputetur,
2622 3879 2930 3942 protestans
2948 3882 3002 3927 et
3021 3872 3319 3928 infirmitati
3337 3887 3398 3928 se
3420 3871 3672 3928 humanae

2060 3963 2436 4033 intelligentia
2468 3964 2857 4032 necessariam,
2887 3973 2944 4020 et
2967 3965 3036 4020 ab
3059 3964 3258 4020 invidia
3290 3979 3413 4022 esse
3437 3965 3672 4023 liberam

2061 4069 2167 4111 non
2195 4054 2582 4112 satisfacientis
2611 4057 2868 4128 exempli.
2899 4055 3185 4128 Pergimus
3221 4059 3404 4130 itaque
3447 4059 3515 4116 de
3561 4058 3674 4117 Deo

2067 4263 2225 4311 antea
2259 4256 2676 4332 prtemitteretur
2720 4257 2809 4332 qui
2831 4258 2982 4332 dum,
3015 4275 3120 4314 non
3149 4277 3268 4332 qua:
3291 4261 3432 4328 dunt,
3465 4273 3597 4330 ele.,
3621 4259 3674 4319 id

2065 4337 2172 4401 est,
2203 4345 2324 4401 qua:
2351 4329 2554 4385 creatio
2593 4344 2704 4386 non
2737 4330 2841 4386 nisi
2878 4329 3208 4388 mendaciter
3236 4334 3522 4401 subjicitur
3549 4329 3676 4392 ﬁdei

2068 4399 2184 4476 Dei,
2233 4400 2324 4476 qui
2369 4411 2676 4476 genereet
2704 4412 2910 4476 natura
2963 4419 3098 4458 unus
3147 4415 3250 4469 est,
3279 4399 3526 4476 quamvis
3567 4423 3674 4463 non

2066 4471 2387 4547 escludatur
2432 4487 2460 4526 a
2527 4471 2634 4547 fide
2703 4473 2795 4528 Dei
2857 4473 2908 4528 in
2979 4471 3357 4543 sacramento,
3409 4487 3678 4547 quatenus

2067 4544 2250 4616 plures
2281 4543 2686 4616 per-quamdam
2719 4547 3134 4616 prterogativam
3185 4547 3288 4603 hoc
3329 4543 3528 4606 nouum
3559 4567 3680 4606 sor-

2063 4611 2299 4668 tinuitan
2326 4611 2542 4670 Videsis
2563 4613 2656 4669 lib.
2685 4611 2874 4671 contra
2899 4611 3141 4672 'Auxent.
3173 4636 3227 4673 n.
3261 4621 3317 4678 5.

344 4684 462 4757 sole
495 4681 576 4757 vis
605 4683 819 4752 triplex,
854 4683 1188 4757 illuminandi
1205 4725 1220 4746 ,
1253 4677 1624 4757 calefaciendi,
1655 4691 1707 4736 ct
1735 4681 1948 4737 orbicu-
1973 4675 2030 4736 D
2093 4756 2102 4757 ί
2129 4683 2386 4757 (d)Solus
2407 4685 2573 4757 codex
2599 4685 2716 4742 Vat.
2738 4686 2853 4742 bas.
2877 4689 3240 4748 substituentes
3262 4675 3291 4746 ε’
3314 4690 3494 4748 minus
3512 4691 3674 4750 bene.

347 4756 477 4810 laris
512 4755 679 4823 figura
700 4796 712 4814 ,
748 4770 842 4810 seu
873 4754 1103 4810 solidum
1138 4755 1264 4810 illud
1294 4755 1434 4809 unde
1465 4764 1546 4807 est
1578 4761 1805 4823 utraque
1836 4757 1952 4810 vis:

349 4829 419 4879 ita
453 4837 513 4882 et
557 4829 610 4879 in
641 4825 905 4880 Trinitate
951 4825 1323 4895 excogitabaut
1353 4823 1642 4880 Sabelliani
1689 4825 1953 4892 triplicem

352 4899 495 4960 vim,
536 4896 692 4969 cujus
739 4895 899 4969 Pater
943 4897 1424 4969 essetjhypostasis
1469 4912 1532 4969 ac
1574 4896 1742 4969 veluti
1791 4896 1958 4952 totius

351 4972 522 5022 forma
542 5010 556 5032 ,
593 4977 650 5040 ut
680 4967 914 5040 loquitur
944 4966 1281 5040 Epiphanius
1319 4966 1683 5040 locoilaudato
1710 4983 1958 5040 texique

351 5041 580 5094 haeresis
614 5037 775 5122 hujus
824 5037 1068 5095 notitiam
1117 5039 1184 5096 ad
1231 5039 1522 5112 capiendos
1569 5037 1758 5096 Hilarii
1791 5039 1959 5095 libros

353 5126 1153 5183 nmeﬂssartaiu‘comparamus.

424 5179 506 5256 (ὁ)
532 5183 686 5253 Apud
717 5179 1028 5256 Bad.,'Er.,
1083 5200 1293 5256 necnon
1341 5183 1394 5240 in
1441 5198 1556 5256 gms.
1598 5179 1722 5256 Vat.
1755 5180 1960 5256 basuet

352 5251 512 5310 Coifi.
555 5251 682 5320 tino,
708 5255 798 5309 sed
827 5259 1017 5311 creatio
1043 5255 1199 5311 ueluti
1223 5255 1490 5322 compositi
1524 5262 1573 5310 et
1611 5251 1834 5309 simulati
1861 5251 1963 5308 Dei

352 5326 641 5399 falsitatem
702 5328 902 5399 doceret
960 5343 980 5382 :
1023 5326 1188 5399 quod
1263 5329 1552 5399 glossema
1595 5325 1958 5399 suspicamur,

357 5396 598 5524 niaxiuie
653 5413 777 5453 cum
846 5398 966 5454 haec
1018 5396 1288 5469 loquendi
1319 5400 1456 5454 ratio
1506 5397 1574 5454 ab
1633 5396 1836 5452 Hilario
1893 5397 1964 5452 sit

357 5484 558 5524 atcna.

353 5484 462 5524 anc
469 5484 536 5524 na
545 5508 558 5521 .

429 5539 518 5614 (ι)
554 5539 612 5614 in
642 5540 874 5612 vulgatis
905 5549 972 5614 et
1000 5541 1244 5614 pluribus
1283 5557 1412 5598 mss.
1440 5540 1549 5614 hic
1586 5539 1960 5614 additurdvox

353 5609 652 5682 creatioriis,
683 5609 806 5684 quae
836 5609 1047 5684 rectius
1075 5613 1228 5669 abest
1257 5629 1286 5667 a
1316 5611 1751 5684 castigatioribus
1787 5609 1964 5684 libris.

357 5687 532 5756 Antea
551 5682 738 5756 excusi
765 5683 963 5756 habent
983 5685 1366 5750 ementirentur,
1391 5696 1447 5742 ct
1461 5682 1590 5756 post
1610 5682 1966 5756 excluderent,

356 5755 513 5811 nullo
539 5755 658 5814 fere
687 5754 1016 5828 suffragante
1040 5772 1143 5815 ms.
1173 5756 1291 5815 Non
1326 5751 1642 5830 displiceret
1665 5763 1876 5823 tamen,
1920 5751 1970 5812 si

2065 4755 2180 4811 lloe
2210 4757 2354 4810 enim
2377 4755 2476 4811 sibi
2508 4757 2623 4812 vult
2655 4775 2669 4811 :
2699 4773 2856 4828 quem
2881 4759 3130 4815 catholici
3165 4761 3334 4817 Deum
3357 4777 3564 4828 verum,
3594 4769 3680 4818 ut-

2065 4839 2188 4900 pote
2213 4844 2276 4883 ex
2305 4828 2412 4880 Deo
2434 4843 2558 4883 vera
2587 4831 2868 4885 nativitate
2895 4841 3078 4886 natum
3102 4832 3351 4900 credunt,
3385 4833 3459 4888 illi
3493 4832 3672 4892 haere-

2067 4898 2155 4972 tici
2185 4899 2384 4972 inguini
2417 4913 2480 4972 ac
2513 4899 2634 4954 fidei
2665 4901 2958 4972 creationis
2984 4903 3303 4972 subjiciunt.

2138 4969 2210 5040 (e)
2241 4969 2422 5044 Ediiio
2449 4968 2573 5044 Par.
2599 4971 2848 5040 antiquos
2869 4973 3059 5044 libros,
3083 4968 3282 5044 quibus
3325 4976 3571 5035 solemne
3591 4987 3677 5037 est

2069 5049 2289 5126 mutare
2313 5051 2332 5095 t
2361 5041 2414 5126 ιιι
2445 5041 2501 5107 d,
2529 5052 2738 5108 secuta,
2761 5041 3135 5126 confitendum.

2143 5107 2213 5255 if)
2242 5112 2366 5168 Vat.
2397 5111 2510 5169 bas.
2537 5128 2664 5180 ms.,
2701 5107 2999 5172 querimus.

2167 5181 2222 5255 g)
2248 5183 2380 5239 Bad.
2401 5195 2457 5242 et
2479 5185 2594 5254 Er.,
2613 5186 2902 5255 ignorante,
2923 5187 2999 5255 Li]

2167 5181 2222 5266 ξ)
2248 5183 2380 5239 Bad.
2401 5195 2457 5242 et
2479 5185 2570 5240 Er.
2577 5225 2594 5254 ,
2613 5186 2902 5256 ignorante,
2923 5187 3071 5260 Lips.
3097 5196 3154 5246 et
3178 5185 3327 5260 Par.,
3349 5189 3675 5264 ignoratum;

2068 5265 2402 5326 castigantur
2427 5273 2495 5312 (ΒΧ
2520 5271 2650 5313 mss.

2141 5327 2222 5406 (It)
2255 5327 2407 5398 Apud
2450 5345 2590 5406 axx,
2634 5330 2694 5406 in
2721 5330 3036 5406 ὑποστάσει.
3079 5329 3373 5406 Gregorius
3421 5333 3678 5395 Naziauz.

2069 5398 2218 5480 Orat.
2258 5414 2438 5480 xxxiv,
2473 5402 2654 5480 legens
2680 5401 2732 5480 in:
2772 5402 3124 5480 ῥποστήματι,
3154 5398 3490 5480 eiplicandaa
3517 5409 3684 5480 hujus

2070 5469 2220 5552 vocis
2241 5471 2603 5552 gralia_addit,
2629 5476 2716 5528 καὶ
2739 5475 2889 5552 οὐσίᾳ
2911 5469 3096 5552 ttupiou
3129 5494 3142 5530 :
3171 5469 3314 5547 quod
3343 5480 3558 5549 quidem
3585 5469 3685 5538 ulli

2073 5541 2366 5622 νὶγειιῐιυιιι
2415 5543 2679 5622 hactenus
2702 5541 3036 5622 _concéssuin
3087 5541 3269 5622 negat,
3321 5541 3444 5620 quia
3491 5569 3685 5610 eorum

2079 5614 2281 5684 nemini
2309 5613 2495 5670 datum
2521 5621 2604 5668 est
2630 5613 2814 5671 videre
2847 5629 3090 5684 naturam
3119 5613 3214 5678 sén
3239 5613 3535 5680 essentiam
3564 5625 3684 5682 Dei.

2079 5682 2417 5762 Ambrosius,
2446 5686 2516 5762 _l._
2543 5701 2602 5742 ut
2630 5684 2892 5762 defide,
2913 5703 2965 5745 c.
3005 5681 3109 5746 15:
3153 5685 3285 5762 'Quis
3313 5696 3450 5756 stetit
3479 5699 3534 5754 in
3559 5681 3685 5754 sub-

2082 5757 2274 5812 stantia
2303 5754 2538 5828 Domini,
2569 5767 2620 5816 et
2639 5758 2765 5814 uidit
2785 5754 2994 5816 verbum
3015 5754 3170 5832 ejus?
