4118 6186
491 270 562 326 59
1681 273 1927 332 SANCTI
1965 273 2222 333 HlLABll
2263 275 2573 334 EPISCOPI
3735 286 3804 340 40

491 381 723 438 locuturi
755 384 845 439 Dei
888 383 1090 451 verbis,
1132 401 1350 442 sensum
1402 368 1580 444 tamen
1621 401 1864 446 nostrum
1914 409 2091 447 rerum
2123 391 2172 450 Α
2201 393 2329 448 olim
2357 392 2559 448 editam
2589 393 2894 463 proferens,
2929 403 2983 450 et
3004 395 3232 453 subdole
3261 411 3379 467 eos,
3408 413 3472 454 ac
3499 413 3596 470 per
3623 400 3673 454 id
3705 401 3802 454 im-

491 488 802 533 nostrarum
833 478 1015 548 specie
1048 478 1375 535 nubueutes.

561 590 655 646 20.
700 589 842 646 Ordo
887 592 1042 646 totius
1081 593 1268 664 aperis.
1299 593 1469 650 -—Ac
1512 595 1748 666 primum
1803 597 1872 653 ita
1929 599 2094 654 tutius

491 684 674 754 operis
714 683 933 739 modum
967 684 1408 754 temperavimus,
1449 696 1508 741 ut
1546 687 1860 756 aptissimus
1911 689 2095 760 legen-

490 777 624 832 tium
665 775 995 847 profectibus
1045 792 1414 834 connexorum
1461 781 1562 834 sibi
1600 780 1906 838 libellorum
1956 783 2093 840 ordo

489 869 827 926 succederet.
860 869 1000 925 Nihil
1027 873 1171 926 enim
1211 872 1627 944 incompositum
1657 873 2094 948 indigestnmqne

489 964 688 1033 placuit
729 964 968 1022 afferre:
999 981 1068 1021 ne
1114 967 1295 1036 operis
1324 967 1628 1024 inordinata
1670 972 1952 1040 congeries
1979 987 2092 1026 rus-

486 1056 650 1111 ticum
681 1056 972 1127 quemdam
1015 1059 1298 1113 tumultum
1348 1060 1657 1129 perturbata
1703 1062 2091 1120 vociferatione

488 1150 774 1219 prmberet.
801 1149 909 1207 Sed
937 1151 1059 1221 quia
1103 1152 1282 1208 nullus
1328 1168 1423 1222 per
1455 1164 1723 1225 praerupta
1756 1171 2090 1213 conscensus

487 1251 591 1309 est,
643 1243 744 1296 nisi
786 1243 1076 1298 substratis
1119 1246 1375 1314 paulatim
1417 1246 1675 1316 gradibus
1706 1248 1911 1305 feratur
1940 1266 2092 1320 gres-

485 1350 577 1389 sus
606 1334 671 1390 ad
700 1351 939 1402 summa;
976 1353 1073 1392 nos
1099 1353 1314 1409 quoque
1345 1340 1587 1408 qnmdatn
1626 1344 1907 1412 gradiendi
1939 1345 2088 1400 initia

485 1427 815 1496 ordinantes,
862 1429 1087 1484 arduum
1129 1430 1232 1488 hoc
1285 1432 1655 1503 intelligentiae
1703 1436 1806 1492 iter
1835 1437 1912 1510 (a)
1948 1440 2088 1495 clivo

485 1522 637 1591 quasi
663 1522 911 1578 molliore
944 1524 1233 1580 Ienivimus
1265 1542 1372 1582 non
1407 1527 1507 1599 15
1529 1528 1638 1598 jam
1670 1531 1928 1600 gradibus
1955 1533 2088 1587 inci-

483 1627 626 1681 sum,
681 1616 777 1670 sed
820 1617 1045 1686 planitie
1095 1617 1423 1688 subrepente
1471 1621 1758 1688 devexum,
1810 1635 1866 1678 ut
1917 1640 2086 1695 prepe

481 1707 601 1761 sine
644 1709 1023 1764 scandentium
1070 1725 1269 1778 sensu,
1321 1713 1564 1794 euntium
1621 1715 1908 1784 proﬁceret
1955 1732 2086 1772 con-

480 1813 728 1856 εοεηδιιε.

473 1937 475 1944 ·
550 1913 642 1969 21.
690 1914 830 1983 Quid
877 1917 1135 1970 contineat
1178 1917 1304 1971 liber
1337 1920 1610 1973 secundus.
1653 1949 1726 1960 ——
1769 1920 1895 1976 Post
1941 1920 2085 1978 hunc

480 2009 625 2064 enim
654 2009 813 2079 primi
841 2008 998 2080 hujus
1021 2011 1291 2065 sermonis
1319 2011 1581 2078 libellum,
1614 2029 1846 2083 sequens
1885 2014 1956 2068 ita
1998 2029 2086 2070 sa-

479 2110 818 2156 cramentum
843 2101 1037 2158 edocet
1062 2101 1258 2157 divina:
1283 2103 1668 2174 generationis,
1696 2113 1754 2159 ut
1777 2105 2084 2174 baptizandi

479 2189 533 2245 in
567 2190 726 2246 Patre
753 2199 808 2245 et
833 2190 973 2246 Filio
999 2201 1054 2246 et
1092 2190 1298 2262 Spiritu
1330 2203 1522 2248 sancto
1563 2210 1669 2248 non
1702 2196 1952 2263 ignorent
1981 2213 2082 2250 no-

478 2283 683 2338 minum
733 2283 1018 2341 veritatem
1053 2327 1068 2352 ,
1125 2302 1300 2357 neque
1342 2286 1620 2342 vocabulis
1670 2287 2082 2361 intelligentiam

477 2375 834 2442 confundant,
861 2376 956 2432 scd
989 2383 1414 2448 unumquodque
1440 2380 1513 2433 ita
1561 2394 1723 2434 sensu
1752 2381 2079 2451 concipiant,

478 2476 540 2522 ut
583 2476 668 2524 est
710 2483 774 2523 ac
822 2479 1200 2539 nuncupatur;
1239 2471 1470 2541 agnitnri
1503 2471 1904 2529 absolutissime
1929 2473 1982 2528 in
2015 2475 2083 2531 iis

477 2576 595 2630 qua:
617 2560 757 2616 dicta
798 2571 944 2627 sunt,
968 2562 1112 2634 quod
1140 2578 1316 2632 neque
1359 2578 1466 2618 non
1508 2565 1620 2634 ipsa
1657 2565 1856 2620 veritas
1889 2567 1958 2621 sit
1983 2583 2082 2622 no-

475 2654 660 2722 minis,
690 2670 865 2728 neque
896 2671 1004 2711 non
1028 2671 1224 2713 nomen
1256 2657 1618 2714 sitveritatis.’

543 2789 637 2845 2‘2.
678 2789 834 2846 Liber
863 2792 1156 2847 tertius.—-
1187 2793 1316 2848 Post
1363 2793 1506 2850 hunc
1549 2795 1728 2866 itaque
1780 2796 1958 2852 lenem
2017 2813 2080 2854 ac

475 2880 694 2938 brevem
741 2883 1130 2940 demonstratae
1174 2885 1457 2942 Trinitatis
1495 2902 1830 2954 sermonem,
1889 2891 2080 2945 tertius

472 2976 630 3043 liber,
659 2979 762 3034 etsi
817 2981 1044 3046 sensim,
1075 2989 1252 3035 tamen
1297 2981 1409 3050 jam
1452 2981 1804 3051 proﬁcienter
1853 2985 2073 3040 incedit.

472 3066 606 3125 Nam
648 3070 720 3138 id,
756 3071 900 3142 quod
956 3072 1094 3126 ultra
1146 3074 1364 3128 humani
1416 3089 1608 3128 sensus
1663 3075 2074 3146 intelligentiam

475 3162 736 3220 Dominus
762 3165 830 3220 de
858 3182 918 3221 se
952 3165 1227 3234 professus
1253 3175 1360 3233 est,
1389 3168 1606 3238 quantis
1655 3178 1835 3239 potest
1889 3179 2078 3239 poten-

473 3254 561 3310 tia:
590 3257 852 3326 exemplis
879 3257 946 3312 ad
990 3257 1355 3327 intelligentim
1385 3257 1548 3314 ﬁdem
1583 3270 1819 3329 coaptat,
1842 3260 2029 3316 dicens
2059 3280 2070 3315 :

473 3347 583 3420 Ego
609 3351 661 3403 in
685 3348 867 3416 Patre,
899 3361 944 3405 et
974 3351 1133 3406 Pater
1176 3352 1228 3405 in
1269 3368 1348 3404 me
1377 3351 1556 3421 (Joan.
1591 3369 1646 3420 Χ,
1680 3352 1773 3425 58)
1807 3373 1817 3408 :
1852 3365 1909 3409 ut
1932 3354 2075 3426 quod

468 3442 536 3496 ab
560 3441 780 3498 homine
811 3460 906 3514 per
940 3457 1186 3499 naturam
1219 3445 1469 3501 hebetem
1503 3463 1609 3501 non
1653 3451 1881 3516 capitur,
1919 3447 1968 3503 id
1999 3449 2072 3520 (b)

469 3535 605 3592 ﬁdes
648 3536 754 3607 iam
799 3539 1134 3594 rationabilis
1190 3542 1432 3595 scientia:
1472 3551 1835 3612 consequatur
1889 3561 1900 3596 :
1949 3544 2074 3615 quia

469 3644 644 3698 neque
670 3646 774 3684 non
808 3629 1139 3687 credendum
1169 3632 1238 3689 de
1265 3648 1324 3688 se
1358 3635 1466 3689 Deo
1509 3643 1612 3701 est,
1644 3650 1816 3705 neque
1847 3637 2077 3703 apinan-

467 3723 594 3778 dum
623 3733 725 3791 est,
750 3734 904 3780 extra
932 3726 1201 3782 rationem
1231 3725 1357 3782 ﬁdei
1387 3741 1508 3782 esse
1537 3727 1950 3799 intelligentiam
1979 3743 2074 3800 po-

467 3817 703 3874 testatis.

536 3933 627 3989 25.
671 3932 826 3988 Liber
849 3944 1086 4005 quartus.
1118 3933 1443 4002 ——Quartus
1473 3935 1668 3990 deinde
1699 3935 1837 3991 liber
1865 3934 2073 3991 initium

465 4025 546 4079 sui
580 4041 646 4080 ex
679 4025 1060 4082 haireticornm
1106 4026 1368 4083 doctrinis
1398 4026 1732 4096 auspicatur,
1783 4041 1844 4082 se
1896 4028 2073 4096 ipsum

464 4117 632 4185 vitiis,
648 4119 844 4190 quibus
873 4118 1005 4175 ﬁdes
1027 4119 1286 4175 Ecclesiae
1300 4118 1374 4190 lc)
1395 4119 1708 4186 infamatur,
1727 4135 2069 4191 expurgans:

465 4208 639 4280 ipsam
687 4209 832 4264 illam
864 4209 1103 4280 perﬁdiae
1147 4211 1546 4282 expositionem
1577 4227 1604 4264 a
1637 4212 1823 4266 multis
1846 4211 1928 4282 (ά)
1963 4227 2070 4268 non

539 4350 620 4432 (1)
661 4349 756 4404 Ms.
791 4345 996 4432 νει-οη.
1023 4358 1179 4415 tenet;
1211 4359 1269 4405 ut
1300 4349 1460 4420 paulo
1484 4355 1631 4417 ante,
1667 4347 1894 4416 Quartus
1940 4347 2067 4402 liber

466 4431 790 4492 auspicatur,
819 4431 924 4478 etc.

543 4560 616 4635 (a)
641 4560 839 4635 Hockad
867 4559 1222 4635 imitationem
1251 4558 1410 4635 Plinii
1448 4558 1662 4635 videtur
1706 4557 1932 4635 dictum,
1981 4559 2072 4635 qui
2103 4556 2152 4615 D

467 4630 562 4688 lib.
601 4630 684 4695 vr.
739 4632 907 4702 EpiSt.
942 4648 973 4686 v
1016 4649 1029 4685 :
1073 4632 1179 4694 Ita,
1210 4633 1403 4700 inquit,
1441 4630 1616 4684 leviter
1643 4642 1692 4686 et
1724 4631 1913 4685 sensim
1942 4630 2072 4685 clivo

467 4705 678 4776 fallente
706 4705 968 4776 consurgit
993 4713 1050 4759 ut
1074 4721 1189 4759 cum
1218 4703 1526 4758 adscendere
1555 4713 1602 4757 te
1625 4720 1727 4757 non
1761 4712 1924 4774 putes,
1958 4720 2076 4757 sen-

462 4779 562 4832 tias
590 4777 936 4832 adscendisse.

541 4847 615 4919 (b)
649 4847 811 4912 Editi,
836 4855 1062 4918 excepto
1089 4846 1212 4902 Par.
1245 4861 1367 4902 cum
1400 4845 1567 4919 unico
1593 4860 1717 4919 m_s_.,
1745 4845 2074 4919 ﬁdestamen

468 4915 765 4974 rationabili
793 4915 1007 4975 scientia
1037 4927 1403 4989 consequatur.
1449 4915 1606 4972 Ratio
1637 4915 2071 4989 ltici'subjicitnr,

466 5006 562 5046 cur
609 4990 740 5045 fides
799 4991 1010 5046 dicatur
1056 4988 1376 5044 rationabilis
1430 4990 1665 5045 scientia.
1714 4988 2075 5045 Ratiouabilis

466 5061 683 5132 quidem
713 5072 816 5128 est,
836 5064 960 5132 quia
991 5064 1127 5116 ratio
1155 5061 1342 5116 suadet
1371 5060 1703 5116 credendum
1730 5065 1873 5114 Deo:
1898 5061 2067 5132 scieu.

467 5131 594 5189 tium
644 5134 806 5190 etiam
854 5131 1035 5198 habet,
1063 5134 1186 5199 quia
1250 5131 1491 5200 Opinioni
1577 5149 1681 5184 non
1745 5131 2068 5197 relinquitur

465 5205 635 5270 luens,
665 5219 785 5259 cum
813 5220 906 5273 per
927 5204 1151 5259 eil‘ectus
1173 5202 1522 5272 intelligimus
1548 5205 1666 5273 plus
1691 5203 1857 5257 Deum
1883 5217 2058 5271 posse,

466 5292 623 5352 quam
648 5279 824 5352 capiat
864 5276 1094 5352 humana
1125 5275 1280 5329 ratio.
1315 5274 1448 5327 llinc
1479 5275 1621 5328 male
1650 5277 1703 5352 in
1731 5273 2062 5352 vulgatisle-

465 5345 730 5429 gemma,
759 5347 1114 5429 intelligentia:
1162 5354 1480 5428 potestatem,
1531 5345 2063 5429 pro-intelligentiam

467 5417 753 5490 potestatis,
786 5417 1009 5490 qnod'et
1039 5417 1207 5490 magis
1237 5417 1576 5490 perspicuum
1609 5422 1678 5472 sit
1700 5433 1764 5472 ex
1799 5417 1880 5472 his
1907 5417 1938 5469 l.
1979 5434 2057 5484 ιιι,

468 5505 618 5543 nunt.
645 5489 717 5544 5:
744 5488 878 5546 sunt
919 5488 1210 5545 istiusmodi
1259 5490 1311 5542 in
1340 5489 1450 5543 Deo
1496 5497 1795 5556 potestates,
1848 5505 2061 5554 quarum

466 5577 582 5634 cum
612 5562 743 5616 ratio
790 5562 1140 5634 intelligentiw
1166 5571 1368 5634 nostrte
1395 5561 1920 5634 incomprehensibilis
1967 5570 2060 5627 est,

466 5631 597 5704 ﬁdes
625 5642 794 5687 tamen
825 5650 913 5700 per
942 5631 1200 5688 ueritatem
1230 5632 1522 5704 efﬁcientia?
1548 5633 1603 5684 in
1632 5633 1868 5686 absoluto
1893 5643 1988 5704 est.

541 5703 617 5777 (ε)
650 5704 703 5758 In
737 5704 982 5777 vulgatis,
1027 5702 1343 5777 inﬁrmatur,
1398 5702 1538 5757 male
1586 5720 1598 5755 :
1645 5719 1819 5772 neque
1869 5703 2063 5760 melius

466 5773 663 5834 deinde
692 5773 849 5848 apud
863 5774 1018 5841 Bad.,
1052 5773 1144 5830 Er.
1175 5785 1230 5831 et
1257 5773 1405 5847 Lips.
1439 5789 1759 5849 expugnans.

2201 487 2463 558 piissime,
2501 504 2663 543 unum
2692 491 2855 544 Deum
2881 504 2948 544 ex
2976 490 3094 561 lege
3115 491 3423 548 defendisse
3449 494 3800 561 convincens,

2197 579 2449 636 omnibus
2493 581 2623 653 legis
2671 598 2736 639 ac
2787 582 3172 653 prophetarum
3225 588 3550 644 testimoniis
3591 591 3662 644 ita
3707 590 3803 646 de-

2199 672 2536 739 monstratis,
2591 684 2650 729 ut
2697 675 2817 732 sine
2863 677 2971 732 Deo
3012 677 3230 734 Christo
3274 695 3440 736 unum
3472 682 3639 738 Deum
3666 700 3801 738 con-

2197 764 2336 819 ﬁteri
2385 765 2755 836 irreligiositas
2798 769 2899 836 sit;
2951 780 3006 825 et
3057 770 3312 828 confesso
3361 773 3635 846 unigenito
3690 776 3801 834 Deo

2195 854 2415 914 Christo
2446 900 2460 924 ,
2535 875 2640 915 non
2723 877 2884 917 unum
2963 862 3129 918 Deum
3203 865 3502 934 praedicare
3574 867 3796 938 perﬁdia

2194 951 2285 1005 sit.

2264 1049 2358 1105 24.
2392 1049 2544 1104 Liber
2563 1049 2796 1120 quintus.
2824 1078 2898 1090 —
2922 1048 3153 1116 Quintus
3179 1066 3308 1107 vero
3339 1050 3418 1125 (Ι)
3482 1052 3650 1108 tenuit
3675 1071 3795 1110 cum

2193 1141 2563 1210 responsionis
2615 1141 2894 1206 ordinem,
2947 1157 3106 1212 quem
3156 1143 3398 1200 haeretici
3454 1145 3800 1204 instituerant

2195 1237 2567 1306 professionis.
2624 1235 2867 1306 Namque
2911 1253 3030 1291 cum
3083 1254 3247 1293 unum
3295 1240 3458 1294 Deum
3501 1243 3796 1309 prtedieare

2191 1345 2251 1385 se
2288 1330 2586 1386 secundum
2622 1330 2794 1400 legem
2826 1331 3068 1385 ementiti
3113 1342 3331 1397 essent;
3380 1349 3541 1388 unum
3581 1351 3796 1406 quoque

2193 1420 2363 1476 Deum
2395 1438 2578 1476 verum
2603 1438 2669 1476 ex
2693 1422 2879 1477 eadem
2909 1424 3150 1491 proferre
3174 1439 3234 1480 se
3267 1425 3579 1481 fefellerunt
3605 1447 3616 1482 :
3645 1439 3698 1481 ut
3719 1427 3792 1499 (ε)

2191 1530 2284 1586 per
2311 1516 2682 1584 exceptionem
2722 1517 2811 1570 llei
2867 1524 2923 1572 et
2969 1518 3127 1572 unius
3175 1527 3230 1572 et
3278 1520 3411 1584 veri,
3460 1521 3793 1576 nativitatem

2192 1607 2421 1662 Domino
2465 1605 2687 1661 Christo
2734 1607 3069 1673 adiuuerunt;
3102 1607 3227 1679 quia
3271 1611 3360 1664 ubi
3407 1613 3657 1667 nativitas
3687 1625 3793 1680 est,

2187 1699 2258 1754 ibi
2287 1708 2342 1754 et
2371 1698 2723 1766 intelligentia
2757 1701 2827 1753 sit
2947 1700 3205 1755 veritatis.
3236 1701 3344 1756 Nos
3375 1713 3554 1757 autem
3598 1705 3791 1761 iisdem

2111 1793 2159 1853 B
2186 1791 2460 1862 gradibus,
2512 1791 2708 1861 quibus
2753 1791 2986 1860 idipsum
3033 1797 3349 1864 negabatur,
3379 1795 3659 1861 docentes,
3693 1815 3791 1856 nec

2187 1887 2324 1942 duos
2351 1886 2503 1948 deos,
2531 1901 2632 1941 nec
2653 1886 2953 1941 solitarium
2980 1903 3165 1942 verum
3201 1889 3305 1960 16
3331 1890 3526 1956 Deum,
3560 1894 3654 1948 sed
3689 1895 3759 1949 l’a
3777 1925 3789 1933 -

2195 1989 2330 2034 trem
2373 1993 2559 2033 verum
2596 1981 2761 2033 Deum
2794 1979 2862 2032 ita
2896 1995 2962 2033 ex
2994 1979 3112 2049 lege
3139 1996 3200 2033 ac
3229 1983 3507 2053 prophetis
3539 1987 3792 2054 prmdica-

2187 2071 2383 2135 vimus,
2433 2085 2502 2124 ne
2541 2078 2635 2123 aut
2675 2071 2832 2124 unius
2873 2069 2969 2124 Dei
2998 2070 3156 2126 fidem
3187 2088 3682 2144 corrumperemus,
3711 2079 3788 2151 (ς)

2187 2174 2278 2218 aut
2309 2163 2644 2219 nativitatem
2688 2163 3105 2234 denegaremus.
3155 2165 3262 2222 Sed
3317 2170 3463 2238 quia,
3496 2173 3791 2229 secundum

2189 2259 2334 2325 illos,
2377 2269 2564 2314 creato
2613 2259 2949 2328 potiusquam
3001 2266 3128 2315 nato
3177 2276 3372 2317 nomen
3419 2264 3512 2319 Dei
3563 2267 3789 2322 Domino

2186 2352 2314 2410 Jesu
2355 2353 2570 2408 Christo
2596 2354 2952 2421 deputarctur
2977 2355 3154 2423 potius
3195 2371 3352 2425 quam
3388 2357 3622 2422 inesset;
3654 2360 3790 2414 divi-

2187 2445 2370 2501 nitatis
2399 2445 2599 2500 veritas
2640 2445 2710 2500 ita
2753 2461 2818 2500 ex
2859 2446 3272 2502 auctoritatibus
3321 2433 3652 2521 propheticis
3697 2455 3789 2509 de-

2187 2549 2488 2596 monstrata
2545 2549 2647 2604 est,
2701 2549 2759 2593 ut
2811 2553 2932 2606 nos,
2977 2540 3206 2597 Domino
3247 2541 3376 2598 Jesu
3417 2545 3633 2600 Christo
3679 2547 3789 2603 Deo

2187 2650 2314 2689 vero
2385 2633 2717 2706 prwdicato,
2779 2635 2914 2688 intra
2979 2635 3392 2706 intelligentiam
3462 2641 3621 2696 unius
3696 2643 3788 2698 Dei

2184 2729 2293 2783 veri
2346 2728 2538 2783 nativae
2595 2728 2645 2781 in
2690 2743 2756 2782 eo
2803 2727 3102 2784 divinitatis
3142 2732 3344 2787 veritas
3390 2737 3712 2793 contineret.

2254 2821 2342 2876 25.
2386 2819 2539 2874 Liber
2568 2829 2761 2875 sextus.
2795 2851 2865 2860 ——
2890 2820 3086 2876 Sextus
3117 2824 3374 2893 verojam
3405 2825 3540 2882 liber
3570 2845 3786 2885 omnem

2186 2913 2456 2969 haereticze
2480 2915 2799 2968 assertionis
2839 2913 3258 2970 fraudulentiam
3311 2918 3512 2987 pandit.
3545 2920 3789 2990 Namque

2183 3015 2241 3060 ut
2268 3006 2426 3060 dictis
2449 3005 2560 3059 suis
2590 3004 2748 3060 ﬁdem
2782 3007 3043 3073 facerent,
3068 3007 3386 3065 damnantes
3410 3011 3551 3067 dicta
3578 3025 3632 3069 et
3664 3015 3786 3070 vitia

2182 3097 2869 3162 haireticormnNalentini
2893 3098 3093 3154 scilicet
3119 3108 3175 3154 et
3195 3101 3412 3158 Sabellii
3431 3112 3486 3159 et
3509 3105 3786 3164 Mauiclnei

2103 3184 2147 3247 C
2181 3201 2232 3247 ct
2264 3191 2525 3253 Hieracte,
2577 3193 2691 3261 pias
2740 3192 3001 3248 Ecclesia:
3034 3193 3450 3262 prmdicatioues
3481 3199 3789 3256 velamento

2184 3287 2535 3356 professionis
2589 3286 2769 3358 impia:
2823 3289 2981 3345 furati
3032 3303 3155 3347 sunt
3188 3304 3282 3350 :nt
3311 3293 3391 3366 (2)
3416 3299 3682 3364 correptis
3708 3296 3787 3370 (Ιι)

2182 3379 2235 3432 in
2267 3379 2461 3434 melius
2488 3382 2666 3436 verbis
2694 3382 3141 3452 irreligiosorum,
3162 3396 3215 3440 et
3245 3389 3494 3459 ambigua
3519 3391 3787 3460 signiﬁca-

2183 3471 2328 3525 tione
2350 3471 2660 3538 moderatis,
2687 3474 2787 3529 sub
2803 3475 3096 3546 impietatis
3109 3479 3458 3534 damnatione
3480 3481 3783 3537 doctrinam

2181 3563 2393 3632 pietatis
2405 3564 2830 3632 eXstingucrent.
2846 3566 2952 3622 Sed
2971 3584 3068 3623 nos
3081 3568 3414 3638 singulorum
3430 3572 3586 3628 dictis
3601 3583 3654 3628 et
3670 3589 3789 3643 pro-

2178 3655 2504 3712 fessionibus
2529 3659 2913 3717 demonstratis
2937 3703 2952 3727 ,
2983 3675 3198 3719 sanctas
3224 3664 3485 3721 Ecclesiae
3517 3668 3781 3737 praedica-

2180 3748 2354 3805 tiones
2397 3751 2750 3819 absolvimus,
2792 3769 2966 3824 neque
3005 3757 3295 3827 quidquam
3347 3773 3468 3814 cum
3513 3759 3784 3816 damnatis

2179 3840 2448 3897 haereticis
2488 3859 2774 3900 conunune
2806 3846 2881 3900 eis
2908 3861 3029 3903 esse
3086 3851 3451 3918 permisimus,
3516 3863 3575 3906 ut
3626 3852 3782 3908 dam-

2183 3935 2360 3988 nanda
2425 3936 2768 4006 damnantes,
2803 3941 2916 3996 sola
2965 3945 3349 4000 venerabiliter
3395 3946 3648 4002 sectanda
3697 3963 3782 4001 se-
3851 3983 3854 3986 -

2181 4044 2493 4099 queremur,
2525 4033 2692 4088 lilium
2727 4035 2818 4090 Dei
2848 4035 3076 4109 (supple,
3120 4039 3263 4109 esse)
3292 4040 3574 4095 Dominum
3597 4041 3779 4096 Jesum

2182 4122 2476 4192 Christum,
2505 4127 2646 4196 quod
2681 4129 2913 4184 maxime
2958 4131 3026 4184 ab
3069 4131 3135 4185 iis
3161 4134 3474 4201 negabatur,
3523 4149 3618 4204 per
3666 4134 3782 4190 huic

2179 4213 2650 4294 docentes,_dum
2697 4220 2766 4276 de
2818 4236 2885 4278 eo
2927 4232 3156 4279 testatur
3203 4225 3394 4295 Pater,
3441 4226 3570 4283 dum
3613 4227 3680 4284 de
3722 4243 3782 4284 se

2245 4349 2325 4422 (2)
2365 4350 2651 4423 Corruptis,
2682 4353 2811 4410 ibid.

2252 4558 2342 4633 (ά)
2389 4537 2622 4633 Ρὶθομηοη
2653 4559 2795 4626 olim,
2827 4560 3171 4618 substitutum
3202 4572 3289 4619 est
3335 4563 3473 4633 apud
3527 4564 3675 4630 Lips.
3725 4574 3780 4621 et

2182 4629 2429 4703 Par..jaru
2452 4629 2592 4684 olim.
2620 4633 2978 4703 renitentibus
3012 4650 3140 4689 mss.
3169 4629 3382 4689 necnon
3404 4637 3542 4703 quod
3577 4629 3667 4690 lib.
3700 4653 3772 4700 vt,

2185 4719 2240 4757 η.
2271 4703 2326 4766 5,
2356 4702 2575 4767 dicitur,
2603 4702 2858 4758 Arianam
2905 4706 3044 4759 luem
3086 4708 3314 4774 proxime
3339 4702 3649 4762 emersisse.
3699 4707 3777 4763 De

2185 4774 2284 4828 hac
2314 4774 2514 4840 perlida
2547 4775 2882 4840 expositione
2904 4775 3145 4831 dicemus
3173 4779 3310 4830 libro
3341 4792 3415 4830 tv.

2259 4845 2329 4915 (ε)
2375 4845 2534 4899 Solus
2579 4860 2679 4898 ms.
2713 4847 2824 4918 bas.
2864 4845 3006 4913 Vat.,
3033 4856 3087 4901 ut
3117 4863 3206 4918 per
3248 4847 3614 4917 professione»:
3650 4847 3766 4904 Dei.

2183 4916 2350 4973 Usum
2392 4931 2452 4968 ac
2475 4918 2584 4970 vim
2617 4917 2766 4970 verbi
2807 4921 3033 4987 exceptio
3061 4916 3283 4972 cernere
3315 4929 3395 4974 est
3428 4920 3563 4974 infra
3595 4941 3646 4974 ιι.
3677 4921 3771 4980 29.

2183 4989 2255 5046 55
2286 4997 2343 5044 et
2384 4987 2473 5051 54,
2511 4987 2597 5038 ubi
2643 5003 2747 5040 non
2784 4991 2952 5042 solam
3014 4989 3399 5058 professiOoem
3441 5002 3628 5060 sonat,
3677 4993 3773 5048 Sed

2176 5075 2294 5116 eam
2319 5075 2347 5110 a
2373 5061 2528 5126 cujus
2554 5060 2832 5111 conSortio
2861 5061 3034 5125 quivis
3063 5063 3197 5114 altus
3242 5073 3510 5118 arceatur.

2243 5132 2309 5201 (Γ)
2349 5130 2459 5183 lloc
2484 5138 2584 5192 est,
2613 5129 2683 5201 ibi
2722 5129 3035 5200 intelligitur
3067 5134 3337 5200 posses~io
3387 5150 3525 5186 verm
3565 5143 3770 5188 natura}

2170 5198 2288 5272 ejus
2313 5217 2378 5256 ex
2408 5214 2514 5268 quo
2542 5198 2794 5274 nativitas
2821 5198 2922 5254 est.
2947 5198 3082 5257 Nam
3108 5219 3208 5259 vox
3235 5207 3420 5260 veritas
3443 5205 3642 5258 llilnrio
3672 5220 3768 5274 pro

2171 5270 2291 5329 vera
2326 5280 2536 5334 natura,
2565 5270 2750 5339 utjam
2779 5285 2924 5340 Stcpe
2955 5275 3208 5338 vidimus,
3235 5277 3493 5331 solemnis
3519 5286 3620 5328 est.

2240 5342 2317 5416 (g)
2349 5341 2618 5405 Editi,aut
2662 5344 2768 5397 nati
2823 5346 3084 5401 veritatem
3112 5367 3124 5403 :
3155 5349 3292 5403 male
3321 5358 3376 5402 et
3407 5346 3765 5403 renitentibus

2167 5430 2300 5474 mss.

2245 5485 2325 5558 (Ιι)
2361 5484 2690 5555 Reponimns
2744 5487 3402 5558 exg’l‘ellerianorcodice
3455 5499 3506 5546 et
3568 5490 3764 5544 l’ratel.

2168 5557 2417 5627 correptis
2442 5575 2459 5623 ;
2489 5558 2631 5627 quod
2659 5569 2712 5614 et
2740 5558 2791 5612 iu
2822 5557 3030 5628 Remig.
3065 5574 3129 5613 ac
3173 5557 3382 5617 Theod.
3417 5561 3620 5628 pridem
3674 5576 3759 5614 se-

2167 5629 2359 5684 cundis
2381 5631 2526 5711 curis
2552 5631 2783 5702 positum
2812 5630 2910 5686 fuit
2934 5645 3089 5689 :cum
3117 5630 3237 5688 aliis
3264 5634 3315 5688 in
3341 5634 3494 5690 libris
3527 5632 3765 5701 legamus

2164 5711 2444 5772 corruptis.
3297 5717 3299 5721 ‘
