4118 6186
291 256 365 311 st
1548 254 1636 312 DE
1672 250 2049 311 TRINITATE
2084 254 2287 315 LIBER
2323 259 2366 315 l.
3546 277 3615 333 42

294 376 417 445 ipse
464 374 775 446 proﬁtetur,
824 370 950 426 dum
1001 371 1244 440 Apostoti
1276 371 1591 442 praedicant,
1622 372 1751 428 dum
1782 372 1910 429 reli-
1940 377 1983 435 Α
2015 387 2123 434 tate
2145 422 2159 445 ,
2191 390 2379 436 natura
2406 425 2421 449 ,
2454 391 2754 454 potestate,
2786 389 3158 460 professione;
3212 407 3281 450 nc
3330 396 3350 469 (
3380 403 3438 451 ut
3475 400 3608 471 non)

294 469 436 540 giosi
479 467 732 526 credunt.
784 466 912 520 dum
959 465 1235 522 daemones
1271 467 1530 533 clamant,
1572 468 1698 521 dum
1736 466 1907 523 Judaei

298 573 563 636 negantes
596 565 863 627 fatentur,
906 560 1034 617 dum
1070 561 1381 633 ignorantes
1427 563 1733 635 intelligunt
1778 579 1911 634 geu-

299 665 422 722 tes;
454 670 523 711 ne
540 657 653 725 jam
682 653 762 726 (id
792 661 889 720 est,
912 660 974 708 ut
994 651 1126 724 non)
1152 653 1533 724 ambigendum
1570 655 1908 724 permittere-

298 758 414 816 tur,
430 746 573 820 quod
600 746 960 818 ignorandum
990 760 1098 802 non
1126 747 1550 817 relinquebatur.

373 863 462 919 26.
506 861 662 916 Liber
685 862 955 929 septimus.
988 858 1265 925 Sabellius,
1315 860 1514 916 Hebion
1545 869 1590 916 et
1620 860 1777 916 Arius
1802 878 1911 918 sese

300 954 549 1012 uincendo
579 954 831 1009 Ecclesia:
853 952 1436 1022 uincunt.—Septimus
1465 953 1723 1023 deinceps
1748 952 1907 1021 liber,

298 1051 603 1108 secundum
637 1047 890 1120 perfectas
922 1046 1046 1103 tidei
1076 1046 1325 1118 gradum,
1359 1054 1626 1118 suscepta:
1665 1046 1912 1117 disputa-

302 1146 466 1202 tionis
511 1157 820 1199 sermonem
870 1141 1213 1212 temperavit.
1266 1139 1507 1211 Namque
1534 1140 1785 1209 primum,
1813 1153 1910 1210 per

300 1239 628 1297 inviolabilis
659 1236 785 1293 fidei
819 1250 1005 1290 sanam
1045 1242 1102 1290 et
1143 1234 1516 1302 incorruptam
1565 1231 1908 1287 demonstra-

301 1336 532 1401 tionem,
560 1332 706 1387 inter
734 1327 1025 1385 Sabellium
1049 1334 1104 1380 et
1131 1325 1425 1380 llebionem
1454 1335 1509 1379 ct
1546 1323 1645 1379 hos
1667 1339 1772 1378 non
1796 1322 1910 1378 veri

304 1430 406 1486 Dei
437 1426 817 1498 praedicatores
844 1422 940 1477 lite
968 1418 1198 1475 certavit
1220 1459 1235 1481 .
1266 1433 1363 1473 cur
1392 1417 1660 1494 Sabelloius
1699 1417 1908 1473 subsis-

308 1534 427 1580 tere
454 1527 577 1575 ante
595 1515 793 1573 satcula
821 1523 1062 1584 negaret,
1092 1526 1251 1582 quem
1283 1520 1528 1566 creatum
1557 1510 1649 1564 alii
1680 1507 1906 1564 conﬁte-

307 1627 515 1674 rentur.
540 1610 824 1685 lgnorabat
849 1607 992 1663 enim
1014 1605 1281 1662 Sabellius
1301 1603 1684 1660 subsistentem
1710 1601 1908 1658 Filium

303 1712 435 1767 dum
463 1710 635 1764 Deum
656 1720 842 1761 verum
869 1713 1152 1772 operatum
1180 1701 1233 1754 in
1262 1713 1492 1769 corpore
1514 1714 1636 1754 esse
1659 1713 1764 1753 non
1788 1713 1906 1753 am-

306 1805 461 1875 bigit.
491 1801 558 1857 Hi
590 1812 766 1857 autem
796 1770 1061 1868 negabant
1090 1793 1529 1859 nativitatem,et
1567 1790 1910 1846 affirmabant
1936 1770 1986 1831 Β

304 1905 634 1961 creaturam,
662 1894 788 1947 dum
829 1905 994 1960 opera
1025 1887 1144 1958 ejus
1175 1886 1270 1942 Dei
1302 1888 1415 1942 veri
1458 1899 1582 1942 esse
1608 1899 1773 1954 opera
1803 1899 1910 1939 non

306 1990 634 2060 intelligunt.
669 1986 760 2041 Lis
786 1999 1000 2049 eorum,
1048 1980 1185 2037 ﬁdes
1230 1991 1416 2036 nostra
1461 1987 1564 2035 est.
1607 1978 1740 2034 Nam
1782 1978 1909 2034 dum

310 2085 479 2141 ﬁlium
527 2090 688 2153 negat
734 2079 992 2152 (ideoque
1016 2075 1208 2147 errat),
1240 2076 1291 2130 in
1318 2090 1384 2130 eo
1413 2075 1582 2130 vincit
1619 2072 1910 2137 Sabellins,

317 2179 418 2251 17
436 2175 579 2247 quod
611 2176 755 2230 Deus
778 2172 1189 2240 verus(utrecte
1202 2167 1418 2270 probat)
1444 2175 1702 2237 operatus
1732 2174 1843 2270 est':
1861 2174 1916 2270 et

311 2269 552 2327 Ecclesia
579 2281 699 2331 eos,
723 2264 815 2336 qui
840 2278 1030 2321 verum
1054 2264 1107 2317 in
1136 2260 1353 2316 Christo
1382 2261 1552 2315 Deum
1576 2260 1912 2329 negaverint,

313 2362 498 2419 vincit.
534 2362 605 2418 At
634 2373 766 2415 vero
785 2372 907 2413 cum
930 2354 1318 2411 subsistentem
1347 2352 1621 2409 Christum
1651 2358 1779 2407 ante
1807 2364 1914 2406 sae-

314 2459 434 2515 cula
458 2457 511 2510 hi
541 2454 802 2515 adversus
832 2467 954 2507 eum
976 2449 1356 2505 demonstrant
1381 2461 1596 2517 semper
1610 2454 1914 2517 operatum,

314 2552 383 2607 de
434 2547 798 2605 condemnato
847 2557 1030 2599 secum
1075 2539 1312 2597 Sabellio
1356 2538 1510 2595 nobis
1558 2539 1914 2609 triumphant,

318 2645 485 2700 Deum
510 2639 728 2712 quidem
756 2652 945 2694 verum
973 2632 1157 2707 (l)(a)
1184 2634 1407 2699 sciente,
1457 2629 1554 2686 sed
1606 2631 1699 2687 Dei
1745 2631 1915 2686 ﬁlium

319 2736 612 2795 nesciente.
644 2732 851 2788 Hebion
884 2738 1064 2784 autem
1107 2726 1177 2782 ab
1222 2734 1452 2796 utroque
1478 2725 1551 2779 ita
1577 2724 1830 2791 vincitur,
1863 2733 1921 2781 ut

322 2830 409 2885 hic
431 2824 641 2899 (Arius)
670 2835 796 2880 ante
818 2824 1017 2879 saecula
1045 2821 1452 2884 subsistentem,
1485 2818 1574 2874 hic
1596 2816 1914 2891 (Sabellius)

324 2939 508 2979 verum
526 2922 694 2977 Deum
723 2918 1325 2986 convincatoperatum.
1350 2912 1659 2981 Omnesque
1694 2925 1753 2967 se
1782 2910 1920 2965 invi-

322 3034 440 3076 cem
466 3014 732 3072 vincendo
750 3014 1068 3068 vincuntur:
1088 3009 1214 3080 quia
1246 3005 1494 3063 Ecclesia
1519 3014 1574 3062 et
1601 3013 1790 3062 contra
1821 3005 1920 3061 Sa-

321 3110 566 3176 bellium,
593 3119 651 3165 et
667 3114 855 3163 contra
875 3112 1139 3161 creaturae
1180 3100 1593 3172 praedicatores,
1633 3105 1690 3154 et
1727 3107 1918 3154 contra

319 3158 640 3270 Hebionem,
676 3200 845 3257 Deum
870 3211 1059 3254 verum
1088 3210 1156 3251 ex
1185 3194 1295 3250 Deo
1324 3207 1454 3248 vero
1494 3191 1780 3247 Dominum
1824 3188 1917 3246 Je-
1946 3158 1992 3223 C

315 3314 439 3356 sum
465 3297 762 3363 Christum,
816 3300 873 3348 et
910 3299 1036 3347 ante
1075 3287 1275 3345 saecula
1307 3296 1514 3354 natum,
1539 3292 1594 3341 et
1614 3291 1798 3356 postea
1825 3282 1923 3339 lto-

316 3392 520 3450 minem
545 3388 786 3460 genitum
812 3400 931 3442 esse
953 3391 1200 3439 testatur.

389 3510 483 3563 ‘27.
510 3508 880 3573 Argumentum
929 3499 1132 3573 septimi
1185 3497 1321 3551 libri.
1367 3526 1437 3537 --
1477 3492 1688 3550 Nemini
1739 3502 1919 3548 autem

316 3601 543 3657 dubium
567 3608 686 3664 est,
712 3609 1010 3667 congruum
1041 3591 1093 3647 id
1125 3591 1358 3645 maxime
1386 3586 1469 3659 (2)
1497 3588 1680 3659 pietati
1704 3585 1916 3641 doctri-

318 3710 406 3751 na:
428 3694 625 3756 fuisse,
658 3699 718 3746 ut
746 3692 872 3761 quia
897 3703 966 3743 ex
989 3686 1108 3756 lege
1135 3694 1189 3740 et
1216 3681 1497 3753 prophetis
1529 3680 1763 3751 primum
1824 3677 1919 3733 Dei

323 3788 527 3853 ﬁlium,
572 3793 699 3858 post
741 3784 904 3838 etiam
949 3779 1120 3835 Deum
1171 3791 1357 3832 verum
1406 3787 1529 3829 cum
1579 3779 1921 3828 sacramento

321 3883 549 3941 unitatis
578 3878 1062 3952 prmdicassemus;
1096 3888 1310 3928 rursum
1334 3870 1509 3941 legem
1523 3883 1599 3923 'ac
1626 3867 1921 3939 prophetas

319 3992 423 4051 per
443 3972 733 4047 Evangelia
765 3971 1075 4036 ﬁrmantes,
1108 3969 1340 4038 primum
1372 3980 1436 4019 ex
1474 3963 1557 4018 Itis
1582 3962 1677 4017 Dei
1708 3961 1878 4015 ﬁlium
1901 3998 1916 4025 ,

320 4080 445 4145 post
471 4070 637 4127 etiam
664 4067 832 4123 Deum
865 4063 940 4137 (ὁ)
973 4077 1158 4119 verum
1203 4061 1543 4115 duceremus.
1596 4055 1922 4122 Competen-

320 4167 595 4223 tissimum
617 4162 799 4232 itaque
826 4158 965 4222 fuit,
1022 4162 1145 4226 post
1191 4166 1389 4209 nomen
1453 4148 1580 4214 filii,
1637 4146 1919 4203 veritatem

315 4260 441 4331 ejus
466 4254 755 4313 ostendere
784 4268 795 4305 :
829 4262 1158 4322 quamquam
1180 4286 1195 4309 ,
1229 4240 1530 4301 secundum
1576 4253 1920 4344 comtttunem

316 4329 544 4409 sensum
564 4391 580 4415 ,
615 4346 688 4418 (ε)
719 4342 965 4401 veritatis
989 4338 1388 4397 absolutionem
1442 4333 1788 4436 nuncupatio.
1821 4329 1921 4436 ﬁlii

315 4446 617 4503 obtineret.
640 4439 749 4497 Sed
778 4454 847 4493 ne
873 4436 998 4509 quid
1023 4477 1039 4502 ,
1062 4431 1478 4490 adversantibus
1530 4426 1791 4496 unigeniti
1827 4426 1920 4480 Dei

315 4540 569 4606 veritati,
600 4533 898 4592 occasionis
922 4529 991 4586 ad
1024 4527 1316 4585 fallendum
1370 4534 1425 4581 et
1471 4519 1812 4625 illudendt't‘m.
1835 4532 1924 4625 re-

317 4638 689 4708 linqueretur;
726 4635 895 4701 ipsam
931 4625 1077 4679 illam
1111 4622 1257 4719 (δέη,
1286 4634 1392 4690 qua
1423 4610 1816 4719 proprius-.Dei
1863 4610 1925 4716 li-

314 4730 424 4785 lius
453 4723 714 4795 creditur)
737 4718 1080 4793 proprietatis
1126 4714 1283 4771 ﬁdem
1313 4727 1405 4783 per
1434 4709 1749 4812 divini-tatis-
1780 4709 1923 4812 veri-

317 4835 491 4882 tatem
521 4820 890 4877 adstruximus
916 4833 932 4871 :
957 4814 1125 4869 Deum
1166 4824 1288 4865 esse
1331 4822 1488 4870 eum,
1519 4804 1608 4904 qui
1659 4801 1753 4857 Dei
1782 4799 1923 4904 ﬁlius

317 4933 432 4975 non
460 4920 767 4986 negaretur,
798 4910 881 4964 his
904 4905 1080 4962 modis
1107 4903 1368 4959 docentes
1390 4941 1405 4965 ,
1440 4896 1689 4963 nomine,
1722 4896 1921 4950 nativi-

396 5053 477 5126 (l)
504 5051 733 5126 Sapientes
751 5088 765 5110 ,
790 5043 989 5126 deinde
1015 5041 1327 5126 nescientes...

396 5056 445 5126 (l
504 5053 733 5108 Scienles
751 5088 765 5110 ,
790 5053 989 5102 deinde
1015 5053 1327 5120 nescrentesz

392 5053 477 5201 (2;
511 5123 624 5178 Pia:
652 5116 1178 5175 doctrinw:fortasse
1201 5109 1416 5165 melius.

394 5248 472 5325 (a)
499 5243 640 5303 Editi
670 5250 723 5297 et
750 5229 1475 5311 pleriqnemss.s_cientes;et
1500 5237 1657 5290 mox,
1689 5218 1920 5276 nescien-

394 5340 445 5349 λ-
484 5318 811 5349 ιιι-ειῖηηηθιηι
858 5323 927 5349 mr
977 5312 1295 5349 neranttmtn
1352 5313 1454 5349 ms.
1501 5296 1656 5349 Colit.
1713 5304 1921 5346 necnon

312 5298 811 5387 les\:'castigantt'tr
858 5298 927 5365 ei
977 5303 1316 5384 perantiquo.
1352 5313 1454 5353 ms.
1501 5298 1656 5351 Collt.
1713 5304 1921 5394 necnon

313 5397 512 5439 Carm.
542 5403 606 5439 ac
657 5383 954 5439 vetustiore
979 5378 1187 5439 Benng.
1218 5374 1425 5439 Quippe
1453 5367 1659 5439 Itrecde
1681 5361 1926 5439 Sabellto

1153 5397 1167 5414 ,
1494 5397 1498 5400 .
1556 5397 1564 5400 .
1644 5397 1659 5401 -
1732 5397 1926 5417 ..πων

313 5397 606 5496 (Ξεῗῖἔῖλὲ
629 5397 1208 5496 ηἶιίίἓ¹ἱῗὶ¹ίῖιὲεέἷιῗὲ¹.¹¹ἣ
1217 5397 1659 5496 ξ¹¹¹ἕῖἷὶἷιὲῗ¹⁴ίῖἰ⁹
1680 5397 1927 5490 ﬁebam

629 5472 739 5514 non
769 5455 837 5511 de
866 5446 1103 5508 Arianis.
1130 5443 1266 5499 Tum
1316 5443 1512 5522 duplex
1571 5443 1622 5491 in
1681 5443 1927 5490 Hemone

315 5551 487 5597 error
508 5540 722 5589 notatur
755 5544 770 5583 :
802 5525 1011 5597 primus
1036 5531 1145 5584 quo
1175 5524 1333 5586 negat
1359 5510 1633 5597 Cltrtstum
1663 5514 1788 5597 ante
1813 5504 1928 5559 Ma-

348 5580 785 5671 iéﬁ'ﬁéiiéé'ciuo
805 5580 1067 5671 vulteunt
1090 5580 1298 5642 merum
1327 5580 1829 5671 esseltominert‘nn.“
1857 5644 1908 5671 ﬂ:

317 5628 785 5751 "adfixet?
1329 5628 1450 5711 Tia?
1461 5628 1622 5721 supra
1645 5691 1660 5717 ,
1694 5647 1829 5701 Deus
1857 5644 1936 5700 vi-

316 5747 417 5809 vus
437 5763 584 5806 uerus
607 5752 848 5816 operatus
867 5747 961 5793 est.

765 5836 1045 5896 Panos.
1093 5828 1180 5891 X.

2012 472 2159 526 aliud
2191 484 2337 530 esset
2383 492 2545 543 quam
2601 493 3026 551 nuncuparetur,
3074 501 3251 557 neque
3280 492 3610 559 nuncupatio

2014 579 2121 617 non
2147 566 2443 622 nativitatis
2473 581 2653 637 esset,
2685 588 2859 642 neque
2882 577 3133 633 nativitas
3177 589 3423 635 naturam
3477 584 3613 637 ami-

2012 654 2200 723 sisset,
2268 674 2443 730 ueque
2485 670 2674 719 natura
2723 680 2831 720 non
2889 669 3204 725 retinuisset
3254 680 3609 742 potestatem,

2012 760 2188 816 neque
2208 759 2449 820 potestas
2475 768 2583 808 non
2614 754 2774 810 etiam
2802 760 3015 814 conscia
3059 761 3161 817 sibi
3208 764 3455 820 veritatis
3486 782 3613 835 pro-

2013 839 2247 898 fessione
2274 852 2596 901 notesceret.
2624 844 2829 904 Causas
2856 865 2985 921 ergo
3026 866 3216 909 omnes
3273 856 3606 927 singulorum

2011 948 2271 1004 generum
2299 939 2369 993 ita
2399 954 2465 996 ex
2494 939 2803 1013 Evangeliis
2833 955 3127 1018 excerptas
3159 949 3487 1019 subjecimus
3509 994 3523 1021 ,
3553 964 3611 1009 ut

2013 1044 2113 1084 nec
2138 1031 2406 1102 professio
2437 1037 2666 1091 tacuerit
2697 1044 3015 1107 potestatem
3038 1081 3054 1108 ,
3081 1058 3179 1099 nec
3204 1055 3444 1114 potestas
3499 1064 3608 1104 non

2013 1125 2314 1181 cxsernerit
2342 1135 2587 1183 naturam
2616 1169 2630 1195 ,
2662 1130 2974 1203 nequatura
2999 1150 3106 1189 non
3159 1151 3270 1191 sua:
3310 1140 3609 1197 nativitatis

2012 1219 2116 1284 sit,
2152 1235 2250 1276 nec
2280 1223 2529 1278 nativitas
2558 1240 2665 1279 non
2715 1226 2798 1281 sui
2827 1227 3062 1283 nominis
3095 1246 3107 1282 :
3138 1238 3198 1284 ttt
3248 1247 3341 1299 per
3397 1233 3450 1288 id
3502 1250 3606 1290 non

2013 1311 2411 1383 relinqueretur
2441 1315 2732 1385 impietatis
2762 1318 3027 1374 calumnia
3051 1362 3067 1384 ,
3098 1338 3220 1377 cnm
3255 1324 3345 1379 Dei
3378 1326 3492 1381 veri
3541 1343 3612 1384 ex

2014 1402 2128 1458 Deo
2150 1420 2279 1461 vero
2307 1407 2643 1465 divinitatem
2666 1451 2681 1477 ,
2712 1413 3009 1468 secundum
3037 1423 3091 1469 et
3117 1432 3314 1473 nomen
3372 1428 3429 1475 et
3467 1422 3610 1476 nati-

2010 1496 2231 1553 vitatem
2283 1509 2333 1554 et
2365 1512 2609 1558 naturam
2641 1514 2695 1560 et
2723 1514 3076 1576 potestatem,
3099 1509 3213 1580 ipsa
3241 1527 3457 1585 quoque
3501 1518 3612 1574 Do-

2013 1590 2191 1648 minus
2215 1592 2373 1650 Jcsus
2392 1592 2638 1653 Christus
2685 1600 2880 1656 nativae
2926 1602 3171 1659 veritatis
3196 1619 3309 1662 sua:
3339 1618 3606 1679 protesta-

2012 1683 2483 1759 tioneﬂdocuisset.

2084 1819 2175 1878 28.
2208 1821 2435 1884 Octavus
2483 1830 2630 1887 liber.
2690 1865 2763 1876 —
2816 1835 3057 1895 Octavus
3091 1839 3203 1911 jam
3252 1858 3385 1899 vero
3433 1844 3603 1913 liber,

2012 1920 2223 1977 duobus
2243 1924 2613 1992 superioribus
2647 1928 2752 2000 18
2775 1926 2929 1985 libris
2976 1931 3044 1986 de
3100 1933 3195 1988 Dei
3234 1935 3346 1990 ﬁlio
3389 1946 3445 1992 et
3501 1939 3613 1996 Deo

2012 2025 2144 2068 vero
2169 2014 2396 2069 mttltum
2450 2016 2517 2071 ad
2562 2019 2901 2075 credentium
2954 2021 3116 2079 fidem
3166 2028 3609 2098 proficientibus,

2014 2114 2162 2163 totus
2189 2106 2241 2161 in
2269 2108 2429 2164 unius
2460 2110 2549 2166 Dei
2577 2112 3047 2173 demonstratione
3074 2118 3331 2177 detentus
3359 2130 3474 2190 est;
3503 2139 3611 2180 non

2014 2198 2266 2256 auferens
2296 2201 2408 2257 lilio
2438 2202 2532 2259 Dei
2560 2207 2899 2263 nativitatem
2927 2250 2943 2277 ,
2991 2210 3086 2266 sed
3139 2227 3314 2283 neque
3345 2232 3443 2285 per
3491 2232 3611 2271 eam

2015 2292 2180 2349 duum
2198 2293 2420 2351 deorum
2447 2295 2781 2354 divinitatem
2814 2301 3185 2360 introducens.
3252 2306 3333 2363 Ac
3380 2309 3615 2378 primum

2016 2385 2211 2455 quibus
2241 2386 2414 2443 modis
2440 2387 2680 2473 haeretici
2716 2394 3002 2450 veritatem
3031 2396 3124 2452 Dei
3152 2399 3322 2468 patris
3348 2410 3404 2456 et
3433 2401 3523 2457 Dei
3553 2402 3618 2456 ﬁ-

2016 2476 2110 2543 lii,
2141 2480 2262 2549 quia
2296 2494 2495 2551 negare
2517 2498 2623 2537 non
2642 2494 2898 2553 possent,
2925 2496 3104 2543 tamen
3131 2490 3355 2547 eludere
3386 2493 3619 2550 niteren-

2019 2579 2123 2638 tur,
2155 2572 2410 2643 edocuit;
2439 2576 2743 2635 dissolvens
2776 2581 2987 2652 ineptas
3013 2599 3203 2640 eorum
3258 2596 3313 2642 et
3364 2588 3619 2646 ridiculus

2016 2664 2335 2720 occasiones
2354 2707 2369 2731 ,
2393 2668 2588 2737 quibus
2618 2685 2714 2739 per
2742 2670 2795 2725 id
2825 2673 2968 2742 quod
2992 2674 3192 2731 dictum
3219 2686 3302 2733 est
3329 2697 3342 2733 :
3376 2679 3619 2736 Multitu-

2018 2753 2159 2809 diuis
2183 2764 2356 2811 autem
2381 2759 2698 2815 credentium
2750 2773 2859 2817 erat
2891 2763 2971 2836 (α)
2997 2767 3172 2821 anima
3226 2778 3272 2821 et
3325 2786 3414 2824 cor
3460 2788 3619 2827 unum

2024 2844 2163 2915 (Act.
2195 2861 2282 2913 tv,
2312 2847 2405 2919 3%)
2430 2866 2445 2915 ;
2474 2859 2528 2906 et
2551 2867 2765 2907 rursum
2800 2871 2812 2907 :
2848 2853 2951 2922 Qui
2982 2857 3182 2922 plantat
3207 2870 3407 2930 autem,
3439 2875 3486 2917 et
3530 2867 3619 2936 qui

2020 2937 2186 3007 rigat,
2215 2954 2372 2992 unum
2401 2950 2521 2995 sunt
2546 2941 2591 3013 (Ι
2620 2941 2737 2998 Cor.
2771 2961 2861 3014 ttt,
2900 2945 2996 3021 8);
3030 2958 3087 3005 et
3111 2951 3306 3007 iterum
3341 2954 3503 3010 :Non
3526 2975 3621 3027 pro

2023 3026 2103 3081 his
2148 3040 2317 3083 autem
2369 3039 2568 3087 tantum
2596 3052 2744 3106 rogo,
2776 3039 2866 3092 sed
2914 3051 2960 3094 et
3008 3058 3102 3112 pro
3141 3045 3205 3099 iis
3249 3049 3338 3117 qui
3377 3026 3624 3105 credituri

2022 3130 2140 3174 sunt
2167 3138 2257 3192 per
2285 3125 2492 3179 verbum
2512 3143 2690 3181 eorum
2719 3130 2775 3184 in
2817 3148 2896 3186 me
2922 3147 2941 3187 :
2972 3142 3028 3187 ut
3074 3152 3247 3193 omnes
3298 3156 3456 3195 unum
3485 3144 3622 3207 sint,

2024 3212 2155 3266 sicut
2178 3223 2255 3284 tu,
2270 3214 2447 3284 Pater,
2473 3219 2525 3273 in
2555 3237 2654 3289 nte,
2679 3234 2728 3277 et
2749 3240 2839 3295 ego
2861 3225 2916 3280 in
2938 3235 3006 3292 te,
3040 3240 3095 3284 ut
3125 3241 3171 3284 et
3198 3232 3301 3303 ipsi
3319 3234 3422 3289 sint
3448 3236 3502 3289 in
3532 3253 3625 3292 no-

2024 3306 2101 3362 bis
2126 3306 2306 3377 (Joan.
2334 3326 2479 3378 xvtt,
2510 3314 2603 3382 20,
2662 3315 2753 3387 21)
2790 3319 3121 3379 :voluntatis
3174 3326 3357 3394 potius
3396 3336 3450 3383 et
3491 3345 3624 3384 una-

2024 3401 2285 3458 nimitatis
2310 3420 2470 3475 quam
2519 3407 2820 3467 divinitatis
2867 3426 3119 3471 asserunt
3174 3421 3482 3477 veritatem.
3515 3423 3623 3480 Sed

2023 3508 2124 3550 nos
2153 3494 2268 3552 haec
2291 3498 2405 3568 ipsa
2437 3500 2551 3555 suis
2579 3501 2868 3560 virtutibus
2894 3518 3291 3577 pertractantes
3343 3513 3464 3583 (hoc
3511 3527 3620 3583 est,

2022 3590 2323 3645 secundum
2350 3592 2455 3646 vim
2481 3593 2817 3669 verborum),
2849 3600 3010 3656 fidem
3039 3602 3093 3657 in
3142 3618 3202 3660 se
3256 3606 3454 3662 divinat
3486 3612 3627 3664 nati-

2024 3678 2508 3741 vitatiscontinere
2533 3687 2871 3745 ostendimus
2931 3709 2944 3745 :
3005 3705 3061 3749 et
3108 3710 3297 3752 omnes
3356 3698 3625 3757 dictorum

2023 3772 2423 3832 dominicorum
2475 3779 2843 3848 professiones
2884 3786 3261 3855 revolventes,
3307 3798 3479 3845 totum
3537 3800 3623 3847 at-

2022 3881 2128 3937 que
2158 3867 2453 3938 perfectum
2478 3913 2493 3938 ,
2524 3887 2591 3927 ex
2641 3875 2956 3944 apostolicis
3010 3879 3296 3948 praecmtiis
3349 3897 3413 3937 ac
3451 3885 3627 3940 sancti

2022 3958 2256 4027 Spiritus
2277 3961 2464 4033 (Vocis
2491 3967 2664 4022 sancti
2689 3968 2945 4039 Spiritus,
2973 3987 3085 4041 quae
3106 3972 3191 4027 hic
3210 3973 3284 4029 vis
3305 3976 3371 4030 sit
3399 4018 3412 4041 ,
3439 3977 3628 4032 videsis

2023 4051 2115 4106 lib.
2139 4068 2254 4120 vm,
2284 4071 2339 4107 η.
2362 4056 2455 4128 25)
2482 4060 2931 4131 proprietatibus,
2963 4074 3016 4120 et
3045 4074 3286 4136 paterna:
3334 4076 3391 4125 et
3439 4070 3629 4142 unige-

2024 4146 2150 4200 nitze
2198 4147 2500 4217 majestatis
2527 4162 2926 4210 sacramentum
2956 4158 3239 4215 docuimus
3270 4178 3282 4215 :
3312 4177 3435 4218 cum
3476 4174 3529 4218 et
3572 4166 3626 4220 in

2025 4237 2187 4293 Patre
2221 4238 2391 4295 Filius
2444 4241 2781 4313 intellectus,
2817 4256 2872 4303 et
2899 4248 3061 4305 Pater
3086 4251 3139 4307 in
3163 4252 3302 4309 Filio
3341 4259 3590 4327 cognitus
3612 4300 3628 4326 ,

2023 4332 2286 4404 unigeniti
2309 4335 2402 4390 Dei
2437 4336 2868 4409 nativitatem,et
2898 4343 3126 4414 perfecti
3152 4345 3207 4403 in
3238 4362 3305 4404 eo
3325 4349 3418 4405 Dei
3438 4349 3517 4422 (ὅ)
3544 4367 3630 4408 os-

2024 4424 2309 4481 tenderent
2348 4431 2655 4487 veritatem.

1949 4548 2001 4609 D
2097 4585 2188 4642 29.
2218 4585 2372 4643 Liber
2392 4605 2577 4644 nonus.
2622 4590 2939 4663 Argumenta
2985 4603 3165 4651 contra
3199 4596 3392 4653 Christi
3446 4600 3633 4655 divini-

2030 4687 2205 4735 tatem.
2233 4711 2305 4720 —
2333 4681 2527 4736 Parum
2559 4693 2643 4738 est
2689 4693 2867 4741 autem
2895 4728 2910 4753 ,
2971 4688 3024 4743 in
3069 4690 3232 4746 rebus
3283 4692 3352 4747 ad
3396 4693 3624 4748 salutem

2032 4772 2268 4831 maxime
2303 4776 2627 4832 necessariis
2647 4817 2662 4841 ,
2690 4779 2804 4833 sola
2834 4794 2897 4836 ea
2945 4781 3013 4835 ad
3045 4780 3470 4838 satisfactionem
3502 4784 3629 4840 fidei

2032 4866 2248 4937 afferre,
2273 4883 2394 4938 qua:
2420 4871 2639 4940 propria
2667 4880 2794 4926 sunt
2827 4889 2840 4925 :
2873 4874 2997 4943 quia
3025 4874 3342 4944 plerumque
3372 4874 3452 4948 (4)
3474 4876 3632 4932 blan-

2128 5019 2187 5093 5)
2216 5016 2275 5093 l_n
2300 5012 2584 5093 superiore
2613 5008 2854 5065 editione
2888 5028 2901 5064 :
2928 5010 3239 5069 ostenderet.

2128 5020 2187 5093 5)
2216 5020 2273 5071 ln
2300 5020 2584 5138 suferiore
2613 5020 2708 5063 θαι

2105 5020 2188 5166 Et)
2209 5087 2341 5143 Blan
2381 5085 2516 5138 iente
2537 5097 2708 5136 sensu.

2102 5206 2174 5281 (ο)
2204 5206 2316 5262 Hoc
2334 5211 2455 5281 est,
2484 5215 2665 5281 veram
2688 5200 2856 5272 patris
2882 5210 3128 5281 naturam
3152 5220 3276 5281 vera
3300 5206 3390 5281 filii
3425 5223 3634 5265 nuncu-

2030 5273 2177 5354 patio
2205 5276 2487 5354 manifeste
2514 5273 2784 5354 obtineret
2809 5274 3294 5354 ;quibus_declarat
3312 5278 3546 5354 Hilarius
3573 5298 3635 5340 se

2034 5345 2184 5424 quasi
2208 5364 2272 5405 ex
2298 5345 2593 5401 abundanti
2614 5345 3139 5424 ostensurumuFilio
3184 5361 3428 5406 naturam
3459 5353 3636 5410 Patris

2034 5416 2189 5487 esse,
2221 5429 2508 5492 postquam
2532 5417 2769 5492 ostendit
2795 5416 2845 5470 ei
2902 5416 2996 5492 lilii
3044 5432 3252 5492 nomen;
3292 5435 3630 5492 competere.

2034 5487 2277 5552 Netanda
2297 5506 2404 5545 vox
2427 5487 2854 5557 absolutio,qttae
2899 5487 2975 5542 illi
3018 5488 3175 5545 valde
3228 5487 3508 5550 familiaris
3552 5507 3638 5554 est

2038 5582 2139 5638 pro
2165 5572 2393 5638 recerta
2423 5558 2764 5638 ct_evidenti.

2113 5637 2195 5710 (d)
2225 5635 2299 5689 Ita
2325 5633 2467 5688 hunc
2490 5630 2667 5714 locum
2685 5629 2956 5714 exhibent
2976 5639 3289 5691 constanter
3308 5650 3439 5695 mss.
3497 5638 3641 5697 Editi

2043 5724 2174 5768 vero
2194 5750 2209 5781 ,
2241 5722 2330 5762 σον
2354 5719 2513 5760 unum
2535 5712 2583 5757 et
2609 5712 2784 5758 anima
2809 5717 2932 5756 una.

3009 5796 3051 5857 2
