4118 6186
402 250 476 309 43
1601 233 1850 296 SANCTI
1881 222 2140 293 HILARII
2178 230 2492 295 EPISCOPI
3645 238 3719 295 44

394 370 609 427 dientes
629 379 848 425 sensum
879 365 958 441 (a)
988 361 1456 422 lallantdictorum
1482 367 1796 416 nostrorum
1840 358 1999 414 inex-
2024 356 2079 418 A
2101 357 2214 424 scit,
2247 373 2410 427 neque
2438 355 2625 429 Angeli
2648 354 2706 412 in
2733 354 2895 426 caelis,
2918 352 3001 431 (ά)
3026 367 3189 427 neque
3218 336 3410 422 Filius,
3429 354 3532 412 nisi
3562 354 3720 412 Pater

391 462 618 532 plorata:
636 461 967 517 assertiones
986 500 1003 528 ,
1026 457 1133 514 nisi
1158 455 1322 513 etiam
1354 453 1786 526 propositionum
1805 450 2000 507 adver-

394 569 577 611 sarum
609 554 998 611 demonstratae
1031 549 1352 617 inanitates,
1383 545 1545 604 ﬁdem
1575 554 1817 602 nostram
1846 545 1899 599 in
1933 558 2000 600 eo

400 648 523 719 ipso
547 690 561 715 ,
593 646 736 719 quod
764 647 898 719 ipsae
938 643 1186 701 ridicula:
1208 656 1333 699 esse
1362 648 1679 712 arguantur,
1709 637 1999 692 affirmem.

400 740 587 797 Nonus
617 741 799 811 itaque
828 738 968 796 liber
996 746 1143 794 totus
1175 737 1227 793 in
1261 734 1341 810 (l)
1372 731 1701 805 repellendis
1745 730 1844 800 iis,
1876 742 2001 800 quae

397 836 467 893 ad
499 834 878 893 intlrmandam
908 833 1175 905 unigeniti
1208 830 1303 887 Dei
1332 829 1413 903 (2)
1443 828 1779 884 nativitatem
1809 824 1878 880 ab
1908 823 2003 878 im-

398 932 505 1004 piis
533 929 1141 1001 usurpantur,intentus
1170 933 1254 983 est
1282 942 1297 981 :
1331 923 1423 995 qui
1452 919 1876 992 dispensationis
1909 930 2003 972 oc-

396 1026 530 1083 culti
562 1041 592 1081 a
622 1025 851 1082 saeculis.
865 1023 1115 1097 mysterii
1143 1020 1527 1086 immemores,
1561 1012 1875 1085 evangelica
1897 1009 2003 1066 fide

390 1122 564 1179 Deum
595 1128 758 1192 atque
803 1119 1080 1175 hominem
1129 1112 1413 1188 praedicari
1460 1126 1569 1166 non
1623 1107 1999 1165 recordentur.

398 1214 645 1285 Namque
672 1227 796 1269 cum
827 1212 998 1268 Deum
1030 1223 1154 1266 esse
1186 1207 1475 1263 Dominum
1524 1211 1774 1259 nostrum
1816 1199 2003 1257 Jesum

396 1307 673 1364 Christum
696 1347 711 1376 ,
740 1314 797 1362 et
825 1304 1058 1362 similem
1088 1303 1201 1358 Deo
1238 1315 1361 1357 esse
1385 1307 1441 1357 et
1463 1297 1725 1369 (equalem
1752 1304 1812 1352 ut
1834 1296 2002 1352 Deum

389 1398 561 1457 ﬁlium
595 1400 707 1457 Deo
734 1398 911 1470 patri,
950 1404 1136 1453 natum
1180 1392 1259 1467 (⁵5)
1304 1409 1375 1448 ex
1407 1392 1555 1457 Deo,
1610 1398 1666 1445 et
1709 1386 2005 1445 secundum

393 1495 697 1551 nativitatis
728 1492 1113 1564 proprietatem
1137 1489 1190 1543 in
1215 1486 1448 1543 veritate
1468 1484 1703 1555 Spiritus
1726 1482 1847 1555 (hoc
1892 1490 1966 1535 est
1984 1521 2000 1547 ,

397 1588 723 1658 divinitatis)
752 1586 1051 1643 subsistere
1077 1590 1311 1655 negant;
1345 1581 1428 1635 his
1453 1579 1548 1635 niti
1576 1578 1847 1633 dictorum
1900 1574 2003 1630 do-

390 1683 715 1740 minicorum
738 1678 1174 1752 professionibus
1200 1675 1381 1729 solent
1413 1692 1426 1728 :
1454 1672 1596 1740 Quid
1630 1687 1709 1725 me
1757 1669 1903 1724 dicis.
1917 1668 2007 1723 bo-

2110 449 2257 504 solus
2289 449 2485 522 (Marci
2536 465 2656 519 xm,
2700 446 2791 521 52)
2847 458 3099 504 :uteum
3127 447 3297 505 Filius
3346 449 3719 521 nesciatquod

2103 543 2264 599 Pater
2289 545 2437 600 solus
2458 544 2622 612 sciat,
2648 544 2809 616 longe
2833 542 3046 600 alienus
3073 545 3144 599 sit
3165 543 3420 600 nesciens
3438 559 3468 599 a
3487 544 3716 609 sciente;

2103 638 2224 706 quia
2272 646 2464 694 natura
2487 637 2811 710 ignorationi
2849 638 3115 705 obnoxia,
3148 651 3254 692 non
3283 637 3357 692 sit
3376 637 3493 709 ejus
3544 639 3718 692 virtu-

2102 733 2174 788 tis
2201 740 2257 788 et
2286 732 2588 803 potestatis,
2610 747 2731 804 qua:
2760 747 2790 787 a
2817 730 3096 789 dominatu
3129 730 3482 803 ignorationis
3503 727 3586 802 (5)
3619 744 3719 787 ex-

2108 834 2265 897 cepta
2287 827 2380 882 sit.

2176 920 2265 977 '50.
2296 920 2625 994 Argumentis
2649 917 3012 993 respondetur.
3062 947 3135 960 κ-
3178 916 3306 973 llaec
3331 916 3551 987 itaque,
3596 928 3719 970 cor-

2104 1025 2267 1087 rupto
2294 1013 2700 1086 depravatoque
2730 1028 2915 1081 sensu,
2944 1010 3270 1083 impiissime
3319 1011 3393 1065 ita
3445 1007 3718 1063 intellecta

2106 1126 2229 1169 esse
2245 1120 2633 1178 monstrantes,
2655 1124 2848 1166 omnes
2874 1107 3139 1164 dictorum
3168 1118 3361 1162 causas
3385 1118 3454 1160 ex
3478 1101 3566 1157 bis
3587 1097 3723 1173 ipsis

2103 1207 2190 1263 vel
2231 1204 2714 1276 interrogationum
2757 1201 2844 1259 vel
2873 1211 3175 1272 temporum
3227 1197 3312 1252 vel
3365 1193 3723 1266 dispensatio-

2108 1317 2235 1358 num
2266 1300 2560 1373 generibus
2583 1298 2863 1355 attulimus
2888 1339 2902 1365 ,
2927 1294 3107 1352 causis
3146 1293 3328 1365 potius
3374 1291 3540 1348 verba
3592 1288 3722 1344 sub—

2106 1395 2332 1463 dentes,
2362 1405 2687 1452 non.causas
2715 1390 2900 1448 verbis
2928 1389 3252 1460 deputantes
3294 1404 3309 1442 :
3359 1392 3417 1440 ut
3447 1398 3568 1440 cum
3597 1397 3628 1439 a
3661 1395 3723 1437 se

2107 1486 2372 1545 dissideat
2392 1528 2407 1555 ,
2433 1483 2594 1540 Pater
2619 1486 2791 1558 major
2814 1499 2897 1539 me
2922 1482 3040 1554 est(
3070 1479 3229 1535 Joan.
3273 1493 3396 1546 xiv,
3444 1475 3576 1547 28);
3635 1480 3712 1539 et,

2119 1580 2202 1656 (6)
2222 1580 2337 1653 Ego
2360 1587 2410 1636 et
2439 1578 2601 1634 Pater
2626 1594 2787 1633 unum
2815 1591 2995 1632 sumus
3041 1573 3223 1645 (Joan.
3270 1588 3326 1641 x,
3380 1568 3495 1642 30);
3543 1581 3723 1640 neque

2112 1675 2255 1732 idem
2304 1675 2405 1740 sit,
2439 1672 2609 1729 Nemo
2658 1672 2824 1727 bonus
2879 1678 2992 1739 est,
3042 1668 3144 1723 nisi
3175 1682 3307 1722 unus
3366 1662 3509 1719 Deus
3564 1659 3721 1733 (Luc.

394 1775 546 1831 nam?
574 1773 744 1830 Nemo
765 1780 840 1826 est
871 1770 1033 1824 bonus
1053 1767 1156 1829 nisi
1186 1782 1319 1839 unus
1345 1764 1488 1819 Deus
1516 1763 1672 1837 (Luc.
1699 1778 1855 1828 xvm,
1892 1759 2004 1833 i9);
2037 1756 2087 1817 Β
2115 1783 2250 1824 xvm
2276 1810 2291 1836 ,
2326 1765 2448 1839 i9);
2506 1773 2584 1832 et,
2636 1762 2708 1839 (ε)
2763 1763 2868 1832 Qui
2914 1779 2998 1818 me
3049 1761 3198 1827 vidit,
3249 1757 3376 1814 vidit
3420 1764 3469 1811 ει
3509 1752 3724 1809 Palmm

394 1876 455 1925 ut
482 1882 603 1925 cum
634 1866 743 1922 dici
770 1879 831 1921 se
862 1864 1063 1919 bonum
1086 1866 1381 1930 coarguat,
1415 1866 1469 1912 et
1498 1871 1604 1912 non
1635 1853 1741 1911 nisi
1776 1851 1881 1929 ιθ
1900 1852 2002 1909 bo-

397 1974 525 2019 num
546 1962 714 2017 Deum
735 1972 903 2013 unum
931 1969 1056 2011 esse
1086 1960 1312 2011 testetur
1332 1949 1503 2023 ;et(b)
1521 1958 1683 2005 extra
1706 1947 2004 2005 bonitatem

400 2055 499 2110 Dei
531 2054 638 2122 sit,
672 2050 762 2123 qui
792 2049 968 2105 bonus
1011 2052 1128 2113 est,
1158 2053 1211 2101 et
1240 2043 1296 2099 in
1330 2041 1430 2098 Dei
1460 2056 1570 2096 non
1610 2040 1683 2099 sit
1730 2038 1961 2099 veritate
1987 2079 2002 2106 ,

398 2146 490 2217 qui
519 2159 658 2201 unus
682 2148 783 2199 est.
817 2140 1024 2209 Quibus
1061 2137 1223 2193 dictis
1253 2135 1416 2195 etiam
1448 2133 1566 2189 hmc
1595 2131 1663 2188 ad
1712 2130 2005 2203 impietatis

298 2308 300 2312 λ
391 2252 504 2294 sure
535 2242 850 2308 argumenta
876 2236 1211 2287 connectunt
1244 2245 1258 2283 :
1282 2226 1409 2281 Haec
1434 2233 1510 2281 est
1537 2233 1709 2281 autem
1737 2224 1842 2283 vita
1858 2231 2007 2278 atter—

394 2342 496 2399 na,
526 2338 581 2384 ut
621 2335 933 2401 cognoscant
964 2335 1012 2379 te
1038 2322 1211 2378 solum
1235 2337 1414 2377 verum
1434 2318 1603 2375 Deum
1622 2360 1635 2384 ,
1664 2328 1713 2374 et
1734 2334 1882 2388 quem
1904 2316 2004 2373 mi-

398 2424 511 2479 sisti
547 2420 730 2478 Iesum
756 2419 1018 2474 Christum
1045 2413 1227 2490 (Ioan.
1255 2428 1369 2469 xvn
1388 2452 1407 2482 ,
1440 2409 1498 2486 5)
1527 2428 1540 2465 :
1567 2419 1626 2467 ut
1675 2410 1853 2467 solum
1907 2423 2004 2479 ve:

398 2530 522 2572 rum
551 2514 725 2571 Deum
752 2510 1040 2567 confessus
1067 2508 1284 2563 Patrem
1305 2548 1322 2575 ,
1370 2518 1470 2561 nec
1524 2518 1687 2563 verus
1718 2502 1835 2577 ipse
1856 2543 1872 2570 ,
1904 2516 2007 2563 nec

400 2609 546 2666 Deus
575 2609 679 2676 sit;
705 2607 827 2680 quia
859 2605 1030 2662 solius
1052 2604 1151 2660 Dei
1207 2601 1321 2657 veri
1366 2599 1646 2672 exceptio,
1680 2596 2006 2671 signiﬁcata:

401 2690 754 2777 proprietatis
776 2701 852 2774 (e)
881 2716 989 2755 non
1011 2695 1241 2755 excedat
1259 2703 1563 2752 auctorem.
1594 2692 1712 2748 Non
1752 2690 2007 2764 ambigue

395 2805 579 2854 autem
609 2795 714 2851 hoc
741 2794 811 2850 ab
840 2808 908 2850 eo
938 2790 1143 2847 dictum
1194 2803 1318 2847 esse
1369 2784 1785 2857 intelligendum
1810 2826 1826 2853 ,
1881 2784 2007 2858 quia

397 2889 543 2948 idem
562 2888 761 2946 dixerit
784 2906 797 2943 :
825 2886 949 2941 Non
970 2894 1132 2957 potest
1158 2882 1328 2939 Filius
1351 2886 1521 2956 facere
1539 2883 1604 2938 ab
1628 2899 1682 2938 se
1704 2881 2006 2953 quidquam,

400 2984 502 3040 nisi
521 2983 658 3055 quod
679 2981 863 3036 viderit
892 2977 1103 3033 Patrem
1130 2978 1405 3049 facientem
1439 2974 1624 3046 (Joau.
1677 2991 1732 3037 v,
1784 2971 1875 3044 19)
1907 2989 1921 3028 :
1951 2981 2012 3029 ut

408 3094 527 3139 cum
554 3075 688 3132 nihil
718 3074 821 3130 nisi
852 3073 920 3128 de
947 3071 1199 3142 exemplo
1229 3069 1412 3140 operis
1438 3069 1610 3139 possit
1632 3067 1846 3138 operari
1868 3107 1884 3133 ,
1914 3081 2012 3123 na-

2109 1863 2295 1936 (Joan.
2318 1861 2528 1934 xiv,9);
2557 1858 2648 1917 vel
2671 1866 2822 1917 certe
2849 1864 2996 1914 tanta
3021 1872 3050 1912 a
3079 1871 3140 1912 se
3168 1853 3489 1911 diversitate
3509 1859 3724 1908 contra-

2108 1957 2188 2012 ria
2220 1957 2328 2011 sint
2360 1974 2374 2011 :
2405 1954 2588 2023 Pater,
2621 1953 2795 2009 omnia
2851 1961 2943 2006 tua
2996 1965 3113 2004 mea
3162 1954 3315 2013 sunt,
3366 1953 3414 2000 et
3464 1958 3584 1999 mea
3632 1949 3720 1995 tua

2110 2046 2290 2120 (Joan.
2315 2063 2446 2113 xvn,
2470 2044 2562 2119 10)
2583 2063 2598 2113 ;
2626 2054 2681 2101 et
2709 2043 2805 2117 (f),
2833 2042 2903 2099 Ut
2927 2047 3239 2113 cegnoscant
3267 2045 3315 2092 te
3359 2036 3528 2092 solum
3547 2049 3724 2089 verum

2109 2140 2279 2196 Deum
2302 2139 2554 2212 (Ibidem,
2576 2139 2659 2211 3);
2682 2139 2771 2196 vel
2795 2136 2948 2203 illud,
2972 2134 3085 2206 Ego
3114 2135 3169 2188 in
3199 2131 3378 2194 Patre.
3401 2139 3451 2185 et
3477 2128 3637 2189 Pater
3664 2128 3721 2185 in

2107 2249 2189 2288 me
2219 2231 2400 2304 (Joan.
2424 2248 2537 2300 xiv,
2572 2232 2685 2303 ll);
2720 2240 2795 2299 et,
2820 2229 2900 2284 De
2924 2228 3008 2283 die
3031 2235 3200 2282 autem
3229 2225 3306 2299 (g)
3349 2230 3397 2279 et
3420 2224 3548 2279 liora
3572 2237 3724 2277 nemo

2107 2328 2226 2397 scit,
2279 2343 2439 2399 neque
2466 2326 2636 2398 angeli
2664 2326 2719 2379 in
2748 2324 2910 2390 caelia,
2966 2337 3129 2391 neque
3158 2318 3352 2385 Filius,
3407 2316 3511 2372 nisi
3561 2314 3724 2370 Pater

2108 2421 2251 2476 solus
2273 2419 2471 2494 (Marc.
2497 2434 2618 2485 xui,
2650 2416 2768 2491 51).
2796 2415 3175 2488 intelligantur
3197 2413 3250 2468 in
3281 2409 3512 2482 singulis
3540 2417 3596 2465 et
3614 2406 3724 2463 dis-

2109 2517 2487 2589 pensationum
2512 2512 2931 2588 praedicationes
2949 2554 2967 2581 ,
3004 2511 3115 2586 20
3139 2519 3194 2567 et
3214 2508 3449 2570 consciae
3482 2511 3725 2579 potesta-

2110 2609 2181 2665 tis
2209 2609 2471 2665 naturalis
2500 2606 2874 2679 professiones
2899 2624 2913 2659 :
2938 2615 3135 2663 etcum
3169 2603 3311 2660 idem
3343 2602 3415 2658 sit
3444 2599 3573 2657 dicti
3592 2612 3724 2654 aue-

2109 2710 2198 2760 tor
2226 2701 2510 2776 utriusque
2530 2745 2545 2770 ,
2572 2701 2962 2758 demonstratis
2994 2708 3172 2754 tamen
3220 2695 3506 2751 virtutibus
3553 2706 3723 2764 gene-

2110 2813 2229 2854 rum
2262 2797 2592 2870 singulorum
2626 2796 2963 2869 (naturarum
2984 2791 3319 2864 singularum
3349 2802 3471 2860 quae
3517 2792 3646 2846 sunt
3669 2783 3727 2840 in

2110 2888 2374 2962 Christo),
2417 2904 2522 2945 non
2552 2889 2823 2958 pertineat
2851 2887 2918 2943 ad
2949 2883 3331 2943 contumeliam
3361 2896 3505 2938 verae
3532 2878 3730 2935 divini-

2112 2984 2262 3049 tatis,
2289 2982 2432 3055 qnod
2462 2982 2531 3038 ad
2558 2990 2961 3039 sacramentum
2991 2978 3114 3034 fidei
3139 2975 3465 3047 evangelica:
3491 2972 3591 3030 sub
3617 2970 3722 3027 dis-

2114 3076 2438 3149 pensatione
2486 3086 2541 3132 et
2571 3091 2752 3132 causa:
2782 3083 2838 3133 et
2866 3072 3128 3146 temporis
3155 3078 3213 3127 et
3238 3066 3532 3126 nativitatis
3552 3074 3609 3122 et
3632 3077 3729 3121 no-

404 3179 542 3229 tura:
574 3172 627 3226 in
676 3184 743 3226 eo
773 3167 1107 3237 intelligatur
1147 3162 1475 3231 infirmitas;
1523 3162 1649 3232 quia
1678 3175 2019 3232 nequaquam
2051 3161 2099 3227 C
2127 3169 2290 3226 minis
2315 3169 2665 3241 praedicatur,

402 3264 477 3320 sit
500 3260 911 3333 omnipotentiae
942 3256 1372 3328 comparandum
1393 3296 1410 3323 ,
1455 3254 1603 3331 quod
1656 3254 1851 3313 alienae
1877 3269 2011 3325 ope-

407 3359 637 3417 rationis
681 3356 984 3426 subjectum
1013 3361 1097 3410 est
1118 3350 1466 3418 necessitati;
1515 3359 1570 3407 et
1616 3350 1757 3406 ratio
1810 3347 2015 3407 intelli-

410 3452 610 3523 gentiae
651 3448 756 3504 hoc
782 3447 1044 3512 suadeat,
1072 3446 1131 3501 in
1160 3444 1411 3502 omnibus
1437 3458 1469 3498 a
1500 3457 1560 3499 se
1580 3457 1743 3515 posse
1793 3452 1851 3499 et
1904 3456 2014 3499 non

409 3556 597 3615 posse,
617 3539 860 3597 differre.
891 3536 1119 3594 Differre
1156 3545 1340 3593 autem
1365 3549 1433 3592 eo
1453 3550 1655 3607 usque,
1685 3543 1747 3590 ut
1773 3533 1841 3591 de
1862 3541 2017 3605 patre

412 3638 527 3694 Deo
554 3637 673 3692 haec
701 3635 773 3690 ita
795 3633 1075 3706 professus
1105 3633 1207 3688 sit:
1238 3630 1398 3687 Pater
1426 3632 1597 3704 major
1623 3646 1705 3686 me
1724 3639 1801 3687 est
1829 3628 2013 3704 (Joan.

412 3740 524 3797 xtv,
554 3727 651 3801 28)
678 3735 735 3784 et
762 3724 843 3799 (4)
865 3734 1048 3783 cesset
1074 3725 1128 3780 in
1161 3723 1498 3794 professione
1525 3723 1776 3779 absoluta
1824 3722 2019 3779 adver-

415 3823 571 3880 sandi
602 3818 912 3886 calumnia;
940 3818 1065 3890 quia
1094 3818 1274 3889 impiae
1300 3817 1537 3875 vesaniae
1565 3820 1637 3873 sit
1657 3817 1921 3875 honorem
1957 3832 2022 3874 ac

421 3926 670 3975 naturam
700 3916 795 3973 Dei
822 3915 1062 3971 tribucre
1086 3912 1369 3970 abnuenti.
1389 3911 1552 3969 Omni
1575 3920 1755 3970 autem
1776 3912 1938 3969 modo
1966 3912 2022 3969 in

419 4021 631 4069 tantum
656 4026 782 4073 eum
812 4024 842 4066 a
873 4010 1204 4081 proprietate
1230 4008 1345 4064 veri
1376 4008 1472 4064 Dei
1495 4007 1723 4075 abesse,
1770 4015 1829 4064 ut
1859 4007 2025 4065 etiam

419 4114 649 4163 testatus
675 4102 794 4160 haec
816 4102 976 4160 fuerit
1004 4120 1018 4159 :
1052 4101 1126 4158 De
1150 4101 1235 4158 die
1256 4111 1428 4157 autem
1456 4100 1553 4157 illa
1597 4108 1646 4156 et
1691 4096 1824 4157 hora
1874 4117 2023 4157 nemo

500 4244 581 4389 (l;
613 4243 946 4315 Refellcndis.

500 4318 559 4387 (2
614 4317 796 4371 Patior
825 4315 945 4389 vide

499 4310 581 4387 (2)
614 4310 796 4371 Potior
825 4315 1036 4387 videtur
1057 4310 1229 4387 nostri
1252 4311 1451 4366 codicis
1467 4311 1631 4387 lectio
1656 4311 2028 4387 :_divinitalem.

428 4383 888 4460 Nain'profectoin
907 4385 1201 4460 nonolibro
1215 4392 1398 4460 contra
1415 4383 1851 4460 adversariorum
1870 4399 2035 4439 cona-

433 4472 517 4517 tus
548 4473 730 4514 veram
763 4470 882 4538 r‘int
913 4470 1229 4509 divinitatem
1256 4470 1597 4525 potissumum
1624 4470 1805 4509 tuetur
1851 4473 1863 4509 :
1912 4470 2035 4526 qua:

433 4542 615 4589 tamen
646 4543 861 4583 llOIlIttSl
890 4544 958 4582 ex
987 4527 1263 4581 nativitatis
1283 4542 1395 4582 suac
1426 4535 1616 4583 natura
1644 4526 1747 4581 sibi
1789 4534 1893 4581 est.
1942 4532 2039 4581 At-

433 4621 539 4675 que
562 4598 1377 4675 luereticoruuLohjectaomnia
1406 4639 1420 4663 ,
1451 4614 1571 4675 quin
1588 4597 1744 4652 diluit
1776 4598 2035 4667 Hilarius,

431 4472 517 4517 tus
548 4454 730 4514 veram
761 4454 882 4511 Filii
913 4457 1229 4509 divinitatem
1256 4456 1597 4525 potissimum
1624 4463 1805 4509 tuetur
1851 4473 1863 4509 :

436 4670 503 4732 ad
535 4670 910 4729 inlirmandam
931 4670 1055 4725 Filii
1085 4670 1417 4724 divinitatem
1449 4670 1749 4724 collimant.

510 4745 589 4821 (5)
617 4745 673 4800 lu
696 4744 971 4799 anteriore
1007 4740 1246 4798 editione
1274 4750 1488 4795 :natum
1512 4752 1557 4795 et
1580 4739 1714 4795 Deo.

2190 3266 2281 3321 51.
2308 3263 2459 3320 Liber
2483 3263 2731 3320 decimus.
2768 3262 3017 3331 Quaedam
3043 3259 3330 3333 Scriptura:
3350 3255 3502 3313 verba
3528 3253 3733 3310 literati-

2120 3358 2195 3415 cis
2221 3360 2389 3429 specie
2413 3367 2559 3413 tenus
2588 3359 2834 3428 faventia.
2866 3386 2938 3397 —
2960 3354 3166 3411 Decimi
3190 3368 3321 3410 vero
3368 3351 3490 3407 libri
3541 3348 3731 3406 eadem

2121 3457 2208 3506 est
2236 3451 2412 3519 ratio,
2435 3466 2556 3522 quin
2584 3449 2733 3507 fidei.
2763 3448 2898 3506 Nam
2943 3448 3068 3520 quia
3107 3462 3176 3504 ex
3215 3444 3486 3517 passionis
3533 3455 3735 3514 genere

2121 3552 2181 3601 et
2192 3544 2529 3617 professione
2546 3544 2790 3617 quaedam
2812 3558 2911 3616 per
2924 3541 3104 3599 stulta:
3127 3538 3500 3610 intelligentiae
3514 3548 3737 3595 sensum

2127 3638 2194 3695 ad
2221 3639 2608 3697 contumeliam
2636 3638 2835 3695 divinae
2864 3639 2919 3693 in
2945 3636 3177 3693 Domino
3201 3634 3332 3691 Iesu
3376 3630 3598 3689 Christo
3641 3643 3740 3685 na-

2127 3740 2263 3788 tura:
2294 3733 2616 3804 virtutisque
2666 3739 3001 3804 rapuerunt;
3043 3745 3109 3785 ea
3150 3730 3267 3800 ipsa
3315 3722 3738 3783 demonstranda

2126 3823 2367 3892 fuerunt,
2394 3834 2451 3881 et
2476 3825 2544 3881 ab
2567 3826 2653 3882 his
2679 3824 2997 3894 impiissime
3026 3822 3302 3879 intellecta
3328 3834 3472 3885 esse,
3497 3826 3553 3873 et
3577 3832 3609 3872 ι
3640 3816 3743 3871 Do-

2127 3919 2278 3975 mino
2306 3919 2375 3975 ad
2403 3918 2850 3991 protestationem
2883 3931 3029 3974 verte
3057 3925 3115 3973 et
3164 3913 3421 3987 perfectae
3453 3912 3510 3969 in
3536 3926 3598 3968 se
3626 3925 3745 3967 ma-

2125 4012 2337 4084 iestatis
2358 4029 2481 4070 esse
2503 4011 3098 4082 memorata.Namque
3144 4009 3229 4064 his
3287 4006 3396 4063 sibi
3452 4004 3639 4070 dictis,
3688 4009 3748 4058 ut

2129 4106 2390 4179 religiose
2418 4108 2567 4178 impii
2588 4105 3081 4175 sint,blandiuntur
3105 4119 3119 4158 :
3140 4100 3327 4157 Tristia
3345 4109 3420 4157 est
3441 4099 3617 4155 anima
3635 4112 3749 4153 mea

2216 4241 2299 4316 (4)
2331 4244 2427 4303 Ms.
2462 4254 2685 4302 noster:
2712 4260 2912 4300 necesse
2941 4252 3014 4303 est
3039 4242 3095 4316 in
3144 4238 3471 4312 professione
3500 4236 3750 4316 _abs_oluta

2142 4308 2453 4371 aduersandi
2482 4318 2742 4373 calumnia
2768 4317 3024 4372 videatur.
3052 4308 3270 4369 Rectius
3309 4327 3471 4384 quant
3498 4310 3553 4367 in
3582 4308 3750 4364 Eras-

2143 4390 2321 4461 miaua
2342 4392 2704 4461 ,‘cmterisque
2729 4407 2744 4443 :
2775 4398 2823 4444 et
2851 4398 3010 4443 cesset
3036 4387 3112 4457 in,
3141 4395 3249 4443 etc.

2217 4459 2299 4605 (5)
2331 4459 2589 4533 Excerpta
2609 4459 2694 4517 iit.

2247 4535 2301 4603 6)
2332 4534 2427 4588 Ιξίο
2453 4550 2481 4587 a
2504 4534 2692 4589 codice

2247 4524 2301 4603 6)
2332 4534 2427 4588 liic
2453 4550 2481 4587 a
2501 4524 2692 4589 codice
2722 4533 2918 4588 Veron.
2948 4529 3311 4603 interponitur
3354 4524 3753 4603 iterunt;_sicut

2148 4612 2204 4659 et
2227 4594 2352 4661 mox
2377 4615 2504 4661 ante
2530 4606 2694 4661 verba
2729 4622 2739 4657 :
2769 4604 2873 4670 Qui
2890 4620 2972 4659 me
2990 4594 3140 4669 vidit,
3170 4612 3301 4668 etc.,
3336 4610 3501 4670 atque
3526 4594 3753 4653 inferius

2148 4686 2276 4732 ante
2303 4678 2469 4733 verba
2503 4695 2516 4733 :
2549 4675 2629 4732 De
2654 4678 2758 4732 die.

2069 4729 2126 4792 D

2228 4855 2300 4929 (e)
2331 4856 2430 4913 Hic
2458 4866 2515 4914 et
2541 4856 2801 4927 deinceps
2824 4854 2957 4912 editi
2979 4853 3134 4925 juxta
3182 4850 3500 4929 Vulgatam,
3546 4845 3633 4918 qui
3678 4858 3759 4899 me

2151 4922 2308 4984 uidet.
2359 4933 2427 4984 At
2475 4922 2751 4985 meliores
2780 4944 2914 4984 mss.
2962 4922 3275 4982 constanter
3302 4922 3471 4992 ’juxta
3521 4930 3758 4992 gljmcum

2150 5006 2363 5127 te‘iitt‘uni
2381 5011 2718 5125 {aeternisque
2762 5000 2954 5056 Patres
3001 4996 3206 5053 Hilario
3253 4990 3522 5065 mquales,
3552 4990 3656 5058 Qui
3683 5001 3761 5041 me

2154 5086 2202 5125 vt
2242 5088 2257 5124 t
2287 5089 2383 5127 .vu
2403 5083 2460 5126 ιι.
3606 5107 3628 5118 -

2154 5083 2300 5141 υιαιι,
2317 5083 2460 5127 vitm.
3606 5107 3628 5118 -

511 4858 591 4931 (a)
623 4857 838 4931 Aliquot
870 4871 999 4912 mss.
1018 4855 1326 4931 (blandiente
1350 4871 1500 4911 sensu
1531 4871 1551 4910 :
1573 4864 1628 4912 et
1648 4871 1773 4911 mox
1798 4856 1861 4931 in
1889 4856 2048 4929 refel-

441 4927 607 4986 tendis
632 4972 646 4995 _.
677 4945 776 5000 pro
802 4930 855 4983 in
884 4930 1213 5001 repellendis.
1245 4927 1415 4983 Nemo
1445 4942 1607 5001 porro
1636 4944 1748 5001 non
1778 4928 1924 4984 videt
1948 4927 2047 4984 vo-

442 4999 692 5058 cabulum
724 5017 928 5054 sensum
943 4999 1019 5055 ad
1045 5001 1232 5071 fallant
1250 5041 1265 5067 ,
1297 5014 1405 5056 non
1428 5000 1495 5054 ad
1516 4999 1834 5055 blandientes
1858 5042 1873 5068 ,
1921 5017 2043 5058 esse

441 5072 811 5130 referendum.

522 5142 595 5216 (ὁ)
629 5144 684 5219 ld
714 5152 826 5219 est,
857 5151 911 5219 et
941 5157 1049 5219 non
1076 5140 1147 5197 sit
1174 5156 1399 5200 consors
1421 5142 1681 5201 bonitatis
1727 5144 1905 5212 illius,
1935 5160 2041 5219 qua

448 5214 590 5271 Deus
617 5214 958 5286 singulariter
980 5214 1151 5268 bonus
1179 5223 1282 5279 cst,
1308 5226 1414 5271 etc.

520 5286 591 5358 (ε)
623 5287 734 5341 Iloc
755 5297 871 5350 est,
902 5287 1040 5340 intra
1070 5287 1283 5341 Patrem
1310 5302 1531 5357 prorsus
1560 5289 1904 5347 contineatur
1946 5297 2034 5345 at-

444 5374 549 5426 que
572 5359 928 5413 concludatur
957 5358 1098 5426 quod
1131 5358 1273 5414 illius
1300 5361 1577 5433 proprium
1622 5376 1746 5418 esse
1773 5361 2047 5433 significa-

444 5439 558 5555 |tum
589 5441 703 5496 est,
740 5446 837 5487 nec
862 5432 930 5484 ab
959 5444 1026 5486 eo
1052 5440 1208 5487 exeat
1232 5472 1248 5493 .
1275 5440 1334 5487 ut
1364 5431 1460 5487 ulli
1499 5433 1656 5491 alteri
1682 5431 2049 5491 communice-

468 5517 551 5554 ttr.

468 5517 551 5554 lll‘.

491 5569 606 5654 .(d)
629 5569 685 5654 lu
707 5570 828 5654 cod.
851 5571 976 5654 vat.
1005 5575 1120 5654 has.
1153 5572 1241 5632 hic
1265 5584 1321 5632 et
1344 5575 1505 5654 infra,
1537 5592 1695 5654 neque
1717 5576 1860 5654 filius
1884 5576 2045 5654 Ιιοιιιᾷι

449 5644 747 5716 nis..Ahest
761 5658 865 5697 vox
888 5645 1107 5699 hominis
1133 5661 1162 5700 a
1190 5648 1434 5716 caeteris,
1465 5662 1571 5703 non
1616 5644 1729 5705 hoc
1749 5650 1927 5706 solum
1973 5648 2044 5703 li-

448 5713 583 5797 bro,
613 5714 709 5797 sed
735 5723 963 5797 etAnono.
978 5756 993 5781 ,
1021 5730 1191 5797 eaque
1211 5713 1428 5777 sublata
1448 5719 1601 5777 locus
1623 5720 1819 5777 allatus
1863 5721 2044 5791 prima

437 5784 618 5843 fronte
636 5786 754 5858 plus
782 5786 996 5844 Arianis
1023 5784 1183 5844 favet.

2228 5166 2299 5241 (f)
2334 5167 2401 5241 In
2424 5166 2653 5241 vulgatis
2683 5166 2789 5235 hic,
2844 5176 2891 5241 et
2917 5166 3146 5241 iterum;
3193 5176 3258 5218 ac
3302 5158 3464 5241 paulo
3504 5162 3764 5241 postiadet

2150 5231 2338 5297 iterum
2369 5240 2432 5293 de
2457 5231 2560 5294 die.
2590 5231 2830 5309 Utroque
2857 5240 2910 5293 in
2934 5239 3056 5295 loco
3078 5238 3234 5292 abest
3248 5247 3359 5289 vox
3388 5231 3573 5309 iterum
3598 5231 3762 5280 casti-

2154 5312 2453 5384 gatioribus
2486 5326 2616 5384 mss.
2644 5319 2701 5366 et
2724 5299 2923 5384 abesse
2968 5309 3132 5366 debet
3162 5325 3175 5360 :
3201 5320 3308 5363 non
3337 5303 3484 5384 enirn
3517 5299 3603 5384 hic
3629 5312 3763 5351 cou-

2160 5373 2337 5456 éeries
2356 5393 2442 5440 est
2462 5383 2897 5456 testimoniorum
2926 5384 2979 5456 in
3004 5394 3175 5456 unam
3202 5393 3319 5456 rem
3369 5373 3723 5431 collectorum
3745 5406 3761 5433 ,

2159 5446 2256 5513 sed
2282 5468 2513 5527 quatuor
2541 5455 2645 5511 loci
2672 5466 2902 5526 quatuor
2927 5454 3053 5511 aliis
3078 5446 3336 5522 oppositi.

2229 5570 2308 5645 (g)
2339 5572 2419 5645 Ex
2445 5570 2724 5628 meliorum
2750 5587 2882 5627 mss.
2913 5582 3184 5645 consensu
3219 5570 3501 5645 carptim)!“
3543 5566 3631 5645 ἔξξέ

2156 5627 2382 5699 νοῖἶιια
2413 5685 2429 5709 ,
2463 5627 2713 5714 quamvis
2742 5654 2917 5699 exstet
2963 5639 3235 5714 superiori
3267 5627 3515 5692 numero.
3542 5627 3759 5714 Siue-lib.

2156 5733 2210 5772 ix
2228 5757 2243 5781 ,
2280 5733 2333 5770 n.
2364 5701 2427 5783 2,
2454 5701 2643 5772 eadem
2670 5716 3019 5786 exprimitur,
3034 5701 3313 5770 'retieetur
3329 5718 3555 5765 vero.n.
3583 5701 3679 5767 57,
3707 5706 3766 5754 ut

2155 5798 2212 5846 et
2234 5790 2287 5845 in
2309 5802 2391 5861 ps.
2416 5802 2558 5843 cxi."
2578 5828 2592 5855 ,
2615 5802 2671 5843 ιι.
2699 5787 2757 5842 2.
