4118 6186
417 271 498 349 is
1667 277 1758 350 be
1795 291 2168 349 'rmurrare
2207 292 2411 349 LIBER
2447 291 2488 349 ι.
3661 293 3732 354 te

418 425 584 480 usque
613 406 682 462 ad
704 415 918 462 mortem
941 402 1155 480 (Matth.
1177 420 1322 472 xxvi,
1347 405 1461 479 38);
1483 415 1540 462 ut
1569 405 1728 478 lange
1753 423 1784 462 a
1802 407 2032 462 beatitu-
2059 409 2106 468 Α
2134 422 2255 478 qua:
2280 406 2335 462 in
2360 415 2700 464 sacramento
2727 416 2784 465 et
2807 407 3002 464 anima:
3031 416 3089 466 et
3110 410 3356 480 corporis
3385 408 3598 466 Domini
3631 413 3726 469 Je-

417 503 550 557 dine
575 511 734 572 atque
763 500 1168 572 incorruptione
1198 501 1288 557 Dei
1317 502 1476 569 sit,in
1507 502 1661 571 cuius
1681 503 1915 558 animam
1933 501 2030 557 do.

417 596 634 650 minans
661 605 838 650 metus
854 594 1082 649 tristitiae
1099 594 1430 650 imminentis
1449 592 1699 652 inciderit.
1723 612 1736 649 :
1758 595 1849 666 qui
1867 598 2029 650 etiam

421 703 592 756 usque
618 687 684 742 ad
725 686 866 742 hanc
895 700 1114 758 precem
1145 694 1529 742 consternatus
1573 685 1735 743 fuerit
1760 687 2029 758 passionis

419 780 750 836 necessitate
778 797 792 834 :
824 779 1004 846 Pater,
1028 780 1072 834 si
1099 779 1340 852 possibile
1366 790 1440 834 est
1465 823 1479 847 ,
1509 789 1736 836 transeat
1763 781 1901 836 calix
1935 781 2030 836 istc

416 891 450 927 a
479 891 558 928 me
582 872 830 945 (Ibidem,
861 875 952 944 59)
983 892 996 928 :
1029 882 1082 929 et
1110 874 1227 929 sine
1261 871 1428 930 dubio
1449 876 1641 931 timere
1694 875 1770 948 (Ι)
1815 874 2030 932 videre-

420 977 511 1020 tur
537 965 614 1038 (a)
647 965 878 1036 perpeti,
910 965 1052 1037 quod
1081 981 1150 1022 ne
1177 975 1456 1038 pateretur
1481 969 1748 1035 oraverit;
1776 969 1898 1040 quia
1931 982 2025 1038 pa-

419 1059 594 1114 tiendi
617 1059 908 1130 trepidatio
931 1075 1152 1115 causam
1175 1059 1760 1132 attuleritdeprecandi
1786 1078 1800 1114 :
1826 1061 1878 1116 in
1911 1070 2026 1115 tan-

419 1163 534 1208 tum
560 1169 696 1209 vero
723 1153 1094 1210 infirmitatem
1122 1154 1239 1227 eius
1268 1154 1562 1212 obtinuerit
1587 1155 1670 1212 vis
1700 1155 1935 1220 doloris,
1970 1165 2030 1211 ut

416 1245 474 1300 in
505 1247 624 1318 ipso
643 1246 820 1303 crucis
848 1255 1096 1320 tempore
1124 1247 1330 1304 diceret
1385 1267 1398 1303 :
1453 1248 1610 1315 Deus,
1664 1247 1803 1305 Deus
1853 1266 2022 1316 meus,

416 1354 584 1409 quare
599 1355 683 1394 me
709 1338 1024 1412 dereliquisti
1047 1338 1272 1413 (Matth.
1302 1356 1451 1396 xxvn
1490 1382 1504 1410 ,
1549 1340 1682 1413 46)?
1731 1342 1821 1407 qui
1861 1342 2023 1397 etiam

426 1447 606 1504 usque
633 1433 697 1490 ad
721 1435 996 1506 querelam
1026 1435 1382 1492 desolationis
1404 1451 1515 1492 sua:
1538 1478 1553 1502 ,
1588 1435 1856 1506 passionis
1877 1450 2028 1492 acer-

421 1527 598 1585 bitate
627 1537 961 1596 commotus,
991 1529 1178 1586 auxilii
1222 1531 1378 1602 inops
1418 1531 1652 1601 paterni,
1684 1530 1934 1601 spiritum
1971 1529 2024 1584 in

417 1623 526 1678 hac
551 1639 680 1679 voce
719 1625 960 1680 emiserit
991 1639 1114 1680 cum
1155 1623 1292 1679 dixit
1341 1642 1355 1680 :
1411 1622 1595 1691 Pater,
1624 1622 1924 1678 commendo
1971 1623 2024 1677 in

418 1731 608 1770 manus
637 1725 748 1771 tuas
787 1717 1026 1788 spiritum
1057 1733 1223 1771 meum
1267 1714 1414 1784 (Luc.
1447 1731 1601 1781 χχιιι,
1625 1715 1715 1787 46)
1745 1733 1760 1782 ;
1785 1724 1838 1771 et
1859 1715 2024 1771 exha-

2133 513 2195 554 su
2220 496 2419 554 ChriSti
2441 507 2566 554 sunt
2589 540 2606 566 ,
2638 498 2708 571 (e)
2733 499 2867 555 nihil
2891 500 3310 572 inexploratum,
3341 503 3474 560 nihil
3502 504 3721 560 tacitum

2132 590 2213 665 (5)
2262 591 2651 664 dereliquimus
2680 611 2694 648 :
2728 594 2821 650 sed
2845 595 3109 652 dictorum
3152 597 3392 654 omnium
3444 599 3722 670 pacificum

2131 683 2540 757 intelligentiam
2560 687 2783 761 singulis
2805 689 3103 760 quibusque
3130 705 3414 748 causarum
3436 694 3726 764 generibus

2130 788 2448 849 coaptantes
2469 821 2484 848 ,
2520 797 2621 838 nec
2649 781 2923 854 trepidare
2953 782 3227 850 ﬁduciam,
3256 800 3358 842 nec
3384 786 3588 843 evitare
3641 803 3726 842 vo-

2131 870 2550 940 luntatem,.nec
2576 875 2833 944 conqueri
2880 875 3252 945 securitatem,
3306 893 3408 935 nec
3449 894 3729 937 commen-

2131 965 2409 1022 dationcm
2462 967 2547 1023 sui
2611 978 2884 1037 orantem,
2941 969 3065 1026 aliis
3124 973 3338 1028 veniam
3386 972 3727 1030 desiderasse

2129 1059 2554 1118 monSIravimus
2585 1080 2597 1116 :
2629 1062 2786 1118 [idem
2817 1064 3087 1120 dictorum
3132 1066 3512 1122 universorum
3566 1067 3726 1125 abso-

2131 1154 2239 1209 luta
2271 1158 2564 1228 evangelici
2596 1159 2840 1230 mysterii
2883 1159 3264 1232 prtrdicatione
3290 1161 3584 1218 ﬁrmantes.

2201 1249 2290 1304 35.
2336 1247 2486 1304 Liber
2512 1266 2568 1304 xt
2619 1251 2725 1305 alia
2761 1250 3120 1308 htereticorum
3167 1263 3468 1327 argumenta
3511 1255 3725 1328 refellit.

2127 1371 2199 1382 --
2225 1341 2391 1415 Igitur
2434 1345 2559 1415 quia
2589 1344 3064 1417 desperatissimos
3088 1346 3336 1404 homines
3365 1365 3432 1406 ne
3464 1349 3579 1419 ipsa
3607 1352 3726 1422 qui-

2129 1432 2252 1488 dem
2283 1436 2697 1492 resurrectionis
2739 1437 2906 1509 gloria
2935 1439 3075 1494 intra
3108 1440 3386 1512 religionis
3417 1442 3722 1513 intelligen—

2131 1525 2256 1579 tiam
2286 1525 2508 1582 edoctos
2529 1527 2790 1596 cohibuit,
2811 1529 2906 1586 sed
2934 1539 3026 1586 aut
3050 1546 3148 1602 per
3172 1531 3500 1604 dignationis
3522 1535 3728 1604 proles-

2128 1617 2359 1686 sionem,
2381 1621 2668 1692 impietatis
2693 1638 2807 1680 sua:
2837 1640 2985 1682 arma
3013 1637 3380 1696 sumpserunt,
3414 1637 3508 1684 aut
3541 1628 3606 1702 (f)
3647 1646 3733 1684 sa-

2129 1714 2389 1769 cramenti
2441 1715 2824 1773 revelationem
2871 1718 2938 1772 ad
2991 1719 3084 1774 Dei
3114 1719 3498 1777 contumeliam
3553 1731 3732 1779 trans-

417 1808 569 1864 landi
599 1809 820 1880 spiritus
843 1809 1202 1882 trepidatione
1225 1809 1470 1865 turbatus
1495 1808 1572 1884 (2)
1597 1809 1854 1865 tuendum
1887 1808 2030 1864 hunc
2058 1814 2106 1873 Β
2135 1807 2373 1862 tulerunt
2401 1825 2414 1862 :
2445 1817 2504 1863 ut
2547 1825 2644 1880 per
2673 1809 2726 1865 id
2755 1810 2896 1881 quod
2941 1811 3144 1867 dictum
3194 1821 3313 1876 est,
3365 1813 3637 1869 Adscendo
3663 1819 3733 1870 ad

413 1900 500 1972 (ὁ)
574 1901 682 1957 Deo
759 1903 901 1972 patri
955 1901 1450 1968 commendaverit;
1503 1904 1626 1974 quia
1672 1901 2022 1957 commcnda-

416 1993 586 2048 tionis
614 1992 993 2050 necessitatem
1017 1993 1326 2065 desperatio
1354 1994 1664 2051 securitatis
1685 1996 1947 2066 exegerit.

492 2086 586 2144 52.
616 2086 735 2141 Alia
759 2087 824 2141 iis
846 2098 1194 2160 apponuntur.
1238 2119 1311 2130 —-
1345 2089 1452 2145 Sed
1505 2090 1811 2156 stultissimi
1860 2099 2022 2161 atque

415 2180 726 2252 impiissimi
775 2180 1056 2249 homines,
1089 2197 1195 2238 non
1218 2182 1578 2254 intelligentes
1625 2182 1760 2238 nihil
1807 2190 2023 2238 contra-

413 2276 560 2332 rium
594 2278 646 2331 in
669 2277 830 2333 rebus
854 2275 1045 2332 iisdem
1069 2277 1137 2331 ab
1163 2277 1356 2333 eodem
1386 2277 1585 2332 dictum
1618 2275 1813 2345 fuisse,
1844 2277 2024 2332 verbis

413 2381 630 2428 tantum
657 2372 1236 2438 inhrerentes,causas
1280 2371 1426 2442 ipsas
1467 2370 1736 2426 dictorum
1781 2369 2020 2442 reliquc~

413 2474 569 2522 runt.
623 2465 759 2522 Nam
810 2481 936 2521 cum
986 2467 1144 2538 longe
1211 2465 1548 2538 multumque
1594 2464 1869 2522 diversum
1917 2465 2022 2532 sit,

413 2559 612 2616 Tristis
631 2569 705 2616 est
721 2560 897 2616 anima
915 2576 1028 2614 mea
1044 2559 1278 2632 usquead
1292 2569 1500 2614 mortem
1512 2557 1728 2634 (Matth.
1746 2575 1891 2625 xxvr,
1908 2557 2020 2629 ‘58);

412 2667 494 2722 et,
530 2655 728 2710 Δηιοάο
751 2655 979 2712 videbitis
1005 2653 1056 2708 F
1057 2656 1206 2710 ilium
1240 2655 1460 2710 hominis
1486 2653 1740 2710 sedentem
1765 2671 1796 2706 a
1830 2652 2026 2706 dextris

414 2752 620 2807 virtutis
645 2751 717 2823 (ο)
749 2749 997 2828 (Ibidem,
1027 2750 1160 2825 64);
1192 2766 1364 2822 neque
1388 2749 1615 2822 idipsum
1638 2751 1737 2816 sit,
1779 2747 1954 2813 Pater,
1983 2749 2024 2801 si

416 2847 669 2916 possibile
684 2857 758 2902 est
777 2890 792 2915 ,
818 2856 1042 2902 transeat
1084 2847 1221 2901 calix
1260 2847 1352 2900 iste
1379 2863 1410 2898 a
1437 2863 1514 2900 me
1541 2843 1784 2916 (Ibidem,
1814 2840 1943 2915 59);
1973 2851 2028 2896 et

417 2939 580 3005 illud,
613 2938 831 2996 Calicem
862 2957 1009 3012 quem
1039 2939 1177 2994 dedit
1199 2938 1322 2993 mihi
1355 2938 1512 2992 Pater
1537 2954 1696 3000 meus,
1729 2953 1831 2990 non
1859 2935 2028 2989 bibam

415 3051 540 3090 eum
562 3034 754 3108 (Joan.
785 3051 938 3098 xvm,
967 3033 1102 3104 ll)?
1129 3034 1392 3104 longeque
1425 3033 1698 3088 diversum
1721 3030 1790 3086 sit
1822 3045 1834 3083 :
1865 3028 2024 3094 Deus,

414 3127 568 3183 Deus
590 3145 749 3194 meus,
771 3145 928 3199 quare
957 3145 1036 3182 me
1057 3127 1371 3195 dereliquisti
1389 3125 1566 3200 (Matt.
1585 3121 1858 3196 xxvn,46)
1881 3124 2024 3196 ?21

2126 1907 2324 1967 patrem
2343 1917 2508 1956 meum
2523 1910 2571 1956 et
2592 1903 2661 1956 ad
2681 1911 2878 1974 patrem
2903 1914 3123 1959 vestrum
3143 1902 3248 1979 (6),
3279 1904 3348 1958 ad
3370 1903 3542 1962 Deum
3561 1923 3732 1962 meum

2126 2001 2175 2050 et
2201 1996 2270 2048 ad
2294 1991 2455 2048 Deum
2481 2004 2705 2049 vestrum
2734 1993 2910 2068 (Joan.
2945 2012 3046 2062 xx,
3097 1997 3220 2070 17),
3253 1996 3380 2053 dum
3426 2002 3733 2056 communis

2125 2090 2282 2148 nobis
2305 2099 2466 2161 atque
2493 2089 2592 2161 ipsi
2623 2099 2677 2146 et
2702 2091 2864 2146 Pater
2892 2101 3045 2162 pater
3065 2101 3168 2160 est,
3198 2101 3253 2149 et
3284 2093 3424 2150 Deus
3457 2094 3599 2150 Deus
3627 2103 3734 2160 est,

2125 2197 2277 2242 extra
2306 2183 2679 2254 exceptionem
2712 2186 2826 2241 veri
2859 2185 2952 2242 Dei
2992 2187 3064 2242 sit
3106 2186 3159 2243 in
3203 2185 3544 2258 professione
3586 2203 3736 2243 com-

2125 2278 2295 2346 muni,
2349 2290 2580 2350 cnmque
2619 2277 2778 2333 sicuti
2826 2294 2926 2334 nos
2977 2286 3032 2334 et
3079 2280 3378 2336 creationis
3433 2281 3732 2336 necessitas

2125 2374 2355 2429 creatori
2403 2373 2513 2428 Deo
2561 2371 2780 2438 subdat,
2811 2383 2865 2430 et
2913 2373 3135 2446 adoptio
3163 2383 3405 2430 assumat
3433 2375 3486 2430 in
3521 2375 3728 2443 ﬁlium;

2120 2467 2232 2539 iam
2261 2481 2394 2523 vero
2425 2467 2569 2522 nulla
2600 2467 2651 2522 in
2681 2482 2746 2523 eo
2776 2467 2972 2523 divin-e
3019 2479 3228 2524 naturae
3257 2470 3560 2540 proprietas
3585 2469 3733 2526 cxis-

2129 2561 2365 2616 timanda
2393 2561 2483 2628 sit,
2507 2560 2802 2617 secundum
2832 2559 3081 2631 Apostoli
3123 2561 3326 2618 dictum
3347 2605 3362 2629 ,
3397 2560 3526 2617 Cum
3563 2571 3732 2617 autem

2127 2653 2334 2717 dixerit,
2367 2653 2555 2708 Omnia
2582 2651 2658 2730 (g)
2687 2654 2913 2726 subjecta
2943 2665 3083 2722 sunt,
3133 2667 3318 2724 praeter
3343 2673 3461 2710 eum
3485 2658 3574 2728 qui
3612 2657 3735 2712 sub-

2117 2747 2245 2818 jecit
2271 2747 2316 2800 ei
2343 2748 2552 2813 omnia;
2575 2746 2652 2820 (7)
2683 2745 2761 2819 (Ιι)
2786 2763 2901 2800 cum
2923 2747 3059 2801 enim
3085 2748 3274 2816 fuerint
3299 2748 3526 2812 subiecta
3550 2750 3599 2803 ei
3625 2762 3736 2804 om-

2128 2839 2233 2900 nia.
2265 2847 2388 2892 tunc
2413 2848 2459 2892 et
2482 2839 2593 2908 ipse
2618 2838 2918 2912 subjiciatur
2943 2839 2989 2892 ei
3015 2838 3100 2907 qui
3127 2838 3174 2892 ei
3197 2838 3411 2910 subjecit
3448 2841 3641 2906 omnia,
3676 2851 3730 2894 ut

2126 2931 2193 2985 sit
2224 2930 2360 2986 Deus
2388 2933 2560 2986 omnia
2583 2931 2639 2986 in
2655 2932 2888 2988 omnibus
2915 2931 2959 3004 (1
2981 2927 3101 2991 Cdr.
3127 2947 3195 2988 xv
3216 2975 3230 3002 ,
3282 2931 3374 3000 27,
3423 2932 3553 3006 28).
3595 2933 3733 3003 Quia

2129 3023 2394 3095 subiectio
2417 3034 2474 3080 et
2501 3023 2867 3082 infirmitatem
2898 3025 3125 3098 subjecti
3157 3036 3504 3098 protestetur,
3535 3040 3588 3086 et
3633 3031 3731 3086 do-

2131 3117 2390 3172 minantis
2428 3116 2697 3188 signiﬂcet
2741 3125 3062 3188 potestatem
3095 3136 3108 3172 :
3139 3121 3192 3176 in
3242 3120 3324 3176 his
3369 3137 3583 3192 quoque
3608 3137 3733 3179 cum

419 3221 511 3294 (5)
539 3222 606 3276 ab
627 3237 691 3278 co
719 3238 733 3277 :
760 3221 920 3276 Amen
941 3219 1058 3276 dico
1089 3221 1214 3285 tibi,
1249 3220 1400 3274 hodie
1448 3235 1614 3272 nteant
1649 3217 1750 3272 eris
1795 3217 1849 3270 in
1873 3233 2028 3286 para—
2053 3207 2098 3270 C
2132 3225 2343 3265 summa
2407 3209 2684 3282 religionis
2733 3211 3197 3269 demonstratione
3247 3214 3544 3270 tractandis
3594 3214 3735 3271 liber

416 3315 540 3370 diso
569 3313 718 3384 (Luc.
750 3331 906 3380 xxut,
930 3314 1026 3386 45)
1056 3332 1068 3368 :
1101 3313 1185 3388 (4)
1211 3314 1436 3368 multum
1459 3328 1671 3384 quoque
1695 3311 1981 3368 dissentiat
2007 3327 2021 3364 ε

415 3405 606 3472 Pater,
629 3407 922 3462 commendo
947 3407 1001 3460 in
1021 3423 1203 3461 manus
1229 3415 1346 3459 tuas
1365 3405 1603 3476 spiritum
1647 3419 1814 3457 meum
1859 3399 2020 3471 (Ibid.

413 3498 518 3571 46)
545 3515 562 3563 ;
585 3509 640 3554 et
663 3498 791 3555 illud
813 3540 827 3564 ,
860 3497 1039 3562 Pater,
1073 3499 1284 3554 rentitte'
1305 3496 1433 3562 illis,
1475 3497 1596 3566 quia
1642 3494 1780 3566 quod
1827 3493 2024 3565 faciunt

417 3592 657 3648 nesciant
684 3589 934 3666 (Ibidem,
965 3591 1055 3663 5i)
1093 3609 1106 3646 :
1141 3592 1206 3646 ad
1238 3591 1570 3662 impietatem
1603 3587 1680 3660 ((1)
1711 3587 2026 3643 reciderunt

417 3685 731 3740 divinorum
763 3683 1030 3740 dictorum
1091 3685 1393 3753 incapaces.
1425 3682 1635 3736 Etcum
1680 3695 1784 3735 non
1827 3693 2018 3734 conve-

422 3779 540 3834 niat
561 3776 902 3850 trepidationi
927 3787 982 3832 et
1003 3775 1264 3841 libertati,
1311 3773 1641 3832 festinationi
1687 3780 1742 3828 et
1799 3786 2026 3827 excusa-

421 3869 565 3926 tioni
585 3913 599 3935 ,
626 3869 864 3942 querela:
885 3877 941 3925 et
966 3866 1334 3924 adhortationi
1353 3909 1367 3933 ,
1396 3864 1716 3920 diffidentiae
1760 3871 1815 3918 et
1864 3863 2026 3917 inter-

419 3962 679 4031 cessioni,
703 3962 900 4020 divinae
930 3961 1282 4034 professionis
1305 3968 1620 4030 naturaeque
1651 3957 2020 4019 immemores,

417 4057 490 4114 ad
517 4065 892 4130 argumentum
925 4053 1215 4126 impietatis
1246 4069 1356 4108 suae
1379 4097 1394 4120 ,
1429 4047 1854 4121 dispensationis
1871 4057 2024 4119 geSIa

415 4159 476 4208 et
504 4148 650 4206 dicta
679 4157 987 4206 tenuerunt.
1005 4146 1188 4219 itaque
1216 4162 1314 4202 nos
1339 4143 1726 4202 demonstratis
1747 4140 2022 4205 omnibus,

493 4310 581 4378 (ί)
620 4307 852 4363 Videtur.

495 4377 582 4454 (a)
611 4379 746 4454 Tum
767 4377 1028 4454 canitiem.

493 4445 578 4524 (5)
615 4453 672 4509 In
695 4448 1246 4524 superioreeditione
1273 4463 1376 4524 pro
1397 4447 1460 4524 ab
1489 4463 1568 4514 eo,
1597 4447 1823 4524 ut_legit
1866 4445 2021 4500 Eras-

417 4518 804 4596 mus'quoqne.
839 4521 1160 4588 habebatur,
1192 4530 1282 4575 aut
1315 4520 1449 4575 illud
1473 4535 1491 4574 .'
1520 4518 1801 4575 mendose.

493 4594 604 4668 (ii'
619 4594 964 4668 Multumque.

500 4667 582 4742 (5)
623 4667 1060 4732 Derelinquimus.

496 4825 574 4901 (a)
603 4825 660 4882 In
685 4825 950 4901 vulgatis,
973 4821 1192 4878 videtur.
1227 4820 1417 4901 Melius
1455 4819 1714 4876 videretur
1744 4819 1796 4901 i_n
1825 4816 2018 4890 pleris—

421 4892 532 4972 que
553 4892 682 4954 mss.
715 4892 844 4953 nec
863 4897 1009 4952 enim
1031 4937 1046 4962 ,
1067 4905 1132 4972 ut
1151 4894 1431 4964 superiora
1477 4901 1638 4961 atque
1668 4892 2024 4972 subsequen-

419 4963 544 5036 tia,
571 4985 680 5026 uno
722 4979 911 5028 tenore
961 4965 1309 5040 proferuntur
1335 4981 1400 5022 ex
1446 4965 1716 5021 sententia
1769 4963 2027 5018 adversa-

417 5057 632 5102 norum
639 5083 656 5102 ο

524 5114 578 5184 ι)
629 5113 976 5184 Remigianus
991 5109 1164 5167 codex
1189 5105 1473 5184 vetustior,
1494 5115 1604 5162 tum
1623 5105 1855 5184 eumdem
1869 5103 2024 5159 hunc.

524 5115 553 5170 ι
629 5114 976 5184 Remigianus
991 5114 1164 5167 codex
1189 5114 1473 5174 vetustior,
1494 5115 1604 5162 tum
1623 5114 1855 5162 eumdem
1869 5114 2024 5159 hunc.

495 5114 578 5259 {ei
599 5185 828 5259 Additur
857 5181 958 5239 Dei
979 5183 1030 5238 in
1053 5183 1280 5254 vulgatis
1308 5198 1324 5241 :
1357 5196 1476 5252 quae
1502 5195 1608 5236 vox
1635 5194 1810 5252 neque
1839 5179 1891 5232 in
1924 5191 2026 5231 ms.

421 5257 636 5325 exatat,
667 5272 768 5313 nec
795 5257 846 5310 in
873 5270 1050 5326 grmco
1077 5262 1244 5326 textu.

508 5329 588 5404 (d)
617 5329 685 5404 _in
713 5325 1218 5404 uno_emss_._Co|b.
1247 5331 1582 5404 recesserunt.
1744 5394 1769 5404 γ’
1878 5391 1908 5404 η
1951 5391 1962 5404 ο

501 5391 581 5473 (ε)
616 5401 963 5456 Removimus
1011 5397 1134 5473 hinc
1159 5397 1446 5473 verha_,_ad
1466 5394 1770 5451 sacramenti
1813 5391 2026 5473 religio”-

422 5466 568 5536 nein;
597 5488 718 5542 qua:
756 5486 863 5527 non
907 5471 1222 5542 reperimus
1236 5469 1337 5524 nisi
1361 5466 1417 5522 in
1447 5481 1555 5522 uno
1583 5483 1688 5542 ms.
1718 5467 2026 5542 recentiore

419 5534 584 5602 Colh.
613 5534 672 5600 et
709 5534 1110 5616 supervacanea
1140 5540 1390 5616 videntur
1415 5561 1428 5593 :
1456 5553 1580 5616 cum
1609 5537 1856 5616 declaret
1883 5534 2031 5616 1Ιὶιέ-

421 5619 543 5674 rius
569 5605 978 5686 simpliciter-se
1021 5610 1230 5686 singula
1252 5611 1686 5667 adversariorum
1709 5609 1921 5678 obieeta
1951 5605 2032 5661 di—

421 5687 620 5753 luisse,
651 5685 856 5742 nullum
879 5685 1273 5743 dissimulasse.

499 5759 571 5828 (Γ)
611 5752 742 5813 Bad.
773 5757 967 5828 etEr.
1013 5771 1134 5828 cum
1168 5771 1274 5808 uno
1319 5769 1420 5809 ms.
1450 5752 1608 5828 Celb.
1651 5759 2032 5828 _sa_cramen_t_um

422 5821 776 5890 reuelationis.
801 5827 951 5899 Lips.
977 5832 1033 5883 et
1051 5826 1175 5882 Par.
1201 5826 1507 5881 sacramenti
1527 5824 1875 5881 revelationes.
1910 5821 2030 5876 Vat.

2055 4644 2110 4704 D

2130 3302 2448 3358 undecimus
2477 3313 2793 3372 occupatur,
2842 3304 2949 3377 22
2976 3305 3138 3360 etiam
3166 3321 3232 3360 ex
3262 3304 3344 3361 his
3389 3306 3523 3378 ipsis
3573 3307 3735 3364 dictis

2126 3397 2438 3466 aposwlicis
2463 3396 2864 3464 demonstrans,
2894 3415 2998 3454 non
3029 3400 3190 3456 modo
3213 3416 3318 3457 non
3347 3401 3414 3457 ad
3437 3403 3734 3459 divinitatis

2127 3487 2495 3544 inﬁrmitatem
2521 3489 2910 3560 subiectionem
2945 3491 3228 3561 prolicere,
3253 3492 3348 3548 sed
3378 3509 3474 3564 per
3499 3509 3620 3550 eam
3651 3495 3732 3565 ip-

2129 3594 2244 3636 sam
2283 3581 2490 3652 (supple
2515 3621 2530 3648 ,
2555 3580 2972 3654 subiectionem)
2995 3583 3278 3642 veritatem
3330 3585 3462 3655 Dei,
3499 3586 3576 3660 (8)
3605 3587 3728 3657 quia

2144 3673 2204 3748 (ἕ)
2259 3691 2326 3731 ex
2375 3676 2484 3731 Deo
2527 3675 2804 3743 sitnatus,
2853 3677 3062 3733 ostendi
3092 3697 3104 3732 :
3134 3689 3188 3736 et
3225 3696 3322 3752 per
3357 3682 3432 3748 id,
3461 3683 3603 3754 quod
3629 3683 3732 3738 sibi

2129 3781 2192 3822 ac
2216 3767 2370 3824 nobis
2396 3777 2452 3824 et
2493 3768 2652 3824 Pater
2695 3778 2851 3838 pater
2876 3779 2960 3826 est
3001 3779 3057 3827 et
3085 3771 3226 3828 Deus
3273 3774 3416 3829 Dens
3443 3784 3546 3842 est,
3577 3776 3736 3832 nobis

2130 3862 2354 3916 multum
2376 3863 2600 3934 acquiri,
2627 3869 2682 3918 et
2705 3862 2756 3918 ci
2775 3863 2905 3918 nihil
2928 3863 3170 3934 detrahi;
3197 3882 3318 3921 cum
3341 3868 3550 3924 scilicet
3567 3868 3732 3926 homo

2131 3966 2306 4023 natus,
2327 3964 2382 4012 ct
2406 3957 2674 4011 universis
2695 3957 2876 4011 carnis
2894 3969 3092 4012 nostra:
3123 3958 3466 4029 passionibus
3489 3961 3725 4028 functus,

2129 4047 2195 4101 ad
2230 4049 2392 4101 Deum
2415 4055 2470 4102 et
2499 4047 2708 4101 Patrem
2740 4055 2982 4102 nostrum
3007 4089 3022 4115 ,
3053 4048 3127 4124 (j)
3159 4059 3216 4106 ut
3259 4051 3422 4108 homo
3449 4064 3635 4112 noster
3676 4056 3730 4112 in

2132 4138 2297 4194 Deum
2324 4137 2708 4210 gloriﬁcandus
2731 4137 3112 4196 adscenderet.

2205 4297 2290 4441 (Β)
2329 4293 2400 4354 Et
2419 4299 2488 4354 ad
2517 4297 2706 4378 Deum.

2236 4374 2286 4440 7)
2325 4370 2524 4435 Verba,
2555 4387 2676 4441 qua:
2704 4418 2706 4425 λ

2236 4369 2286 4450 7)
2325 4370 2533 4450 Verba,
2555 4387 2676 4441 qua:
2704 4370 2766 4450 Ρ..
2799 4369 3115 4429 Custantius
3144 4374 3482 4450 hic‘adnotat
3503 4391 3728 4450 praster-

2135 4442 2271 4526 mitti
2313 4458 2343 4496 a
2375 4443 2619 4526 pluribus
2650 4443 2866 4514 optimae
2911 4456 3052 4500 noue
3077 4447 3376 4520 codicibus,
3403 4460 3460 4507 et
3484 4442 3518 4507 ti
3540 4463 3731 4512 nostro

2135 4522 2644 4584 praetermittuntnr.

2207 4584 2287 4658 (8)
2331 4587 2432 4654 Qui
2451 4602 2518 4642 ea:
2549 4584 2676 4640 Deo.

2125 4814 2244 4869 bas.
2273 4829 2373 4868 ms.
2396 4816 2700 4868 sacramenti
2724 4812 3042 4885 religionem.
3073 4811 3264 4871 Verius
3285 4818 3396 4885 alii,
3421 4829 3727 4881 sacramenti

2126 4885 2674 4965 revelationemhscil.
2713 4884 2874 4965 γει-ιιί
2918 4887 2970 4938 in
3000 4901 3166 4940 carne
3211 4887 3728 4965 manifestationem,

2127 4957 2270 5028 quod
2313 4956 2466 5028 juxta
2515 4955 2834 5026 Apostolum
2882 4965 3284 5012 sacramentum
3329 4973 3414 5017 est
3441 4979 3471 5020 a
3515 4955 3728 5027 saeculis:

2131 5027 2528 5083 absconditum.

2209 5099 2285 5177 (g)
2329 5099 2488 5177 Editi
2511 5099 2598 5154 hic
2633 5097 2894 5177 adjiciunt
2921 5111 3216 5177 pronomen
3247 5104 3314 5170 ei,
3345 5107 3488 5177 quod
3526 5109 3620 5169 lib.
3679 5129 3733 5168 χι

2133 5169 2412 5228 omittunt.
2449 5169 2689 5242 Utroque
2719 5170 2772 5226 in
2807 5169 2929 5226 loco
2950 5169 3049 5226 sibi
3077 5169 3329 5231 constant
3349 5169 3478 5235 mss.

2205 5243 2284 5316 (h)
2331 5242 2523 5319 Verba,
2554 5259 2670 5296 cum
2693 5244 2825 5298 enim
2858 5243 3050 5319 fuerint
3079 5246 3309 5316 subjecta
3338 5249 3384 5303 ei
3414 5253 3604 5319 omnia,
3649 5254 3739 5313 hic

2130 5315 2316 5386 plures
2348 5315 2528 5395 probae
2547 5326 2687 5370 nota:
2719 5329 2876 5383 mss.;
2912 5315 3054 5370 libro
3082 5315 3258 5373 autem
3289 5335 3362 5386 χι,
3404 5337 3458 5377 ιι.
3488 5323 3523 5378 8
3549 5315 3605 5381 et
3638 5327 3732 5395 2:2,

2129 5401 2318 5444 omnes
2347 5387 2618 5442 omittunt.

2207 5459 2270 5532 (ἰ)
2301 5459 2366 5540 _ln
2415 5472 2547 5514 mss.
2593 5457 2712 5514 Vat.
2743 5459 2866 5540 bas.
2902 5459 3131 5540 aliisque
3163 5462 3481 5540 potioribus,
3537 5469 3626 5540 qui
3667 5488 3734 5526 cx

2135 5531 2241 5606 Deo
2267 5533 2334 5606 sit
2357 5540 2505 5606 natus
2521 5545 2678 5606 ;_n0ti
2706 5531 2814 5606 alio
2838 5545 3020 5584 sensu.
3050 5531 3343 5606 Contendit
3383 5531 3559 5606 porro'
3585 5541 3734 5597 Hila-

2133 5604 2246 5660 rius
2276 5599 2471 5677 Filium
2521 5600 2644 5656 ideo
2696 5603 3038 5677 subjectum,
3090 5604 3215 5671 quia
3269 5599 3424 5664 natus
3475 5613 3579 5677 sit;
3615 5615 3738 5668 inde

2135 5689 2265 5732 vero
2293 5673 2434 5744 quod
2464 5683 2620 5730 natus
2649 5689 2714 5728 ex
2765 5673 2874 5728 Deo
2899 5673 2994 5738 sit,
3027 5688 3210 5730 veram
3242 5677 3335 5734 Dei
3368 5673 3614 5737 naturain
3647 5687 3739 5738 ob-

2139 5752 2339 5803 linere.

2213 5818 2299 5894 (β)
2341 5818 2442 5874 Aut
2487 5815 2572 5873 hic
2615 5815 2974 5890 supplendum
3001 5817 3226 5877 verbum
3264 5820 3605 5893 adscenderit,
3639 5841 3744 5895 quo
