4118 6186
402 231 480 288 49
1654 233 1743 291 DE
1782 233 2160 293 TRINITATE
2197 236 2406 294 LIBER
2432 239 2498 295 ll.
3142 258 3151 265 '
3648 246 3718 304 50

406 351 515 407 hoc
563 350 777 422 quidem
831 357 1036 405 tantmn
1070 351 1364 407 voluntatis
1413 366 1546 408 more
1578 352 1844 423 professio
1892 359 2093 419 estzA
2192 358 2502 428 festantibus
2565 375 2733 430 pauca
2793 364 3128 433 prwlocutus,
3177 367 3247 421 ad
3288 369 3611 425 scribendum
3656 372 3720 425 de

404 455 665 499 cancrum
698 443 884 498 ausiii
910 455 962 499 et
987 444 1373 501 misericordiae
1397 454 1501 500 tua:
1529 462 1723 502 munus
1744 446 2010 503 orandum

404 547 514 601 est,
543 547 597 589 ιιι
628 544 852 591 extensa
882 536 975 590 tibi
1004 536 1125 591 ﬁdei
1158 547 1356 592 nostrae
1391 537 1863 610 confessionisque
1889 539 2009 594 vela

412 631 544 687 ﬂatu
586 632 823 701 Spiritus
870 633 945 686 tui
976 631 1224 701 impleas,
1260 647 1465 702 nosque
1490 634 1544 687 in
1571 647 1788 688 cursum
1815 632 2012 704 praedi-

402 724 636 779 cationis
686 724 833 778 inite
876 724 1171 796 propellas.
1226 725 1341 779 Non
1376 727 1518 780 enim
1570 726 1726 782 nobis
1775 726 2012 782 inlidelis

401 815 714 885 sponsionis
739 816 893 872 istius
911 828 1097 872 anetor
1121 826 1226 879 cst,
1259 818 1444 873 dicens
1473 838 1484 871 :
1520 819 1704 885 Petite,
1732 827 1779 873 et
1805 819 2012 873 dabitur

398 911 579 976 vobis;
609 911 841 981 qurerite,
876 920 923 965 et
964 912 1269 981 invenietis;
1301 913 1521 983 pulsate,
1555 924 1602 966 et
1634 912 1893 986 aperietur
1922 928 2011 966 uo-

400 1008 478 1061 bis
508 1003 659 1077 (Luc.
695 1020 771 1071 xi,
802 1004 884 1076 9).
930 1004 1039 1059 Nos
1068 1005 1285 1076 quidem
1315 1006 1505 1077 inopes
1536 1020 1597 1061 ca
1640 1006 1836 1075 quibus
1885 1019 2011 1075 ege-

403 1114 526 1152 mus
560 1097 1019 1168 prccabi:nur,‘et
1040 1098 1093 1152 in
1134 1098 1440 1153 scrutandis
1472 1101 1857 1168 prophetarum
1891 1110 2010 1152 tuo-

396 1208 519 1247 rum
552 1192 1031 1264 apostolorumque
1071 1192 1231 1248 dictis
1257 1194 1493 1247 studium
1526 1192 1776 1264 pervicax
1818 1193 2008 1249 aﬁere-

395 1301 545 1351 mus,
576 1294 633 1341 et
662 1300 851 1341 omnes
892 1287 1161 1342 obserata:
1189 1286 1561 1358 intelligentia
1603 1286 1783 1342 aditus
1826 1288 2009 1359 pulsa-

396 1380 615 1433 bimus:
637 1378 730 1433 sed
763 1387 911 1433 tuum
937 1386 1040 1445 est,
1062 1387 1118 1434 et
1133 1387 1344 1433 oratum
1365 1378 1624 1445 trilmere,
1646 1389 1701 1434 et
1717 1380 2005 1450 qumsitum

396 1470 619 1537 adesse,
650 1480 704 1527 et
729 1480 916 1540 patere
947 1472 1239 1541 pulsatum.
1269 1472 1571 1541 Torpemus
1594 1471 1739 1527 enim
1770 1471 2005 1541 quodam

397 1575 609 1619 natura:
636 1572 833 1619 nostra:
861 1564 1015 1635 pigro
1044 1573 1286 1634 stupore,
1319 1575 1373 1621 et
1416 1565 1482 1620 ad
1527 1581 1614 1620 res
1645 1574 1762 1619 tuas
1806 1564 2008 1620 intelli-

392 1659 603 1727 gendas
644 1659 783 1713 intra
815 1658 1132 1728 ignoranti-.e
1162 1660 1540 1715 necessitatem
1593 1659 1793 1730 ingenii
1832 1660 2003 1713 nostri

394 1751 777 1807 imbecillitate
798 1750 1117 1806 cohibentur
1143 1768 1154 1805 :
1179 1751 1272 1806 sed
1300 1751 1561 1806 doctrinae
1587 1758 1692 1804 tua:
1720 1750 1897 1805 studia
1934 1750 2001 1804 ad
2032 1756 2080 1816 Β

392 1859 619 1899 sensum
668 1860 766 1898 nos
815 1843 1013 1898 divinzc
1064 1843 1389 1913 cognitionis
1437 1842 1519 1917 (Ι)
1572 1843 1900 1907 instituunt,
1949 1850 2006 1896 ct

396 1940 537 1994 ultra
587 1938 887 1994 naturalem
921 1938 1232 2009 opinionem
1265 1936 1387 1993 ﬁdei
1420 1935 1495 2009 (a)
1531 1935 1841 1992 obedientia
1874 1951 2002 2007 pro-

395 2034 567 2090 vehit.

470 2127 561 2183 58.
608 2127 997 2198 EXSpectamus
1063 2141 1194 2197 ergo
1243 2134 1301 2182 ut
1372 2125 1564 2197 trepidi
1628 2126 1788 2196 hujus
1839 2128 2003 2198 empti

393 2219 620 2275 exordia
654 2220 865 2284 incitos,
900 2231 954 2274 et
1001 2219 1243 2284 profectu
1284 2227 1634 2275 accrescente
1682 2219 2000 2286 conﬁrmes,

392 2322 453 2366 et
482 2311 550 2365 ad
576 2312 913 2366 consortium
944 2312 1026 2366 vel
1070 2312 1403 2381 projihctalis
1443 2313 1526 2366 vel
1577 2312 1863 2383 apostolici
1888 2313 2002 2382 Spi-

390 2407 533 2460 ritus
560 2420 723 2461 voces
749 2422 762 2459 :
795 2406 1006 2461 utdicta
1037 2421 1224 2461 eorum
1260 2424 1363 2461 non
1394 2408 1499 2461 alio
1520 2422 1681 2477 quam
1710 2408 1808 2478 ipsi
1832 2407 1998 2463 locuti

390 2510 522 2553 sunt
554 2513 717 2553 sensu
766 2499 1259 2571 apprehendamus,
1308 2501 1709 2572 verborumque
1757 2503 2004 2573 proprie-

394 2601 538 2646 ta'es
582 2591 772 2647 iisdem
819 2608 1000 2647 rerum
1055 2594 1542 2663 signiﬁcationibus
1609 2609 1998 2665 exsequamur.

390 2684 657 2740 Locuturi
682 2686 823 2739 enim
846 2699 1053 2751 smnus,
1079 2702 1202 2755 qua:
1229 2686 1298 2742 ab
1326 2687 1389 2741 iis
1413 2686 1465 2741 in
1491 2696 1837 2742 sacramento
1865 2702 2003 2757 pra:-

390 2778 576 2831 dicata
606 2788 755 2845 sunt,
788 2789 839 2833 te
867 2786 1133 2835 :eternum
1165 2778 1354 2842 Deum,
1388 2780 1577 2835 aeterni
1619 2781 1877 2851 unigeniti
1905 2782 2002 2835 Dei

391 2880 607 2941 patrem
640 2887 652 2922 :
681 2877 735 2925 et
774 2886 938 2925 unum
973 2880 1024 2925 te
1048 2872 1165 2926 sine
1202 2870 1503 2934 uativitatc,
1533 2880 1589 2927 et
1626 2887 1791 2926 unum
1825 2872 2004 2927 Domi-

392 2977 529 3016 num
580 2960 766 3018 JeSum
798 2961 1073 3018 Christum
1100 2979 1167 3020 ex
1215 2972 1266 3018 te
1296 2963 1592 3019 nativitatis
1620 2975 1859 3031 :cternaa,
1892 2980 2001 3020 non

391 3058 451 3111 in
479 3055 558 3129 (b)
583 3056 806 3111 deorum
838 3071 1122 3111 numerum
1148 3056 1389 3112 veritatis
1416 3058 1730 3113 diversitate
1759 3058 2003 3115 referen-

2191 460 2297 504 tam
2320 452 2597 510 reconditis
2618 454 2766 509 rebus
2795 455 3007 511 invitum
3031 475 3084 513 se
3118 476 3179 514 ac
3202 468 3503 517 trementem
3527 462 3720 517 adduci

2190 546 2425 615 pluribus
2469 557 2801 617 protestatur.
2848 549 2989 604 Hinc
3032 551 3121 606 ubi
3184 555 3388 623 aperuit
3438 554 3502 608 de
3562 553 3722 610 Patre

2187 639 2311 709 quid
2352 641 2559 706 sentiat,
2613 642 2776 695 rerbis
2816 659 2925 697 rem
2971 654 3027 698 ut
3066 655 3143 700 est
3172 662 3275 701 non
3305 647 3429 702 satis
3468 648 3720 715 explicari

2188 736 2427 788 ostendit.
2457 734 2652 789 Deinde
2682 736 2807 806 quid
2830 738 2895 791 sit
2916 738 3098 808 quidve
3132 755 3233 793 non
3265 739 3327 792 sit
3365 738 3535 794 Filius
3558 756 3719 814 expo-

2188 828 2301 891 nit;
2338 837 2387 880 et
2426 828 2597 899 arguit
2631 845 2738 895 eos,
2767 830 2855 899 qui
2883 830 3055 900 inique
3085 830 3257 900 {erunt
3288 846 3343 885 se
3366 833 3719 902 generationis

2185 921 2328 975 illius
2359 932 2732 977 sacramentum
2777 940 2959 995 capere
2987 941 3090 978 non
3131 940 3320 994 posse;
3358 942 3471 979 cum
3501 935 3574 980 tot
3594 926 3715 980 aliis

2185 1015 2239 1068 in
2264 1013 2437 1081 rebus,
2460 1016 2613 1069 etiam
2637 1016 2765 1082 suis,
2791 1018 3146 1087 wquanimiter
3164 1018 3387 1088 imperiti
3412 1019 3535 1073 sint.
3564 1016 3716 1072 Hanc

2183 1122 2301 1160 t-ero
2324 1106 2722 1161 ineuarrabilem
2755 1107 2882 1163 Filii
2913 1107 3009 1163 Dei
3036 1112 3420 1179 generationem
3461 1111 3712 1181 sapienti-

2184 1196 2276 1251 bus
2306 1200 2502 1267 steculi,
2528 1199 2709 1255 scribis
2733 1201 2875 1272 legis,
2903 1211 2949 1255 et
2977 1201 3230 1256 Itmreticis
3269 1203 3585 1275 ignoratam,
3631 1206 3715 1259 di-

2185 1291 2302 1345 vina
2328 1292 2470 1346 illius
2502 1303 2686 1347 natura
2726 1294 2871 1365 prius
2909 1296 3090 1367 paucis
3147 1296 3515 1366 demonstrata,
3552 1298 3717 1354 verbis

2188 1383 2470 1439 Piscatoris
2492 1386 2740 1452 explicat.

2112 1474 2304 1531 Postea
2332 1478 2487 1547 [idem
2530 1478 2819 1547 Scripturis
2862 1482 3133 1552 fundatam
3172 1485 3555 1550 commendans,
3600 1501 3714 1538 eam

2183 1571 2555 1627 medicamento
2604 1584 2869 1645 comparat
2914 1576 3181 1630 medendis
3234 1576 3472 1630 onmibus
3523 1577 3719 1632 morbis

2184 1665 2392 1728 idoneo,
2444 1666 2599 1735 idque
2636 1668 2907 1737 con/irruat
2944 1669 3119 1722 allatis
3164 1668 3457 1739 Srripturas
3485 1670 3715 1724 testimo-

2180 1756 2311 1823 niis,”
2337 1757 2521 1828 quibus
2561 1757 2779 1813 Sabellii
2807 1760 2963 1813 simul
3011 1770 3060 1813 et
3103 1759 3347 1815 llebionis
3374 1761 3715 1815 Arianorum-

2178 1865 2274 1918 que
2294 1859 2576 1904 commenta
2604 1849 2946 1904 debellantur.
3011 1850 3133 1905 Non
3182 1861 3312 1905 tacet
3361 1853 3599 1924 quaedam
3649 1856 3714 1907 de

2180 1939 2383 1997 Christo
2410 1943 2461 1995 in
2490 1942 2777 2013 Scripturis
2807 1945 3098 2009 memorari,
3126 1960 3243 2017 qua:
3270 1943 3383 1999 Deo
3399 1946 3612 2017 indigna
3635 1947 3713 2001 vi-

2180 2033 2436 2099 deamur;
2463 2034 2554 2091 sed
2592 2036 2644 2088 in
2671 2036 2734 2089 iis
2762 2037 2911 2104 ipsis,
2938 2052 3053 2108 qua:
3076 2037 3287 2091 Immani
3328 2038 3529 2109 generis
3556 2055 3713 2093 causa

2182 2128 2452 2195 pertulisse
2480 2138 2745 2193 narratur,
2771 2130 2993 2184 ostendit
3020 2147 3123 2184 non
3147 2132 3323 2186 deesse
3355 2133 3624 2203 potestatis
3652 2150 3714 2188 ac

2180 2223 2442 2294 dignitatis
2466 2223 2633 2295 signa,
2669 2223 2851 2295 quibus
2877 2240 2994 2279 cum
3029 2241 3145 2281 vere
3174 2224 3341 2281 Deum
3374 2242 3480 2283 esse
3520 2227 3709 2283 docea-

2182 2331 2316 2369 mur.

2105 2405 2337 2462 Tandem
2364 2406 2623 2480 Spiritum
2653 2416 2883 2463 sanctunt
2922 2410 3141 2465 existere
3182 2427 3215 2464 a
3266 2409 3425 2465 Patre
3469 2420 3519 2465 et
3569 2409 3711 2467 Filio

2179 2499 2477 2555 distinctum
2503 2498 2705 2571 probat,
2732 2509 2781 2555 et
2824 2517 3002 2556 eorum
3056 2503 3361 2575 scrupulum
3412 2501 3567 2568 levat,
3620 2504 3711 2573 qui

2178 2595 2275 2648 hoc
2300 2603 2393 2648 aut
2420 2595 2660 2664 ignorant
2700 2604 2791 2648 aut
2825 2596 3112 2666 ambigunt,
3150 2598 3273 2664 quia
3310 2596 3546 2663 Spiritus
3588 2612 3710 2651 uoce

2181 2688 2389 2743 Patrem
2421 2696 2508 2742 aut
2537 2686 2733 2742 Filium
2754 2692 3045 2759 frequenter
3065 2690 3283 2760 intelligi
3309 2688 3533 2743 rideant.
3564 2687 3707 2743 Prte-

2178 2788 2316 2833 terea
2370 2778 2754 2833 demonstratur
2795 2777 3024 2848 Spiritus
3078 2783 3244 2836 sancti
3282 2782 3455 2835 divina
3497 2790 3706 2847 natura,

2177 2872 2435 2943 ofﬁcium,
2467 2889 2621 2942 quam
2651 2877 2999 2931 necessarium
3025 2875 3171 2930 nobis
3199 2877 3264 2930 sit
3285 2875 3430 2930 illius
3470 2877 3695 2942 donum,

2178 2982 2339 3037 quove
2368 2968 2541 3022 studio
2565 2970 2979 3037 promerendam.

2182 3060 2231 3114 i.
2279 3061 2431 3128 Quod
2459 3063 2673 3134 sufﬁciat
2699 3063 2965 3120 Trinitatis
3005 3066 3191 3120 notitia
3233 3067 3287 3119 in
3315 3065 3567 3138 baptismo
3599 3073 3709 3117 tra-

388 3151 527 3205 dum
559 3167 572 3205 :
602 3166 777 3221 neque
802 3166 910 3206 non
953 3168 1021 3207 ex
1056 3160 1106 3206 te
1130 3152 1402 3222 genitum,
1452 3153 1526 3224 (ε)
1569 3153 1658 3223 qui
1694 3152 1833 3208 Deus
1862 3169 2000 3208 unus
2029 3149 2076 3213 C
2107 3153 2235 3209 dita.
2271 3154 2674 3213 ~—Sufﬁcichat
2717 3159 3064 3214 credentibus
3119 3160 3215 3215 Dei
3266 3174 3467 3223 sermo,
3511 3160 3600 3229 qui
3655 3159 3707 3213 in

386 3258 480 3308 es,
531 3242 964 3312 prmdicandum;
1017 3258 1189 3313 neque
1219 3244 1362 3299 aliud
1394 3260 1552 3314 quam
1600 3245 1766 3299 Deum
1792 3260 1999 3314 verum,

386 3338 485 3405 qui
513 3351 581 3391 ex
612 3343 664 3390 te
695 3334 778 3408 (ξ)
808 3336 918 3391 Deo
949 3350 1082 3391 vero
1107 3345 1258 3406 patre
1285 3345 1442 3391 natus
1470 3346 1573 3404 est,
1606 3336 1998 3393 conﬁtendum.

388 3430 601 3486 Tribuc
631 3445 761 3502 ergo
791 3431 946 3489 nobis
972 3432 1258 3486 verborum
1291 3430 1760 3502 signiﬁcationem,
1796 3431 2000 3488 intelli-

387 3528 598 3599 gentia:
642 3527 845 3593 lumen,
892 3526 1163 3582 dictorum
1190 3525 1472 3591 honorem,
1525 3526 1769 3581 veritatis
1798 3524 2001 3580 ﬁdem:

388 3633 452 3678 et
482 3632 700 3691 praesta,
736 3631 792 3676 ut
817 3621 961 3693 quod
991 3621 1283 3685 credimus,
1318 3630 1373 3674 et
1416 3620 1735 3691 loquamur;
1773 3619 2000 3687 scilicet,

392 3729 455 3771 stt
485 3718 767 3788 coatingat
795 3715 971 3780 nobis,
1019 3729 1185 3769 unum
1216 3722 1268 3769 te
1303 3714 1469 3768 Deum
1518 3724 1723 3782 patrem
1754 3722 1809 3767 et
1838 3728 2005 3768 unum

398 3809 690 3863 Dominum
718 3807 904 3864 .lesum
932 3806 1204 3863 Christmn
1233 3805 1303 3862 de
1328 3804 1615 3876 Prophetis
1661 3814 1824 3875 atque
1856 3808 2005 3875 Apo-

393 3903 561 3957 stolis
579 3900 1050 3971 cognoscentibus,
1068 3914 1208 3954 nunc
1237 3898 1522 3953 adversum
1551 3900 1811 3965 negantes
1833 3900 2007 3951 luere-

394 3996 565 4061 ticos,
594 3995 667 4048 ita
694 3991 774 4066 (Δ)
805 3992 968 4048 Deum
996 4001 1050 4048 et
1072 4004 1122 4047 te
1149 3992 1444 4055 celebrare,
1478 4005 1545 4046 ne
1566 3990 1737 4045 solum
1761 4005 1776 4055 ;
1808 3998 1863 4045 et
1882 4003 2005 4044 eum

392 4087 722 4161 pncdicat‘e,
756 4103 823 4143 ne
853 4086 1070 4143 falsum.

766 4223 1010 4296 2526
1033 4222 1236 4278 LIBER
1263 4220 1641 4279 SECUNDUS.

390 4363 479 4418 De
527 4364 739 4419 reritate
778 4360 1051 4416 Trinitatis
1106 4362 1409 4432 generatim,
1455 4368 1505 4414 et
1562 4358 1625 4415 de
1680 4358 2005 4432 singularum

469 4473 816 4529 personarum
844 4456 1093 4526 dignitate
1119 4464 1167 4509 et
1215 4453 1393 4525 ofﬁcio
1432 4453 1741 4508 nominatim
1776 4452 2001 4508 disserit.

2106 3260 2267 3300 aures
2295 3255 2506 3304 nostras
2530 3248 2891 3319 Evangelistte
2904 3252 3215 3307 testimonio
3236 3266 3359 3307 cum
3377 3252 3495 3322 ipsa
3508 3250 3709 3307 verita-

2106 3339 2177 3392 tis
2218 3352 2332 3394 sua:
2384 3340 2583 3397 virtute
2628 3343 2931 3399 transfusus
2956 3352 3062 3410 est,
3090 3360 3212 3400 cum
3246 3344 3377 3399 dicit
3406 3345 3664 3399 Dominus
3692 3364 3706 3401 :

2106 3428 2306 3486 Euntes
2331 3448 2468 3487 nunc
2494 3433 2668 3489 docete
2711 3451 2885 3490 omnes
2928 3446 3125 3507 gentes,
3168 3437 3487 3508 baptizantes
3527 3453 3615 3491 eos
3655 3437 3710 3491 in

2107 3526 2311 3578 nomine
2355 3524 2533 3580 Patris
2557 3536 2603 3581 et
2633 3526 2757 3582 Filii
2782 3537 2831 3583 et
2860 3528 3092 3599 Spiritus
3122 3528 3329 3595 Sancti,
3360 3530 3599 3585 docentes
3624 3545 3711 3583 eos

2107 3633 2309 3673 servare
2332 3620 2503 3673 omnia
2531 3637 2865 3694 quiscumque
2896 3620 2964 3691 (e)
2995 3623 3185 3677 mando
3211 3622 3353 3690 vobis
3378 3638 3396 3678 :
3418 3633 3468 3677 et
3485 3638 3599 3677 ecce
3618 3636 3711 3694 ego

2109 3709 2368 3764 uobiscum
2396 3728 2511 3765 sum
2544 3713 2779 3768 omnibus
2826 3713 3007 3769 diebus
3038 3730 3198 3784 usque
3225 3715 3278 3768 in
3307 3715 3713 3769 consummatio-

2110 3818 2225 3856 nem
2250 3802 2429 3857 sa'culi
2458 3802 2674 3871 (Matth.
2701 3820 2886 3871 xxvm,
2916 3805 3008 3872 19,
3053 3804 3172 3875 20).
3214 3804 3352 3873 Quid
3378 3803 3524 3859 enim
3545 3804 3626 3877 (5)
3653 3804 3709 3859 in

2111 3907 2178 3948 eo
2224 3893 2293 3949 de
2343 3905 2685 3950 sacramento
2732 3896 2801 3967 (f)
2842 3896 3032 3951 salutis
3063 3896 3309 3951 humanae
3332 3909 3437 3951 non
3466 3895 3713 3950 contine-

2112 3986 2239 4040 tur?
2260 3994 2353 4041 aut
2376 3986 2503 4056 quid
2533 3997 2635 4053 est,
2673 3989 2815 4056 quod
2842 3988 2907 4042 sit
2939 3988 3204 4058 reliquum
3242 3997 3332 4043 aut
3377 3988 3713 4045 obscurum?

2109 4079 2276 4136 Plena
2303 4087 2430 4135 sunt
2454 4081 2637 4136 omnia
2662 4090 2720 4137 ut
2746 4096 2777 4137 a
2806 4082 2967 4151 pleno
2997 4080 3099 4153 ,(4)
3125 4092 3180 4138 et
3206 4098 3233 4136 a
3259 4080 3502 4152 perfecto
3531 4080 3713 4151 perle-

2117 4183 2202 4229 cta
2261 4173 2365 4247 (g).
2394 4173 2530 4230 Nam
2562 4183 2617 4231 et
2642 4175 2932 4231 verborum
2971 4176 3448 4246 signiﬁcationem,
3492 4186 3548 4233 et
3589 4175 3711 4232 efﬁ-

2113 4268 2367 4325 cientiam
2398 4284 2600 4338 rerum,
2629 4280 2680 4325 et
2733 4269 3071 4339 negetiorum
3114 4268 3384 4336 ordinem,
3427 4278 3481 4325 et
3507 4278 3716 4325 natura:

2112 4359 2523 4432 intelligentiam
2578 4361 3063 4431 comprehendunt.
3113 4362 3398 4433 Baptizare
3438 4361 3598 4433 jussit
3660 4362 3716 4417 in

2112 4455 2322 4509 nomine
2347 4453 2524 4509 Patris
2547 4464 2595 4511 et
2626 4453 2757 4509 Filii
2801 4465 2851 4509 et
2904 4454 3139 4526 Spiritus
3182 4455 3369 4523 sancti,
3413 4454 3465 4509 id
3502 4463 3609 4519 est,
3659 4454 3717 4511 in

472 4552 555 4605 Ac
600 4551 764 4613 primo
811 4550 1017 4620 quidem
1056 4548 1287 4602 declarat
1323 4545 1556 4601 Hilarius
1604 4548 1734 4600 tanti
1773 4548 2004 4617 mysterii
2027 4549 2081 4610 D
2108 4549 2449 4605 confessione
2496 4558 2553 4606 et
2600 4550 2860 4616 auctoris,
2910 4561 2965 4604 et
3009 4548 3092 4623 (Ιι)
3132 4548 3416 4619 tmigeniti.
3463 4556 3519 4604 et
3562 4546 3713 4603 doni.

473 4647 713 4701 notitiam
740 4647 790 4699 in
816 4645 1067 4718 baptismo
1088 4643 1332 4697 traditam
1364 4642 1622 4711 sufﬁcere.
1654 4640 1787 4695 Tum
1808 4642 1870 4697 de
1895 4642 2003 4698 lue-

472 4754 651 4794 resum
680 4737 898 4808 origine,
929 4736 1094 4806 deque
1130 4734 1386 4790 lusi-elicis
1424 4731 1693 4790 Trinitatis
1729 4733 1887 4804 ﬁdem
1925 4735 2008 4790 in-

504 4850 561 4919 i)
603 4850 899 4906 Instruant.

504 4854 561 4919 1)
603 4854 899 4906 Instruunt.

474 4854 564 4997 ξε)
605 4924 662 4978 lu
684 4932 868 4977 nostro
897 4935 999 4977 ms.
1028 4921 1384 4994 supprimitur
1417 4934 1525 4975 vox
1549 4918 1678 4976 Deo.

477 5040 560 5111 (a)
597 5041 653 5095 1ιι
681 5040 800 5095 cod.
839 5040 957 5094 Vat.
984 5040 1107 5111 ibas.
1134 5038 1473 5111 obedientiam
1494 5035 1819 5111 protraltunt,
1851 5035 2010 5111 male.

400 5108 692 5183 Quomodo
737 5122 916 5166 autem
971 5110 1106 5167 ﬁdes
1137 5124 1245 5183 nos
1259 5109 1525 5181 provehat
1544 5109 1612 5183 ad
1641 5108 1718 5183 id,
1748 5108 1891 5183 quod
1920 5123 2017 5163 na-

404 5180 603 5241 turalis
662 5199 853 5239 sensus
903 5197 1010 5237 non
1060 5180 1314 5253 attingit,
1371 5182 1623 5252 superius
1668 5180 1780 5251 jam
1828 5180 2014 5235 obser-

410 5268 616 5311 vatum.

485 5328 562 5398 (b)
599 5325 876 5398 Vetustus
901 5325 1074 5381 codex
1117 5326 1268 5398 Coll».
1302 5340 1425 5380 cum
1456 5323 1642 5381 Germ.
1677 5322 1751 5376 uti
1779 5334 2013 5392 prmmo-

410 5402 654 5459 animus.
680 5414 827 5451 num.
861 5397 950 5464 ii,
980 5413 1082 5451 non
1106 5397 1160 5450 in
1191 5397 1413 5450 duorum
1442 5410 1734 5451 numerum.

482 5468 557 5551 (ς)
733 5468 851 5523 Vat.
901 5468 1200 5551 bas.,_.qn.ia
1231 5466 1392 5551 Deus.
1443 5466 1567 5551 Mox
1595 5467 2009 5551 Carn..ett10ti-

410 5533 548 5597 nulli
574 5539 689 5603 alii,
721 5555 886 5610 neque
907 5540 961 5592 in
1000 5533 1146 5594 aliud
1163 5556 1183 5606 ;
1214 5546 1419 5608 postea,
1449 5538 1538 5593 ubi
1581 5553 1648 5592 ea:
1671 5545 1718 5589 te
1762 5533 1875 5591 Deo
1898 5551 2017 5591 vero

411 5623 584 5685 patre,
608 5614 769 5685 abest
800 5612 909 5665 Deo
934 5626 963 5664 a
991 5612 1265 5685 plerisque
1293 5626 1424 5685 mss.

486 5683 564 5751 id)
606 5683 661 5738 1ιι
684 5692 902 5737 vetusto
930 5677 1114 5737 codice
1150 5677 1310 5737 Colb.
1352 5683 1425 5736 ita
1452 5688 1500 5735 et
1547 5679 1710 5734 Deum
1730 5688 1795 5732 te.
1830 5677 2022 5751 Melius

411 5756 506 5811 alii
531 5748 602 5812 ita
633 5753 796 5808 Deum
821 5755 1112 5821 collocant,
1134 5764 1190 5809 ut
1217 5753 1331 5808 lucc
1359 5767 1458 5808 vox
1484 5762 1535 5808 et
1565 5751 1633 5807 ad
1665 5759 1711 5804 te
1740 5758 1795 5802 et
1815 5748 1880 5803 ad
1906 5765 2021 5803 eum

2109 4644 2314 4699 Auctor
2344 4660 2482 4699 unus
2509 4653 2594 4701 est
2613 4644 2877 4700 omnium.
2910 4643 3062 4701 Unus
3084 4652 3170 4699 est
3191 4643 3336 4700 enim
3364 4643 3505 4697 Deus
3529 4642 3709 4706 Pater,

2108 4750 2175 4791 ex
2206 4751 2315 4806 quo
2335 4736 2551 4803 omnia;
2580 4746 2636 4792 et
2675 4753 2813 4793 unus
2842 4735 3163 4807 Unigenitus
3216 4734 3479 4793 Dominus
3529 4742 3718 4790 noster

2182 4849 2264 4919 (5)
2305 4847 2373 4903 In
2402 4849 2579 4905 eodem
2601 4851 2961 4908 Sacramenta.

2184 4918 2269 4992 (4)
2309 4918 2378 4975 Et
2407 4926 2632 4994 perfecto
2665 4926 2917 4994 profecta.

2117 5051 2272 5106 usque
2301 5035 2586 5092 referatur.
2620 5036 2736 5093 Mox
2767 5038 2818 5092 in
2849 5037 3073 5094 Carnut.
3124 5047 3179 5094 et
3222 5038 3363 5105 aliis,
3394 5054 3486 5093 nec
3528 5038 3718 5105 solum,

2119 5123 2211 5161 nec
2253 5108 2443 5179 falsum
2467 5126 2486 5162 :
2512 5109 2689 5164 minus
2718 5109 2948 5165 sincere.
2979 5109 3093 5166 Hoc
3116 5110 3260 5166 enim
3305 5110 3409 5167 sibi
3460 5108 3613 5163 vult:
3648 5110 3723 5167 ita

2120 5188 2174 5234 et
2203 5188 2256 5235 te
2279 5179 2555 5236 celebrare
2604 5180 2792 5248 Deum,
2823 5190 2881 5236 ut
2925 5196 3031 5238 non
3064 5182 3365 5238 solitarium
3412 5180 3719 5247 credamus,

2121 5260 2175 5323 e_t
2202 5265 2324 5323 eum
2353 5250 2649 5321 przedicare
2692 5253 2879 5319 Deum,
2908 5263 2968 5308 ut
3017 5268 3123 5310 non
3169 5253 3361 5308 falsum
3401 5252 3721 5323 cogitemus.

2130 5321 2264 5394 Tum
2294 5322 2347 5376 in
2379 5322 2540 5379 Corb.
2570 5323 2824 5394 adjicitur
2844 5325 3080 5380 clausula
3113 5326 3293 5379 Amen.

2200 5393 2272 5463 (e)
2313 5394 2475 5461 Editi,
2504 5393 2748 5449 mandavi
2778 5412 2798 5450 :
2820 5396 3207 5451 reluctantibus
3234 5409 3366 5452 mss.

2197 5464 2265 5539 (ι’)
2302 5465 2376 5520 lta
2413 5481 2543 5539 mss.
2573 5467 2906 5538 antiquiores
2932 5468 3110 5530 Colb..
3141 5463 3331 5534 Carm,
3357 5466 3571 5535 Cerm.,
3615 5476 3725 5525 etc.

2125 5537 2229 5593 Alii
2260 5552 2384 5593 cum
2417 5537 2667 5607 vulgatis,
2694 5537 2746 5591 in
2771 5542 2945 5594 eodem
2968 5544 3308 5595 sacramento.

2197 5610 2274 5679 (g)
2314 5608 2441 5663 Mss.
2487 5610 2603 5663 bas.
2652 5608 2798 5677 Vat.,
2849 5611 3071 5666 Carnut.
3117 5625 3239 5666 cum
3280 5611 3466 5683 paucis
3513 5610 3656 5680 aliis,
3680 5617 3730 5666 et

2127 5683 2355 5752 perfecto
2379 5683 2630 5752 profecta.

2201 5748 2282 5823 (It)
2323 5748 2436 5806 Duo
2471 5748 2598 5806 mss.
2644 5751 2800 5808 Colh.
2833 5762 2885 5809 et
2906 5752 3091 5810 Germ.
3116 5754 3367 5826 unigeniti
3387 5751 3507 5808 Dei.
