4118 6186
444 241 504 293 λι
1648 232 1891 288 SANCTI
1939 232 2045 287 Illli

2152 233 2190 287 ll
2236 235 2256 286 ι·
2276 234 2533 292 PISCON
3684 246 3753 304 3‘3

442 357 599 411 Jesus
627 354 899 420 Christus,
928 370 1022 424 per
1052 369 1210 426 quem
1240 352 1453 416 omnia;
1490 350 1568 424 (l)
1605 360 1659 404 et
1686 363 1825 404 unus
1865 347 2034 419 Spiri-
2071 354 2121 412 Α
2149 365 2240 403 sus
2267 392 2280 413 ,
2336 368 2441 405 non
2513 368 2692 409 sermo
2761 357 2819 410 ﬁt
2879 358 3106 412 crimen.
3155 357 3422 430 Numquid
3476 364 3751 431 corrumpi

446 461 555 518 tus,
588 452 791 507 donum
817 451 869 505 in
897 449 1171 505 omnibus.
1201 447 1394 503 Omnia
1418 460 1549 517 ergo
1580 453 1706 498 sunt
1735 442 1845 497 suis
1880 442 2042 496 virtu-

445 544 584 599 tibus
604 558 669 598 ac
698 542 904 599 meritis
933 540 1176 596 ordinata
1208 556 1222 594 :
1254 536 1331 610 (ιι)
1355 552 1456 592 una
1479 545 1716 608 potestas
1740 533 1819 607 (2)
1845 549 1912 588 ex
1940 549 2046 604 qua

441 636 646 702 omnia,
696 650 800 690 una
850 633 1134 705 progenies
1185 646 1281 701 per
1333 644 1493 701 quam
1543 626 1747 693 omnia,
1792 622 2045 694 perfectze

442 730 561 800 spei
587 744 783 784 munus
812 742 998 782 unum.
1029 724 1141 781 Nec
1167 723 1359 779 deesse
1388 721 1679 793 quidquam
1700 732 2045 773 consumma-

440 823 572 877 tioni
605 830 762 876 tantae
790 820 1110 889 reperietur,
1146 818 1284 871 intra
1313 830 1475 886 quam
1506 812 1583 885 (b)
1606 812 1693 878 sit,
1722 812 1775 865 in
1798 808 1959 865 Patre
1989 818 2044 864 et

440 914 582 970 Filio
607 921 663 969 et
689 913 891 984 Spiritu
922 918 1131 976 sancto,
1167 909 1405 963 intinitas
1447 907 1503 961 in
1544 913 1751 987 aeterno
1787 944 1801 969 ,
1830 901 2043 974 species

438 1007 493 1062 in
523 1006 780 1076 imagine,
806 1019 935 1059 usus
965 1005 1017 1058 in
1052 1016 1294 1057 munere.

507 1108 565 1158 2.
609 1099 776 1156 Plura
806 1100 869 1153 de
903 1115 963 1153 ea
992 1098 1243 1151 disserere
1278 1094 1411 1166 cogit
1446 1091 1813 1159 Itwreticoruin
1838 1090 2037 1146 vitium.

435 1224 510 1236 -—-
526 1192 633 1249 Sed
661 1191 1039 1262 compellimur
1059 1187 1439 1244 haereticorum
1462 1192 1517 1240 et
1550 1183 2039 1254 blasphemantium

438 1286 545 1358 27
576 1285 741 1349 vitiis,
766 1284 949 1339 illicita
971 1295 1154 1352 agere,
1193 1277 1359 1333 ardua
1403 1276 1687 1341 scandere,
1746 1273 2041 1331 ineffabilia

438 1376 641 1447 eloqui,
691 1376 1005 1430 inconcessa
1040 1384 1388 1444 praesumere.
1419 1366 1488 1423 Et
1516 1383 1639 1424 cum
1670 1366 1785 1423 sola
1812 1365 1919 1421 ﬁde
1945 1381 2040 1421 ex-

437 1470 572 1541 pleri
621 1486 740 1540 quae
789 1476 1055 1539 praecepta
1082 1475 1206 1522 sunt
1232 1473 1526 1535 oporteret,
1563 1464 1640 1536 (5;
1697 1462 1768 1535 (c)
1812 1462 2041 1518 adorare

432 1563 685 1619 videlicet
714 1563 949 1630 Patrem,
980 1570 1035 1616 et
1058 1557 1310 1616 venerari
1336 1568 1457 1611 cum
1484 1570 1551 1612 eo
1581 1554 1799 1622 Filium,
1852 1565 2041 1609 sancto

435 1655 638 1726 Spiritu
669 1654 978 1718 abundare;
1009 1653 1252 1723 cogimur
1278 1649 1548 1705 sermonis
1571 1646 1744 1702 nostri
1757 1645 2033 1703 humilita-

2151 443 2351 498 veritas
2383 446 2590 512 potest?
2621 447 2752 503 Cum
2782 450 2950 520 patris
2973 465 3168 506 nomen
3200 451 3435 517 auditur.
3489 453 3752 523 numquid

2150 547 2339 591 natura
2372 536 2465 591 ﬁlii
2500 553 2605 593 non
2635 541 2946 597 continetur
2976 541 3028 595 in
3052 542 3270 597 nomine
3291 543 3314 596 ?
3336 541 3606 614 Numquid
3631 542 3754 613 Spi-

2148 629 2284 684 ritus
2315 629 2545 685 Sanetus
2568 647 2672 687 non
2704 633 2825 699 erit,
2851 634 2940 704 qui
2966 635 3354 704 nuncupatur?
3385 634 3573 707 Neque
3604 635 3751 690 enim

2147 718 2204 774 in
2233 718 2391 775 Patre
2422 732 2599 790 putest
2618 738 2724 779 non
2753 738 2874 780 esse
2903 726 3045 795 quod
3070 734 3222 796 pater
3250 734 3354 789 est,
3379 742 3555 797 neque
3586 726 3639 780 in
3663 725 3752 780 Fi-

2146 810 2218 867 lio
2246 811 2433 868 deesse
2464 813 2605 884 quod
2652 816 2793 870 lilius
2831 825 2934 884 est,
2986 833 3162 887 neque
3212 818 3263 873 in
3319 817 3527 888 Spiritu
3565 829 3752 875 saneto

2145 919 2252 961 non
2280 913 2496 962 exstare
2521 907 2663 977 quod
2717 910 2965 965 sumitur.
3020 911 3126 967 Sed
3159 911 3410 968 homines
3460 911 3531 986 (ι’)
3571 924 3753 969 mente

2146 998 2387 1065 perversi
2415 1000 2594 1054 omnia
2615 1000 2956 1057 confundunt
2979 1014 3035 1058 et
3058 1004 3356 1074 implicant,
3389 1015 3444 1061 et
3491 1021 3663 1076 usque
3684 1007 3751 1062 ad

2143 1100 2350 1146 naturae
2381 1090 2805 1151 demutationem
2839 1112 3031 1152 sensus
3086 1099 3168 1153 sui
3209 1100 3565 1169 perversitate
3612 1118 3749 1158 con-

2142 1183 2407 1250 tendunt;
2439 1194 2496 1239 ut
2524 1186 2666 1257 quod
2697 1186 2860 1243 Pater
2902 1199 2987 1245 est
3018 1189 3165 1246 Patri
3212 1191 3472 1260 adimant,
3502 1193 3628 1250 dum
3658 1211 3755 1252 vo-

2140 1276 2259 1332 lunt
2287 1276 2426 1332 Filio
2451 1278 2666 1334 auferre
2694 1281 2835 1352 quod
2890 1281 3032 1339 filius
3078 1294 3181 1339 est.
3231 1285 3494 1343 Adimunt
3534 1299 3734 1357 autem,

2153 1364 2232 1442 (g)
2280 1368 2495 1440 quando
2520 1386 2643 1427 cum
2670 1370 2756 1428 bis
2785 1388 2891 1428 non
2924 1372 2991 1430 de
3021 1388 3214 1432 natura
3241 1376 3320 1450 (5)
3346 1380 3417 1435 sit
3434 1380 3594 1436 ﬁlius.
3635 1382 3753 1439 Non

2143 1475 2212 1515 ex
2250 1470 2438 1516 natura
2489 1473 2671 1519 autem
2700 1474 2804 1532 est,
2829 1468 3044 1538 quando
3071 1485 3178 1525 non
3202 1471 3390 1528 eadem
3412 1474 3463 1529 in
3499 1488 3559 1530 se
3592 1475 3756 1534 habet

2140 1559 2293 1608 ortus
2323 1551 2428 1626 (6),
2456 1564 2511 1610 et
2537 1570 2825 1625 generatis.
2857 1558 3039 1631 Neque
3060 1563 3204 1617 enim
3238 1564 3380 1620 lilius
3400 1573 3501 1634 cst,
3534 1568 3621 1623 cui
3646 1568 3755 1625 alia

2145 1660 2209 1700 ac.
2231 1644 2512 1703 dissimilis
2529 1649 2634 1704 erit
2656 1666 2686 1705 a
2711 1662 2863 1721 patre
2889 1653 3210 1710 substantia.
3231 1656 3390 1714 Pater
3409 1670 3587 1715 autem
3616 1678 3722 1733 quo
3738 1696 3754 1709 .

437 1759 545 1804 tem
571 1749 636 1803 ad
661 1763 727 1803 ea
746 1763 867 1819 quae
898 1743 1284 1801 inenarrabilia
1315 1748 1441 1796 sunt
1463 1739 1779 1807 extendere,
1808 1750 1862 1796 et
1890 1741 1941 1795 in
1956 1741 2036 1795 vi-
2067 1748 2118 1809 Β
2146 1738 2308 1793 modo
2335 1740 2458 1807 erit,
2507 1742 2554 1797 si
2602 1759 2710 1797 non
2755 1744 2900 1815 quod
2929 1745 2983 1800 in
3034 1764 3093 1803 se
3117 1748 3434 1808 substantia:
3463 1766 3626 1825 atque
3653 1772 3751 1812 na-

436 1842 569 1897 tium
599 1841 727 1895 vitio
756 1848 1061 1896 coartamur
1084 1837 1263 1892 alieno
1288 1852 1301 1888 :
1327 1842 1386 1889 ut
1411 1849 1528 1904 qua:
1552 1832 1630 1906 (tt)
1653 1833 1918 1888 contineri
1951 1848 2038 1890 re-

436 1934 633 2005 ligione
655 1932 916 1987 mentium
951 1928 1031 2002 (4)
1058 1928 1443 1998 oportuissent,
1476 1940 1618 1981 nunc
1648 1926 1701 1980 in
1738 1925 2037 1996 periculum

438 2023 660 2080 humani
691 2019 893 2092 elaquii
920 2020 1285 2092 proferantur.

508 2118 561 2172 5.
609 2113 836 2168 eresis
859 2129 884 2166 e
904 2112 1177 2183 Scriptura
1207 2126 1477 2183 perperam
1500 2109 1762 2164 intellecta
1788 2110 2034 2164 nascitur.

435 2210 849 2265 -—Exstiterunt
876 2208 1020 2262 enim
1053 2206 1258 2275 plures,
1280 2204 1372 2275 qui
1407 2203 1710 2260 caelestium
1752 2203 2040 2260 verborum

440 2303 841 2374 simplicitatem
867 2315 965 2371 pro
997 2299 1289 2354 voluntatis
1312 2313 1424 2353 suae
1448 2314 1635 2363 sensu,
1664 2313 1773 2353 non
1811 2314 1906 2368 pro
1948 2313 2043 2353 vc-

438 2396 613 2454 ritatis
639 2391 1168 2466 ipsius'absolutione
1198 2391 1560 2462 susciperent,
1589 2391 1746 2446 aliter
1773 2389 2045 2461 interpre-

438 2500 616 2545 tantes
643 2505 802 2562 quam
852 2487 1119 2542 dictorum
1159 2485 1333 2540 virtus
1381 2483 1699 2556 postularet.
1738 2484 1811 2539 De
1841 2480 2045 2539 intelli-

439 2581 622 2653 gentia
652 2579 796 2635 enim
820 2577 1064 2647 lueresis,
1083 2591 1190 2632 non
1211 2576 1279 2632 de
1293 2575 1571 2647 Scriptura
1603 2585 1686 2630 est
1709 2591 1723 2629 :
1749 2580 1805 2630 et
1830 2572 1899 2647 (ε)
1919 2588 2046 2629 seti--

520 2741 598 2815 (1)
638 2738 705 2815 Et
726 2754 885 2792 unum
898 2734 1137 2815 _Spiritus
1161 2734 1374 2790 donum.

516 2807 598 2889 (‘2')
638 2810 728 2889 βπ
750 2824 867 2881 quo.
896 2807 1136 2889 Subinde
1166 2822 1256 2878 per
1284 2822 1451 2889 quem.
1733 2882 1742 2889 .

518 2880 598 2960 ('5)
637 2884 694 2960 in
719 2880 904 2960 nostro
930 2881 1137 2935 intrusa
1165 2889 1292 2933 sunt
1319 2880 1502 2950 verba,
1534 2882 1768 2952 personis
1788 2898 1849 2937 ac
1870 2884 2040 2939 rebus.

634 2953 978 3029 oportuisset.

528 3022 607 3100 (5)
650 3022 733 3081 Sit
760 3022 1101 3095 reposuimus
1123 3036 1185 3078 ex
1219 3036 1322 3078 ms.
1362 3030 1549 3080 nostro
1586 3038 1686 3095 pro
1714 3024 1775 3095 ﬁt
1821 3040 1838 3080 :
1869 3026 2049 3097 sequi-

540 3259 596 3331 a)
634 3256 792 3328 Apud
844 3254 1002 3319 Bad.,
1034 3252 1129 3331 _Er.
1156 3251 1387 3331 etuLips.
1413 3263 1468 3331 c_t
1495 3252 1549 3307 in
1589 3254 1891 3311 recentiore
1941 3272 2042 3314 ms.

515 3260 596 3385 (α)
634 3260 792 3328 Apud
844 3260 1002 3319 Bad.,
1039 3260 1129 3308 Er.
1156 3260 1387 3335 etlaps.
1413 3263 1468 3307 ct
1495 3260 1549 3307 in
1589 3267 1701 3308 recc

444 3331 521 3387 C0
550 3334 600 3386 ι).
637 3347 738 3383 ιιιια
776 3336 999 3399 potestas
1028 3324 1347 3399 innascrbtlts
1370 3340 1389 3378 .'
1409 3323 1701 3394 glossema.

520 3400 591 3475 (ὁ)
635 3400 726 3455 Er.
757 3396 892 3452 intra
930 3414 1082 3475 quam
1112 3412 1211 3475 non
1230 3396 1303 3475 sit
1334 3410 1353 3447 :
1405 3408 1683 3475 perperam
1712 3396 1910 3475 addita_
1924 3414 2046 3475 par-

449 3467 610 3529 ticiil'a
643 3477 871 3543 negante
894 3478 943 3523 et
970 3468 1342 3543 renitentibus
1366 3480 1497 3543 mss.
1547 3467 1668 3543 Mos
1693 3483 1789 3543 pro
1816 3467 2048 3540 iri/initas

445 3547 501 3603 in
557 3537 769 3607 aeterno,
801 3542 966 3610 Aug..
996 3540 1087 3593 lib.
1127 3554 1175 3595 vi
1204 3539 1279 3610 de
1301 3537 1498 3591 Trinit.
1521 3553 1572 3592 c.
1610 3538 1694 3603 10,
1721 3537 1880 3610 legit,
1900 3554 2047 3598 teter.

455 3618 583 3676 nitas
608 3617 661 3668 in
694 3604 1072 3737 Patreéluam
1119 3610 1209 3664 ille
1269 3609 1428 3677 hujus
1476 3610 1578 3664 loci
1632 3604 2049 3678 extih'caiionem

455 3688 646 3737 [bidem
701 3702 821 3737 cum
927 3681 1065 3735 ilarii
1113 3678 1270 3734 laude
1317 3679 1553 3737 Subjicil.
1593 3690 1771 3737 potest
1819 3683 2047 3737 auisunu

446 3688 646 3743 ibidem
701 3702 821 3741 eum
876 3678 1065 3737 Hilarii
1113 3678 1270 3755 laude
1317 3679 1553 3748 subjicit,
1593 3690 1780 3755 potest
1819 3683 2047 3755 quisque

445 3757 730 3814 commode
759 3754 1065 3815 consulere,
1096 3758 1150 3806 et
1173 3753 1387 3820 Iungunt
1417 3760 1559 3806 esset
1590 3752 1693 3807 huc
1719 3752 2044 3812 adsciscere.

446 3830 559 3885 Nec
578 3828 799 3884 dubium
826 3836 911 3882 est
939 3824 1123 3879 relerri
1158 3823 1298 3879 intra
1342 3838 1496 3892 quam
1533 3823 1600 3877 ad
1626 3838 2049 3882 consummatio-

445 3917 595 3964 nem,
630 3901 789 3969 idque
813 3899 1017 3969 dictum
1052 3909 1173 3969 esse
1202 3894 1282 3969 vel
1328 3894 1394 3947 de
1420 3906 1802 3969 consummata
1832 3912 1894 3952 ac
1922 3913 2045 3967 per-

445 3974 588 4028 fecta
619 3966 795 4027 Pairis
822 3977 876 4025 et
905 3967 1105 4039 Filiiet
1139 3966 1373 4039 Spiritus
1421 3967 1593 4039 sancti
1643 3966 2045 4039 praedicatione,

448 4044 534 4098 vel
564 4046 725 4098 etiam
750 4041 819 4096 de
848 4038 1082 4094 hominis
1102 4034 1219 4106 spe,
1255 4036 1322 4090 ad
1354 4034 1506 4105 cujus
1531 4037 1915 4094 beatitudinem
1968 4034 2048 4097 nii-

449 4114 527 4169 hil
556 4113 972 4169 desiderantium
1001 4109 1105 4183 sit,
1125 4116 1310 4183 utpote
1338 4109 1423 4183 citi
1442 4109 1675 4183 in__Patre
1695 4120 1900 4167 teterno
1921 4127 2048 4183 pro-

449 4189 693 4240 mittatur
720 4181 1065 4239 beatitudinis
1091 4178 1447 4251 inﬁnitasgin
1476 4179 1635 4245 Filio,
1664 4183 1753 4251 qui
1799 4178 2050 4251 pulcher-

449 4258 594 4311 rima
614 4270 679 4310 ac
708 4255 948 4309 numeris
970 4249 1219 4305 omnibus
1240 4250 1485 4324 absoluta
1519 4249 1694 4305 Patris
1726 4249 1900 4324 imago
1941 4267 2042 4324 est,

450 4327 505 4383 id
540 4324 900 4401 priestanduin
943 4324 1014 4377 sit
1044 4336 1165 4401 quo_
1201 4319 1535 4401 przeclarius
1558 4333 1733 4401 atque
1757 4319 2047 4392 jucundius

450 4392 586 4454 nihil
613 4399 714 4452 sub
734 4396 1046 4466 adSpeetum
1069 4392 1266 4447 cadere
1293 4392 1491 4460 possit;
1526 4392 1576 4446 in
1599 4395 1799 4462 Spiritu
1832 4408 2043 4466 sancto,

448 4470 542 4541 qui
575 4466 747 4541 Patris
763 4476 830 4541 et
848 4464 1194 4541 Filiidonum
1222 4477 1286 4541 ac
1310 4473 1642 4541 munusmcst,
1662 4467 1957 4541 (utriusque,
1977 4464 2048 4527 sit

453 4533 811 4610 impertienda
840 4536 1042 4610 fruitio.
1061 4533 1483 4610 Quarmvisenim
1504 4534 1762 4610 Tlteologi
1793 4533 1911 4607 μυὲι
1933 4540 2044 4595 Au-

452 4603 727 4684 gustinum
751 4608 917 4684 verba
952 4606 1029 4660 uti
1064 4620 1127 4659 ac
1153 4605 1257 4684 frui
1284 4603 1642 4684 distinxerim,
1778 4603 1929 4665 usum
1960 4616 2046 4668 re-

452 4674 672 4738 t'ulei-int
704 4679 767 4732 ad
811 4690 898 4734 res
929 4674 1163 4750 creatas,
1210 4674 1525 4750 fruitionem
1577 4679 1657 4750 ad
1691 4677 1999 4738 Creatorem
2027 4701 2040 4750 ;
2072 4679 2126 4740 D

452 4756 593 4809 hanc
644 4763 824 4807 tamen
874 4748 1276 4826 distinctionem
1330 4747 1597 4826 ignoravit
1643 4749 1915 4817 Hilarius,
1957 4747 2047 4826 qui

452 4828 615 4882 etiam
641 4834 893 4893 respectu
923 4821 1017 4876 Dei
1044 4820 1283 4894 verbum
1304 4819 1381 4871 uti
1409 4818 1776 4876 indill'erenter
1804 4818 2042 4894 adhibet;

451 4914 505 4950 ν.
529 4912 582 4966 g.
616 4897 667 4949 in
699 4888 842 4948 PSal.
876 4909 934 4960 ιι,
969 4910 1023 4967 ιι.
1076 4891 1144 4947 15
1196 4908 1229 4967 :_
1257 4888 1325 4943 In
1367 4905 1574 4967 sentiunt
1600 4903 1872 4967 nocetque
1898 4888 2046 4954 usuin

452 4961 614 5022 beatae
634 4966 1009 5041 sumbonitatis
1029 4964 1253 5041 assumit
1277 4979 1298 5027 ;
1323 4970 1379 5041 et
1407 4977 1462 5041 ιι.
1510 4961 1576 5017 16
1625 4981 1638 5018 :
1688 4961 1796 5032 Qui
1833 4982 1927 5022 nos
1956 4986 2047 5041 per

455 5037 853 5094 benevolentiam
881 5036 1085 5111 utenda:
1126 5034 1454 5111 beatitudinis
1490 5051 1597 5111 sum
1640 5045 1925 5111 creasset...
1956 5034 2048 5111 per

452 5127 595 5180 spem
622 5107 971 5179 promerendae
986 5106 1263 5180 etuianda:
1298 5105 1533 5180 bonitatis
1572 5123 1699 5177 sum,
1742 5116 1847 5163 etc.
1890 5105 2046 5167 Deni-

455 5174 563 5253 que
582 5174 728 5235 cum.
754 5179 827 5233 lib
850 5195 889 5253 ι,
922 5194 976 5233 n.
1026 5175 1117 5253 56,
1169 5177 1328 5230 ducet
1350 5174 1872 5253 Spiritunisanctutn
1906 5187 2045 5240 inter

454 5248 733 5308 creaturas
776 5251 981 5305 referre
1013 5250 1160 5302 nel'as
1198 5262 1338 5311 eSse,
1363 5263 1510 5314 quem
1547 5248 1615 5301 ad
1650 5249 2045 5311 immortalitatis

456 5327 639 5394 pignus
659 5332 708 5378 et
737 5322 805 5375 ad
832 5322 1019 5394 divinte
1040 5319 1447 5394 incorruptisque
1475 5329 1690 5394 natura:
1733 5329 2041 5381 consortium

453 5386 788 5459 sumeremus,
821 5401 954 5448 satis
989 5390 1229 5459 declarat
1268 5386 1394 5459 quid
1436 5386 1521 5443 hic
1553 5389 1653 5446 διιιὶ
1684 5397 1812 5459 velit
1840 5413 1958 5451 usus
1988 5400 2042 5452 in

457 5482 689 5533 munere,
740 5456 991 5519 nimirum
1046 5456 1305 5533 Spiritum
1329 5472 1588 5533 sanctum
1637 5479 1759 5520 esse
1788 5456 1961 5523 Patris
1988 5480 2044 5525 et

454 5535 579 5590 Filii
610 5526 825 5602 munus,
858 5534 1009 5605 cujus
1032 5526 1296 5589 beneficio
1325 5531 1743 5609 immortalitatis
1772 5538 1962 5609 piguils
1987 5549 2044 5596 et

453 5608 649 5661 divina:
676 5606 1104 5676 incorrupticque
1143 5614 1345 5659 natura:
1383 5606 1716 5660 consortium
1754 5606 2039 5667 sumimus.

454 5679 532 5732 Ex
554 5680 652 5731 hac
667 5677 1022 5751 eXplicatione
1044 5692 1201 5751 ruere
1219 5686 1465 5751 putamus
1480 5676 1789 5751 opinionem
1809 5681 2043 5751 Erasini,

450 5748 540 5805 cui
571 5754 750 5822 lapsus
776 5746 1059 5805 videbatur
1088 5748 1343 5816 Hilarius,
1381 5748 1522 5819 quod
1561 5762 1685 5805 cum
1725 5766 1902 5824 graece
1930 5746 2043 5819 top;

2145 1837 2280 1886 turre
2310 1842 2394 1887 est
2429 1831 2532 1906 (7),
2555 1837 2802 1904 genuerit
2828 1836 2881 1892 in
2911 1837 3022 1893 lilio
3057 1838 3174 1913 (lt)?

2215 1923 2272 1977 lt.
2317 1921 2691 1980 Hiereticorum
2717 1928 2969 1985 doctrinae
2994 1947 3157 2000 novre,
3194 1933 3438 2005 Sabellii,
3474 1937 3749 2008 Hebionis,

2143 2013 2493 2084 Arianorum,
2535 2014 3150 2081 Pneumatomachorum.
3176 2057 3247 2067 —
3267 2027 3392 2084 Haec
3438 2031 3599 2102 igitur
3630 2034 3757 2091 licet

2145 2114 2357 2163 mutare
2376 2108 2445 2164 de
2469 2123 2535 2164 eo
2558 2111 2703 2181 quod
2734 2112 2843 2169 sint
2864 2116 3011 2172 nullo
3051 2118 3213 2173 modo
3242 2123 3468 2192 possint,
3512 2123 3743 2183 aderunt

2150 2210 2329 2257 tamen
2357 2201 2633 2262 doctrinas
2665 2209 2777 2280 28
2816 2225 2986 2265 novas
3034 2222 3089 2266 et
3120 2212 3353 2269 humana
3385 2231 3691 2277 commenta
3736 2241 3750 2279 :

2148 2304 2206 2351 ut
2256 2295 2524 2354 Sabellius
2569 2298 2785 2357 Patrem
2813 2305 3071 2361 extendat
3112 2304 3167 2362 in
3199 2308 3420 2379 Filium,
3453 2311 3616 2385 idque
3645 2332 3750 2370 no—

2148 2391 2383 2448 minibus
2411 2397 2590 2464 potius
2629 2396 2997 2455 confitendum
3044 2411 3195 2472 putet
3232 2420 3353 2461 esse
3379 2423 3538 2478 quam
3568 2411 3751 2480 rebus,

2147 2500 2271 2542 cum
2293 2487 2469 2558 ipsum
2501 2489 2602 2544 sibi
2626 2489 2845 2561 Filium,
2884 2492 3059 2564 ipsum
3107 2510 3373 2569 proponat
3403 2511 3459 2556 et
3487 2503 3702 2561 Patrem
3735 2524 3751 2565 :

2150 2591 2208 2638 ut
2237 2580 2449 2638 llebion
2478 2596 2641 2641 omne
2693 2586 2905 2645 initium
2957 2590 3035 2663 (8)
3092 2590 3154 2667 (i)
3183 2591 3295 2649 lilio
3341 2592 3535 2651 Deiex
3587 2595 3755 2653 Maria

2154 2750 2241 2799 tur
2264 2743 2411 2801 enim
2438 2746 2586 2803 velut
2609 2747 2664 2804 id
2685 2748 2864 2820 ipsum
2889 2766 3189 2822 resumens,
3213 2753 3336 2811 Non
3358 2774 3421 2813 ea:
3446 2768 3631 2815 natura
3655 2779 3751 2816 an-

2156 2825 2257 2870 tem
2287 2826 2379 2872 est.

2219 2857 2516 2959 (lowliiatus
2544 2900 2594 2946 et
2615 2857 2884 2962 generous.

2229 2961 2314 3088 (7)
2350 2962 2430 3087 Ita
2478 2965 2532 3020 in
2582 2961 2722 3022 libro
2770 2979 2996 3036 nostro;
3056 2971 3110 3028 in
3162 2976 3435 3033 anteriore
3482 2976 3751 3051 editione,

2229 3049 2288 3087 no
2316 3051 2376 3088 ca
2406 3076 2418 3088 .

2152 3049 2418 3105 agnoscat.

2226 3105 2308 3179 (8)
2349 3106 2561 3164 Absunt
2590 3111 2776 3182 verba,
2801 3113 2916 3183 ﬁlio
2945 3113 3065 3171 Dei.

2072 3278 2118 3343 (ς
2151 3264 2290 3361 sitan
2319 3266 2540 3352 legisset
2563 3277 2654 3333 τήν
2684 3275 3028 3361 χρηστότηῖα
3064 3280 3179 3335 sive
3204 3282 3263 3336 τὸ
3290 3284 3547 3361 χρηστόν,
3580 3299 3755 3344 verte-

2153 3338 2225 3392 t'it
2276 3354 2398 3423 usus
2421 3341 2473 3394 in
2501 3338 2741 3423 munere:
2762 3350 3010 3416 quamvis
3058 3366 3122 3406 ea
3159 3338 3423 3410 vocabula
3451 3338 3750 3423 bonitatem,

2152 3410 2446 3492 firmitatem
2474 3410 2850 3492 etnsuuvitate'nt
2906 3423 3075 3492 magis
3121 3435 3337 3481 sonent.

2153 3478 2414 3535 Hilarium
2446 3498 2482 3571 ς
2505 3483 2710 3568 Graecis
2734 3504 2828 3543 sua
2846 3478 3157 3571 verbavesse
3181 3478 3519 3571 inutiiatuiti:

2155 3566 2339 3634 peram
2373 3557 2488 3641 vult
2508 3559 2759 3641 antiquos
2792 3563 2991 3619 nostris
3013 3566 3193 3621 verbis
3227 3566 3295 3623 de
3321 3568 3556 3641 Spiritus
3582 3557 3752 3631 sant-ti

2153 3627 2488 3692 proprietate
2518 3627 2723 3685 locutos
2750 3647 2891 3688 esse.

2227 3694 2491 3784 (c).Ap_ud
2524 3699 2681 3784 liud”
2723 3703 2833 3784 ‘Er.
2882 3713 2937 3784 e_t
2987 3707 3038 3759 in
3081 3722 3235 3784 inss.‘
3275 3710 3512 3784 Remig.,
3562 3716 3749 3783 Corb.,

2152 3763 2353 3857 Pratel.
2384 3763 2438 3823 et
2486 3771 2606 3857 aliis
2646 3763 2791 3857 ante,
2840 3775 3059 3857 adorare
3092 3763 3752 3857 ρνςηιιχξίιῆῖέἒϊρᾶ-ἷςὸὶὲὲἓ

2151 3848 2199 3889 et
2228 3838 2397 3921 retin},
2427 3842 2569 3921 quod
2599 3838 2800 3899 rectius
2828 3846 2981 3921 abest
3005 3851 3073 3905 ab
3090 3838 3491 3921 antiquioribus
3508 3838 3677 3915 libris.

2224 3908 2304 4003 (tl)
2343 3908 2402 3966 ln
2435 3908 2643 3970 duobus
2681 3918 2905 3974 vetustis
2933 3935 3067 3977 mss.
3100 3908 3255 3980 Colli.
3281 3941 3346 3982 ac
3371 3908 3742 4003 Geiiiiico'iiﬁ.

2152 3988 2265 4033 teri.

2230 4052 2299 4125 (ε)
2339 4053 2536 4130 lituis.
2565 4055 2688 4115 Vat.
2717 4059 2858 4128 bas.,
2888 4064 3081 4130 sensui,
3138 4082 3238 4120 non
3285 4071 3510 4126 sermoni
3559 4088 3579 4128 :
3622 4089 3748 4129 cor-

2151 4131 2329 4201 rupte.
2354 4126 2634 4201 (Hilarium
2678 4126 2919 4189 imitatur
2952 4126 3269 4194 Ambrosius
3299 4140 3391 4195 lib.
3425 4158 3464 4197 ιι
3501 4126 3571 4199 de
3616 4126 3749 4201 Fide

2151 4197 2638 4281 c._i,.ubinliabe_t:
2676 4204 2860 4281 Apices
2899 4208 3008 4281 sine
3049 4209 3260 4281 crimine
3298 4223 3442 4281 sunt,
3483 4197 3671 4272 set—istis

2150 4267 2883 4354 crimine.Similisest'alter
2911 4279 3060 4354 locus
3090 4279 3184 4334 lib.
3226 4296 3264 4354 ιι
3287 4284 3352 4337 ad
3380 4267 3657 4344 (ιὸηίέιζᾞῖ

2153 4337 2239 4421 ιῲί
2272 4338 2339 4393 de
2390 4342 2656 4428 haereticis
2702 4350 2878 4428 primo
2925 4351 3164 4421 punitur,
3215 4337 3746 4428 Omnes

2454 4408 2745 4499 δενίριυνὸξ
2774 4408 3090 4499 ιφιιιιιιλςιιη
3120 4408 3182 4478 a'c
3203 4408 3399 4483 deinde
3432 4408 3745 4499 sinuant-'2

2152 4479 2438 4566 Scriptura:
2452 4479 2589 4539 enini
2602 4504 2704 4571 non
2726 4491 2781 4572 in
2799 4479 3013 4561 tegendo
3033 4479 3177 4573 sunt,
3208 4479 3295 4573 sed
3315 4479 3743 4573 iii'iiiiéitigéikibﬁ

2150 4570 2310 4623 neque
2360 4557 2414 4609 in
2449 4557 2869 4631 prwvaricatione
2908 4575 3047 4627 sunt,
3088 4557 3177 4621 sed
3205 4570 3261 4623 in
3304 4557 3584 4627 cltart'tate.”
3605 4557 3740 4631 Huni

2149 4636 2444 4707 auleitl,ulll.
2466 4630 2707 4707 lib.__vtt,
2763 4649 2818 4687 n.
2851 4632 2906 4701 4,
2944 4637 3265 4707 explicatur,
3316 4644 3546 4698 maxime
3574 4647 3747 4701 oritur

2154 4700 2313 4786 prava
2346 4698 2434 4753 illa
2465 4700 2836 4786 intelligentia,
2871 4698 2995 4759 dum
3018 4698 3164 4777 quod
3197 4698 3410 4781 (cpitur,
3447 4698 3614 4768 sensui
3653 4698 3747 4786 po-

2150 4771 2251 4823 tius
2273 4770 2695 4846 (praecone-cpta)
2725 4770 3011 4848 conpletur,
3030 4770 3183 4850 quam
3210 4770 3417 4839 lectioni
3448 4802 3624 4842 sensus
3651 4770 3742 4843 iib-

2148 4850 2412 4912 temperat.

2223 4915 2289 4984 (Ῑ)
2328 4914 2503 4989 Abest
2518 4926 2682 4971 mente
2707 4917 2775 4971 ab
2803 4919 3196 4989 antiquioribus
3221 4925 3391 4981 libris.
3430 4924 3586 4985 Tum.
3622 4928 3741 4988 Vat.

2148 4982 2674 5069 bas‘.‘cordexilia_bet,
2704 4982 2980 5069 perversae
2997 4989 3245 5069 Carnut..
3274 5015 3365 5069 per
3383 4982 3457 5055 se;

2219 5054 2301 5128 (g)
2322 5054 2667 5133 Particulam‘
2686 5054 2891 5130 quando
2911 5076 2940 5114 a
2963 5062 3144 5131 Lipsio
3183 5054 3378 5133 praeter
3406 5054 3566 5127 ﬁdem
3596 5066 3745 5130 νεῖαι

2147 5142 2267 5214 r‘um
2318 5128 2577 5214 librorum
2631 5128 2950 5214 expunctum
2987 5128 3358 5214 restituimus.
3420 5143 3543 5198 Mox
3601 5128 3741 5214 apud

2147 5196 2306 5279 ιξξιιιη
2339 5198 2434 5256 Er.
2460 5209 2512 5254 et
2533 5200 2657 5279 Par.
2675 5196 2751 5279 _s_'it
2775 5204 2938 5279 ﬁlius.
2976 5209 3043 5279 At
3070 5206 3122 5261 in
3177 5196 3743 5279 potioribusvmssflii

2149 5270 2288 5349 ﬁlius
2308 5285 2327 5323 :
2356 5287 2461 5349 non
2485 5272 2643 5326 male.
2671 5270 2791 5349 Hoc
2810 5273 2953 5349 enim
2987 5270 3221 5349 loquitur
3248 5282 3480 5338 Hilarius
3506 5301 3571 5340 ex
3615 5270 3742 5343 seu;

2148 5342 2312 5421 tentia
2341 5342 2684 5429 :‘irianorum,
2703 5345 2793 5415 qui
2811 5343 3003 5429 Filium
3023 5342 3222 5429 factum
3241 5354 3509 5429 volebant.
3531 5357 3741 5429 Quippe

2143 5410 2405 5492 particula
2431 5430 2579 5482 cum,
2625 5410 2737 5486 pro'
2769 5419 3074 5490 secundum,
3116 5422 3218 5492 ipsi
3270 5424 3426 5482 valde
3464 5410 3741 5487 faniiliatfis

2138 5491 2249 5538 εει.

2216 5552 2430 5642 (ρυλες.
2454 5553 2733 5642 (Ξειιιιιιφ
2755 5561 2996 5642 secunda
3047 5579 3208 5642 manu
3230 5567 3471 5639 antiqua,
3500 5574 3731 5642 genuerit

2145 5626 2200 5679 in
2230 5625 2365 5681 Filio
2396 5644 2414 5681 .'
2444 5643 2563 5697 qum
2606 5630 2804 5687 deinde
2859 5635 3017 5688 lectio
3065 5637 3118 5690 in
3170 5625 3562 5698 recentioribus
3587 5625 3736 5699 iussi.

2146 5700 2522 5776 necnonapud
2555 5700 2827 5776 Badq‘lir.
2854 5714 2909 5776 et
2934 5704 3081 5776 Lips.
3116 5711 3366 5768 obtinuit.

2218 5767 2288 5840 (ι)
2335 5767 2464 5839 Haec
2486 5772 2648 5835 verba
2699 5772 2805 5837 tilio
2854 5774 2954 5840 Dei
3000 5767 3117 5845 'non
3156 5767 3369 5849 exstant
3421 5785 3477 5850 in
3507 5788 3738 5849 vetustis

3742 4496 3777 4509 ..χ
