4118 6186
381 233 457 291 55
1585 229 1676 288 os
1713 229 2090 290 manus
2127 230 2340 291 uena
2363 233 2433 292 ιι.
3637 250 3711 306 54

381 349 718 418 concedens,
762 363 873 406 non
909 362 976 404 ex
1022 347 1133 403 Deo
1170 345 1469 415 hominem,
1509 345 1607 403 sed
1657 362 1724 403 ex
1773 347 1994 403 homine
2017 347 2074 410 Α
2099 348 2275 404 omnis
2301 348 2383 422 (2)
2397 363 2592 406 sensus
2621 349 2862 408 incertus
2889 358 2994 409 est.
3011 351 3156 426 Ergo
3176 369 3285 413 non
3299 359 3584 430 praeceptis
3613 362 3712 416 ali-

384 445 561 501 Deum
584 441 859 514 proferat;
883 455 1063 511 neque
1092 440 1394 496 subsistens
1413 448 1572 496 antea
1592 439 1736 510 quod
1758 441 1811 495 in
1840 435 1994 511 prin-

390 538 540 608 cipio
565 537 706 608 apud
733 536 903 591 Deum
933 541 1049 590 erat
1075 533 1219 591 Deus
1255 534 1489 590 Verbum
1531 535 1688 606 virgo
1716 533 1794 607 (α)
1819 548 1996 590 susce-

381 631 549 702 perit,
583 629 680 685 sed
728 643 950 684 carnem
1003 627 1250 700 genuerit
1303 643 1400 698 per
1443 626 1705 695 verbum;
1765 627 1889 698 quia
1940 626 1995 682 in

387 724 570 780 Verbo
596 732 756 778 antea
789 721 884 794 (b),
902 737 1008 776 non
1033 721 1312 778 existentis
1341 720 1602 794 unigeniti
1633 718 1729 776 Dei
1747 730 1994 775 naturam

381 817 549 883 dicat,
577 815 674 871 sed
705 830 900 870 sonum
926 814 1074 869 vocis
1099 815 1301 869 elatum
1327 832 1342 870 ;
1377 825 1434 869 ut
1470 814 1634 885 aliqui
1659 813 1820 884 hujus
1851 827 1993 869 nunc

381 911 645 982 temporis
672 909 1082 982 prtedicatores,
1109 909 1199 979 qui
1225 923 1292 964 ex
1315 907 1484 963 nihilo
1505 917 1665 980 atque
1686 924 1717 962 a
1751 918 1992 979 tempore

380 1005 616 1062 formam
645 1014 698 1059 et
717 1003 1040 1072 sapientiam
1072 1005 1125 1056 et
1151 1000 1404 1056 virtutem
1436 1001 1531 1057 Dei
1564 1000 1898 1072 provehunt;
1923 1016 1991 1058 ne

379 1098 430 1153 si
461 1113 528 1152 ex
558 1097 714 1152 Patre
745 1095 814 1150 sit
841 1095 1031 1161 Filius,
1060 1095 1204 1150 Deus
1233 1094 1305 1149 sit
1327 1095 1647 1149 imminutus
1672 1094 1723 1149 in
1752 1093 1987 1160 Filium;

376 1193 600 1249 solliciti
641 1191 892 1258 nimium,
921 1207 990 1246 ne
1012 1191 1226 1246 Patrem
1273 1190 1442 1244 Filius
1470 1189 1539 1245 ab
1567 1204 1634 1244 eo
1682 1199 1838 1244 natus
1864 1204 1991 1244 eva-

375 1298 508 1345 cuet
543 1307 557 1344 :
586 1297 745 1359 atque
776 1286 982 1341 idcirco
1005 1286 1119 1341 Deo
1146 1285 1198 1340 in
1222 1284 1314 1340 filii
1338 1285 1617 1340 creatione
1640 1282 1984 1350 subveniant,

377 1398 510 1438 eum
541 1398 606 1437 ex
631 1396 732 1436 non
757 1377 1100 1435 exstantibus
1118 1377 1504 1449 comparando,
1531 1385 1587 1432 ut
1612 1378 1752 1431 intra
1780 1386 1986 1431 natura:

376 1492 499 1532 sua:
524 1474 911 1547 perfectionem
957 1473 1136 1538 Pater,
1173 1471 1296 1542 quia
1340 1471 1472 1526 nihil
1523 1487 1589 1526 ex
1627 1487 1692 1526 eo
1729 1471 1798 1526 sit
1837 1470 1986 1541 geni-

375 1580 516 1635 tum,
545 1577 874 1641 perseveret.
908 1568 1024 1625 Jam
1044 1585 1173 1624 vero
1201 1567 1329 1638 quid
1359 1569 1576 1635 mirum,
1610 1577 1667 1623 ut
1692 1568 1759 1623 de
1779 1568 1986 1640 Spiritu

375 1673 567 1720 sancto
617 1663 830 1719 diversa
880 1660 955 1732 (c)
1005 1662 1261 1726 sentiant,
1316 1660 1408 1731 qui
1454 1661 1507 1715 in
1562 1661 1818 1732 largitore
1867 1661 1984 1731 ejus

2099 441 2227 513 quid
2257 441 2564 499 addendum
2591 454 2697 511 est,
2727 445 2824 501 sed
2846 447 3040 504 modus
3065 458 3148 504 est
3174 452 3585 511 constituendus
3614 471 3709 511 au-

2099 533 2268 590 daciae
2301 553 2316 591 :
2345 545 2401 591 ut
2439 537 2562 607 quia
2602 537 2910 609 malignitas
2948 541 3204 599 instinctu
3242 543 3526 603 diabolica:
3557 547 3707 603 frau-

2098 627 2354 686 dulentim
2401 631 2632 687 excitata
2682 635 2959 690 veritatem
3001 652 3182 694 rerum
3230 655 3328 711 per
3362 651 3572 698 natura:
3602 660 3705 698 no-

2097 723 2244 777 mina
2267 723 2435 779 eludit
2456 767 2470 791 ,
2499 740 2601 781 nos
2629 725 2711 798 (3)
2736 734 2984 784 naturam
3012 731 3292 788 nominum
3325 735 3702 804 proferamus;

2097 825 2153 870 et
2181 815 2360 884 editis,
2394 827 2552 887 prout
2579 819 2630 874 in
2660 821 2840 876 verbis
2871 822 3220 896 habebimus,
3247 826 3512 898 dignitate
3543 840 3703 900 atque

2097 907 2276 965 officio
2308 910 2518 981 Patris,
2553 911 2717 979 Filii,
2751 913 2986 985 Spiritus
3012 918 3207 985 sancti,
3239 935 3348 976 non
3380 921 3706 976 frustrentur

2096 1013 2302 1060 natura:
2341 1006 2764 1077 proprietatibus
2801 1011 3021 1067 nomina
3043 1054 3059 1080 ,
3091 1013 3186 1069 sed
3217 1015 3357 1070 intra
3394 1026 3601 1071 natura:
3633 1020 3708 1071 si-

2093 1097 2491 1168 gnificationem
2541 1101 2851 1157 nominibus
2900 1114 3231 1162 coartentur.
3265 1107 3331 1162 Et
3362 1110 3547 1164 nescio
3576 1110 3704 1179 quid

2092 1187 2162 1244 de
2202 1188 2284 1244 his
2321 1191 2484 1247 rebus
2512 1192 2668 1248 aliter
2707 1196 3068 1253 sentientibus
3098 1200 3268 1254 animi
3295 1200 3386 1261 sit,
3417 1203 3701 1257 veritatem

2091 1285 2584 1354 corrumpentibus,
2619 1287 2870 1343 tenebras
2902 1290 2983 1362 (4)
3009 1291 3120 1346 luci
3148 1293 3526 1362 inferentibus,
3563 1293 3706 1350 insc-

2091 1375 2284 1431 cabilia
2315 1377 2692 1435 desecantibus
2714 1422 2729 1448 ,
2761 1381 3071 1454 incorrupta
3124 1387 3528 1454 scindentibus,
3563 1389 3704 1445 indi—

2092 1468 2203 1523 visa
2228 1469 2604 1540 partientibus.
2643 1471 2722 1546 (g)
2752 1476 2958 1543 Quibus
3002 1477 3049 1533 si
3097 1478 3178 1552 (5)
3206 1489 3412 1535 tantum
3453 1480 3598 1537 factu
3625 1483 3705 1536 fa-

2091 1564 2193 1619 cile
2237 1577 2321 1620 est
2369 1565 2610 1636 perfecta
2649 1583 3018 1640 concerpere,
3044 1573 3136 1642 jus
3173 1589 3378 1644 ponere
3421 1578 3694 1647 p0testati,

2089 1657 2307 1713 modum
2354 1661 2801 1726 circumscribere
2838 1664 3049 1720 infinito
3083 1685 3097 1720 :
3130 1665 3264 1722 mihi
3293 1678 3440 1724 certe
3481 1670 3565 1724 his
3612 1687 3701 1726 re-

377 1760 634 1828 creando,
667 1769 721 1814 et
749 1757 1104 1826 demutando,
1158 1766 1212 1812 et
1255 1755 1524 1812 abolendo
1557 1765 1664 1811 tam
1714 1757 1983 1812 temerarii
2015 1759 2064 1820 B
2091 1750 2377 1820 spondenti
2404 1752 2456 1807 in
2487 1753 2634 1809 curis
2666 1764 2830 1810 tostus
2852 1765 2956 1823 est,
2978 1757 3029 1812 in
3045 1773 3210 1814 sensu
3239 1761 3389 1816 labes
3418 1759 3482 1833 (f.
3520 1762 3698 1834 tabes)

367 1853 482 1908 sint
508 1851 798 1908 auctores?
821 1860 984 1920 atque
1015 1849 1085 1904 ita
1117 1849 1413 1904 dissolvant
1444 1848 1669 1920 perfecti
1698 1849 1858 1919 hujus
1896 1865 1985 1904 sa-

367 1945 636 2002 cramenti
669 1944 976 2009 veritatem,
1000 1943 1128 1998 dum
1145 1940 1226 2015 (Δ)
1251 1941 1586 1998 substantias
1606 1942 1981 1997 diversitatum

366 2039 423 2094 in
473 2038 635 2094 rebus
665 2046 771 2092 tam
827 2036 1208 2092 communibus
1238 2035 1578 2092 moliuntur:
1629 2035 1844 2090 Patrem
1887 2051 1982 2091 ne-

367 2131 567 2204 gando,
601 2130 729 2186 dum
753 2129 892 2186 Filio
918 2128 1062 2200 quod
1099 2138 1183 2184 est
1213 2128 1358 2184 filius
1385 2128 1670 2194 adimunt;
1719 2127 1978 2199 Spiritum

365 2233 612 2280 sanctum
643 2223 726 2296 (l)
756 2221 1003 2294 negando
1035 2222 1128 2294 (e),
1162 2222 1292 2276 dum
1320 2231 1374 2276 et
1395 2237 1552 2276 usum
1597 2231 1655 2277 et
1685 2231 1977 2277 auctorem

365 2318 484 2387 ejus
501 2318 772 2389 ignorant.
793 2316 872 2372 lta
896 2325 952 2372 et
971 2315 1253 2385 imperitos
1276 2315 1530 2385 perdunt,
1553 2315 1680 2371 dum
1706 2317 1974 2372 rationem

363 2409 770 2482 praedicationis
820 2407 980 2478 hujus
1010 2406 1317 2473 affirmant;
1352 2416 1408 2463 et
1436 2406 1719 2464 audientes
1759 2407 1973 2477 fallunt,

361 2502 494 2558 dum
528 2511 772 2557 naturam
797 2499 1110 2556 nominibus
1139 2499 1405 2566 adimunt,
1436 2501 1560 2571 quia
1614 2501 1832 2555 nomina
1865 2517 1972 2558 non

362 2605 593 2667 possunt
614 2593 827 2649 auferre
855 2602 1078 2648 naturae.
1103 2591 1470 2647 Praetermitto
1502 2591 1707 2663 reliqua
1749 2593 1970 2650 humani

361 2695 592 2765 periculi
616 2693 858 2758 nomina,
884 2691 1220 2758 Valentinos,
1253 2689 1619 2758 Marcionitas,
1646 2689 1970 2747 Manichaeos

362 2796 658 2859 postesque
683 2796 926 2852 cznteras,
965 2799 1086 2855 quae
1113 2781 1385 2838 interdum
1412 2783 1784 2853 imperitorum
1820 2798 1972 2839 men-

362 2894 447 2939 tes
475 2888 760 2951 occupant,
795 2888 848 2935 et
877 2879 996 2949 ipso
1023 2876 1274 2948 contagio
1301 2877 1729 2932 conversationis
1747 2879 1856 2951 29
1885 2878 1969 2933 in-

359 2977 553 3032 ﬁciunt
581 2993 596 3029 :
624 2974 790 3044 ﬁtque
820 2971 1061 3028 omnium
1087 2971 1203 3026 lues
1232 2986 1360 3034 una,
1391 2969 1518 3024 dum
1549 2971 1601 3024 in
1632 2970 1965 3026 audientium

356 3085 580 3127 sensum
612 3067 1018 3138 prmdicantium
1049 3064 1269 3120 morbus
1298 3064 1618 3121 infunditur.

2087 1855 2191 1912 est,
2229 1847 2282 1900 in
2333 1845 2686 1917 intelligentia
2728 1857 2917 1920 stupor
2963 1861 3084 1917 est;
3115 1853 3169 1906 in
3216 1869 3471 1910 sermone
3513 1863 3696 1910 autem

2086 1956 2194 1995 non
2231 1941 2344 2012 jam
2392 1942 2787 2008 inﬁrmitatem,
2818 1944 2913 1999 sed
2960 1946 3234 2001 silentium
3273 1946 3596 2003 confitebor.
3628 1948 3697 2003 Et

2085 2043 2235 2089 certe
2266 2034 2398 2089 mihi
2421 2045 2775 2108 extorquetur
2797 2037 2901 2094 hoc
2921 2039 3082 2106 velle,
3108 2039 3235 2095 dum
3265 2049 3322 2096 et
3349 2041 3588 2097 audacia:
3616 2059 3695 2097 rc-

2083 2128 2323 2195 sistitur,
2353 2137 2408 2184 et
2433 2132 2605 2185 errori
2635 2133 2967 2200 consulitur,
2996 2143 3052 2190 et
3092 2136 3412 2206 ignorantiae
3440 2138 3692 2207 provide-

2083 2229 2190 2277 tur.
2221 2222 2550 2279 Immensum
2593 2234 2676 2281 est
2713 2236 2901 2284 autem
2933 2229 3077 2299 quod
3101 2230 3354 2301 exigitur,
3387 2231 3692 2304 incompre-

2081 2312 2349 2371 hensibile
2390 2328 2474 2372 est
2518 2317 2662 2389 quod
2705 2320 2966 2389 audetur;
3002 2332 3058 2377 ut
3102 2323 3242 2380 ultra
3271 2325 3686 2395 prmﬁnitionem

2083 2409 2199 2475 Dei,
2233 2424 2414 2466 sermo
2453 2411 2522 2468 de
2560 2413 2674 2468 Deo
2701 2415 2792 2470 sit.
2822 2415 3010 2470 Posuit
3051 2425 3258 2473 naturae
3300 2421 3520 2474 nomina
3546 2462 3560 2486 ,
3592 2421 3692 2475 Pa-

2081 2511 2217 2560 trem
2239 2545 2253 2572 ,
2287 2503 2514 2572 Filium,
2548 2506 2812 2578 Spiritum
2862 2518 3132 2566 sanctum.
3176 2510 3345 2567 Extra
3375 2513 3685 2584 significan-

2079 2599 2207 2653 tiam
2257 2598 2528 2654 sermonis
2569 2609 2674 2668 est,
2703 2609 2856 2656 extra
2899 2617 3091 2659 sensus
3121 2603 3499 2672 intentionem,
3533 2616 3687 2660 extra

2077 2692 2449 2762 intelligentite
2471 2693 2908 2764 conceptionem,
2937 2696 3194 2766 quidquid
3219 2697 3358 2752 ultra
3386 2696 3464 2769 (6)
3490 2699 3686 2768 quaeri-

2075 2795 2180 2854 tur,
2198 2801 2302 2840 non
2334 2786 2665 2851 enuntiatur,
2697 2803 2802 2842 non
2824 2787 3124 2858 attingitur,
3148 2803 3256 2843 non
3282 2797 3516 2844 tenetur.
3549 2790 3682 2846 Ver-

2072 2878 2262 2934 borum
2293 2875 2705 2947 signilicantiam
2735 2879 2812 2934 rei
2843 2879 3010 2950 ipsius
3027 2889 3215 2938 natura
3247 2883 3540 2949 consumit,
3558 2897 3686 2941 sen-

2070 2987 2163 3028 sus
2188 2973 2701 3040 contemplationem
2732 2975 3180 3046 iinperSpicabile
3206 2976 3387 3032 lumen
3423 2977 3682 3045 obcaecat,

2072 3065 2439 3137 intelligentia:
2464 3067 2574 3140 30
2597 3070 2947 3139 capacitatem
2976 3069 3235 3139 quidquid
3264 3069 3371 3124 ﬁne
3393 3069 3540 3124 nullo
3557 3084 3684 3124 con-

430 3162 486 3219 5.
520 3162 598 3216 De
618 3162 804 3216 divinis
837 3175 1121 3216 sermonem
1148 3176 1305 3230 quam
1329 3175 1464 3231 wgre
1484 3177 1544 3213 ac
1564 3168 1781 3216 tremens
1813 3161 1964 3215 insti-
1991 3162 2037 3225 C
2071 3161 2272 3215 tinetur
2311 3160 2543 3215 excedit.
2589 3160 2694 3215 Sed
2741 3176 2840 3215 nos
2885 3161 3227 3216 necessitatis
3273 3160 3435 3231 hujus
3462 3161 3530 3216 ab
3573 3176 3639 3217 eo
3662 3202 3677 3228 ,

349 3268 466 3313 tua!
497 3257 752 3311 Hilarius.
784 3286 857 3297 —
885 3254 1087 3310 Horum
1130 3255 1290 3325 igitur
1329 3253 1621 3311 infidelitas
1666 3256 1721 3310 in
1768 3272 1968 3328 anceps

350 3365 456 3406 nos
498 3349 567 3421 (Ι)
590 3364 653 3404 ac
680 3348 978 3418 periculum
1010 3347 1294 3417 protrahit,
1330 3356 1386 3402 ut
1413 3362 1636 3402 necesse
1667 3349 1737 3404 sit
1759 3349 1826 3406 de
1849 3358 1966 3405 tan-

351 3445 423 3499 tis
446 3458 510 3498 ac
543 3452 651 3496 tam
683 3440 976 3496 reconditis
1004 3441 1166 3495 rebus
1195 3440 1395 3510 aliquid
1421 3441 1560 3495 ultra
1591 3445 1963 3515 praescriptum

349 3538 578 3596 creleste
605 3535 869 3607 proferre.
902 3535 1121 3591 Dixerat
1151 3534 1408 3590 Dominus
1453 3535 1802 3605 baptizandus
1831 3554 1964 3610 gen-

349 3639 472 3695 tes,
527 3627 590 3684 In
635 3627 842 3683 nomine
893 3625 1069 3683 Patris
1119 3636 1165 3682 et
1216 3625 1345 3680 Filii
1393 3637 1444 3682 et
1492 3627 1721 3700 Spiritus
1772 3632 1956 3685 sancti.

348 3721 552 3780 Forma
582 3719 709 3777 fidei
737 3725 885 3778 certa
909 3727 994 3776 est
1033 3735 1050 3776 ε
1089 3717 1186 3776 sed
1240 3729 1502 3791 quantum
1558 3721 1626 3778 ad
1675 3721 1960 3782 haereticos

423 3860 509 3937 (ρ)
548 3861 862 3937 Nesciendo.

425 3935 505 4006 (2)
536 3936 748 3992 Omnes.

424 4009 506 4072 (3)
531 4006 764 4065 Natura:
789 4009 1076 4066 nominum.

424 4009 482 4072 (ὅ
531 4009 764 4065 Natura:

423 4009 507 4155 (at;
545 4077 777 4138 Lumini.

348 4217 487 4259 mss.
521 4201 644 4258 Vat.
675 4202 793 4258 bas.
819 4203 999 4270 Colb.,
1032 4201 1219 4271 Carn.,
1264 4211 1368 4258 etc.
1405 4200 1607 4257 Deinde
1655 4199 1808 4271 illud,
1855 4217 1958 4256 non
2004 4241 2006 4244 -

345 4292 414 4330 ea:
438 4274 546 4329 Deo
567 4274 847 4340 hominem,
894 4285 1025 4339 etc.,
1059 4275 1111 4329 id
1151 4283 1254 4338 est,
1312 4273 1448 4328 nolit
1487 4271 1784 4339 Christum,
1836 4289 1957 4329 cum

348 4348 504 4416 prius
550 4346 691 4400 Deus
743 4356 908 4412 esset,
943 4347 1138 4400 factum
1168 4360 1290 4400 esse
1320 4345 1615 4410 hominem,
1647 4345 1741 4398 sed
1775 4354 1957 4412 postea

347 4433 515 4486 quam
550 4416 724 4471 factus
763 4427 848 4471 est
892 4419 1072 4483 homo,
1123 4417 1360 4472 evasisse
1389 4418 1578 4472 Deum.
1611 4416 1691 4470 Ad
1725 4417 1956 4486 plurium

348 4489 600 4544 locorum
626 4488 1038 4561 intelligentiam
1063 4489 1264 4560 juverit
1291 4487 1426 4542 hanc
1457 4487 1735 4559 particulae
1758 4505 1822 4543 ex
1848 4489 1955 4542 vim

345 4572 638 4616 annotare.

425 4631 507 4704 (ri)
549 4631 693 4687 Edit.
747 4633 800 4686 in
843 4650 996 4688 carne
1043 4633 1342 4704 susceperit.
1388 4630 1730 4701 EXpunctum
1779 4640 1864 4687 est
1902 4633 1958 4688 in

349 4721 511 4758 carne
534 4705 854 4760 auctoritate
885 4720 1014 4760 mss.

430 4773 508 4858 (ὁ)
548 4774 780 4858 Supple,
795 4794 945 4848 quam
960 4775 1015 4830 Μ
1020 4777 1132 4858 aria
1152 4774 1380 4858 genuerit
1405 4791 1629 4858 carnem.
1663 4774 1774 4828 Hoc
1790 4791 1958 4858 porro

350 4845 454 4902 sibi
484 4845 943 4913 vult,'Hel_iirinem
986 4847 1122 4901 verbi
1154 4845 1410 4910 nomine,
1451 4855 1572 4900 ante
1601 4862 1760 4916 quam
1790 4845 1956 4902 Maria

348 4919 626 4990 genuerit,
678 4919 978 4990 intelligere
1030 4929 1312 4990 externum
1364 4918 1512 4973 vocis
1566 4933 1790 4981 sonum,
1850 4935 1955 4973 non

349 4989 642 5045 existentis
689 5005 784 5046 seu
831 4989 1176 5046 subsistentis
1228 4989 1483 5060 unigeniti
1543 4990 1632 5044 Dei
1687 4998 1953 5046 naturain.

351 5063 496 5118 Hinc
521 5062 724 5133 rectius
753 5079 873 5119 cum
901 5077 1031 5117 mss.
1062 5073 1213 5117 antea
1244 5078 1367 5129 non,
1395 5077 1552 5133 quam
1577 5077 1696 5116 cum
1725 5061 1955 5131 vulgatis

347 5151 457 5190 non
481 5143 635 5186 antea
667 5132 752 5188 hic
790 5134 968 5205 legere
1004 5143 1106 5189 est.

426 5207 502 5275 (c)
541 5204 685 5260 Editi
715 5221 786 5260 ex
821 5203 978 5261 unico
1021 5205 1323 5261 recentiore
1375 5219 1476 5258 ms.
1529 5203 1705 5270 Colb.,
1755 5205 1955 5258 diversa

347 5295 495 5333 nunc
523 5280 764 5333 sentiant.
791 5279 908 5333 Mox
941 5277 1099 5341 Bad.,
1137 5277 1229 5332 Er.
1264 5286 1318 5330 et
1347 5275 1492 5345 Lips.
1527 5291 1595 5331 ex
1626 5275 1814 5330 eodem
1849 5292 1955 5329 ms.

348 5351 445 5420 qui
471 5352 525 5404 in
570 5350 815 5422 largitore
842 5351 954 5420 ejus
983 5359 1031 5402 et
1060 5359 1265 5422 auctore
1307 5348 1546 5422 creando,
1579 5355 1707 5422 etc.
1732 5420 1740 5422 _
1761 5347 1954 5402 Filium

349 5419 593 5490 Spiritus
610 5419 781 5477 sancti
805 5419 1067 5475 auctorem
1089 5422 1156 5475 ab
1184 5419 1388 5474 Hilario
1413 5420 1588 5474 vocari
1613 5420 1812 5474 certius
1832 5434 1957 5473 mox

350 5511 417 5550 ex
448 5508 723 5550 consensu
751 5495 989 5547 omnium
1020 5493 1134 5547 sive
1183 5493 1502 5560 scriptorum
1543 5491 1658 5546 sive
1689 5491 1954 5545 editorum

350 5566 606 5623 codicum
639 5565 974 5620 habebimus.
1005 5564 1132 5620 Haec
1160 5563 1226 5618 de
1256 5565 1490 5626 Arianis,
1530 5579 1636 5616 non
1675 5563 1742 5616 de
1786 5563 1960 5618 Mace-

353 5637 611 5694 donianis
641 5637 746 5691 dici
773 5636 1104 5693 ostendimus
1135 5636 1188 5689 in
1215 5634 1614 5690 Admonitione.

434 5709 513 5780 (ὀ)
555 5708 735 5780 Mallet
780 5709 900 5778 quis
953 5707 1356 5762 substantiarum
1387 5707 1733 5780 diversitates
1792 5722 1812 5780 ί
1863 5705 1960 5761 sed

358 5776 522 5854 plura
549 5776 860 5854 huiusmodi
884 5788 1161 5852 trOporum
1187 5777 1436 5852 exempla
1466 5778 1578 5852 jam
1610 5776 1958 5836 advertimus.

2075 3252 2165 3324 qui
2193 3255 2310 3307 haec
2334 3252 2515 3306 omnia
2537 3260 2656 3321 est,
2686 3252 2894 3308 veniam
2925 3253 3301 3322 deprecantes,
3334 3252 3674 3322 audebimus,

2073 3361 2413 3417 qumremus,
2442 3348 2727 3416 loquemur
2759 3365 2771 3399 :
2797 3354 2853 3401 et
2877 3388 2891 3413 ,
2920 3347 3063 3416 quod
3111 3347 3284 3401 solum
3327 3347 3382 3402 in
3417 3355 3560 3400 tanta
3591 3361 3679 3401 rc-

2072 3457 2190 3496 rum
2222 3441 2520 3510 quaestione
2546 3441 2931 3512 promittimus,
2954 3456 3017 3497 ea
3047 3456 3166 3512 quae
3188 3450 3348 3497 erunt
3374 3440 3674 3512 signiﬁcata

2070 3533 2376 3590 credemus.

2143 3628 2197 3684 6.
2237 3627 2411 3683 Patris
2448 3628 2696 3684 notio.-—
2724 3629 2886 3685 Pater
2929 3636 3047 3694 est,
3077 3643 3147 3683 ex
3179 3641 3288 3698 quo
3325 3641 3486 3682 omne
3527 3625 3672 3697 quod

2070 3733 2154 3781 est
2183 3724 2266 3797 (7)
2299 3723 2546 3780 constitit
2573 3721 2673 3796 (ἡ).
2705 3722 2827 3795 Ipse
2852 3722 2907 3778 in
2947 3720 3163 3779 Christo
3191 3730 3248 3778 et
3274 3735 3372 3794 per
3395 3718 3672 3777 Christum

2162 3939 2216 4004 6)
2259 3939 2549 4004 Quwretur.

2164 3869 2196 3923 5
2247 3865 2414 3922 Abest
2444 3874 2660 3920 tantum.

2137 3866 2218 4008 {6;
2259 3939 2549 4004 Quwretur.

2164 3869 2196 3923 5
2247 3866 2414 3922 Abest
2444 3875 2512 3920 tat

2137 3866 2219 4083 {6;
2259 3939 2512 4004 Quwrctut

2137 4010 2192 4084 (7
2248 4009 2512 4066 Consistit.

2067 4197 2218 4254 Unus
2247 4194 2338 4250 ille
2365 4193 2516 4248 locus
2538 4189 2764 4246 idoneus
2785 4196 2869 4244 est
2896 4190 3149 4245 evincere
3174 4200 3335 4258 quam
3361 4185 3665 4242 indubitata

2067 4268 2271 4325 Hilario
2298 4265 2456 4320 fuerit
2477 4263 2653 4319 Patris
2681 4272 2736 4319 et
2765 4261 2888 4316 Filii
2938 4269 2994 4317 et
3033 4260 3266 4330 Spiritus
3313 4259 3486 4314 sancti
3529 4275 3663 4315 con-

2067 4338 2514 4402 substantialitas,
2564 4352 2685 4392 cum
2747 4343 2932 4404 aperte
2983 4341 3201 4402 respuat
3243 4330 3665 4404 substantiarnm

2067 4412 2406 4468 diversitates
2429 4410 2482 4463 in
2507 4408 2676 4462 tribus
2705 4403 2868 4462 rebus
2894 4404 3192 4461 substantia
3227 4412 3333 4456 tam
3365 4403 3666 4458 communi-

2071 4484 2188 4539 bus.
2227 4482 2377 4538 Unde
2409 4490 2461 4535 et
2492 4479 2628 4534 infra
2658 4494 2804 4532 num.
2839 4478 2892 4543 5,
2932 4477 3088 4531 aliter
3115 4474 3415 4529 sentientes
3453 4474 3531 4528 sic
3565 4473 3662 4528 ha-

2063 4556 2174 4622 bet,
2211 4562 2268 4609 ut
2293 4555 2380 4623 qui
2434 4551 2684 4606 tenebras
2713 4551 2816 4604 luci
2847 4548 3119 4623 inferant,
3152 4546 3465 4623 insecabilia
3507 4545 3662 4600 dese-

2062 4619 2208 4692 cent,
2240 4619 2544 4692 incorrupta
2572 4623 2839 4687 scindant,
2871 4621 3092 4692 indivisa
3125 4619 3442 4692 partiuntur:

2133 4687 2204 4771 (c)
2237 4698 2352 4771 _Sic_
2368 4687 2690 4771 vetnStiores
2722 4707 2850 4771 inss.
2878 4692 2993 4746 bas.
3031 4687 3177 4755 Vat.,
3209 4688 3390 4771 Colb.,
3411 4687 3658 4771 Carnut.,

2061 4760 2289 4826 ete.'At
2314 4766 2478 4822 Corb.
2519 4775 2572 4821 et
2613 4765 2940 4819 recentiores
2993 4777 3114 4817 cum
3167 4760 3393 4828 vulgatis
3425 4760 3532 4822 hic,
3565 4775 3661 4826 pro

2064 4842 2324 4914 negando,
2351 4839 2608 4914 exhibent
2655 4835 2947 4914 nesciendo.
2995 4834 3108 4914 Non
3141 4831 3430 4910 obscurum
3463 4839 3545 4883 est
3575 4829 3664 4884 Fi-

2062 4902 2189 4968 lian
2239 4902 2468 4981 Spiritus
2508 4908 2677 4961 sancti
2729 4914 3004 4981 auctorem
3060 4903 3145 4956 hic
3197 4902 3404 4981 vocari,
3460 4915 3662 4970 eosque

2065 4972 2300 5055 Spiritus
2332 4981 2501 5055 sancti
2542 4994 2716 5038 usum,
2770 4977 2820 5030 id
2865 4985 2970 5055 est,
3013 4973 3346 5055 consortium
3387 4972 3656 5055 ignorare,

2065 5043 2154 5126 qui
2190 5056 2380 5110 Filium
2411 5053 2676 5126 ignorant,
2703 5064 2732 5126 a
2755 5062 2860 5126 quo
2888 5048 2976 5101 ille
2997 5056 3080 5101 est
3100 5059 3164 5100 ac
3187 5043 3342 5098 nobis
3370 5043 3546 5098 datur.

2138 5127 2204 5197 (f)
2235 5125 2495 5180 Particula
2519 5138 2576 5176 ac
2606 5121 2988 5197 restituitunex
3021 5133 3152 5172 mss.

2137 5187 2216 5271 (ii)
2251 5197 2534 5271 lieccntior
2556 5209 2656 5271 ms.
2679 5188 3205 5271 _(;Olb._g!()SSBIElﬁl_i.S
3235 5187 3483 5271 foedatus,
3519 5195 3664 5271 eteyr

2065 5259 2306 5326 eomBatl.
2352 5277 2406 5323 et
2442 5267 2559 5320 Er.:
2590 5264 2784 5329 Quibus
2814 5263 2857 5316 si
2874 5259 3029 5333 "factu
3059 5259 3211 5333 facife
3240 5270 3389 5333 esset,
3423 5268 3665 5333 cuperent

2067 5345 2293 5412 perfecta
2342 5352 2663 5403 concerpcre.
2696 5330 2929 5412 Lipssct
2975 5335 3118 5389 Par.:
3154 5331 3350 5394 Quibus
3398 5330 3548 5412 facile
3591 5341 3668 5385 est

2067 5407 2290 5484 perfecta
2337 5425 2638 5478 conccrpcre
2680 5423 2697 5460 :
2740 5407 3069 5484 castiganttt'r
3137 5416 3205 5484 ex
3255 5407 3463 5484 caneris
3521 5417 3660 5484 p185.

2064 5472 2269 5541 Deinde
2309 5497 2406 5552 pro
2425 5472 2530 5554 jus'
2549 5494 2754 5550 ponere,
2789 5477 2970 5532 habet.
3001 5475 3124 5531 Vat.
3155 5472 3272 5528 bas.
3305 5473 3475 5528 codex
3507 5473 3662 5543 ﬁnem

2065 5573 2330 5702 Ρθῖῖἷῖθέίο
2352 5640 2510 5702 _ntss._,
2545 5632 2596 5677 at
2619 5622 2768 5702 editi,
2802 5621 3048 5702 consistit.
3073 5616 3208 5702 Tum
3330 5626 3544 5702 vett‘tsto.
3569 5631 3663 5672 co-

2065 5689 2449 5767 dic‘e'ltetnig.,
2479 5695 2597 5766 Ipse
2622 5693 2674 5749 in
2695 5693 2897 5767 Clit-isto
2922 5702 2966 5767 et
2988 5708 3078 5763 per
3107 5691 3382 5767 Spiritum.
3402 5689 3547 5767 Patri
3568 5704 3665 5767 att-

2069 5785 2175 5832 tetn
2222 5760 2520 5844 prOjiriutti'
2543 5778 2626 5824 est
2665 5780 2786 5823 esse
2812 5760 3074 5838 originem
3105 5760 3368 5832 omnium,
3396 5760 3551 5834 quod,
3582 5761 3666 5815 in-
