4118 6186
480 249 551 303 55
1635 245 1883 305 SANCTI
1933 246 2194 305 HlLARll
2235 248 2545 310 EPISCOPI
3724 266 3793 322 56

477 366 631 436 origo
658 365 927 422 omnium.
949 365 1214 423 (laterum
1241 362 1319 439 (a)
1346 365 1465 436 ejus
1491 364 1571 439 (l)
1597 366 1792 423 essein
1823 382 1946 424 sese
1973 375 2087 434 est,
2110 376 2165 438 Α
2191 367 2309 437 Ipse
2337 369 2640 439 ingenitus,
2669 380 2904 429 aeternus
2926 417 2942 443 ,
2968 373 3173 432 habens
3204 377 3257 432 in
3295 391 3356 433 se
3392 391 3610 445 semper
3633 378 3711 453 (g)
3739 391 3797 439 ut

478 472 587 513 non
614 456 835 514 aliunde
863 459 1006 530 quod
1037 469 1121 515 est
1146 472 1388 529 sumens,
1419 459 1515 515 sed
1546 459 1600 515 id
1629 460 1774 529 quod
1797 469 1898 527 est,
1930 477 1994 517 ex
2024 477 2085 518 se

480 559 641 622 atque
669 551 724 606 in
754 565 813 607 se
840 553 1109 608 obtinens.
1145 550 1414 619 lnﬁnitus,
1448 551 1570 622 quia
1604 568 1711 607 non
1752 552 1869 624 ipse
1894 553 1950 608 in
1984 554 2083 609 ali-

478 659 620 715 quo,
652 644 747 700 sed
796 646 935 701 intra
981 659 1106 701 eum
1157 646 1375 712 omnia;
1408 660 1623 717 semper
1673 655 1826 703 extra
1868 647 2081 713 locum,

477 740 602 810 quia
643 754 749 795 non
788 738 1098 794 continetur
1139 738 1245 812 (b);
1284 754 1500 810 semper
1538 749 1664 795 ante
1707 756 1916 806 aevum,
1959 742 2083 810 quia

480 841 691 902 tempus
729 830 798 886 ab
827 845 893 885 eo
922 841 1026 887 est.
1060 831 1231 887 Curre
1257 846 1417 887 sensu
1447 832 1497 887 si
1534 831 1661 902 quid
1693 832 1742 886 ei
1771 844 1928 902 putas
1956 832 2083 887 ulti-

478 938 624 977 mum
652 937 794 991 esse,
824 938 947 977 eum
987 938 1203 993 semper
1235 923 1484 979 invenies
1510 941 1522 976 :
1548 924 1670 994 quia
1715 939 1836 978 cum
1865 939 2085 994 semper

476 1014 748 1081 intendas,
788 1030 1003 1087 semper
1040 1024 1123 1071 est
1168 1016 1312 1087 quod
1345 1015 1615 1072 intendas.
1645 1016 1874 1089 Semper
1905 1028 2083 1075 autem

477 1104 657 1160 locum
689 1106 805 1175 ejus
834 1107 1114 1162 intendere
1138 1107 1212 1162 ita
1248 1106 1347 1164 tibi
1377 1115 1481 1173 est,
1516 1118 1574 1163 ut
1600 1109 1648 1163 ei
1679 1123 1801 1164 esse
1829 1110 1947 1166 sine
1979 1108 2084 1167 ﬁne

479 1207 581 1252 est.
613 1197 806 1254 Sermo
830 1198 882 1252 iu
916 1213 982 1253 eo
1008 1198 1257 1265 deﬁciet,
1287 1214 1393 1255 non
1425 1208 1612 1255 natura
1640 1201 1938 1256 claudetur.
1974 1201 2081 1256 lte-

480 1306 598 1344 rum
632 1293 849 1345 revolve
880 1300 1147 1362 tempora,
1176 1307 1300 1348 esse
1325 1307 1541 1363 semper
1568 1294 1810 1349 invenies
1842 1312 1855 1349 :
1882 1302 2081 1350 etcum

477 1385 671 1440 calculi
712 1400 972 1442 numerus
1019 1387 1073 1441 in
1126 1402 1380 1443 sermone
1419 1388 1716 1453 defecerit,
1744 1390 1854 1444 Deo
1903 1399 2082 1445 tamen

476 1491 694 1548 semper
735 1492 856 1533 esse
896 1494 1000 1533 non
1051 1479 1254 1534 delicit.
1302 1479 1720 1551 lntelligentiam
1766 1495 2080 1543 commove,

477 1577 535 1623 ct
561 1578 730 1623 totum
755 1580 935 1626 mente
964 1571 1360 1641 complectere;
1392 1574 1524 1629 nihil
1554 1581 1726 1630 tenes.
1754 1574 1947 1630 Totum
1978 1573 2082 1630 hoc

478 1660 641 1717 habet
671 1662 960 1732 reliquum,
995 1663 1263 1734 reliquum
1292 1674 1469 1720 autem
1511 1666 1615 1722 hoc
1640 1682 1854 1738 semper
1880 1669 1934 1723 in
1971 1678 2085 1723 toto

2188 475 2404 533 semper
2433 465 2521 518 sit.
2559 464 2670 522 Soli
2700 465 2836 521 Filio
2870 481 3029 523 notus
3053 487 3067 525 :
3091 472 3217 541 quia
3238 470 3453 528 Patrem
3473 487 3633 529 nemo
3648 478 3799 533 novit

2190 557 2289 612 nisi
2319 558 2507 626 Filius,
2532 561 2709 634 et31
2729 564 2813 617 cui
2848 564 3077 619 voluerit
3116 564 3284 621 Filius
3315 566 3592 634 revelare;
3623 585 3796 640 neque

2190 647 2387 704 Filium
2419 652 2521 705 nisi
2550 651 2713 708 Pater
2743 673 2757 707 :
2792 654 2898 710 illis
2948 658 3172 712 scientia
3212 667 3395 712 mutua
3439 670 3540 724 est,
3576 661 3686 716 illis
3713 662 3795 716 vi-

2188 742 2368 797 cissim
2397 746 2633 815 cognitio
2666 746 2923 817 perlecta.
2954 749 3020 803 Et
3046 752 3170 821 quia
3208 750 3424 808 Patrem
3459 767 3618 809 nemo
3650 756 3799 810 novit

2186 835 2291 890 nisi
2316 835 2508 902 Filius,
2536 838 2604 893 de
2633 839 2789 894 Patre
2814 842 2897 910 (ι)
2933 843 3012 913 (It)
3040 858 3142 898 una
3174 858 3294 898 cum
3329 845 3604 901 rcvelautc
3634 845 3796 916 Filio,

2187 929 2277 998 qui
2309 927 2457 983 Solus
2487 931 2643 986 testis
2674 930 2849 987 ﬁdelis
2875 944 2981 1000 est,
3013 937 3332 992 sentiamus.

2260 1021 2312 1076 7.
2343 1020 2501 1077 Pater
2532 1022 2813 1091 itte/rabilis
2842 1038 2937 1081 est.
2971 1026 3071 1084 Dei
3098 1031 3309 1085 scientia
3336 1034 3580 1104 perfecta.
3613 1065 3684 1075 ——
3706 1036 3800 1089 Αι-

2187 1129 2295 1185 que
2341 1116 2455 1171 haec
2500 1118 2765 1173 senserim
2799 1120 2979 1188 p0tius
3010 1121 3078 1177 de
3107 1122 3267 1179 Patre
3291 1166 3305 1189 ,
3329 1140 3490 1195 quam
3520 1125 3751 1183 dixerim
3783 1146 3797 1184 :

2189 1223 2313 1263 nam
2342 1225 2430 1265 me
2458 1227 2564 1265 non
2597 1209 2674 1283 (5)
2702 1211 2856 1282 fugit,
2888 1215 3029 1285 quod
3058 1216 3123 1270 ad
3153 1232 3213 1272 ea
3240 1233 3360 1289 quae
3390 1220 3509 1289 ejus
3539 1228 3666 1275 sunt
3686 1223 3800 1277 elo-

2186 1302 2434 1373 quenda,
2488 1318 2669 1360 sermo
2716 1310 2893 1362 omnis
2940 1307 3185 1364 inﬁrmus
3236 1312 3324 1365 sit.
3364 1312 3429 1384 (i)
3471 1312 3796 1370 Sentiendus

2187 1407 2271 1452 est
2300 1397 2607 1465 invisibilis,
2640 1400 3222 1470 incomprehensibilis,
3249 1415 3507 1460 aeternus.
3530 1408 3796 1463 Czeterum

2188 1489 2364 1556 ipsum
2390 1492 2535 1561 quod
2566 1491 2644 1565 (6)
2674 1492 2752 1566 (j)
2786 1495 2836 1547 in
2881 1496 3174 1565 semetipso
3203 1508 3258 1552 et
3305 1514 3335 1550 a
3362 1500 3654 1570 semetipso
3707 1505 3795 1569 sit,

2188 1590 2243 1637 et
2270 1585 2387 1653 ipse
2416 1600 2513 1654 per
2540 1599 2599 1640 se
2629 1587 2734 1652 sit;
2766 1587 2907 1657 quod
2949 1587 3267 1658 invisibilis,
3302 1589 3381 1662 (7)
3413 1599 3466 1646 et
3494 1591 3800 1671 itthuy're-

2191 1675 2496 1743 hensibilis,
2523 1687 2578 1733 et
2604 1678 2678 1752 (lt)
2710 1680 3040 1737 immortalis
3068 1702 3080 1736 :
3117 1683 3169 1737 in
3204 1684 3288 1740 his
3318 1685 3533 1756 quidem
3576 1685 3802 1743 honoris

479 1765 584 1813 est.
619 1756 760 1826 Ergo
797 1770 972 1827 neque
997 1756 1072 1829 (ε)
1100 1768 1307 1826 totum,
1339 1759 1428 1814 cui
1460 1759 1727 1830 reliquum
1763 1770 1878 1828 est;
1910 1778 2087 1833 neque
2117 1772 2166 1834 B
2193 1768 2466 1825 confessio
2497 1780 2612 1838 est,
2643 1780 2698 1827 et
2726 1788 2921 1829 sensus
2953 1775 3276 1847 signiﬁcatio
3296 1817 3311 1843 ,
3343 1790 3394 1833 et
3423 1779 3667 1848 qumdam
3695 1780 3802 1833 cir-

478 1850 747 1920 reliquum
788 1859 873 1907 est
912 1850 993 1923 (Ξ)
1040 1851 1122 1922 (ά)
1167 1852 1527 1923 omne,qu0d
1571 1862 1740 1908 totum
1790 1862 1893 1909 est.
1946 1854 2091 1910 Reli-

477 1959 645 2013 quum
684 1944 830 1997 enim
853 1985 867 2010 ,
902 1944 1081 2013 portio
1106 1952 1219 2010 est;
1246 1959 1408 1999 omne
1431 1961 1585 2012 vero,
1614 1946 1759 2017 quod
1784 1956 1954 2002 totum
1982 1959 2085 2003 est.

479 2035 626 2089 Deus
668 2044 847 2089 autem
890 2043 945 2090 et
988 2035 1188 2105 ubique
1232 2044 1336 2102 est,
1369 2045 1423 2092 et
1455 2045 1599 2092 totus
1628 2039 1954 2111 ubicumque
1984 2050 2087 2096 est.

479 2127 557 2183 lta
587 2127 659 2201 (ε)
700 2132 975 2201 regionem
1025 2130 1397 2202 intelligentia:
1442 2133 1691 2199 excedit,
1727 2142 1879 2189 extra
1928 2150 2088 2205 quem

480 2223 613 2277 nihil
638 2230 743 2289 est,
772 2233 827 2279 et
855 2224 942 2279 cui
983 2233 1067 2279 est
1095 2239 1311 2295 semper
1334 2232 1394 2280 ut
1416 2240 1633 2296 semper
1664 2225 1755 2281 sit.
1788 2227 1915 2283 Haec
1944 2229 2087 2284 veri-

478 2323 563 2371 tas
592 2325 677 2371 est
717 2318 1043 2375 sacramenti
1082 2319 1198 2387 Dei,
1235 2319 1339 2375 hoc
1380 2318 1457 2392 ('5)
1500 2320 1952 2392 imperspicabilis
1982 2340 2083 2378 na-

420 2410 447 2457 (
481 2417 616 2464 tura:
666 2425 863 2466 nomen
912 2412 965 2466 in
1011 2411 1192 2468 Patre.
1235 2413 1377 2468 Deus
1415 2414 1737 2482 invisibilis,
1772 2414 2081 2483 inell‘abilis,

481 2506 726 2563 inlinitus
751 2526 761 2559 :
786 2508 853 2563 ad
885 2524 1046 2579 quem
1087 2518 1143 2565 et
1181 2510 1544 2581 eloquendum
1576 2526 1758 2568 sermo
1806 2512 1989 2575 sileat,
2031 2522 2087 2569 et

479 2600 915 2671 investigandum
954 2616 1149 2657 sensus
1181 2602 1490 2668 hebetetur,
1524 2612 1579 2660 et
1616 2606 2084 2674 complectendum

480 2694 839 2766 intelligentia
866 2704 1159 2752 coartetur.
1190 2696 1361 2753 Habet
1387 2707 1586 2765 tamen,
1619 2709 1676 2753 ut
1702 2700 1958 2768 diximus,
1990 2718 2085 2756 na-

482 2796 619 2842 turae
639 2804 751 2844 sum
779 2804 978 2846 nomen
1001 2790 1055 2845 in
1079 2799 1233 2860 patre
1257 2808 1270 2847 :
1298 2790 1392 2847 sed
1421 2800 1577 2862 pater
1601 2800 1806 2848 tantum
1835 2805 1937 2849 est.
1970 2794 2087 2851 Non

481 2881 625 2936 enim
649 2883 886 2939 humano
911 2882 1075 2945 modo
1102 2883 1264 2940 habet
1289 2884 1509 2942 aliunde
1530 2886 1672 2957 quod
1706 2897 1857 2957 pater
1885 2898 1968 2945 est
1996 2888 2085 2961 (Ῑ).

582 2994 633 3065 1)
662 2996 877 3052 Excidit
903 3013 1029 3053 esse.

580 3065 639 3139 2)
667 3067 764 3122 Ms.
798 3068 1023 3125 γενοηά
1071 3071 1155 3124 cui
1198 3079 1245 3125 et
1285 3085 1433 3125 omne
1457 3070 1595 3141 quod
1625 3080 1784 3126 totum
1829 3084 1921 3129 est.
1955 3077 2085 3131 llec~

482 3138 588 3217 tius
622 3138 725 3209 pro
769 3150 816 3194 et
854 3142 1105 3217 suppleas
1134 3153 1226 3197 εει.
1260 3141 1320 3217 In
1372 3138 1685 3217 Era'smiaua
1737 3146 1815 3199 sic
1854 3147 2085 3217 legitur:

483 3208 817 3281 Ergo’neque
847 3208 1009 3289 totum
1035 3214 1080 3267 ei
1111 3222 1202 3289 est,
1233 3214 1315 3266 cui
1340 3213 1593 3282 reliquum
1631 3224 1737 3283 est;
1762 3208 1935 3289 neque
1962 3220 2086 3274 reli-

481 3297 640 3351 quum
659 3291 754 3352 εει,
779 3284 863 3337 cui
892 3300 1041 3339 onme
1066 3287 1204 3351 quod
1231 3293 1322 3352 est,
1354 3293 1514 3339 totum
1539 3294 1632 3340 εει.

583 3352 636 3424 5)
659 3350 1100 3424 ntperspicabt'le.
1305 3350 1312 3352 “
1377 3355 1379 3358 ⁴

583 3355 617 3407 5
659 3354 1100 3424 Imperspicabile.
1377 3355 1379 3358 ⁴

554 3354 636 3497 (4;
666 3423 783 3479 Una
812 3442 930 3480 cum
961 3424 1122 3494 Filia,
1151 3427 1406 3482 revelante
1430 3426 1596 3486 Filio.

481 3544 593 3614 quit
617 3542 948 3615 Augustinus
980 3559 1101 3622 ser._
1125 3560 1272 3622 Lxxt.
1307 3560 1455 3599 num.
1486 3545 1556 3601 26
1586 3564 1608 3622 :A
1629 3547 1704 3601 Ab
1730 3548 1823 3603 illo
1851 3550 1914 3602 sit
1941 3551 2090 3622 origo

484 3631 717 3691 cperunt,
746 3633 786 3691 a_
805 3632 905 3685 quo
924 3624 1000 3670 est
1019 3616 1286 3691 resistentia
1312 3619 1698 3691 cooperuntiam
1727 3616 2084 3691 personarum.

560 3684 634 3759 (a)
662 3687 732 3741 Ita
756 3684 863 3741 duo
894 3703 1023 3742 mss.
1053 3687 1206 3741 Colh.
1234 3684 1568 3758 totidemque
1597 3684 1855 3757 Vaticani,
1879 3708 2086 3748 necnon

486 3758 542 3830 in
567 3770 825 3830 excerpto
863 3759 1004 3828 quod
1060 3774 1126 3813 ex
1172 3759 1274 3814 hoc
1319 3759 1436 3813 loco
1487 3760 1552 3814 ad
1604 3762 1803 3815 ealcum
1859 3764 1980 3818 libri
2033 3766 2084 3819 in

483 3826 859 3884 Constantium
882 3826 1207 3885 translatum
1247 3836 1349 3883 est.
1380 3832 1447 3883 At
1476 3830 1529 3886 iu
1558 3833 1787 3902 vulgatis
1813 3835 2088 3890 desidera-

485 3910 573 3954 tur
597 3903 713 3972 ejus
736 3920 754 3956 :
777 3916 897 3971 quae
927 3916 1028 3956 vox
1055 3904 1192 3964 sola,
1216 3902 1343 3972 sine
1354 3916 1491 3966 esse,
1527 3914 1703 3972 exstat
1740 3908 1792 3959 in
1823 3909 2087 3961 vetustio-

481 3964 1000 4045 ribusjnssftlolb"
1033 3972 1243 4045 Remig.
1265 4013 1279 4037 ,
1306 3964 1497 4040 Corb.,
1530 3964 1717 4040 Faun,
1754 3978 1920 4043 l’ral.,
1951 3978 2083 4032 Car-

487 4050 603 4098 nut.
633 4042 697 4097 Et
732 4044 784 4096 in
837 4043 937 4097 ltoo
984 4042 1235 4113 quidem]
1261 4057 1359 4114 pro
1403 4046 1535 4168 aius,
1568 4049 1634 4100 ah
1674 4042 2084 4118 antiqua’manu

487 4115 723 4168 secunda
753 4116 1051 4168 repositum
1079 4126 1163 4168 est.
1186 4118 1230 4168 is
1257 4133 1269 4168 :
1296 4130 1402 4168 auo
1460 4125 1516 4168 et
1544 4117 1668 4168 inde
1697 4119 1747 4168 in
1773 4121 2084 4168 posteriori-

487 4115 723 4189 secunda
753 4116 1051 4184 repositum
1079 4126 1163 4171 est
1186 4118 1230 4171 is
1257 4133 1269 4169 :
1296 4115 1437 4189 quod
1455 4125 1516 4189 et
1544 4117 1668 4171 inde
1697 4119 1747 4172 in
1772 4115 2084 4189 posteriori-

485 4185 588 4238 bus
637 4202 764 4261 mss.
817 4201 1130 4256 expressum
1176 4195 1280 4243 est.
1305 4186 1428 4241 Mox
1452 4187 1504 4241 in
1536 4185 2082 4261 vulgatis'continens,

484 4269 585 4326 pro
614 4256 864 4310 obtinens.

562 4326 914 4399 (b)Additum
959 4337 1045 4383 est
1092 4328 1179 4384 hic
1213 4328 1267 4383 in
1311 4326 1539 4399 vulgatis
1582 4344 1650 4384 ex
1697 4334 2087 4389 recentioribus

486 4398 708 4472 mss._in
734 4400 869 4472 loco,
901 4400 1118 4469 majoris
1154 4398 1548 4470 perspicuitatis
1590 4400 1781 4472 gratia.
1813 4403 1949 4459 Tam
1980 4420 2084 4462 ms.

488 4467 604 4522 bas.
633 4469 778 4524 Vat.:
804 4467 1019 4538 Semper
1047 4467 1191 4527 extra
1216 4467 1400 4527 (auum.

562 4539 636 4610 (ε)
665 4541 825 4605 Editi,
859 4549 1019 4595 totum
1064 4544 1112 4597 ei
1155 4554 1251 4609 est,
1274 4544 1378 4598 cui.
1406 4542 1775 4613 Expuuximus
1803 4546 1848 4600 ei
1874 4557 1948 4601 est
1976 4563 2090 4602 nte-

486 4610 683 4665 liorum
714 4626 844 4667 mss.
874 4614 1215 4670 auctoritate.

564 4681 641 4755 (d)
697 4682 825 4758 Bad.
859 4682 989 4758 :Cu_i
1032 4696 1107 4740 est
1165 4703 1314 4743 onme
1360 4690 1497 4758 quod
1547 4697 1621 4744 εει
1673 4695 1830 4740 totum
1868 4698 1962 4742 est.
1995 4688 2086 4743 Er.

489 4752 635 4829 Lips.
668 4762 723 4808 et
771 4754 917 4829 Par.;
942 4755 1037 4810 Cui
1084 4774 1231 4814 omne
1273 4752 1411 4829 quod
1460 4770 1532 4815 εει
1570 4770 1729 4813 totum
1761 4768 1852 4812 est.
1884 4760 2090 4814 llecen-

487 4827 653 4879 tiores
677 4840 807 4900 mss.
836 4828 919 4880 cui
940 4838 1013 4882 est
1034 4846 1182 4885 omne
1205 4827 1340 4900 quod
1365 4841 1524 4886 totum
1552 4843 1646 4887 est.
1679 4829 1871 4885 Veram
1903 4830 2088 4886 lcetio-

490 4910 622 4970 nem
644 4896 901 4970 exhibent
926 4896 1298 4970 castigatiores
1332 4902 1472 4959 libri.

562 4964 632 5038 (e)
662 4966 737 5021 ha
785 4970 1027 5042 plerique
1064 4964 1198 5029 ῖηεε.
1240 4988 1361 5029 cum
1394 4974 1555 5040 Bad.,
1588 4975 1679 5027 Er.
1723 4980 1779 5027 et
1822 4973 1973 5042 Lips.
2015 4978 2085 5028 ,ιι

488 5037 617 5091 Par.
640 5037 1014 5116 cuttt__duol§us
1044 5059 1172 5116 mss.
1202 5044 1358 5101 Colb.
1383 5057 1438 5116 et
1470 5037 1576 5101 uno
1614 5045 1845 5099 Sor-bon.
1876 5037 2083 5116 religio-

487 5125 604 5162 nem
636 5109 1010 5179 intelligentiae.
1034 5113 1186 5171 Alius
1210 5131 1338 5171 vero
1361 5115 1517 5172 Colb.
1548 5128 1601 5172 et
1635 5116 1752 5170 Vat.
1775 5117 1892 5172 has.
1925 5109 2085 5171 ratio-

488 5196 615 5254 nem
632 5182 999 5254 intelligantur.

559 5250 626 5329 (ί)
658 5250 1003 5309 Removimus
1032 5255 1177 5329 hinc,
1205 5259 1294 5311 sed
1319 5267 1496 5329 potens
1525 5258 1579 5311 in
1602 5258 1870 5323 semetipso
1899 5257 2086 5314 habere

485 5324 622 5400 quod
649 5334 793 5400 pater
831 5334 906 5378 est
933 5342 953 5379 :
982 5328 1124 5395 quod
1170 5341 1275 5382 non
1317 5324 1494 5400 exstat
1540 5329 1641 5384 nisi
1681 5330 1735 5384 in
1774 5332 2080 5400 perpaucis,

483 5392 658 5471 iisque
696 5394 893 5449 intima:
932 5392 1108 5471 atatis
1149 5413 1279 5453 mss.
1330 5398 1522 5467 Porro,
1554 5402 1599 5455 si
1642 5392 1792 5455 δειιέ
1821 5392 2081 5471 sapimus,

485 5460 918 5539 Pater_:eternus
961 5468 1048 5523 hic
1096 5471 1417 5539 praedicatur
1465 5460 1573 5527 non
1623 5471 1822 5528 habere
1865 5460 2083 5530 aliunde

487 5547 595 5601 quo
621 5535 711 5598 sit,
736 5547 787 5613 et
816 5540 1034 5597 aliunde
1060 5535 1168 5610 quo
1196 5551 1349 5612 pater
1371 5545 1461 5606 sit,
1488 5542 1583 5598 sed
1605 5557 1671 5597 eo
1703 5542 1820 5612 ipso
1849 5558 1956 5613 quo
1989 5559 2083 5613 pa-

487 5608 791 5682 ter_est_in
842 5619 1027 5663 natura
1057 5608 1151 5665 sua
1192 5608 1476 5677 constitui;
1511 5608 1844 5682 proindéque
1868 5608 2083 5672 'ahe'sse

485 5674 553 5725 ab
582 5673 855 5756 hominum
883 5695 1056 5756 more,
1087 5684 1176 5752 qui
1209 5701 1316 5744 non
1347 5673 1480 5741 liunt
1501 5673 1679 5755 patres
1709 5673 1889 5741 statim
1920 5695 2083 5756 atque

481 5744 884 5805 constituuntur
914 5744 1182 5809 homines.

2193 1863 2544 1934 cumscriptio
2583 1867 2859 1938 opinandi,
2892 1869 2985 1923 sed
3020 1877 3225 1923 natura:
3266 1886 3447 1925 sermo
3478 1872 3799 1939 succumbit,

2194 1965 2249 2010 et
2291 1972 2404 2011 rem
2450 1966 2503 2010 tit
2535 1969 2617 2012 est
2647 1958 2810 2014 verba
2839 1974 2946 2015 non
2976 1962 3271 2031 explicant.
3302 1962 3549 2034 Namque
3576 1965 3713 2034 quod
3747 1965 3799 2019 iu

2194 2052 2488 2119 semetipso
2532 2053 2603 2106 sit
2646 2068 2769 2108 cum
2808 2054 3035 2120 audias,
3084 2054 3165 2128 (8)
3206 2055 3267 2126 (ι)
3308 2058 3502 2111 rationi
3553 2058 3800 2114 humana:

2195 2142 2464 2200 absolutio
2489 2159 2598 2200 non
2628 2147 2905 2214 occurrit;
2939 2147 3138 2203 habere
3168 2152 3309 2204 enim
3350 2151 3647 2221 haberique
3692 2151 3801 2206 dis-

2197 2237 2459 2305 cernitur,
2517 2250 2571 2293 et
2614 2240 2717 2295 erit
2766 2241 2997 2297 alterum
3029 2243 3171 2312 quod
3203 2252 3307 2310 est,
3340 2244 3569 2300 alterum
3608 2245 3662 2301 in
3694 2264 3800 2317 quo

2193 2340 2295 2385 est.
2323 2331 2379 2387 Si
2407 2345 2620 2391 rursum
2646 2333 2790 2404 quod
2816 2348 2843 2387 a
2861 2338 3155 2406 semetipso
3174 2337 3242 2391 sit
3270 2338 3541 2408 accipias;
3579 2339 3672 2413 (ιη)
3706 2356 3796 2395 ne-
3824 2366 3829 2372 ε

2193 2440 2283 2480 mo
2308 2426 2408 2481 sibi
2439 2427 2555 2497 ipse
2584 2438 2637 2483 et
2668 2438 2985 2485 numeratur
3013 2442 3068 2486 et
3092 2418 3284 2488 munus
3311 2442 3414 2489 est.
3441 2433 3496 2490 Si
3527 2436 3667 2506 quod
3701 2438 3798 2490 im-

2194 2518 2437 2575 mortalis
2462 2530 2579 2587 est;
2609 2535 2740 2591 ergo
2761 2523 3067 2593 estaliquid
3095 2540 3200 2579 non
3229 2526 3298 2581 ab
3323 2541 3409 2591 eo,
3441 2525 3520 2600 (a)
3547 2530 3632 2583 cui
3664 2530 3799 2586 alter

2194 2628 2303 2668 non
2332 2612 2422 2669 ﬁat
2449 2615 2715 2672 obnoxius
2740 2634 2753 2669 :
2781 2632 2880 2673 nec
2907 2618 3082 2673 solum
3114 2619 3165 2673 id
3196 2630 3297 2688 est,
3341 2621 3481 2691 quod
3512 2636 3605 2689 per
3631 2638 3802 2678 enun—

2192 2708 2470 2764 tiationem
2499 2711 2650 2766 verbi
2683 2712 2840 2782 hujus
2888 2696 3192 2770 vindicatur
3229 2716 3297 2769 ab
3337 2718 3532 2772 altero.
3566 2719 3622 2775 Si
3655 2720 3797 2790 quod

2191 2801 2759 2872 incomprehensibilis
2780 2816 2861 2860 est
2888 2823 2901 2859 :
2927 2822 3188 2875 nusquam
3214 2823 3345 2879 ergo
3376 2810 3496 2875 erit,
3531 2811 3675 2879 quod
3705 2829 3802 2867 ne-

2190 2892 2348 2965 gatur
2377 2896 2589 2967 attingi.
2619 2899 2675 2955 Si
2725 2899 2869 2969 quod
2920 2898 3206 2956 invisibilis
3249 2913 3365 2969 est,
3398 2912 3545 2959 caret
3575 2918 3635 2959 sc
3679 2904 3795 2975 ipso

2269 3010 2350 3084 (5)
2379 3013 2470 3069 Sic
2499 3029 2603 3083 ope
2648 3016 2816 3071 nostri
2854 3018 3056 3073 codicis
3093 3019 3442 3077 restituimus.
3472 3021 3604 3077 Nam
3635 3033 3791 3081 antea

2193 3082 2470 3157 legebatur
2498 3104 2510 3138 :
2540 3082 2777 3157 Fugerit.

2264 3153 2343 3299 E6)
2369 3154 2425 3209 In
2459 3153 2642 3213 nostro
2674 3159 2810 3214 libro
2837 3175 2939 3216 non
2967 3170 3143 3216 exstat
3170 3180 3183 3215 :
3213 3161 3277 3216 In
3304 3167 3575 3236 semetipso
3603 3177 3669 3223 et.

2290 3226 2346 3297 7)
2382 3226 2612 3284 Additur
2651 3240 2743 3284 est.
2798 3232 2918 3286 Mox
2984 3232 3178 3299 Iegesis
3223 3245 3443 3291 teternus
3495 3252 3617 3296 cum

2290 3226 2346 3297 7)
2382 3226 2612 3303 Additur
2651 3240 2743 3284 est.
2798 3232 2918 3286 Mox
2984 3232 3178 3303 Iegesis
3223 3245 3443 3291 teternus
3484 3226 3617 3296 'cum
3679 3240 3801 3297 aliis

2191 3313 2349 3364 mss.,
2384 3316 2488 3353 non
2516 3301 2844 3357 inmortalis.

2264 3370 2340 3442 (8)
2366 3369 2521 3426 Ratio
2553 3374 2792 3429 humanae
2826 3373 3165 3434 absolutionis
3188 3381 3434 3435 occurrit.

2269 3551 2348 3624 (g)
2381 3551 2630 3629 E_diti,__ut
2672 3564 2819 3624 pater
2861 3570 3059 3623 semper
3087 3557 3615 3629 sit:rcl'ragantihus
3664 3577 3793 3615 mss.

2193 3621 2379 3693 Neque
2399 3624 2513 3693 jam
2544 3621 2705 3681 Pater
2729 3636 2785 3680 ut
2812 3621 3290 3695 paterspectatur.
3325 3621 3420 3685 εὲά
3453 3642 3510 3685 nt
3537 3643 3794 3689 :nternus.

2270 3715 2349 3788 (It)
2380 3716 2538 3783 Bad.,
2573 3716 2665 3773 Er.
2708 3734 2771 3773 ac
2803 3720 3090 3775 deterioris
3141 3734 3281 3777 noue
3339 3740 3498 3789 mss.,
3538 3742 3642 3778 una
3683 3744 3795 3782 cum

2200 3786 2340 3862 Filia
2380 3791 2633 3843 revelanle
2664 3789 2803 3845 Filio
2826 3810 2844 3857 ;
2871 3794 3013 3861 quod
3042 3802 3097 3846 ct
3131 3794 3182 3847 in
3217 3786 3494 3862 postrema
3512 3799 3641 3852 edit.
3671 3797 3793 3854 Par.

2199 3861 2337 3913 male
2374 3862 2679 3915 restitutum
2711 3873 2847 3916 erat.
2889 3866 3000 3918 Iloc
3044 3866 3185 3919 enim
3220 3861 3337 3919 isibi
3368 3872 3481 3922 vult
3508 3888 3520 3924 :
3546 3884 3652 3923 non
3690 3871 3791 3927 alia

2192 3932 2262 4055 ile
2287 3931 2464 4014 .l’atre
2509 3933 2826 3999 sentiamus,
2853 3952 3013 4004 quam
3058 3954 3176 4006 qua:
3211 3936 3379 3994 Filius
3426 3940 3494 3994 de
3540 3954 3605 3995 eo
3635 3956 3791 3997 reve-

2214 4012 2347 4055 avu.

2214 4002 2347 4056 avil.

2194 4167 2244 4221 (Γ
2263 4096 2327 4170 (ἱ)
2362 4096 2469 4151 Pro
2494 4098 2794 4153 sentiendtts
2820 4109 2916 4166 εει,
2945 4099 3107 4156 habet
3139 4117 3240 4156 ms.
3274 4100 3398 4157 Vat.
3433 4102 3577 4173 bas.,
3601 4107 3666 4162 de
3691 4125 3791 4179 quo

2228 4179 2384 4221 totum
2411 4179 2504 4221 est.

2228 4179 2384 4222 totum
2411 4179 2504 4223 est.

2196 4334 2207 4345 ο
2265 4262 2338 4336 (j)
2377 4263 2578 4320 Omnes
2618 4281 2746 4322 mss.
2796 4282 2902 4323 uno
2950 4277 3175 4338 excepto
3220 4267 3474 4326 omittunt
3516 4272 3570 4327 in
3613 4285 3793 4329 semot-

2187 4350 2325 4403 ipso.

2266 4413 2344 4486 (lt)
2374 4415 2430 4469 In
2456 4430 2614 4481 mss.,
2643 4430 2889 4473 (alemus.

2113 4507 2167 4569 D
2206 4577 2213 4579 _
2265 4506 2335 4575 (ι)
2370 4506 2490 4560 Par.
2535 4523 2655 4563 cum
2684 4509 2920 4578 antiquis
2948 4509 3121 4579 libris,
3156 4514 3347 4567 rationi
3370 4512 3612 4569 humana:
3640 4516 3791 4571 abso-

2196 4577 2403 4656 Iulianis
2432 4580 2782 4656 orcurrit._ln_
2801 4577 2929 4636 mss.
2964 4577 3139 4656 tamen
3168 4582 3390 4639 Cat-not.
3415 4594 3471 4640 ct
3503 4587 3666 4641 Corb.
3698 4603 3795 4656 pro

2193 4650 2382 4729 rationi
2429 4652 2827 4729 supt-rscripsil_
2858 4654 3093 4729 secunda
3146 4671 3370 4720 manus,
3415 4659 3549 4711 ratio
3584 4674 3603 4712 :
3632 4650 3791 4729 quam

2195 4719 2599 4797 lectionem’itl
2631 4719 3021 4797 posterioribus
3071 4741 3202 4780 mss.
3252 4729 3574 4797 exscriptatn
3624 4719 3792 4785 s'eruti

2193 4798 2319 4870 sunt
2361 4790 2514 4870 Bad.,
2692 4807 2747 4870 et
2788 4794 2935 4865 Lips.
2965 4797 3355 4870 lintettdantur
3387 4790 3451 4855 ei
3487 4809 3793 4870 pervetusto

2191 4864 2378 4943 Codice
2406 4861 2525 4943 vat.
2558 4865 2670 4943 bas_.
2719 4861 2885 4943 Porro
2914 4867 3172 4943 absolutio
3204 4869 3306 4943 hic
3352 4861 3501 4925 idem.
3538 4881 3623 4927 est
3649 4874 3791 4943 quitd

2191 4935 2492 5011 enuntiatio
2518 4937 2664 5011 omni
2691 4937 3041 5011 ambiguitate
3069 4939 3310 4993 absoluta
3329 4983 3343 5006 ,
3373 4957 3493 5011 quze
3518 4945 3597 4999 rei
3632 4935 3788 4999 natu-

2187 5020 2304 5059 ram
2327 5006 2474 5061 clare
2501 5021 2565 5062 ac
2590 5006 3160 5078 distincte’exprimat.

2260 5095 2355 5169 (in)
2384 5096 2437 5175 l_d
2470 5106 2584 5175 est,
2612 5097 2823 5175 videtur
2851 5114 3173 5170 repugnare,
3203 5110 3262 5156 ut
3308 5103 3539 5175 idipsum
3566 5107 3666 5163 sibi
3698 5107 3790 5166 det

2185 5167 2517 5229 ess'e.'simul
2546 5180 2598 5223 et
2628 5169 2875 5239 accipiat.

2259 5256 2338 5332 (ῃ)
2368 5256 2423 5312 1η
2455 5274 2555 5332 ms.
2591 5259 2704 5314 bas.
2744 5260 2857 5316 Vat.
2886 5302 2901 5327 ,
2929 5275 3049 5316 ante
3096 5280 3192 5332 pro
3227 5270 3369 5321 alter.
3408 5267 3463 5322 ln
3494 5274 3786 5329 vetustiore

2186 5328 2341 5407 (Jolb.
2362 5330 2632 5407 Vettierm.
2653 5348 2701 5407 _a_
2722 5341 2788 5387 te.
2825 5328 3107 5391 Malleolus
3134 5353 3166 5389 a
3190 5348 3287 5392 se:
3318 5341 3437 5407 quia
3466 5342 3584 5396 scil.
3621 5328 3786 5399 verbo

2188 5400 2491 5453 immortalis
2526 5401 2862 5472 signiﬁcatur
2888 5421 3045 5481 (mors
3073 5418 3322 5475 tanquam
3337 5400 3549 5481 aliquid
3576 5419 3659 5469 cui
3690 5415 3790 5469 Pa-

2188 5479 2269 5555 ter
2293 5487 2356 5525 ex
2386 5481 2573 5553 natura
2600 5489 2695 5528 sua
2724 5491 2829 5530 non
2855 5480 2923 5531 sit
2948 5480 3251 5555 obnoxius:
3276 5479 3607 5555 prointleque
3632 5488 3675 5541 si
3700 5504 3786 5542 so-

2187 5546 2293 5618 lum
2327 5543 2472 5598 vocis
2501 5560 2692 5601 sonum
2716 5560 2948 5616 spectas,
2975 5560 3167 5618 prmter
3196 5543 3407 5607 Pairetn
3434 5543 3642 5611 videtur
3665 5574 3787 5613 esse

2188 5614 2300 5693 ipsa
2327 5630 2472 5693 l_tt0t's
2499 5633 2525 5666 a
2553 5614 2775 5693 quaille
2806 5614 3092 5693 vindicatur
3114 5636 3134 5685 ,'
3164 5636 3261 5691 pro
3284 5639 3392 5693 quo
3415 5626 3577 5682 verbo
3602 5629 3653 5682 in
3678 5646 3776 5685 ms.

2185 5685 2299 5738 has.
2338 5684 2454 5770 Vat.
2488 5684 2593 5770 est,
2632 5689 2885 5770 vinco-tur,
2917 5700 2971 5770 et
2994 5690 3047 5770 iu
3079 5684 3374 5770 vetustiore
3401 5694 3611 5770 Remig.
3643 5684 3784 5756 indi?

2184 5765 2330 5811 catur
2359 5758 2422 5809 de
2450 5758 2632 5811 altera.
2665 5759 2961 5815 Retinenda
2995 5761 3153 5818 lectio
3183 5768 3414 5836 vulgata.
