4118 6186
333 265 408 322 57
1547 261 1635 318 DE
1673 258 2051 318 TRINITATE
2091 259 2296 316 LIBER
2337 261 2398 318 ll.
3574 261 3644 318 58

337 377 602 450 quidquid
633 391 741 432 non
772 385 954 435 eistat
979 375 1045 430 ad
1074 377 1271 432 visum.
1291 375 1482 432 Deﬁcit
1506 391 1636 448 ergo
1664 377 1718 431 in
1747 389 1946 431 uuncu—
1973 377 2028 437 Α
2051 374 2184 432 Etsi
2217 379 2338 448 quis
2371 378 2509 435 forte
2551 378 2917 452 intelligentite
2953 394 3065 437 sure
3096 380 3396 450 imputabit,
3424 395 3650 452 genera-

340 471 561 541 patione
585 469 892 534 confessio,
915 476 980 530 ι’,ι
1001 467 1260 540 quidquid
1290 468 1420 524 illud
1447 482 1758 525 sermonum
1795 476 1948 538 apta-

339 565 510 629 bitur,
543 565 708 619 Deum
739 571 798 620 ut
827 571 934 628 est,
955 567 1306 634 quaﬂtusque
1341 571 1444 626 est,
1476 577 1580 617 non
1606 562 1690 632 (1)
1729 561 1948 630 eloque-

341 666 455 712 tur.
480 655 726 712 Perfecta
753 655 979 711 scientia
999 663 1106 718 est,
1131 655 1209 710 sic
1237 656 1400 710 Deum
1421 655 1582 721 scire,
1611 664 1670 709 ut
1695 655 1822 708 licet
1843 669 1948 709 non

339 750 730 822 ignorabiletn,
765 761 946 806 tamen
989 749 1405 805 inenarrabilem
1446 748 1604 804 scias.
1635 746 1948 803 Credendus

342 857 428 902 est
447 889 464 913 ,
492 845 879 916 intelligendus
903 853 1024 911 est,
1055 843 1364 901 adorandus
1407 851 1524 910 est;
1557 852 1614 900 et
1649 841 1734 898 his
1761 841 1949 898 ofﬁciis

343 939 699 1010 eloquendus.

417 1035 474 1090 8.
501 1031 552 1086 F
555 1034 678 1088 ilius
704 1032 834 1103 quid
855 1034 943 1099 sit,
974 1031 1102 1102 quid
1123 1047 1224 1087 non
1251 1031 1417 1088 sit.—
1443 1031 1628 1087 Evecti
1652 1029 1720 1087 de
1749 1029 1950 1101 impor-

346 1126 520 1183 tuosis
551 1125 688 1180 locis
717 1127 770 1180 in
799 1125 968 1179 altum
997 1125 1214 1180 turbato
1245 1125 1378 1180 mari
1407 1139 1616 1190 sumus,
1644 1130 1701 1179 et
1737 1137 1835 1178 nec
1867 1138 1952 1178 re-

342 1219 532 1290 gredi,
568 1234 669 1274 nec
701 1217 953 1290 progredi
993 1217 1112 1272 sine
1154 1217 1395 1288 periculo
1435 1217 1596 1274 licet:
1623 1217 1738 1286 plus
1768 1225 1947 1272 tamen

343 1313 682 1368 difﬁcultatis
731 1313 783 1366 in
833 1311 1157 1367 etnetieudis
1201 1321 1302 1378 est,
1350 1327 1510 1381 quam
1554 1312 1808 1367 emensis.
1855 1311 1952 1366 Est

342 1405 515 1462 Pater
542 1416 603 1462 ut
629 1414 729 1472 est,
758 1415 814 1461 et
835 1415 892 1460 ut
915 1413 1142 1462 estesse
1169 1405 1472 1461 credendus
1489 1415 1591 1461 est.
1621 1404 1728 1477 32
1757 1404 1948 1460 Filium

348 1516 516 1557 mens
531 1508 908 1556 consternatur
926 1500 1214 1571 attingere,
1237 1510 1294 1554 et
1317 1498 1549 1568 trepidat
1569 1498 1743 1553 omnis
1769 1510 1950 1552 sermo

346 1608 414 1649 se
461 1593 710 1663 prodere.
758 1593 852 1647 Est
895 1593 1038 1647 enim
1083 1591 1368 1662 progenies
1416 1590 1669 1662 ingeniti,
1701 1605 1838 1644 unus
1883 1603 1946 1642 ex

346 1703 482 1753 uno,
507 1701 670 1742 verus
693 1701 722 1738 a
747 1701 898 1752 vero,
923 1685 1077 1740 vivus
1102 1700 1130 1738 a
1159 1685 1302 1749 vivo,
1327 1681 1600 1754 perfectus
1627 1698 1656 1736 a
1687 1681 1946 1752 perfecto,

2055 471 2213 528 tionis
2270 472 2428 542 hujus
2473 483 2868 530 sacramentum
2910 490 3015 531 non
3067 489 3226 544 posse
3257 489 3316 530 se
3367 475 3646 546 consequi,

2053 578 2176 622 eum
2209 564 2278 638 (1)
2310 574 2492 622 tamen
2519 577 2572 621 et
2601 566 2764 622 Pater
2790 567 2860 624 sit
2888 567 3132 624 absolute
3163 567 3242 642 (3)
3274 569 3575 624 intellectus
3595 576 3650 622 et

2054 656 2260 722 Filius;
2287 657 2491 727 majore
2519 657 2657 712 istud
2674 657 2905 714 dolorea
2937 675 3021 714 me
3037 659 3218 717 audiet
3249 659 3504 732 ignorari.
3535 659 3652 731 Ego

2055 749 2259 816 nescio,
2294 765 2401 804 non
2442 751 2691 819 requiro;
2719 758 2774 804 et
2815 751 3138 806 consolabor
3186 766 3274 806 me
3313 762 3512 807 tamen.
3544 753 3650 806 Ar-

2053 843 2298 913 ehangeli
2338 843 2608 909 nesciunt,
2637 843 2812 915 angeli
2844 859 2952 900 non
2983 845 3292 912 audierunt,
3317 845 3512 900 saecula
3547 859 3651 900 non

2054 946 2270 1005 tenent,
2301 938 2561 1009 pr0pheta
2594 953 2702 993 non
2739 939 2929 1002 sensit,
2963 939 3240 1009 apostolus
3283 954 3387 994 non
3422 939 3654 994 interro-

2051 1031 2218 1102 gavit,
2246 1028 2386 1086 ﬁlius
2414 1031 2529 1102 ipse
2552 1044 2662 1086 nou
2684 1030 2872 1087 edidit.
2905 1032 3088 1088 Cesset
3111 1031 3266 1088 dolor
3285 1033 3650 1102 querelarum.

2022 1174 2025 1176 _
2052 1121 2170 1177 Non
2204 1133 2276 1187 te,
2307 1123 2549 1192 quisquis
2579 1138 2638 1178 es
2673 1124 2762 1194 qui
2804 1123 2918 1178 lucc
2943 1123 3022 1198 (4)
3051 1125 3324 1194 requires,
3355 1139 3548 1182 revoco
3597 1127 3648 1181 iu

2053 1216 2345 1281 excelsum,
2372 1216 2478 1288 33
2508 1231 2611 1271 non
2630 1217 2680 1270 in
2698 1217 3103 1287 amplitudinem
3121 1219 3303 1285 tendo,
3321 1233 3426 1274 non
3444 1218 3652 1276 deduco

2055 1309 2107 1364 in
2138 1308 2460 1378 profundum
2495 1327 2508 1362 :
2542 1325 2720 1366 nonne
2747 1311 3122 1381 aequanimiter
3139 1311 3410 1383 ignorabis
3433 1313 3653 1368 Creato-

2055 1402 2130 1456 ris
2180 1403 2544 1470 nativitatem,
2597 1405 2850 1474 ignorans
2900 1405 3164 1476 originem
3213 1405 3654 1463 creaturteHloc
3746 1416 3759 1427 '

2051 1499 2242 1554 saltem
2284 1499 2521 1570 requiro,
2555 1501 2795 1555 sentisne
2835 1509 2886 1554 te
2931 1500 3199 1570 genitum,
3231 1509 3286 1556 et
3323 1515 3442 1571 qua!
3486 1517 3549 1556 ex
3600 1511 3655 1554 te

2053 1602 2382 1662 generentur
2419 1591 2713 1662 intelligis?
2742 1591 2856 1647 Non
2885 1607 3072 1663 quaero
3099 1607 3317 1648 sensum
3345 1593 3487 1647 unde
3519 1593 3654 1648 hau-

2053 1683 2222 1748 seris,
2256 1685 2420 1738 vitam
2470 1683 2612 1738 unde
2652 1685 2876 1738 sortitus
2924 1686 3028 1748 sis,
3058 1684 3467 1755 intelligentiam
3507 1685 3652 1740 unde

346 1779 571 1835 virtutis
620 1778 820 1844 virtus,
863 1777 1144 1848 sapientia:
1192 1777 1483 1848 sapientia,
1514 1777 1680 1845 gloria
1729 1774 1914 1845 gloriae
1937 1816 1951 1840 ,
1985 1780 2030 1840 Β
2068 1776 2293 1846 adeptus
2323 1777 2399 1832 sis
2425 1819 2440 1840 ,
2469 1776 2628 1846 quale
2667 1786 2750 1830 est
2797 1775 2943 1845 quod
2976 1777 3028 1832 in
3065 1787 3116 1832 te
3161 1778 3234 1831 sit
3273 1777 3428 1852 odor,
3464 1790 3658 1832 sensus

347 1874 532 1943 imago
579 1871 867 1926 invisibilis
916 1871 1044 1937 Dei,
1077 1873 1246 1925 forma
1293 1869 1460 1942 patris
1499 1869 1740 1938 ingeniti.
1783 1869 1952 1935 Quam

347 1975 533 2021 autem
562 1965 880 2036 progeniem
911 1965 1252 2036 opinabitnur
1279 1965 1537 2036 nnigeniti
1562 1965 1629 2018 ab
1675 1963 1960 2034 ingenito?

355 2057 573 2114 Clamat
601 2062 746 2112 enim
784 2072 932 2128 saepe
973 2071 1200 2114 numero
1233 2057 1392 2112 Pater
1433 2056 1499 2112 de
1525 2055 1679 2111 caelis
1709 2073 1722 2109 :
1753 2055 1858 2110 Hic
1887 2065 1960 2109 est

353 2153 496 2222 ﬁlius
515 2168 661 2207 meus
687 2151 927 2216 dilectus,
957 2149 1034 2222 (a)
1060 2151 1114 2204 in
1137 2167 1237 2220 quo
1267 2151 1391 2205 bene
1419 2149 1701 2219 complaeui
1733 2147 1956 2220 (Matth.

355 2262 442 2313 ιιι,
469 2247 581 2316 l7).
607 2244 727 2300 Non
775 2254 861 2300 est
904 2243 1198 2311 absrissio,
1231 2253 1320 2297 aut
1349 2242 1544 2298 divisio
1571 2259 1584 2295 :
1615 2241 1962 2310 impassibilis

354 2349 444 2394 est
470 2338 614 2394 enim
666 2338 760 2392 ille
782 2339 874 2408 qui
911 2336 1118 2408 genuit,
1149 2346 1200 2390 et
1243 2336 1418 2404 imago
1450 2333 1727 2388 invisibilis
1759 2335 1850 2389 Dei
1880 2341 1964 2387 est

355 2432 456 2488 ille
490 2434 581 2504 qui
621 2443 780 2488 natus
814 2443 932 2500 est;
961 2442 1015 2486 et
1060 2439 1285 2487 testatur
1315 2447 1328 2483 :
1365 2427 1498 2495 Quia
1529 2427 1688 2483 Pater
1711 2428 1763 2481 in
1795 2443 1889 2493 me,
1915 2437 1963 2480 et

357 2543 456 2601 ego
481 2529 535 2580 ἔτι
559 2525 717 2581 Patre
745 2524 926 2597 (Jaan.
957 2541 1012 2592 χ,
1195 2522 1310 2579 Non
1333 2533 1415 2578 est
1445 2522 1744 2590 assumptio
1767 2537 1780 2575 :
1806 2535 1962 2576 verus

358 2617 509 2674 enim
547 2619 690 2674 ﬁlius
734 2618 825 2672 Dei
852 2627 955 2684 est,
985 2626 1040 2670 et
1083 2617 1280 2671 clamat
1307 2633 1319 2668 :
1351 2615 1447 2680 Qui
1482 2630 1562 2668 me
1587 2613 1732 2678 vidit,
1764 2613 1886 2666 uidit
1915 2621 1964 2666 et

361 2713 582 2769 Patrem
611 2711 791 2784 (Joan.
823 2727 930 2776 xw,
962 2708 1039 2782 9).
1075 2709 1180 2767 Sed
1205 2723 1378 2780 neque
1399 2723 1522 2764 esse
1545 2717 1598 2761 ut
1625 2715 1816 2762 caetera
1845 2706 1964 2777 jus-

360 2820 461 2862 sus
483 2815 600 2862 est:
622 2819 853 2874 namque
872 2803 1188 2874 Unigenitus
1207 2817 1269 2856 ex
1299 2817 1407 2855 uno
1431 2811 1534 2864 est,
1557 2810 1610 2853 et
1639 2800 1689 2853 in
1717 2813 1776 2853 se
1806 2797 1966 2852 habet

359 2899 554 2963 vitam,
578 2908 636 2952 ut
664 2897 825 2952 habet
852 2897 904 2950 in
933 2909 992 2951 se
1017 2896 1178 2949 vitam
1207 2893 1298 2949 ille
1323 2893 1412 2963 qui
1445 2890 1654 2961 genuit;
1680 2891 1746 2944 ait
1779 2890 1920 2944 enim
1949 2906 1962 2942 :

360 2993 513 3047 Sicut
553 2989 702 3045 habet
746 2988 904 3044 Pater
931 2989 1086 3042 vitam
1123 2987 1176 3041 in
1217 2987 1517 3054 semetipso,
1546 2985 1616 3036 ita
1655 2982 1797 3036 dedit
1829 2980 1966 3036 Filio

357 3083 554 3138 habere
594 3083 746 3137 vitam
791 3083 844 3136 in
889 3081 1158 3152 semetipso
1199 3078 1376 3151 (Joan.
1416 3092 1466 3143 v,
1499 3075 1614 3146 26).
1645 3075 1752 3131 Sed
1795 3089 1966 3145 neque

2063 1872 2234 1936 visus,
2265 1871 2512 1935 auditus;
2544 1885 2691 1926 certe
2719 1887 2878 1926 nemo
2905 1870 3048 1941 quod
3081 1871 3206 1926 facit
3237 1870 3444 1926 nescit:
3471 1885 3656 1940 qutero

2061 1963 2204 2018 unde
2229 1965 2325 2016 ista
2354 1963 2420 2018 iis
2441 1978 2576 2033 quos
2601 1977 2828 2033 generes
2861 1963 3160 2034 indulgeas,
3182 1961 3412 2034 qualiter
3434 1977 3652 2017 sensum

2064 2056 2291 2121 inseras,
2317 2055 2505 2122 oculos
2539 2057 2803 2111 accendas
2823 2099 2836 2121 ,
2866 2071 2961 2111 cor
2991 2055 3197 2127 alligas.
3233 2056 3379 2121 Haec,
3404 2058 3450 2112 si
3478 2067 3652 2129 potes,

2063 2166 2274 2206 enarra.
2302 2151 2478 2206 Habes
2500 2165 2629 2222 ergo
2652 2149 2732 2224 (5)
2757 2166 2878 2222 quae
2907 2151 3103 2213 nescis.
3122 2161 3175 2206 et
3203 2151 3390 2207 tribuis
3403 2166 3520 2222 qua:
3549 2166 3657 2205 non

2063 2243 2318 2314 intelligis
2349 2242 2764 2312 :aequanimiter
2807 2245 3086 2315 imperitus
3121 2243 3172 2300 in
3207 2244 3334 2311 tuis,
3366 2243 3660 2301 insolenter

2065 2337 2116 2391 in
2151 2337 2242 2392 Dei
2273 2337 2435 2392 rebus
2462 2337 2698 2408 ignarus.

2137 2429 2224 2485 lt).
2261 2427 2534 2484 (.‘eneratio
2565 2428 2660 2482 Dei
2690 2429 2780 2499 qui
2807 2430 2888 2502 pie
2916 2438 2962 2484 et
2986 2446 3088 2501 quo
3109 2431 3280 2501 fructu
3306 2431 3654 2501 investigetur.

2064 2551 2135 2562 —--
2166 2521 2300 2575 Audi
2333 2522 2495 2593 igitur
2535 2521 2748 2576 Patrem
2783 2523 3098 2592 ingenitum,
3154 2523 3278 2577 attdi
3327 2524 3659 2592 unigenitum

2065 2614 2301 2681 Filium;
2351 2615 2474 2669 audi
2505 2633 2517 2668 :
2553 2613 2712 2668 Pater
2741 2616 2906 2686 major
2935 2631 3014 2668 nte
3037 2625 3111 2668 est
3139 2613 3329 2687 (Joau.
3363 2631 3472 2680 xw,
3500 2615 3571 2671 ‘28
3596 2615 3615 2688 )
3647 2633 3662 2680 ;

2064 2711 2190 2766 audi
2217 2728 2230 2764 :
2260 2709 2373 2782 Ego
2393 2719 2440 2764 et
2464 2711 2622 2766 Pater
2646 2726 2805 2762 unum
2833 2724 3008 2761 sumus
3035 2707 3214 2780 (Joau.
3237 2724 3292 2772 ιι,
3320 2709 3424 2780 50)
3452 2725 3466 2773 ;
3499 2709 3618 2764 audi
3646 2726 3660 2762 :

2069 2803 2172 2870 Qui
2196 2818 2276 2857 me
2298 2803 2446 2870 vidit,
2470 2802 2598 2856 vidit
2625 2810 2672 2855 et
2703 2799 2910 2854 Patrem
2951 2800 2970 2872 (
2993 2799 3150 2854 Joan.
3181 2815 3296 2865 xw,
3349 2801 3382 2857 9
3406 2801 3423 2869 )
3451 2817 3465 2864 ;
3498 2801 3620 2856 audi
3648 2819 3661 2854 :

2067 2895 2228 2952 Pater
2265 2899 2424 2950 inme
2465 2907 2560 2959 est,
2609 2903 2658 2949 et
2685 2911 2778 2967 ego
2835 2895 2890 2948 in
2939 2893 3095 2948 Patre
3127 2893 3328 2966 (Joan.
3391 2909 3445 2961 κ,
3511 2893 3578 2948 εδ
3606 2892 3662 2966 );

2066 2992 2189 3048 audi
2223 3009 2238 3046 :
2269 2989 2384 3063 Ego
2412 2991 2476 3045 de
2524 2989 2681 3045 Patre
2723 2990 2854 3044 exivi
2885 2979 3084 3063 (Joan.
3130 3004 3240 3053 ενι,
3283 2987 3400 3058 28)
3432 3004 3446 3052 ;
3482 2987 3562 3060 (g)
3589 2996 3664 3053 et,

2075 3086 2174 3152 Qui
2203 3094 2277 3140 est
2305 3087 2359 3138 in
2382 3085 2499 3137 sinu
2529 3081 2705 3138 Patris
2729 3099 2748 3150 ;
2771 3093 2844 3147 et,
2876 3082 3061 3136 Onmia
3091 3097 3204 3150 qua:
3249 3081 3396 3134 habet
3437 3077 3515 3150 (h)
3563 3077 3669 3133 Pa-

358 3193 488 3248 Ρπε
519 3176 690 3230 Ρθινίε
721 3173 798 3245 (θ)
849 3175 902 3229 in
953 3173 1091 3228 Filio
1132 3182 1256 3238 εεω
1288 3180 1515 3226 uisum!"
1563 3170 1705 3224 enim
1759 3167 1922 3222 Filius
1949 3184 1962 3220 ³
1993 3166 2038 3228 C
2073 3193 2168 3244 ter,
2201 3179 2283 3250 (6)
2315 3179 2528 3233 tradidit
2586 3175 2770 3244 Filio;
2823 3188 2897 3237 et,
2943 3175 3106 3230 Vitam
3161 3173 3326 3228 Filius
3381 3177 3434 3228 in
3481 3183 3666 3228 semet-

359 3269 560 3323 Omm'a
598 3284 713 3338 qua:
742 3265 920 3320 Patris
943 3276 1084 3330 sunt,
1117 3281 1229 3319 mea
1255 3275 1372 3319 sunt
1403 3263 1584 3336 (Joau.
1617 3279 1727 3328 xw,
1756 3265 1881 3332 15):
1913 3272 1968 3316 et

355 3380 581 3419 rursum
609 3381 622 3415 :
652 3361 716 3416 Et
765 3379 876 3416 mea
921 3361 1092 3414 omnia
1147 3369 1234 3412 tua
1267 3368 1408 3425 sunt,
1443 3367 1488 3413 et
1525 3368 1615 3412 tua
1646 3373 1757 3410 mea
1784 3354 1963 3430 (Joan.

357 3473 472 3512 xvu
495 3499 510 3515 .
556 3455 678 3527 10);
709 3465 766 3510 et
796 3472 808 3510 :
842 3454 924 3528 (τ’.)
960 3453 1030 3526 (e)
1067 3453 1409 3520 Quwcumque
1445 3451 1588 3506 habet
1619 3449 1798 3511 Pater,
1829 3449 1968 3528 dedit

359 3548 552 3616 Filio;
583 3559 809 3602 testatur
853 3557 909 3602 et.
937 3544 1230 3616 Apostolus
1257 3563 1269 3598 :
1303 3543 1439 3611 Quia
1469 3545 1522 3598 in
1564 3545 1676 3612 ipso
1717 3541 1969 3597 inhabitat

359 3651 530 3698 omnis
571 3641 834 3713 plenitudo
878 3641 1158 3694 divinitatis
1187 3638 1524 3710 corporaliter
1547 3635 1768 3709 (Coloss.
1801 3651 1862 3700 ιι,
1885 3633 1966 3706 9).

359 3739 551 3808 Neque
597 3747 787 3792 natura
815 3735 977 3791 habet
1004 3735 1181 3789 omnia
1221 3749 1366 3799 esse,
1396 3733 1472 3805 (ά)
1495 3733 1636 3803 quutl
1663 3733 1836 3800 portio
1863 3740 1968 3787 est.

364 3831 648 3887 Perfectus
677 3839 856 3884 autem
887 3843 914 3880 τι
947 3827 1185 3897 perfecto
1211 3837 1293 3880 est
1321 3843 1334 3878 :
1360 3827 1483 3896 quia
1517 3826 1608 3896 qui
1655 3825 1809 3880 habet
1855 3840 1971 3878 out-

366 3926 490 3994 uia,
523 3926 670 3979 dedit
708 3923 910 3977 omnia.
940 3921 1126 3990 Neque
1162 3918 1556 3974 existimandus
1605 3931 1690 3974 est
1735 3933 1838 3972 non
1879 3917 1974 3974 de-

367 4020 552 4075 disse.
581 4017 702 4088 quia
735 4015 964 4079 habeat;
998 4013 1084 4068 vel
1114 4028 1220 4066 non
1265 4011 1483 4078 habere,
1520 4011 1640 4078 quia
1672 4009 1898 4064 dederit.

441 4112 500 4167 9.
538 4110 662 4164 Filii
693 4108 786 4163 Dei
814 4107 1071 4178 generatio
1103 4115 1305 4176 captum
1342 4104 1624 4156 humanum
1652 4111 1878 4170 superat.
1906 4131 1978 4142 —

366 4205 588 4261 [labent
622 4201 692 4276 (e)
741 4201 902 4272 igitur
924 4196 1216 4254 nativitatis
1238 4195 1396 4267 hujus
1427 4201 1654 4266 uterque
1683 4201 1973 4250 secretum.

440 4371 458 4426 ί
473 4371 488 4418 l
507 4369 526 4428 )
561 4365 836 4429 Loquetur.

442 4427 526 4512 (Ξ)
565 4427 905 4512 (lutet-umque
944 4434 1092 4512 (cobet
1129 4429 1289 4512 Pater
1316 4431 1454 4485 dedit
1486 4428 1626 4484 Filio
1651 4445 1670 4482 :
1715 4427 1975 4484 exhiben-

361 4502 462 4565 tur'
484 4502 647 4564 verba
678 4508 792 4560 haec
823 4502 874 4560 in
903 4505 1086 4570 editis,
1115 4503 1207 4558 sed
1241 4502 1292 4556 in
1323 4517 1423 4558 ms.
1453 4513 1641 4555 nostro
1669 4515 1774 4554 non
1806 4515 1970 4571 appa-

357 4594 524 4638 rent:
559 4595 655 4634 nec
682 4577 898 4633 aliunde
925 4585 1079 4632 eruta
1107 4575 1374 4639 videntur,
1407 4587 1566 4643 quam
1595 4587 1658 4626 ex
1689 4573 1847 4626 Joan.
1879 4587 1970 4639 ut,

361 4657 460 4721 3‘3,
489 4653 584 4706 ubi
619 4652 776 4704 hodie
808 4651 884 4704 sic
911 4648 1176 4721 legimus:
1202 4643 1360 4699 Pater
1385 4645 1524 4697 dedit
1547 4643 1720 4698 omnia
1743 4643 1794 4696 in
1817 4660 1973 4699 manu

360 4718 478 4800 ejus
509 4723 588 4796 (id
621 4733 703 4778 est
733 4721 902 4791 Filii).
929 4718 1179 4774 Concinit
1203 4731 1412 4788 graecus
1439 4725 1634 4770 textus.

439 4862 518 4936 (ιι)
553 4861 714 4936 liditi,
737 4861 791 4914 in
813 4875 912 4928 quo
943 4857 1068 4912 mihi
1092 4855 1236 4920 bene,
1265 4865 1398 4921 clc.,
1431 4851 1796 4908 renitentibus
1829 4861 1978 4908 vetc-

362 4938 525 4992 ribus
559 4935 728 4987 libris.

443 5027 520 5100 (b)
555 5025 649 5078 .\ls.
683 5024 798 5100 bas.
835 5021 952 5078 Vat.
985 5037 1107 5076 cum
1163 5017 1352 5084 Carm,
1408 5033 1530 5088 pars
1579 5014 1754 5070 Patris
1808 5013 1979 5070 Filius

357 5097 487 5155 est:
513 5115 618 5151 non
651 5097 812 5150 male.

441 5193 519 5260 (ε)
558 5191 668 5244 Non
713 5197 895 5243 extant
950 5189 1085 5260 lure,
1119 5185 1470 5260 Qutecumque
1499 5181 1646 5236 habet
1677 5179 1856 5247 Pater,
1889 5181 1980 5234 de—

361 5258 454 5320 dit
477 5264 636 5321 Filio.
671 5262 772 5315 nisi
807 5261 856 5312 in
885 5259 1117 5328 vulgatis
1143 5271 1191 5312 et
1227 5258 1440 5310 duolms
1471 5269 1601 5308 mss.

441 5336 530 5408 (ἀ)
554 5333 674 5390 Sola
705 5331 874 5388 editio
899 5323 1044 5394 Ριιῇ,
1076 5330 1338 5400 praportio
1367 5335 1437 5381 est
1466 5342 1485 5380 .'
1515 5323 1669 5380 male.

445 5429 523 5500 (σε)
551 5427 879 5500 llepouterat
911 5421 1178 5500 _Lipsi_us,
1209 5419 1402 5500 habet,
1435 5414 1824 5500 reluctantibus
1862 5411 1984 5466 aliis

368 5487 551 5554 libris.
584 5487 684 5552 Hic
727 5487 1014 5564 respicitur
1030 5563 1034 5564 ν
1040 5493 1174 5564 illud
1203 5489 1429 5564 Christi,
1476 5487 1862 5564 Patremhnemo
1891 5501 1977 5537 no-

365 5575 441 5627 vit
466 5569 572 5624 nisi
601 5565 790 5626 Filius.
821 5555 980 5635 neque
1014 5563 1210 5618 Filium
1231 5563 1346 5634 quis
1373 5561 1514 5616 nouit
1540 5559 1638 5612 nisi
1674 5555 1849 5620 Pater,
1869 5567 1977 5610 etc.

446 5661 522 5733 (η
555 5658 704 5716 Unus
728 5655 914 5733 eode:
949 5654 1286 5733 (ἷυῑιιημειιιιι⁸
1315 5663 1436 5733 tunc
1481 5663 1672 5733 tamen.
1707 5647 1824 5733 llius
1853 5645 1981 5733 editi

369 5717 518 5790 ρςιίἐ(
539 5729 932 5786 recentioribus
961 5743 1088 5782 tuss.
1115 5717 1502 5793 intelligendus.
1542 5724 1696 5775 licet.
1723 5719 1781 5793 in
1813 5717 1983 5793 tribus

373 5785 548 5864 23bit).
579 5785 800 5859 necnon
841 5800 1087 5866 Garnttt.,
1121 5799 1238 5854 Vat.
1274 5785 1388 5855 bas.
1410 5835 1424 5862 ,
1459 5795 1644 5850 Germ.
1669 5833 1684 5861 ,
1719 5791 1987 5855 Sorbou.,
2049 5785 2058 5791 “

2069 3275 2182 3346 ipso
2233 3273 2402 3333 habet,
2435 3273 2566 3325 sicut
2599 3281 2644 3324 et
2674 3269 2836 3324 Pater
2865 3269 3013 3322 habet
3055 3269 3108 3321 in
3150 3269 3422 3336 semetipso
3477 3265 3668 3338 (Joan.

2069 3383 2126 3434 ν,
2156 3365 2250 3436 26)
2274 3383 2290 3433 ;
2317 3366 2442 3421 audi
2465 3365 2656 3420 Filium
2686 3365 2994 3434 imaginem,
3019 3365 3354 3434 Sul'iien'iuiu,
3389 3363 3664 3429 virtutem,

2069 3459 2295 3529 gloriam
2341 3457 2432 3512 Dei
2467 3474 2479 3510 :
2531 3467 2582 3513 et
2611 3457 2848 3526 intellige.
2880 3457 2958 3526 (1)
2987 3455 3051 3524 (i)
3080 3457 3500 3526 proclamantem
3544 3453 3668 3522 Spi-

2071 3552 2233 3606 ritum
2281 3557 2523 3604 sanctum
2574 3566 2587 3603 :
2637 3548 3030 3604 Generationem
3083 3551 3194 3620 ejus
3246 3547 3360 3618 quis
3415 3544 3674 3600 enarrabit

2070 3641 2249 3712 (Esa.
2280 3658 2393 3702 Llll.
2447 3641 2578 3714 8)?
2625 3649 2680 3696 et
2729 3641 2950 3710 obiurga
3003 3640 3286 3694 Dominum
3338 3648 3670 3692 testantem:

2080 3732 2244 3788 Nemo
2262 3735 2395 3787 novit
2418 3730 2468 3784 F
2473 3733 2620 3786 ilium
2641 3733 2740 3786 nisi
2771 3731 2942 3788 Pater.
2972 3747 3134 3800 neque
3163 3729 3372 3784 Putrem
3394 3731 3507 3800 quis
3535 3730 3672 3782 novit

2075 3829 2174 3882 nisi
2216 3824 2408 3893 Filius,
2441 3836 2488 3880 et
2516 3827 2600 3880 cui
2660 3826 2874 3880 voluerit
2927 3823 3100 3880 Filius
3154 3823 3380 3878 revelare
3429 3820 3666 3890 (Matth.

2079 3935 2150 3985 st,
2181 3919 2250 3974 27
2285 3937 2298 3974 :
2331 3930 2384 3974 et
2412 3919 2587 3974 insere
2617 3929 2669 3974 te
2696 3920 2746 3973 in
2784 3919 2884 3971 hoc
2913 3927 3206 3980 secretum,
3231 3923 3286 3968 et
3335 3913 3476 3970 inter
3509 3929 3669 3967 unum

2084 4015 2378 4083 ingenitum
2407 4013 2594 4078 Deum,
2625 4025 2680 4068 et
2709 4028 2874 4066 unum
2903 4009 3234 4080 unigenitum
3263 4008 3450 4070 Deum,
3478 4022 3676 4062 arcano

2087 4116 2139 4161 te
2167 4106 2511 4176 inopinabilis
2535 4107 2826 4162 nativitatis
2856 4105 3137 4172 immerge.
3163 4102 3362 4172 lui-ipe,
3397 4115 3678 4172 procurre,

2089 4200 2318 4269 persiste
2349 4218 2362 4252 :
2395 4199 2494 4255 etsi
2539 4214 2644 4256 non
2681 4209 3066 4272 perventurum
3099 4198 3289 4264 sciant,
3335 4207 3512 4252 tamen
3555 4209 3678 4266 gra-

2153 4361 2231 4434 (5)
2261 4361 2654 4434 Intelligendus.

2155 4433 2234 4507 (4)
2261 4433 2514 4507 Requiris.

2153 4506 2236 4576 (5)
2271 4506 2420 4572 Quod
2442 4507 2626 4563 nescis.

2154 4577 2234 4650 (6)
2267 4577 2444 4632 Dedit.

2155 4644 2234 4724 (7)
2265 4650 2366 4706 Per
2387 4649 2688 4720 prophetam
2715 4648 3018 4704 clamantem
3041 4644 3295 4718 Spiritum
3315 4651 3570 4699 sanctum.

2085 4851 2320 4922 Remig.,
2353 4850 2661 4922 intellectus.
2703 4847 3026 4902 Luculenter
3063 4845 3206 4922 enim
3251 4843 3463 4922 Patrem
3495 4851 3553 4922 et
3580 4841 3673 4897 Fi-

2083 4925 2212 4979 lium
2239 4912 2495 4993 pricdicat.
2518 4921 2889 4993 Evangelium,
2915 4915 3152 4986 quamvis
3177 4912 3550 4993 generationis
3565 4929 3682 4967 uto-

2083 4997 2208 5050 dum
2240 4986 2474 5049 'silentio
2521 4986 2690 5060 tegat:
2715 4989 2901 5059 Itaque
2947 4997 3193 5042 tenemus
3229 5001 3374 5049 rem,
3407 4986 3677 5040 nescimus

2083 5069 2322 5122 modum.

2157 5137 2386 5211 (g)_Mss_.
2420 5151 2529 5211 uno
2555 5142 2933 5211 exceptohnon
2967 5129 3168 5211 habent
3196 5171 3211 5192 ,
3267 5137 3336 5189 et,
3369 5127 3472 5211 Qui
3510 5136 3584 5180 est
3622 5127 3676 5180 in

2083 5199 2426 5264 sin‘ti'Patris.
2457 5207 2552 5261 ilic
2580 5199 2730 5258 locus
2755 5204 2914 5258 aliter
2943 5202 3166 5257 aliertur
3197 5217 3344 5254 nttut.
3370 5199 3461 5252 25.

2163 5283 2242 5350 (tt)
2273 5279 2469 5334 Vocem
2519 5276 2673 5350 Pater
2718 5276 2971 5350 omittunt
3019 5273 3259 5350 plerique
3287 5285 3434 5350 _ttt_ss.
3464 5269 3679 5350 Deinde

2089 5341 2186 5419 pro
2220 5341 2378 5415 Filio,
2431 5365 2562 5403 msz.
2602 5348 2718 5402 Vat.
2765 5348 2896 5419 bas.
2933 5341 3473 5419 et_C:it'_u._e.\'_ltibent
3525 5341 3673 5419 mihi.

2093 5411 2248 5478 llunc
2293 5411 2464 5475 locum
2519 5437 2623 5473 non
2671 5419 2840 5472 semel
2890 5417 3067 5470 laudat
3119 5414 3383 5468 llilarius:
3437 5419 3492 5465 at
3537 5411 3682 5466 unde

2094 5493 2296 5559 laudet,
2327 5493 2611 5546 incertum.
2643 5489 2821 5542 Videri
2853 5497 3035 5556 posset.
3081 5485 3206 5540 illud
3229 5483 3426 5559 Matth.
3455 5498 3506 5538 xl
3529 5525 3543 5544 ,
3573 5483 3677 5538 25:

2097 5555 2291 5620 Omnia
2325 5564 2452 5617 mihi
2473 5563 2663 5616 tradita
2688 5569 2805 5613 sunt
2853 5555 2884 5613 ὰ
2927 5559 3107 5622 Putre,
3159 5555 3242 5610 vel
3273 5570 3338 5610 ex
3367 5571 3531 5610 sensu
3565 5566 3683 5608 tau-

2092 5650 2201 5692 tum
2229 5635 2311 5690 vel
2342 5651 2407 5690 ex
2453 5633 2708 5702 singulari
2733 5631 2981 5702 versione
3026 5642 3362 5702 memorare,
3409 5627 3512 5682 nisi
3547 5625 3683 5682 inira

2095 5709 2188 5764 lib.
2219 5722 2291 5766 vt.
2326 5723 2380 5760 n.
2409 5704 2501 5770 2‘2,
2534 5700 2587 5759 et
2616 5703 2743 5758 alibi
2781 5701 3060 5756 nobiscum
3087 5700 3436 5770 consentiret.

2169 5777 2230 5854 (i)
2267 5779 2337 5832 lta
2368 5769 2497 5834 mss.
2531 5779 2597 5832 At
2623 5773 2752 5832 editi
2784 5813 2800 5843 ,
2833 5789 2924 5844 par
2953 5769 3255 5844 prophetam
3283 5769 3602 5825 clamantem.
