4118 6186
489 240 559 297 59
1699 237 1946 296 SANCTI
1986 235 2247 294 lllLARll
2284 234 2596 296 EPISCOPI
3727 244 3796 299 (αθ

490 357 702 413 tulabor
752 354 1143 430 profecturum.
1173 356 1274 426 Qui
1305 356 1450 412 enim
1502 357 1588 427 pie
1637 353 1848 411 inﬁnita
1902 354 2319 425 perse-Atiam
2343 353 2487 408 enim
2536 353 2630 410 Dei
2669 353 3115 425 reprobaveruut.
3171 355 3419 413 Scribam
3471 371 3604 428 ergo
3655 359 3787 430 legis

492 451 697 524 quitur,
732 451 832 508 etsi
863 467 971 508 non
1034 450 1310 521 contingat
1360 448 1671 521 aliquando,
1719 457 1899 504 tamen
1931 448 2094 518 proli-

491 547 599 602 ciet
643 546 979 618 prodeundo.
1024 545 1145 603 Stat
1194 545 1249 601 in
1299 546 1403 601 hoc
1447 544 1527 618 (a)
1582 541 1941 615 intelligentia
1985 542 2096 599 ﬁne

493 640 808 697 verborum.

569 734 656 788 ll.
692 732 820 787 Filii
837 742 1044 786 natura.
1069 729 1222 787 Fidei
1258 731 1574 802 oﬂ'irium.—
1602 729 1696 785 Est
1718 727 1892 785 Filius
1922 726 1997 799 (b)
2030 727 2098 784 ab

386 869 399 879 .
498 843 565 883 eo
629 839 781 899 patre
835 826 923 897 qtti
983 834 1095 894 est,
1131 825 1435 896 unigenitus
1467 823 1534 880 ab
1591 823 1847 894 ingenito,
1904 836 2096 893 proge-

493 922 611 976 nies
642 937 669 974 a
703 928 947 990 parente,
982 920 1136 975 vivus
1164 935 1191 974 a
1220 920 1362 975 vivo.
1397 918 1466 975 Ut
1496 917 1640 973 Patri
1666 918 1775 973 vita
1806 916 1860 972 itt
1898 924 2099 973 semet-

492 1013 630 1081 ipso,
685 1012 755 1067 ita
789 1023 843 1068 et
869 1011 1009 1068 Filio
1055 1011 1179 1068 data
1227 1021 1308 1067 est
1354 1010 1462 1066 vita
1508 1010 1560 1065 in
1617 1009 1933 1079 semetipso.
1968 1008 2099 1064 Per-

492 1105 663 1160 fectus
698 1121 728 1160 a
760 1106 1020 1175 perfecto,
1055 1106 1181 1176 quia
1209 1114 1355 1160 totus
1381 1122 1410 1160 a
1440 1115 1592 1172 toto;
1626 1120 1732 1159 non
1786 1103 1980 1159 divisio
2003 1113 2097 1158 aut

493 1197 766 1266 discissio,
801 1198 924 1268 quia
954 1197 1025 1270 (ε)
1056 1199 1193 1253 alter
1216 1199 1270 1253 in
1301 1197 1498 1264 altero,
1553 1207 1607 1252 et
1636 1195 1913 1266 plenitudo
1958 1195 2095 1250 divi-

496 1292 681 1348 nitatis
714 1293 765 1347 in
795 1292 936 1348 Filio
982 1301 1084 1348 est.
1145 1291 1716 1363 Ineomprehensibilis
1771 1292 1840 1346 ab
1887 1290 2097 1346 incom-

390 1442 397 1447 ,
497 1385 889 1456 prehensibili;
939 1386 1087 1439 novit
1134 1386 1277 1441 enim
1309 1401 1505 1453 nemo,
1560 1385 1662 1439 nisi
1713 1384 1967 1439 invicem.
2011 1382 2098 1439 ln-

496 1479 726 1557 visibilis
767 1480 835 1535 ab
866 1478 1155 1533 invisibili:
1186 1477 1296 1551 34.
1320 1479 1441 1548 qttia
1484 1480 1660 1547 imago
1690 1477 1784 1533 Dei
1814 1476 2098 1532 invisibilis

495 1580 582 1627 est
611 1589 625 1637 ;
654 1584 708 1627 et
738 1572 859 1643 quia
893 1572 984 1641 qui
1015 1570 1146 1625 vidit
1192 1570 1412 1636 Filium,
1438 1570 1571 1625 vidit
1600 1582 1653 1626 et
1681 1571 1917 1626 Patrem.
1945 1570 2098 1625 Alius

495 1666 564 1719 ab
594 1664 700 1719 alio
732 1682 746 1730 ;
790 1664 910 1733 quia
943 1675 1096 1734 pater
1125 1673 1178 1720 et
1212 1663 1354 1720 ﬁlius
1387 1681 1400 1718 :
1434 1679 1543 1719 non
1585 1672 1770 1719 natura
1802 1664 2097 1719 divinitatis

2198 449 2479 505 consulam
2506 449 2528 504 ?
2558 448 2665 505 Sed
2694 450 2904 521 ignorat
2933 467 2949 517 ;
2979 450 3106 521 quia
3136 449 3185 506 ei
3213 465 3346 505 crux
3393 450 3596 509 Christi
3640 467 3795 509 scan-

2197 540 2379 597 dalum
2416 551 2520 598 est.
2554 540 2823 597 Hortabor
2847 541 2988 599 forte
3015 557 3112 598 vos
3146 542 3443 600 connivere
3490 554 3545 600 et
3592 553 3793 612 tacere,

2197 633 2321 706 quia
2364 633 2433 689 ad
2464 634 2871 691 venerationem
2902 635 3036 691 satis
3065 634 3137 692 sit
3165 635 3282 706 ejus
3307 636 3398 707 qui
3446 636 3792 707 prmdicatur,

2196 728 2442 797 leprosos
2486 727 2809 783 emundatos
2853 726 3040 796 fuisse,
3074 728 3267 783 surdos
3312 727 3550 796 audisse,
3579 728 3800 785 claudos

2195 823 2522 890 cucurrisse,
2572 824 2897 895 paralyticos
2926 822 3257 889 constitisse,
3286 837 3463 878 emcos
3496 823 3577 893 (5)
3616 823 3794 879 lumen

2196 916 2497 986 recepisse,
2551 930 2754 972 etecum
2824 915 2892 970 ab
2952 925 3104 972 utero
3151 916 3339 972 oculos
3394 926 3788 984 consecutum,

2198 1009 2474 1066 daemonas
2526 1010 2761 1082 fugatos,
2832 1018 3067 1080 aegrotos
3140 1009 3478 1074 revaluisse,
3551 1018 3795 1065 m0rtuos

2198 1103 2454 1161 vixisse?
2504 1103 2612 1161 Sed
2684 1103 2803 1160 hate
2872 1104 3112 1160 hatretici
3163 1104 3507 1172 conﬁtentur,
3567 1113 3624 1161 et.
3676 1119 3802 1176 ler-

2199 1206 2349 1255 euut.

2277 1290 2365 1346 15.
2393 1289 2590 1345 Eadem
2616 1290 2860 1362 piscatori
2886 1290 3129 1346 revelata.
3162 1288 3386 1345 Verbum
3412 1299 3486 1345 est
3515 1307 3548 1346 α
3579 1298 3805 1362 tempore

2200 1385 2523 1441 liberum.—
2543 1385 2866 1455 ExSpectate
2896 1385 3079 1455 itaque
3116 1383 3247 1439 nihil
3276 1384 3456 1440 minus
3486 1384 3802 1440 claudortnn

2198 1494 2380 1545 cursu,
2405 1492 2673 1534 caecorum
2700 1476 2840 1544 visu,
2891 1477 3014 1548 fuga
3046 1475 3377 1544 da'mouum,
3406 1477 3513 1532 vita
3561 1488 3806 1533 mortuo-

2196 1587 2335 1627 rum.
2363 1569 2443 1641 (4)
2473 1567 2729 1625 Consistit
2751 1570 2895 1625 enim
2931 1584 3165 1638 mecum,
3211 1570 3263 1625 in
3309 1571 3663 1640 patrocinium
3694 1570 3810 1626 edi-

2203 1675 2374 1721 tarutn
2397 1666 2644 1735 superius
2672 1663 3073 1731 difficultatum,
3105 1663 3338 1734 piscator
3351 1678 3537 1734 egens,
3555 1664 3632 1736 (5)
3654 1662 3811 1735 igua-

494 1755 597 1809 alia
644 1765 696 1808 et
726 1755 871 1820 alia;
907 1755 1029 1824 quia
1057 1754 1217 1809 ambo
1244 1770 1431 1810 unum.
1464 1758 1605 1810 Deus
1635 1771 1665 1810 a
1690 1755 1819 1821 Deo,
1868 1756 1937 1810 ab
1983 1769 2092 1811 uno
2121 1749 2170 1810 B
2196 1772 2309 1825 rus,
2365 1757 2630 1823 indoctus,
2683 1757 2931 1812 manibus
2982 1757 3090 1811 lino
3139 1754 3218 1827 (6)
3278 1766 3595 1828 occupatus,
3648 1767 3801 1813 veste

497 1845 736 1917 ingenito
768 1846 876 1901 Deo
916 1861 1056 1900 unus
1112 1846 1418 1916 unigenitns
1468 1846 1641 1912 Deus;
1690 1861 1797 1901 non
1848 1845 1922 1901 dii
1965 1845 2093 1916 duo,

495 1940 589 1995 sed
617 1956 754 1994 unus
784 1939 853 1994 ab
877 1954 1017 2006 uno;
1051 1954 1157 1994 non
1200 1941 1421 2010 ingeniti
1454 1941 1582 2005 duo,
1634 1940 1756 2010 quia
1812 1949 1969 1995 natus
2015 1950 2099 1997 est

498 2034 567 2088 ab
597 2034 780 2087 innato
805 2049 820 2097 ;
850 2032 987 2087 alter
1015 2032 1083 2086 ab
1113 2032 1285 2087 allcro
1318 2022 1455 2087 nihil
1505 2033 1785 2100 differens,
1816 2034 1939 2102 quia
1988 2034 2098 2088 vita

516 2125 750 2182 viventis
815 2125 866 2179 in
918 2124 1041 2179 vivo
1090 2136 1194 2181 est.
1268 2125 1395 2181 ilch
1440 2126 1508 2180 de
1565 2135 1757 2181 natura
1803 2125 2099 2182 divinitatis

505 2220 586 2289 (1)
611 2218 907 2288 attigimus,
930 2232 1036 2272 non
1061 2232 1326 2273 summam
1354 2217 1715 2288 intelligentia
1735 2217 2098 2287 comprehen-

501 2310 715 2377 dentes,
744 2308 1213 2380 sedintelligentes
1239 2325 1361 2366 esse
1384 2309 1948 2380 incomprehensibilia
1979 2326 2099 2381 quae

498 2404 807 2475 loquamur.
834 2402 1049 2458 Nullum
1075 2417 1225 2473 ergo,
1260 2402 1341 2474 (‘2)
1375 2403 1533 2465 dicis,
1567 2401 1804 2458 ofﬁcium
1836 2413 1921 2459 est
1950 2404 2096 2471 fidei,

498 2499 544 2553 si
602 2495 733 2551 nihil
783 2496 982 2567 poterit
1026 2497 1436 2567 comprehendi.
1489 2498 1660 2552 Immo
1709 2497 1811 2552 huc
1859 2497 2099 2554 ofﬁcium

495 2588 633 2645 ﬁdes
682 2588 1019 2659 proﬁteatur,
1070 2589 1124 2645 id
1170 2590 1313 2646 unde
1362 2590 1628 2662 qumritur
1684 2592 2101 2664 incomprehen-

494 2681 654 2737 sibile
679 2681 780 2737 sibi
803 2697 924 2738 esse
967 2698 1027 2738 se
1062 2683 1226 2739 scire.

571 2774 655 2831 l2.
685 2774 962 2832 Generatio
992 2776 1118 2832 Filii
1144 2777 1273 2845 Dei,
1302 2779 1481 2853 ignota
1527 2779 1845 2852 sapientibus
1895 2783 2095 2850 mundi,

495 2871 676 2926 scribis
703 2871 861 2942 legis,
907 2871 1175 2927 miraculis
1205 2889 1307 2927 non
1335 2875 1459 2929 satis
1482 2870 1715 2942 probata.
1746 2874 2100 2947 -—Superest

493 2963 562 3019 de
615 2963 967 3020 inenarrabili
1016 2965 1366 3034 generatione
1434 2965 1555 3021 Filii
1611 2968 1789 3025 adhuc
1853 2969 2098 3040 aliquid,

496 3054 663 3110 immo
693 3055 897 3127 aliquid
954 3055 1083 3111 illttd
1137 3046 1314 3113 adhuc
1355 3067 1522 3114 totum
1556 3068 1660 3115 est.
1689 3060 1906 3128 At‘stuo,
1946 3060 2101 3117 dilic-

2201 1850 2381 1913 ttvida,
2411 1848 2639 1918 pedibus
2680 1849 2811 1903 limo
2833 1849 3057 1914 oblitus,
3091 1856 3232 1903 totus
3259 1863 3289 1902 e
3312 1850 3453 1903 navi.
3481 1848 3717 1917 Qumrite
3742 1856 3801 1905 et

2201 1942 2501 2012 intelligite,
2523 1939 2589 2014 (ι’)
2607 1950 2782 1996 utrum
2806 1940 3109 1996 mirabilius
3132 1939 3289 1995 fuerit
3304 1941 3382 2013 (7)
3409 1951 3648 1996 mortuos
3661 1942 3811 1997 exci-

2203 2042 2367 2101 tasse,
2388 2050 2454 2089 an
2471 2034 2719 2103 imperito
2732 2034 3011 2091 scientiam
3024 2016 3295 2088 doctrina:
3320 2033 3478 2088 istius
3507 2033 3807 2091 intimasse.

2200 2128 2292 2182 Ait
2321 2126 2463 2182 enim
2493 2145 2507 2181 :
2547 2126 2655 2202 35
2690 2125 2756 2180 In
2783 2126 3035 2200 principio
3059 2135 3167 2181 erat
3206 2125 3421 2180 Verbum
3448 2126 3629 2197 (Joan.
3661 2143 3699 2193 ι,
3732 2128 3805 2197 1).

2200 2219 2337 2287 Quid
2359 2229 2442 2276 est
2455 2219 2620 2285 istud,
2644 2220 2700 2274 in
2717 2220 2972 2291 principio
2984 2219 3130 2275 erat?
3153 2218 3520 2274 Transeuntur
3537 2229 3806 2289 tempora,

2202 2314 2282 2388 (8)
2306 2313 2381 2388 (g)
2416 2314 2857 2370 transmittuntur
2885 2314 3103 2379 saecula,
3137 2313 3397 2370 tolluntur
3424 2320 3630 2369 aetates.
3660 2314 3811 2370 Pone

2201 2409 2415 2480 aliquod
2439 2408 2579 2480 quod
2606 2409 2753 2464 voles
2771 2417 2858 2463 tua
2887 2407 3141 2477 opinione
3160 2405 3480 2475 principium
3497 2422 3511 2460 :
3527 2420 3633 2461 non
3655 2416 3811 2461 tenes

2204 2510 2471 2572 tempore,
2495 2510 2601 2555 erat
2630 2500 2772 2556 enim
2802 2497 2945 2554 unde
2976 2506 3257 2553 tractatur.
3290 2495 3520 2567 Respice
3556 2495 3620 2550 ad
3651 2513 3813 2550 mun-

2200 2596 2350 2664 dtun,
2403 2596 2640 2667 intellige
2669 2592 2799 2666 quiti
2843 2593 2912 2649 de
2956 2608 3023 2649 eo
3072 2593 3333 2662 scriptum
3379 2590 3491 2645 sit:
3554 2588 3625 2644 In
3664 2593 3812 2660 prin-

2202 2692 2338 2762 cipio
2363 2690 2483 2761 fecit
2506 2688 2649 2746 Deus
2679 2687 2862 2744 caelum
2883 2698 2931 2744 et
2953 2698 3142 2744 terram
3175 2687 3195 2759 (
3224 2685 3353 2742 Gen.
3386 2701 3427 2753 ι,
3454 2686 3530 2756 l).
3562 2684 3651 2740 Fit
3676 2699 3809 2756 ergo

2204 2786 2256 2840 in
2287 2786 2552 2857 principio
2579 2784 2722 2856 quod
2761 2792 2998 2849 creatur,
3024 2792 3078 2838 et
3107 2781 3184 2854 (9)
3212 2781 3292 2854 (tt)
3318 2790 3478 2837 aetate
3519 2780 3809 2837 continens

2202 2880 2345 2953 quod
2374 2880 2426 2935 itt
2452 2879 2717 2950 principio
2762 2878 3070 2934 continetur
3111 2885 3169 2931 ut
3208 2876 3380 2932 ﬁeret.
3426 2873 3576 2929 Meus
3624 2884 3805 2929 autem

2206 2975 2445 3046 piscator
2476 2973 2807 3039 illitteratus,
2857 2971 3130 3039 indoctus,
3161 2970 3296 3025 liber
3337 2985 3366 3024 a
3394 2976 3662 3038 tempore,
3719 2982 3809 3023 so-

2203 3068 2349 3124 lutus
2374 3082 2403 3122 a
2434 3066 2647 3122 sacculis
2672 3075 2779 3133 est,
2812 3065 3116 3120 vicitomne
3139 3061 3459 3133 principium
3482 3079 3495 3117 :
3524 3070 3631 3117 erat
3659 3062 3806 3116 enim

494 3165 607 3216 1³01⁵,
644 3148 726 3222 (ά)
781 3150 1035 3218 hebesco,
1067 3160 1123 3208 et
1169 3152 1310 3208 unde
1351 3152 1602 3222 incipiam
1647 3155 1853 3211 nescio.
1904 3154 2100 3210 NeSCiO
2129 3141 2174 3205 Ο
2206 3160 2349 3232 quod
2377 3168 2482 3228 est,
2515 3174 2692 3230 neque
2744 3158 2798 3213 in
2852 3166 3101 3227 tempore
3139 3156 3319 3225 aliquo
3369 3155 3709 3211 concluditur
3750 3164 3809 3209 ιιι

500 3243 645 3299 enim
695 3244 912 3313 quando
971 3255 1127 3301 natus
1182 3246 1253 3300 sit
1307 3245 1520 3314 Filius;
1570 3257 1625 3303 et
1671 3250 1825 3305 nefas
1854 3260 1939 3305 est
1967 3250 2100 3306 mihi

496 3338 711 3394 nescire
740 3337 881 3408 quod
911 3350 1071 3394 natus
1115 3339 1206 3394 sit.
1251 3338 1423 3406 Quem
1445 3342 1783 3412 'imprecer?
1812 3358 1971 3412 quem
2003 3344 2104 3398 im-

497 3431 754 3501 plorem?
782 3446 845 3485 ex
878 3432 1074 3501 quibus
1106 3432 1261 3487 libris
1291 3431 1358 3487 ad
1407 3442 1677 3488 tantarum
1718 3434 2097 3493 difﬁcultatum

497 3527 897 3583 enarrationettt
945 3527 1108 3583 verba
1147 3529 1524 3595 przrsumam?
1579 3529 1834 3585 Evolvam
1885 3547 2102 3588 omnem

500 3620 723 3678 Gratcite
764 3620 1058 3677 scholam?
1106 3620 1211 3678 Sed
1260 3621 1366 3692 legi
1418 3639 1431 3676 :
1484 3622 1582 3678 Ubi
1625 3624 1972 3699 sapiens?(e)
2021 3626 2108 3681 ubi

499 3715 815 3783 conquisitor
850 3715 1027 3771 διεδηιὶ
1057 3713 1076 3787 (
1104 3714 1125 3770 Ι
1155 3714 1276 3769 Cor.
1310 3731 1348 3782 ι,
1399 3714 1555 3785 9.0)?
1597 3716 1654 3771 lu
1703 3716 1807 3773 hoc
1854 3733 1984 3789 ergo
2018 3735 2108 3776 so-

497 3807 692 3879 phistae
723 3806 910 3865 mundi
941 3817 993 3863 et
1022 3807 1294 3878 sapientes
1322 3808 1506 3864 saeculi
1539 3809 1670 3865 ntuti
1701 3818 1858 3879 sunt;
1892 3812 2107 3883 sapien-

599 3947 649 4012 l)
684 3948 1012 4012 Attingimus.

599 3966 621 4002 1
684 3966 823 4004 ἐυυη
862 3966 1012 4006 unus.

598 3966 960 4094 QiDiccsgnox
974 4022 1753 4094 quwreturincompreltensibile
1764 4041 1872 4082 esse
1883 4040 1938 4082 se
1948 4025 2098 4083 scire.

577 4091 655 4163 (5)
686 4092 883 4147 Lumen
912 4091 1119 4149 vidisse.

571 4161 652 4230 (4)
684 4164 939 4218 Constitit.

577 4234 657 4304 (5)
679 4236 772 4308 Sic
789 4250 854 4289 ex
875 4235 1185 4290 ms.Veron.
1218 4235 1463 4303 legimus.
1484 4254 1590 4292 non
1613 4238 1903 4308 ignotus,ut
1920 4250 2103 4298 antea.

503 4301 812 4374 Natn'pauln
832 4316 950 4373 post
976 4308 1215 4369 sequitur
1240 4326 1251 4359 :
1274 4301 1497 4374 piscator
1511 4301 1833 4371 illitteratus;
1845 4313 2100 4368 indoctus.

573 4368 902 4451 (gilanib'us
915 4378 1020 4432 lino
1034 4368 1312 4449 occupatis.
1324 4379 1543 4449 Deinde,
1554 4381 1765 4451 pedibus
1778 4368 1901 4437 limo
1914 4383 2103 4440 oblitis.
2134 4368 2186 4429 Ῑ)

574 4446 654 4513 (7)
698 4446 980 4503 Martuum.

578 4517 656 4589 (8)
709 4518 1145 4576 Trascenduntur.

584 4591 661 4655 (9)
689 4590 870 4645 AZtate
898 4592 1179 4647 continens.

578 4662 694 4735 (l0)
715 4662 1046 4719 Veronensis
1068 4664 1226 4732 liber,
1256 4674 1305 4719 et
1320 4675 1484 4720 sumet
1503 4665 1702 4723 sibimet
1724 4668 1861 4738 quod
1890 4668 2107 4724 liberum

578 4776 651 4848 (a)
672 4774 946 4851 Par._cum
985 4790 1117 4851 mss.
1146 4773 1300 4831 Colh.
1353 4787 1410 4851 et
1437 4775 1623 4851 Germ.
1665 4820 1691 4851 ,ί
1720 4779 2100 4851 intelligentiae.

504 4846 604 4903 llic
641 4848 760 4915 pius
802 4846 1005 4901 Prmsul
1049 4853 1315 4902 rationem
1362 4848 1576 4904 videtur
1602 4849 1863 4916 reddere,
1896 4846 2008 4907 'cur
2035 4852 2103 4907 ad

503 4912 865 4988 cognitionem
893 4919 1073 4972 arcani
1099 4920 1368 4974 neminem
1391 4912 1771 4989 perventu‘rum
1794 4912 1915 4977 esse
1936 4923 2099 4988 dicat,

510 4992 633 5060 quia
662 4989 917 5044 videlicet
962 4990 1388 5060 investigationis
1438 4992 1583 5048 illius
1615 4993 1735 5048 ﬁnis
1763 4996 1870 5049 erit
1905 4995 2105 5049 intelli-

508 5063 685 5131 gentia
714 5061 1033 5123 verborum,
1079 5073 1199 5131 pnta
1230 5064 1373 5132 quod
1424 5064 1475 5117 in
1509 5064 1618 5119 Deo
1650 5065 1721 5119 sit
1742 5081 1904 5119 verus
1944 5066 2107 5121 Pater

507 5143 564 5189 et
589 5148 750 5188 verus
780 5132 949 5203 Filius
976 5134 1213 5203 ejusdem
1241 5149 1362 5188 cum
1387 5134 1546 5191 Patre
1570 5147 1807 5192 naturatz
1839 5138 1933 5192 sed
1965 5138 2104 5193 ultra

507 5205 758 5277 progredi
790 5202 861 5277 ad
882 5202 1252 5277 generationis
1282 5206 1498 5277 modum
1532 5223 1638 5261 non
1684 5207 1923 5263 dabitur.

585 5276 658 5346 (b)
696 5276 811 5341 Er.,
842 5274 991 5342 Lips.
1023 5284 1076 5346 et
1104 5275 1226 5330 Par.
1262 5275 1323 5329 ab
1344 5294 1402 5330 eo
1426 5279 1515 5343 qui
1541 5277 1694 5333 Pater
1717 5288 1824 5346 est;
1848 5280 2105 5336 obniten-

509 5347 652 5422 tibus
680 5348 798 5402 aliis
828 5346 998 5402 libris.
1034 5345 1181 5422 Idem
1213 5346 1463 5422 loquendi
1498 5350 1690 5422 modus
1716 5351 1976 5422 deinceps
2005 5369 2110 5406 sm-

515 5419 897 5488 pinsrerurret
919 5460 933 5483 ,
958 5425 1013 5474 et
1042 5417 1182 5472 aliud
1211 5418 1337 5483 quid
1368 5429 1545 5475 sonat.
1575 5421 1639 5476 V.
1675 5422 1765 5476 lib.
1800 5440 1857 5478 tn
1879 5466 1892 5485 .
1916 5417 1979 5477 ἠ.
2011 5424 2106 5479 22.

583 5487 661 5612 (ε)1
685 5490 813 5546 Mss.
836 5488 960 5546 Val.
994 5488 1111 5545 bas.
1144 5498 1200 5545 et
1236 5488 1457 5545 Carnut.
1496 5495 1626 5548 alter
1655 5494 1717 5548 ab
1758 5497 1954 5550 altero:
2003 5497 2108 5551 mi.

583 5573 617 5611 IS
668 5577 802 5612 tene.

517 5570 617 5613 nus
649 5570 802 5616 bene.

586 5630 667 5703 (tl)
693 5632 793 5709 Alii
826 5645 956 5687 mss.
984 5633 1186 5709 habent
1215 5635 1473 5702 erubesco,
1506 5636 1596 5691 alii
1633 5638 1855 5709 tabesco,
1886 5655 1951 5695 ex
1983 5640 2105 5709 qui-

512 5702 615 5758 bus
650 5702 1004 5778 confirmatur
1045 5707 1358 5778 conjectura
1406 5716 1588 5762 nostra
1636 5702 1922 5778 legendum
1985 5702 2108 5771 esse

515 5789 668 5832 num.
697 5775 753 5844 5,
779 5775 832 5832 in
864 5790 1015 5833 sensu
1035 5775 1176 5834 tabes
1203 5787 1276 5835 est
1298 5819 1315 5849 ,
1343 5795 1452 5839 non
1487 5778 1625 5839 labes
1653 5775 1748 5839 est.

2202 3252 2429 3324 cmperit
2455 3294 2471 3315 ,
2509 3251 2654 3322 quod
2697 3259 2816 3307 erat
2864 3249 3042 3323 potius
3072 3249 3126 3304 in
3174 3248 3453 3320 principio,
3492 3264 3654 3321 quam
3707 3250 3805 3304 lle-

2207 3346 2316 3400 bat.

2280 3438 2365 3496 ιι.
2421 3436 2545 3493 Non
2591 3446 2666 3493 est
2707 3445 2875 3491 tamen
2922 3437 3233 3492 solitarium.
3275 3467 3349 3479 —-
3390 3435 3499 3493 Sed
3544 3435 3810 3491 excidisse

2209 3520 2350 3590 forte
2378 3533 2446 3590 ab
2480 3532 2669 3588 ordine
2700 3531 2993 3601 proposita:
3031 3530 3432 3586 distributionis
3480 3530 3807 3599 piscatorem

2211 3634 2460 3683 nostrum
2490 3622 2992 3695 deprehendemus:
3029 3622 3262 3679 Verbum
3293 3624 3438 3680 enim
3471 3631 3713 3692 tempore
3741 3621 3807 3676 li-

2209 3720 2438 3787 beravit,
2468 3718 2584 3791 (ιο)
2618 3717 2681 3789 (i)
2709 3728 2762 3772 et
2793 3733 2950 3773 suum
3001 3726 3083 3773 est
3122 3717 3362 3788 sibique,
3411 3716 3552 3786 quod
3580 3716 3807 3771 liberum

2210 3822 2313 3882 est,
2368 3819 2424 3868 et
2468 3810 2769 3867 solitarium
2818 3820 2875 3866 et
2927 3808 3308 3880 obtemperans
3360 3807 3583 3865 nemini.
3633 3809 3807 3864 Aures

2205 3964 2281 4012 est
2310 3970 2329 4010 :
2357 3953 2499 4019 quod
2555 3952 2608 4008 in
2640 3951 2784 4008 idem
2815 3950 3024 4008 recidit.
3059 3951 3191 4007 Nam
3226 3952 3271 4006 si
3321 3949 3553 4006 Verbum
3595 3963 3627 4004 a
3675 3956 3810 4004 tem-

2206 4042 2339 4098 pore
2372 4026 2599 4081 liberum
2638 4035 2749 4098 est,
2796 4039 3136 4098 consequens
3163 4023 3408 4098 videtur,
3454 4021 3808 4098 quod__s_uniet

2207 4091 2405 4154 iibimet
2426 4100 2561 4168 quod
2588 4097 2805 4151 liberum
2832 4107 2931 4164 est,
2963 4095 3016 4151 id
3045 4104 3128 4151 est
3148 4095 3228 4148 sui
3248 4094 3386 4163 juris
3411 4107 3536 4168 esse
3560 4091 3663 4168 sibi
3692 4093 3812 4145 vin-

2208 4163 2531 4232 dicabit,'et
2556 4168 2856 4223 solitarium
2910 4163 3033 4222 esse
3081 4176 3243 4235 atque
3281 4181 3311 4217 a
3360 4163 3577 4218 nemine
3609 4163 3811 4233 depen-

2209 4241 2364 4297 dens.
2400 4242 2569 4308 Quam
2613 4239 2827 4309 quidem
2861 4234 3223 4305 objectionem
3252 4236 3411 4309 diluit
3437 4251 3504 4309 ex
3551 4234 3809 4309 subnexis

2210 4305 2454 4382 Apostoli
2487 4305 2766 4372 verbis,et
2820 4309 3040 4365 Verbum
3093 4319 3199 4382 crat
3242 4306 3382 4382 apud
3419 4305 3614 4382 _l_)eu_m.
3649 4306 3810 4360 Auris

2213 4377 2506 4454 erigamus,
2550 4382 2753 4451 inquit,
2798 4391 2902 4436 etc.
2956 4380 3217 4454 'l‘amet_si_
3234 4379 3377 4435 enim
3419 4377 3667 4454 Verbum
3701 4387 3809 4431 erat

2214 4448 2339 4511 anie
2369 4448 2747 4524 tempusferat
2789 4461 2966 4524 tamen
3008 4452 3150 4519 apud
3168 4448 3448 4524 iDeum;et
3489 4451 3574 4524 qui
3614 4448 3752 4524 abest
3777 4467 3810 4505 (ι

2214 4537 2439 4596 tempore
2458 4522 2780 4593 ,'non.abest
2818 4523 2878 4578 ab
2910 4534 3135 4579 auctore.
3165 4523 3242 4578 lta
3280 4536 3510 4596 namque
3541 4522 3592 4575 in
3621 4522 3809 4596 eodem

2216 4593 2463 4668 legimus.
2513 4596 2754 4653 liabetur
2792 4596 2879 4652 hic
2924 4597 2977 4652 in
3019 4596 3212 4659 eodem,
3249 4593 3437 4651 codice
3473 4609 3653 4659 eratis,
3693 4594 3811 4646 loco

2212 4677 2306 4729 λι·οῦ
2337 4670 2423 4741 qui
2452 4678 2582 4726 erat.

2280 4781 2355 4851 (e)
2381 4780 2437 4836 In
2471 4780 2707 4852 vulgatis
2734 4779 2952 4835 additur
2993 4779 3079 4852 hic
3106 4778 3190 4833 ubi
3218 4776 3424 4852 scriba?
3455 4775 3594 4847 quod
3618 4774 3812 4852 melius

2209 4847 2363 4909 abest
2388 4868 2417 4907 a
2446 4847 2646 4908 mssfsi
2663 4852 2881 4923 quidem
2925 4851 3116 4905 scriba:
3156 4850 3376 4905 nomine
3415 4864 3524 4903 non
3555 4847 3769 4919 gentilis
3792 4889 3806 4913 ,

2208 4925 2302 4980 sed
2336 4925 2467 4995 legis
2496 4925 2686 4979 doctor
2714 4924 3068 4993 significatur.

2283 4995 2353 5067 (Ι)
2372 4990 2469 5051 liic
2484 4990 2891 5065 vnlg.adjiciunt
2905 4992 3301 5067 circumspicjte:
3314 4990 3456 5067 qu_o_d
3471 4992 3621 5046 abest
3636 5005 3665 5044 a
3680 5005 3811 5045 mss.

2373 5061 2685 5141 Complures
2703 5061 2838 5141 inss.
2862 5081 2983 5141 eum
3010 5061 3162 5126 Bad.,
3179 5062 3353 5141 liuet
3376 5061 3521 5141 ἱέρεα.
3538 5072 3810 5141 transcen-

2211 5131 2426 5197 duiitur.
2460 5131 2579 5194 Mox
2624 5140 2675 5192 in
2704 5137 2935 5205 vulgatis
2966 5152 3096 5203 pone
3136 5135 3354 5200 aliquid.
3385 5131 3716 5205 conc-iunius
3762 5133 3811 5186 in

2208 5228 2340 5269 mss.
2373 5208 2579 5279 aliquod
2601 5250 2614 5268 .
2643 5210 2763 5264 scil.
2800 5201 3148 5279 principium.
3204 5205 3405 5262 Deinde
3451 5204 3503 5258 in
3536 5201 3659 5259 Vat.
3690 5203 3807 5259 bas.

2210 5301 2314 5342 ms.
2339 5325 2351 5341 .
2378 5282 2701 5347 ouitmtione,
2736 5296 2842 5336 non
2872 5280 3132 5347 opinione.

2282 5355 2361 5426 (Ii)
2403 5353 2532 5408 Bad.
2563 5344 3079 5426 tetaterncontinens.
3114 5348 3388 5426 Editiottes
3426 5344 3816 5426 eliminatalem

2210 5417 2429 5484 continet
2454 5440 2472 5479 :
2495 5439 2525 5479 e
2547 5438 2677 5479 mss.
2701 5424 2790 5477 alii
2817 5424 3034 5488 habent,
3057 5430 3230 5477 a'tates
3254 5418 3496 5483 continet,
3520 5417 3608 5472 alii
3637 5428 3815 5472 anates

2213 5500 2491 5563 continent,
2509 5495 2598 5550 alii
2626 5505 2773 5550 aetate
2801 5496 3085 5550 continens.
3124 5491 3315 5546 Verius
3339 5496 3454 5545 tres
3484 5489 3814 5563 antiquiores

2214 5581 2365 5627 relate
2415 5559 2687 5624 contines:
2721 5568 2865 5639 quod
2903 5564 3190 5636 opponitur
3247 5562 3492 5632 proxime
3539 5559 3696 5615 dictis
3746 5561 3815 5617 de

2215 5644 2429 5699 Verbo:
2464 5657 2563 5694 non
2596 5650 2731 5695 tenes
2763 5651 3004 5711 tempore.

2293 5711 2553 5786 (ilApttd
2594 5711 2742 5786 Lips.
2773 5719 2831 5766 et
2864 5703 3021 5775 'Par.,
3052 5715 3099 5761 et
3128 5707 3284 5786 sumit
3310 5705 3409 5786 sibi
3429 5703 3575 5786 quod
3602 5703 3820 5786 liberant

2213 5795 2264 5848 et
2290 5775 2578 5848 solitarium
2598 5792 2645 5845 et
2662 5775 3016 5861 obtemperans
3051 5779 3245 5842 nemini
3270 5785 3387 5840 est:
3425 5777 3485 5841 in
3519 5790 3625 5838 ms.
3651 5775 3816 5837 Cotb.
