4118 6186
231 119 272 130 κ

276 252 342 307 6i
1528 249 1614 306 DE
1655 247 2031 306 TRINITA'I‘E
2071 249 2278 307 LIBER
2315 251 2382 309 11.
3521 254 3588 310 62

276 374 558 442 erigamus
585 369 639 424 in
659 377 879 424 caetera.
912 367 1032 422 Ait:
1063 365 1131 422 Et
1167 364 1383 421 Verbum
1415 375 1524 421 erat
1550 366 1692 437 apud
1714 365 1880 420 Deum
1909 373 1963 433 Α
2062 368 2152 423 16.
2186 367 2298 424 Nec
2346 369 2487 426 (redit
2521 331 2771 429 unitatem
2790 368 2998 426 Dei.—
3021 369 3128 426 Sed
3160 369 3370 442 trepido
3397 370 3449 425 in
3485 371 3592 424 die-

280 463 481 535 (Joan.
525 478 565 529 t,
608 462 707 532 ι).
735 460 854 517 Jam
885 459 1004 516 sine
1052 459 1316 530 principio
1369 469 1454 515 est
1496 458 1641 530 apud
1690 458 1888 527 Deum,

273 555 424 627 quod
451 562 572 611 erat
621 562 748 610 ante
787 552 1134 625 principium.
1184 551 1283 609 Est
1321 567 1451 624 ergo
1493 549 1572 624 (a)
1619 551 1708 623 qui
1747 561 1887 620 erat,

273 649 420 724 apud
474 647 644 703 Deum
676 663 696 703 :
739 659 794 704 et
831 648 923 720 qui
975 647 1130 703 abest
1180 663 1210 702 a
1254 645 1577 718 cognitionis
1622 655 1887 717 tempore,

275 758 388 799 non
415 743 570 798 abest
595 743 666 796 ab
695 749 937 797 auctore.
993 739 1237 798 Piscator
1281 750 1468 798 noster
1515 739 1688 796 evasit
1732 757 1746 795 :
1792 739 1890 796 sed

273 837 416 892 forte
456 835 684 891 haerebit
723 837 778 892 itt
807 834 1043 891 caeteris.

356 930 442 987 15.
493 933 574 986 An
623 931 692 985 sit
747 947 905 986 sonus
966 931 1105 986 uocis
1151 931 1310 1001 juxta
1356 928 1662 986 Hebionem.
1740 925 1898 985 Vocis

273 1041 408 1080 sono
434 1039 539 1082 non
569 1026 809 1098 congruit
862 1033 996 1081 erat.
1037 1022 1256 1081 Verbum
1282 1023 1426 1081 Deus
1474 1035 1569 1080 est.
1599 1054 1670 1066 —
1700 1021 1779 1097 (l)
1810 1022 1898 1078 Di-

285 1135 385 1176 ces
432 1121 576 1176 enim
639 1138 652 1174 :
701 1118 940 1176 Verbum
984 1134 1152 1176 sonus
1181 1120 1332 1176 vocis
1375 1129 1478 1185 est,
1519 1129 1575 1176 et
1601 1117 1898 1174 enuntiatio

275 1215 656 1287 negotiorum,
707 1223 765 1269 et
814 1213 1049 1270 elocutio
1117 1213 1526 1286 cogitationum.
1581 1212 1695 1268 Hoc
1747 1211 1890 1282 apud

275 1306 451 1364 Deum
504 1313 641 1371 erat,
672 1315 726 1362 et
757 1305 812 1361 in
845 1305 1110 1377 principio
1158 1313 1276 1360 erat
1318 1322 1334 1359 :
1393 1305 1518 1376 quia
1568 1319 1750 1360 sermo
1797 1319 1892 1360 co-

272 1399 562 1472 gitationis
581 1405 814 1456 alemus
855 1407 1101 1466 est,eutn
1128 1397 1218 1470 qui
1259 1398 1463 1470 cogitat
1513 1397 1585 1454 sit
1635 1406 1893 1454 internus.

280 1491 367 1562 (2)
399 1489 720 1560 Respondeo
760 1489 858 1546 tibi
884 1488 1103 1546 interim
1129 1504 1226 1560 pro
1252 1489 1518 1561 piscatore
1545 1504 1667 1545 meo
1689 1490 1894 1560 paucis.

259 1583 412 1658 dum
442 1581 748 1639 videbimus
773 1582 1048 1654 quomodo
1081 1583 1438 1640 rusticitatem
1469 1598 1622 1639 suam
1651 1585 1768 1654 ipse
1796 1583 1890 1640 de-

277 1675 487 1731 fendat.
517 1675 713 1732 Sermo
741 1675 794 1730 in
823 1684 1016 1731 natura
1040 1675 1202 1732 habet
1223 1686 1417 1732 utesse
1439 1678 1632 1748 possit,
1657 1691 1892 1749 sequens

1995 470 2071 532 to,
2105 471 2161 518 et
2203 478 2291 519 me
2328 463 2566 520 insolens
2619 479 2800 520 sermo
2855 475 3183 520 commovet.
3245 462 3468 518 Audio:
3525 461 3593 520 Et

1994 555 2137 612 Deus
2181 565 2291 612 erat
2336 556 2579 624 Verbum,
2620 556 2698 630 (d)
2736 557 2822 613 cui
2868 572 3034 612 unum
3091 557 3260 612 Deum
3315 553 3592 626 propheta:

1995 648 2394 706 nuntiaverunt.
2445 649 2550 706 Sed
2609 665 2674 704 ne
2741 664 2846 720 quo
2905 650 3044 705 ultra
3114 648 3399 718 trepidatio
3465 664 3588 704 mea

1994 743 2245 814 progredi
2269 742 2458 812 possit,
2475 742 2643 803 redde
2664 743 2992 800 sacramenti
3015 745 3144 799 tanti
3170 743 3404 814 piscator
3431 759 3586 800 meus

1994 836 2476 909 dispensationem,
2506 845 2563 894 et
2593 837 2737 894 refer
2756 837 2823 894 ad
2872 855 3034 894 unum
3064 839 3245 894 omnia
3295 839 3412 894 sine
3460 853 3594 894 con-

1998 931 2237 997 tumelia,
2263 931 2382 988 sine
2407 930 2720 998 abolitione,
2755 933 2872 987 sine
2896 939 3162 1004 tempore.
3193 932 3282 986 Ait
3305 949 3319 987 :
3341 930 3454 985 Hoc
3477 941 3593 987 erat

1993 1024 2046 1078 in
2065 1023 2318 1097 principio
2339 1023 2478 1094 apud
2501 1021 2686 1079 Deum.
2712 1021 2842 1080 Cum
2870 1023 2967 1078 hoc
2979 1035 3088 1079 erat
3112 1025 3166 1078 in
3184 1023 3460 1096 principio,
3483 1039 3589 1079 non

1994 1125 2211 1174 tenetur
2231 1118 2287 1172 in
2319 1127 2592 1190 tempore;
2623 1133 2747 1172 cum
2773 1117 2914 1173 Deus
2957 1126 3062 1185 est,
3104 1132 3208 1173 non
3255 1116 3490 1173 refertur
3524 1117 3592 1173 ad

1996 1227 2221 1278 vocem;
2250 1227 2373 1268 cum
2404 1223 2486 1268 est
2508 1212 2650 1283 apud
2672 1208 2840 1267 Deum
2860 1212 2934 1283 (e)
2963 1211 3099 1268 nihil
3139 1227 3240 1267 nec
3269 1211 3579 1273 utfettditur.

1995 1324 2098 1365 nec
2121 1309 2394 1365 aufertur:
2425 1323 2550 1364 nam
2583 1323 2683 1364 nec
2727 1307 2976 1364 aboletur
3011 1307 3066 1362 in
3102 1307 3331 1361 alterum
3363 1313 3418 1360 et
3453 1305 3593 1375 apud

1998 1417 2161 1458 unum
2191 1402 2488 1474 ingenitum
2529 1402 2728 1470 Deum,
2759 1415 2825 1457 ex
2871 1415 2980 1472 quo
3006 1400 3122 1472 ipse
3167 1414 3306 1456 unus
3351 1398 3597 1470 unigeni-

1997 1503 2082 1552 tus
2133 1495 2273 1552 Deus
2301 1506 2404 1562 est,
2445 1495 2786 1566 praedicatur.

2069 1591 2160 1646 l7.
2188 1588 2412 1662 Tempus
2457 1588 2520 1642 ab
2555 1605 2612 1644 eo
2643 1598 2734 1652 est,
2778 1599 2980 1658 tempus
3005 1587 3595 1659 quid.—-Expeetanttts

1997 1685 2171 1740 adhuc
2193 1701 2220 1736 ιι
2246 1694 2317 1746 te,
2343 1683 2596 1753 piscator,
2616 1679 3003 1751 plenitudinem
3020 1680 3204 1736 Verbi.
3234 1680 3595 1751 Eratquidcm

272 1767 640 1824 autemciest
664 1775 723 1824 ut
742 1767 944 1835 fuerit;
971 1779 1054 1825 est
1074 1783 1207 1824 vero
1255 1779 1460 1825 tantum
1498 1785 1622 1826 cum
1645 1769 1882 1826 auditur.
1915 1764 1962 1826 Β
1993 1781 2043 1834 in
2085 1777 2370 1850 principio,
2401 1777 2495 1832 sed
2543 1775 2716 1846 potuit
2743 1789 2849 1829 non
2904 1787 3026 1830 esse
3073 1782 3199 1827 ante
3249 1772 3593 1842 principium.

274 1861 349 1918 Et
380 1861 658 1933 quomodo
694 1861 750 1918 in
775 1861 1030 1934 principio
1059 1872 1189 1928 erat,
1217 1861 1360 1933 quod
1392 1879 1568 1932 neque
1588 1871 1716 1920 ante
1750 1871 1886 1918 tem-

276 1969 401 2026 pus,
429 1969 607 2026 neque
649 1962 770 2023 post
811 1963 1027 2024 tempus
1069 1953 1204 2036 εβιῖ
1230 1953 1296 2009 Ει
1323 1954 1509 2010 nescio
1547 1969 1614 2008 an
1645 1955 1728 2011 vel
1768 1953 1887 2026 ipso

277 2063 402 2103 esse
434 2048 608 2118 possit
630 2048 684 2102 in
708 2054 996 2118 tempore:
1028 2047 1365 2118 loquentium
1395 2048 1539 2102 enim
1577 2063 1759 2104 sermo
1792 2064 1888 2101 nc-

276 2153 388 2211 que
411 2147 496 2196 est
537 2146 668 2194 ante
715 2154 876 2211 quam
929 2139 1238 2210 loquantur,
1286 2149 1342 2195 et
1387 2153 1510 2195 cunt
1538 2139 1701 2196 locuti
1728 2147 1888 2196 erunt

275 2247 388 2288 non
422 2232 564 2299 erit;
599 2232 653 2289 itt
683 2247 751 2287 eo
775 2245 956 2288 autem
981 2233 1098 2302 ipso
1121 2231 1231 2304 36
1254 2230 1398 2301 quod
1420 2231 1732 2303 IOquuntur,
1757 2230 1884 2286 dum

279 2327 496 2394 liniuut,
522 2326 634 2398 jam
666 2341 776 2383 non
801 2325 906 2382 erit
936 2327 986 2382 id
1029 2326 1172 2382 unde
1199 2336 1502 2398 cmperunt.
1556 2324 1682 2381 llaec
1712 2341 1741 2378 a
1770 2341 1882 2392 nte.

277 2431 334 2475 ut
381 2421 452 2474 ab
481 2433 589 2474 uno
617 2434 685 2476 ex
707 2419 942 2476 caeteris.
967 2417 1074 2475 Sed
1106 2419 1345 2489 piscator
1373 2418 1532 2472 aliter
1559 2433 1654 2488 pro
1685 2433 1744 2474 se
1769 2435 1783 2473 :
1822 2427 1877 2474 et

277 2512 590 2585 objurgabit
628 2521 682 2569 te
710 2513 878 2583 prius,
910 2526 1008 2568 cur
1055 2512 1388 2582 negligenter
1433 2511 1694 2569 audieris.
1751 2511 1886 2569 Nam

275 2609 382 2668 etsi
417 2607 746 2664 sententiam
777 2606 1003 2678 primam
1046 2605 1196 2662 rudis
1240 2605 1458 2661 auditor
1485 2605 1784 2663 amiseras:
1819 2605 1887 2661 In

277 2700 534 2773 principio
565 2709 676 2756 erat
734 2697 958 2754 Verbum
981 2738 998 2764 ,
1048 2696 1120 2754 de
1157 2697 1406 2769 sequenti
1447 2696 1575 2769 quid
1611 2698 1885 2769 quereris,

276 2795 348 2852 Et
386 2795 610 2852 Verbum
637 2803 746 2850 erat
773 2793 913 2866 apud
940 2792 1144 2848 Deum?
1194 2791 1467 2864 Numquid
1518 2791 1790 2855 audieras.
1824 2788 1887 2848 in

284 2890 400 2944 Deo
447 2890 526 2962 (et
569 2904 680 2943 non
725 2886 868 2958 apud
917 2883 1136 2956 Deum),
1159 2893 1220 2941 ut
1245 2899 1551 2942 sermonem
1591 2883 1888 2958 reconditae

275 2981 623 3053 cogitationis
652 2980 930 3050 acciperes
967 2979 990 3032 ’ἒ
1017 2987 1111 3034 aut
1137 2976 1406 3034 fefellerat
1430 2976 1728 3046 rusticum,
1753 2978 1884 3049 quid

275 3085 425 3133 esset
481 3075 562 3147 (5)
589 3072 668 3146 (b)
727 3073 870 3130 inter
935 3073 1116 3130 inesse
1152 3079 1210 3128 et
1256 3071 1448 3128 adesse
1487 3071 1786 3129 momenti?
1821 3072 1882 3129 Id

1989 1872 2167 1929 Etiam
2207 1871 2295 1927 bic
2327 1870 2420 1926 tibi
2449 1868 2648 1940 aliquid
2683 1884 2779 1939 pro
2831 1867 3100 1938 piscatore
3152 1880 3276 1921 meo
3321 1863 3584 1936 profero:

1989 1963 2142 2035 Quod
2171 1973 2310 2031 erat,
2337 1978 2442 2018 non
2470 1961 2647 2032 potuit
2703 1975 2810 2016 non
2860 1958 3074 2026 fuisse;
3126 1966 3234 2013 erat
3290 1958 3434 2011 enim
3487 1972 3595 2012 non

1992 2056 2154 2112 habet
2179 2055 2232 2110 in
2277 2061 2521 2125 tempore
2572 2067 2678 2108 non
2726 2051 2913 2107 fuisse.
2943 2051 3052 2108 Sed
3083 2049 3212 2122 quid
3241 2064 3338 2120 pro
3368 2064 3427 2105 se
3458 2049 3597 2104 ille?

1992 2151 2179 2208 Omnia
2210 2167 2299 2220 per
2327 2166 2442 2205 eum
2487 2153 2624 2221 [acta
2644 2157 2764 2204 sunt
2794 2145 2984 2221 (Ibid.,
3009 2146 3044 2202 5
3072 2145 3112 2217 ).
3174 2147 3315 2217 Ergo
3344 2144 3426 2219 (Δ)
3453 2143 3522 2217 if)
3552 2144 3595 2199 si

1991 2243 2128 2298 nihil
2152 2243 2272 2298 sine
2303 2241 2396 2296 illo
2440 2251 2564 2308 est;
2607 2255 2704 2311 per
2732 2253 2894 2310 quem
2948 2238 3204 2294 universa
3258 2237 3363 2310 37
3418 2251 3598 2307 cmpe-

1989 2345 2157 2404 runt;
2190 2345 2246 2392 et
2274 2335 2326 2392 in
2345 2335 2613 2390 intinitum
2635 2342 2738 2399 est,
2766 2348 2862 2404 per
2880 2347 3041 2403 quem
3072 2330 3215 2402 quod
3240 2341 3322 2386 est
3339 2344 3500 2384 omne
3527 2329 3599 2384 sit

1989 2431 2212 2488 factum.
2247 2429 2325 2503 (g)
2349 2427 2584 2498 Tempus
2608 2427 2752 2482 enim
2780 2435 2862 2482 est
2887 2424 3068 2496 spatii,
3100 2437 3206 2478 non
3237 2422 3292 2478 in
3322 2424 3475 2487 loco,
3499 2421 3596 2478 sed

1990 2525 2044 2581 in
2075 2533 2234 2580 astate
2251 2521 2521 2578 manentis
2541 2518 2840 2592 significata
2868 2517 3190 2573 moderatio.
3222 2516 3430 2572 Etcum
3449 2515 3516 2571 ab
3531 2530 3598 2570 eo

1989 2617 2188 2683 omnia,
2211 2629 2298 2672 res
2319 2614 2462 2670 nulla
2476 2627 2580 2669 non
2599 2613 2667 2668 ab
2687 2626 2751 2667 eo
2775 2627 2790 2665 :
2809 2621 2863 2666 et
2882 2610 3084 2668 idcirco
3103 2619 3312 2680 tempus
3331 2608 3398 2663 ab
3411 2623 3478 2664 eo
3492 2616 3594 2664 est.

2063 2710 2154 2766 18.
2185 2708 2409 2764 Verbum
2436 2723 2537 2762 non
2558 2716 2632 2761 est
2657 2702 3150 2760 solitariunt.-—Sed
3181 2703 3380 2758 dicitur
3405 2702 3500 2758 tibi
3528 2701 3597 2758 ab

1990 2801 2196 2872 aliquo,
2232 2802 2468 2872 piscator
2497 2815 2650 2856 meus
2671 2815 2688 2858 ;
2709 2797 2946 2854 Nimium
2973 2796 3152 2854 facilis
3179 2806 3231 2854 et
3253 2797 3596 2869 promiscuus

1989 2894 2078 2950 hic
2103 2893 2272 2961 fuisti;
2305 2892 2480 2948 omnia
2493 2908 2582 2962 per
2597 2907 2710 2947 eum
2732 2894 2872 2964 facta
2885 2899 3007 2946 sunt
3033 2904 3140 2946 non
3171 2889 3334 2944 habet
3353 2889 3595 2946 modum.

1989 2987 2088 3044 Est
2113 2988 2405 3060 ingenitus,
2434 2985 2528 3056 qui
2581 2986 2754 3042 lactus
2795 2999 2825 3038 a
2859 2984 3076 3040 nemine
3114 2992 3240 3040 est:
3272 2990 3358 3039 est
3399 2991 3454 3038 et
3481 2983 3597 3054 ipse

1988 3083 2205 3154 genitus
2233 3082 2302 3138 ab
2329 3081 2532 3136 innato.
2559 3079 2690 3136 Sine
2723 3078 3042 3148 exceptione
3090 3083 3218 3132 sunt
3265 3075 3441 3130 omnia
3467 3117 3484 3145 ,
3539 3085 3598 3131 et

275 3170 450 3235 enim»
478 3166 620 3238 (μιοά
670 3167 724 3222 in
775 3166 1040 3238 Ρΐίηεῖρίθ
1087 3173 1225 3232 erat,
1269 3179 1380 3222 non
1407 3165 1460 3220 in
1513 3165 1688 3221 altero
1739 3181 1884 3232 esse,
1913 3161 1960 3226 C
1993 3174 2126 3230 nihil
2151 3173 2295 3244 quod
2327 3183 2478 3229 extra
2505 3172 2577 3227 sit
2605 3170 3008 3241 derelinquunt.
3041 3168 3148 3226 Sed
3177 3169 3305 3225 dum
3337 3167 3473 3224 nihil
3519 3169 3600 3222 ul-

274 3265 375 3322 sed
396 3280 525 3320 cum
567 3263 744 3320 altero
785 3261 1132 3334 praedicatur.
1167 3259 1274 3318 Sed
1305 3261 1376 3317 de
1409 3259 1780 3331 superioribus
1804 3261 1885 3316 ni-

273 3359 354 3415 hil
379 3375 562 3424 sumo,
595 3359 667 3433 (c)
681 3359 1070 3432 consequentia
1109 3360 1210 3415 sibi
1243 3357 1455 3425 adsint;
1493 3365 1694 3414 statum
1725 3357 1887 3416 Verbi

275 3460 332 3507 et
383 3465 582 3507 nomen
629 3463 908 3522 exspecta.
959 3451 1103 3508 Dicit
1153 3466 1433 3522 namque:
1467 3449 1535 3505 Et
1583 3447 1725 3506 Deus
1777 3461 1890 3508 erat

281 3543 534 3599 Verbum.
592 3541 784 3600 Cessat
819 3558 988 3600 sonus
1043 3545 1232 3612 vocis,
1277 3553 1332 3600 et
1375 3544 1720 3615 cOgitationis
1767 3545 1885 3600 elo-

277 3637 490 3708 quium.
525 3635 760 3693 Verbum
793 3637 896 3694 hoe
923 3653 1010 3694 res
1031 3649 1139 3701 est,
1173 3653 1278 3694 non
1307 3652 1508 3706 sonus;
1540 3647 1752 3710 natura,
1776 3655 1886 3696 non

275 3745 493 3797 sermo;
528 3729 700 3799 Deus,
731 3747 838 3788 non
869 3731 1098 3790 inanitas
1118 3743 1224 3790 εει.

380 3869 436 4015 Β
473 3868 836 4015 gigantis”.
867 3941 1099 4015 Exinde,
1128 3943 1251 3997 dum
1269 3941 1521 4000 uidemus.

355 4011 436 4084 (3)
477 4011 624 4067 Inter
650 4030 789 4080 esse,
817 4024 865 4068 et
890 4014 1020 4084 inter
1047 4015 1211 4070 inesse
1234 4023 1282 4070 et
1307 4015 1484 4072 adesse
1506 4016 1767 4072 momenti.

353 4084 434 4158 (4)
476 4085 664 4141 Sinon
691 4093 869 4142 exstat
897 4085 951 4141 in
977 4083 1178 4142 Veron.

285 4236 330 4279 et
355 4233 524 4279 sumet
565 4224 767 4279 sibimet
799 4223 938 4292 quod
975 4223 1222 4290 liberum,
1254 4231 1360 4280 etc.
1397 4223 1618 4281 Rectius
1661 4224 1715 4281 in
1763 4225 1885 4282 aliis

285 4297 467 4362 libris,
501 4303 562 4350 ut
597 4297 648 4350 in
689 4305 858 4351 textu.
889 4295 1217 4366 Proponitur
1249 4296 1392 4352 enim
1433 4297 1700 4367 objectum
1724 4313 1746 4353 :
1769 4297 1826 4354 Si
1853 4314 1886 4354 a

287 4380 528 4439 tempore
555 4367 782 4439 liberum
815 4377 929 4439 est,
967 4367 1048 4423 sui
1071 4367 1210 4436 juris
1239 4374 1356 4434 est,
1390 4368 1442 4422 in
1471 4383 1531 4423 se
1558 4377 1642 4424 est
1675 4378 1730 4424 et
1757 4369 1885 4424 soli-

287 4435 478 4494 larium
499 4480 513 4502 ,
547 4453 648 4512 nec
676 4435 744 4494 ab
766 4437 886 4512 alio
918 4435 1114 4506 pendet
1139 4456 1152 4494 :
1181 4439 1246 4492 ad
1275 4439 1416 4510 quod
1446 4454 1570 4494 mox
1601 4442 1884 4512 reSponsio

287 4520 402 4579 est,
429 4527 536 4565 non
560 4509 699 4564 abest
724 4510 786 4564 ab
811 4518 1036 4566 auctore.
1296 4509 1303 4510 ί
1698 4509 1730 4573 ’,

357 4579 436 4656 (σε)
477 4581 584 4636 Pro
604 4581 859 4656 quierat,
891 4582 942 4635 in
967 4581 1190 4656 vetustis
1212 4581 1490 4656 codicibus
1515 4579 1694 4656 Cnlb.,
1725 4579 1880 4656 Rem.

289 4653 574 4710 ac‘Germ.
619 4653 814 4723 legitur
853 4654 1222 4724 eransaltbcst
1261 4655 1422 4708 etiam
1470 4655 1748 4709 relativum
1797 4655 1884 4724 qui

289 4741 317 4777 a
359 4726 580 4778 Carnut.
615 4724 817 4797 Deinde
857 4725 997 4792 apud
1037 4723 1174 4797 Bad.
1223 4733 1279 4797 et
1316 4724 1412 4780 Er.
1442 4736 1489 4780 et
1525 4728 1648 4797 quia
1695 4723 1887 4782 abesta

289 4797 578 4868 conditione
598 4795 841 4868 temporis
863 4811 882 4850 :
904 4796 1138 4868 pessime
1157 4796 1278 4868 quia
1305 4812 1398 4866 pro
1415 4797 1523 4862 qui.
1538 4795 1703 4867 'Apud
1733 4798 1880 4866 Lips.

227 4901 240 4909 -
289 4876 342 4940 et
369 4867 494 4940 Par.
524 4881 624 4920 nec
653 4882 759 4922 non
789 4865 841 4921 in
865 4865 1067 4940 aliquot
1093 4865 1223 4922 mss.
1251 4865 1403 4940 etqui
1424 4867 1563 4940 abest
1582 4865 1614 4922 ἁ
1639 4865 1883 4940 tempore.

290 4939 345 4994 ln
369 4937 596 4992 Carnut.
644 4953 746 4992 ins.
780 4956 812 4991 ιι
855 4939 1142 5007 cognitione
1189 4937 1450 5008 temporis.
1487 4937 1884 5008 Legimuscum

289 5009 498 5066 duobus
536 5009 692 5064 Colb.
713 5051 728 5076 ,
764 5009 950 5064 Germ.
982 5024 1045 5064 ac
1075 5009 1304 5064 Sorbon.
1339 5027 1371 5064 a
1419 5011 1723 5080 cognitionis
1762 5023 1886 5066 tem-

290 5097 443 5150 pore,
492 5081 596 5136 hoc
633 5089 745 5148 est,
785 5095 816 5135 a
849 5081 1092 5151 quolibet
1130 5091 1373 5147 tempore
1410 5082 1552 5151 quod
1593 5085 1886 5152 excogitari

286 5153 459 5207 valeat
484 5154 652 5224 :rquia
678 5161 763 5224 est
783 5161 904 5206 ante
933 5153 1075 5224 quod
1097 5153 1246 5208 voles
1279 5163 1365 5206 tua
1393 5155 1648 5223 opinione
1680 5171 1880 5224 ponere

287 5223 629 5300 principium.
683 5222 986 5300 Aliquando
1033 5224 1194 5278 etiam
1262 5222 1529 5300 placuerat
1579 5242 1612 5279 a
1659 5222 1883 5300 tempore

287 5295 626 5362 conditionis,
679 5295 832 5366 quasi
872 5309 903 5350 a
954 5304 1196 5366 tempore
1248 5295 1392 5368 quod
1437 5297 1598 5352 rebus
1653 5295 1883 5354 conditis

289 5371 556 5424 congruit.

355 5437 432 5512 (b)
469 5438 530 5494 In
572 5437 1010 5512 vulgatis,ginter
1042 5453 1150 5512 esse
1187 5447 1236 5495 et
1279 5439 1416 5494 inter
1431 5439 1625 5512 inesse
1665 5449 1714 5496 et
1756 5440 1888 5496 inter

286 5510 464 5566 adesse
492 5511 738 5582 momenti
763 5525 782 5564 :
804 5510 1048 5582 abundat
1089 5511 1358 5577 interesse,
1401 5526 1517 5582 nec
1545 5510 1742 5566 habent
1789 5526 1888 5582 po-

288 5583 454 5637 tiores
485 5596 618 5637 mss.
650 5581 883 5637 Hilarius
911 5591 1090 5637 autem
1115 5582 1370 5640 observat
1397 5581 1633 5639 Verbum
1663 5597 1768 5636 non
1792 5581 1886 5638 so-

285 5653 392 5708 lum
413 5653 598 5728 inesse
621 5654 675 5708 in
709 5653 890 5720 Patre,
912 5654 1138 5728 Avelutin
1161 5655 1453 5728 principio;
1473 5652 1568 5710 sed
1589 5663 1644 5709 et
1668 5654 1882 5725 adesse,

281 5725 426 5797 apud
455 5739 868 5797 quemsemper
901 5726 1020 5782 fuit.

357 5795 434 5872 (ε)
474 5795 598 5854 Vat.
626 5796 746 5856 has.
771 5794 964 5871 codex,
993 5814 1109 5856 cum
1127 5799 1407 5874 sequentia,
1433 5797 1652 5859 duobus
1681 5797 1880 5861 verbis.

1993 3279 2074 3324 tra
2100 3267 2284 3323 dicere
2311 3266 2593 3332 audemus,
2625 3275 2719 3320 aut
2761 3263 2900 3320 forte
2930 3263 3056 3320 dum
3093 3264 3276 3319 dicere
3322 3263 3594 3328 molimur,

1991 3359 2070 3434 (5)
2102 3359 2182 3433 (h)
2227 3375 2454 3417 occurre
2481 3377 2494 3414 :
2519 3357 2588 3413 Et
2617 3362 2729 3415 sine
2757 3374 2818 3414 eo
2845 3361 3040 3430 factum
3077 3367 3151 3412 est
3197 3357 3346 3411 nihil.
3397 3355 3596 3412 Reddi-

1989 3455 2116 3511 disti
2187 3467 2507 3520 auctorem,
2572 3469 2694 3510 eum
2749 3452 2957 3510 socium
2997 3451 3277 3524 professus
3329 3465 3410 3506 es.
3459 3449 3594 3506 Cum

1989 3553 2134 3606 enim
2193 3549 2326 3604 nihil
2373 3548 2483 3604 sine
2539 3564 2635 3613 eo,
2697 3545 2938 3617 intelligo
3010 3560 3118 3602 non
3193 3545 3402 3610 solum;
3472 3545 3593 3615 quia

1989 3643 2126 3698 alius
2153 3651 2238 3698 est
2286 3656 2384 3714 per
2429 3656 2590 3712 quem
2611 3681 2626 3707 ,
2659 3639 2799 3695 alius
2820 3637 2902 3711 (6)
2929 3649 3010 3695 est
3039 3639 3159 3696 sine
3187 3653 3293 3709 quo
3325 3655 3339 3692 :
3369 3649 3596 3708 utroque

1986 3735 2312 3793 discernitur
2357 3734 2675 3807 signiﬁcatio
2723 3743 2779 3789 ct
2825 3732 3239 3790 intervenientis
3265 3741 3320 3788 et
3361 3729 3590 3802 agentis.

2065 3872 2146 3947 (5)
2176 3871 2454 3928 Librarius
2479 3880 2664 3928 noster
2694 3871 2842 3942 prius
2867 3872 3159 3940 scripserat
3186 3880 3453 3947 occurret,
3481 3885 3593 3924 ma.

1988 3941 2084 4016 gis
2114 3941 2238 4016 apte
2266 3951 2324 4016 et
2357 3957 2602 4000 eonnexe
2641 3959 2804 4014 quam
2844 3959 3054 4016 occurre
3091 3960 3118 4016 εΔ
3154 3941 3466 3998 emendavit
3507 3957 3592 3997 se-

1989 4013 2165 4088 cunda
2178 4015 2291 4088 sed
2319 4015 2536 4088 antiqua
2567 4013 2778 4084 manus,
2807 4015 3028 4070 occurrit
3063 4013 3236 4088 plane.

2062 4087 2140 4164 (6)
2171 4083 2264 4142 Est
2286 4087 2571 4144 omittitur.

1987 4225 2124 4283 Aliis
2158 4226 2302 4283 favet
2337 4223 2469 4283 illud
2500 4223 2595 4282 lib.
2627 4239 2730 4293 vn,
2763 4241 2821 4281 n.
2859 4221 2932 4280 22
2958 4240 2972 4280 :
3003 4223 3152 4279 Adsit
3195 4222 3292 4278 sibi
3319 4223 3504 4280 divina:
3531 4223 3595 4278 de

1989 4315 2042 4356 se
2069 4299 2334 4354 sententiae
2360 4299 2726 4354 testimonium.

2063 4367 2142 4443 (d)
2183 4370 2326 4443 Editi
2343 4411 2359 4443 ,
2383 4387 2568 4443 cum...
2595 4369 2960 4443 nuntiauerint.
2979 4367 3293 4441 Elegantius
3321 4384 3453 4426 mss.
3476 4369 3560 4424 cui
3577 4411 3592 4436 ,

1985 4411 2911 4513 ειὲῗειῖῖόἱΐᾶἑξὲ’ὰῖὲίἱ“ἶίἶὶἒίἶῖιίἔξ

2059 4511 2250 4588 (e)__ln_
2273 4515 2536 4588 vulgatis.
2564 4513 2696 4588 nihil
2737 4530 2826 4568 nec
2866 4514 3360 4588 confunditur,_nec
3389 4511 3594 4579 con/er-

1987 4583 2740 4657 tur'.'Verbum’confunditur
2779 4583 2976 4657 exstat;
3002 4593 3206 4657 tantum
3249 4585 3300 4638 in
3339 4599 3446 4657 uno
3485 4599 3588 4638 tns.

1988 4656 2139 4712 Coll).
2168 4659 2238 4711 At
2265 4655 2314 4710 in
2344 4654 2557 4711 caeteris
2576 4697 2591 4722 ,
2622 4657 2752 4710 nihil
2773 4673 2865 4711 nec
2887 4655 3188 4722 oﬂ'entlitur,
3213 4671 3304 4709 nec
3324 4654 3593 4724 aufertur:

1989 4743 2110 4796 qua:
2142 4729 2250 4782 duo
2279 4727 2440 4782 verba
2469 4728 2534 4782 ad
2565 4729 2669 4782 alia
2700 4727 2806 4782 duo
2845 4729 3152 4797 superiora,
3185 4727 3294 4781 sine
3333 4734 3594 4779 contume-

1991 4800 2080 4863 lia,
2109 4801 2222 4854 sine
2247 4799 2520 4853 abolitiane
2555 4801 2799 4868 apposite
2829 4800 3155 4854 referuntur.
3191 4797 3356 4851 l’orro
3398 4797 3450 4868 in
3483 4811 3590 4868 vo-

1989 4871 2140 4926 cibus
2181 4870 2313 4923 nihil
2353 4887 2474 4934 nec,
2522 4867 2628 4924 non
2675 4870 2875 4937 duplex
2919 4871 3129 4938 negatio
3159 4877 3273 4938 est,
3318 4867 3410 4938 sed
3447 4867 3592 4936 pleo-

1990 4957 2206 4997 nasmus
2245 4939 2449 5012 Gerrcis
2481 4939 2689 5012 ipsique
2724 4940 2927 5012 Hilario
2960 4937 3259 5012 lamiliaris.
3305 4937 3458 4993 Hunc
3495 4952 3591 5012 ca-

1991 5028 2116 5068 vere
2143 5027 2273 5066 niss.
2305 5009 2824 5082 Rerttigiet'l‘heod.
2847 5012 2938 5082 qui
2969 5026 3066 5078 pro
3109 5010 3243 5064 nihil
3277 5027 3366 5064 nec
3389 5051 3402 5075 ,
3433 5009 3585 5064 exlti.

1991 5083 2118 5139 bent
2149 5083 2281 5138 nihil
2320 5085 2374 5138 in
2404 5081 2482 5138 eo.
2515 5083 2568 5138 Si
2601 5083 2726 5154 quis
2765 5081 2912 5136 malit
2952 5082 3083 5136 nihil
3127 5097 3220 5136 nec
3260 5081 3593 5154 confunditur

1989 5172 2083 5210 nec
2103 5159 2366 5223 aufertur,
2397 5151 2776 5226 propter'illud
2809 5155 2904 5209 lib.
2933 5169 3046 5222 vn,
3079 5171 3132 5208 n.
3169 5154 3234 5208 21
3265 5171 3279 5208 :
3308 5151 3430 5226 Non
3472 5169 3592 5207 ron-

1989 5228 2224 5298 funditur
2253 5225 2422 5298 itaque
2448 5236 2537 5282 aut
2563 5226 2796 5283 aboletur
2820 5235 3037 5294 natura;
3068 5241 3163 5297 per
3185 5241 3282 5281 nos
3309 5225 3486 5280 liceat.

2081 5321 2514 5395 (DAParticulam
2562 5324 2609 5378 si
2650 5322 2898 5379 addimus
2948 5323 3266 5378 auctoritate
3323 5321 3591 5393 potiorum

1989 5393 2135 5450 mss.
2157 5393 2277 5450 Mox
2307 5395 2495 5450 vocula
2525 5404 2573 5451 et
2601 5411 2700 5466 pro
2725 5396 2878 5450 etiam
2907 5397 3144 5465 ponitur.

2063 5487 2140 5562 (g)
2161 5488 2321 5562 Solus
2349 5486 2478 5562 Vat.
2513 5487 2628 5543 bas.
2658 5488 2852 5555 codex,
2884 5485 3106 5562 Tempus
3143 5488 3461 5562 enimspatii
3491 5505 3592 5562 non

1988 5558 2182 5615 inloco
2210 5561 2300 5614 sed
2339 5561 2394 5614 in
2433 5568 2582 5615 a’tate
2624 5569 2793 5614 manet
2829 5558 3092 5615 moderata
3131 5559 3460 5630 signiﬁcatio.
3494 5560 3593 5618 Cui

1990 5632 2260 5688 consentit
2287 5630 2510 5688 Carnut.
2541 5631 2595 5695 in
2619 5631 2832 5688 duobus
2862 5632 3150 5702 postremis
3178 5631 3376 5688 verbis.

2055 5724 2143 5856 (Sb)
2167 5725 2330 5796 Editi,
2361 5724 2606 5792 occurrit,
2637 5725 2852 5780 occurrit
2873 5725 3061 5794 plane;
3093 5735 3144 5780 et
3173 5741 3316 5798 mox,
3349 5723 3587 5793 Piscator

2091 5797 2270 5856 didisti
2295 5813 2308 5856 :
2331 5795 2730 5856 refraaautibus
2756 5797 3030 5856 veteribus
3051 5796 3222 5856 libris.

1997 5795 2270 5856 reddidisti
2295 5813 2308 5856 :
2331 5795 2730 5869 refragantibus
2756 5797 3030 5860 veteribus
3051 5796 3222 5861 libris.
