4118 6186
492 248 566 308 os
1612 230 1621 245 ‘
1698 253 1947 312 SANCTI
1988 252 2109 310 ιιιι.

2213 252 2248 309 ll
2288 253 2594 312 EPISCOPI
3740 250 3810 308 64

568 367 657 425 19.
691 368 813 426 Non
841 378 1039 426 tantum
1059 371 1226 444 adfuit
1253 370 1463 443 facienti
1482 371 1674 439 omnia,
1700 372 1790 427 sed
1809 381 1855 426 et
1883 372 2099 443 fecit.—-—
2125 374 2173 433 A
2204 369 2385 444 (Joan.
2408 388 2461 437 ν,
2485 370 2603 445 26).
2638 371 2795 438 llinc,
2824 370 2990 426 Nemo
3015 371 3151 426 novit
3173 370 3362 426 Filium
3387 370 3485 425 nisi
3516 368 3693 439 Pater,
3718 390 3810 427 ne-

493 459 601 519 Sed
632 463 710 538 (1)
735 464 811 539 (a)
836 466 1069 521 sollicito
1110 466 1178 522 de
1222 476 1466 533 auctore,
1498 466 1589 539 qui
1637 481 1777 521 unus
1826 465 2096 537 ingenitus

2201 481 2298 535 que
2349 464 2564 519 Patrem
2595 465 2673 537 (6)
2698 466 2796 520 nisi
2828 464 2995 519 Filius
3025 464 3239 536 (Matth.
3276 481 3327 520 χι
3353 507 3366 532 ,
3404 464 3522 533 27).
3556 466 3714 534 Hinc,
3745 466 3811 524 In

495 574 604 631 est,
636 575 703 615 ne
735 560 786 613 in
816 575 881 615 eo
909 559 1051 629 quod
1084 559 1255 613 omnia
1282 557 1513 625 diceres,
1546 557 1677 613 nihil
1718 568 1861 613 esset
1902 572 2100 628 excep-
2197 561 2310 626 ipso
2354 560 2605 614 inhabitat
2653 560 2819 615 omnis
2861 560 3125 632 plenitudo
3157 560 3444 615 divinitatis
3475 564 3811 633 corporaliter

496 665 633 724 tum,
661 653 870 710 solvisti
899 662 1101 707 metum
1149 650 1414 707 dicendo:
1452 652 1518 706 Et
1556 653 1664 706 sine
1703 667 1762 707 eo
1802 651 1996 721 factum
2024 658 2099 704 est

500 748 655 804 nihil.
681 745 883 802 Verum
906 742 1211 800 confundor
1236 754 1289 800 et
1319 744 1507 800 tnrbor
1533 742 1586 800 in
1619 760 1705 811 eo,
1744 744 1885 815 quod
1907 743 2019 797 sine
2042 758 2099 797 eo

501 844 700 912 factum
730 849 802 893 est
830 838 982 893 nihil.
1007 838 1103 893 Est
1127 853 1255 909 ergo
1276 837 1476 908 aliquid
1502 853 1597 908 per
1617 838 1843 894 alterum
1875 837 2096 906 factum,

499 931 643 1003 quod
671 940 848 986 tamen
882 947 987 985 non
1016 930 1088 985 sit
1109 930 1225 985 sine
1256 945 1320 984 eo
1345 928 1541 985 factum
1570 947 1583 986 :
1615 939 1671 985 et
1700 929 1746 984 si
1770 929 1971 1000 aliquid
2008 946 2101 999 per

497 1026 751 1089 alterum,
778 1021 855 1095 (Ξ)
892 1022 1018 1077 ιίεει
1047 1038 1153 1076 non
1182 1022 1297 1076 sine
1318 1036 1422 1087 eo;
1450 1020 1558 1092 jam
1588 1035 1691 1074 non
1722 1035 1819 1091 per
1846 1036 1967 1075 eum
1988 1036 2101 1075 om-

502 1117 621 1183 nia;
672 1116 795 1186 quia
827 1114 971 1169 aliud
996 1122 1078 1169 est
1109 1112 1322 1179 fecisse,
1352 1112 1497 1168 aliud
1526 1122 1612 1169 est
1638 1113 1995 1169 intervenisse
2017 1112 2101 1169 fa-

502 1209 688 1265 cienti.
719 1208 835 1263 Non
867 1207 1040 1262 habeo
1072 1206 1181 1272 hic,
1213 1204 1448 1275 piscator
1470 1221 1647 1272 meus,
1685 1213 1745 1260 ut
1771 1205 1823 1259 in
1850 1206 2062 1261 eti-teris
2084 1244 2102 1271 ,

502 1303 647 1375 quod
669 1319 733 1358 ex
775 1294 894 1358 meo
924 1301 1193 1372 proferam
1222 1317 1236 1366 ;
1271 1316 1300 1355 a
1329 1311 1420 1355 tuo
1454 1300 1636 1355 statim
1668 1300 2102 1370 respondendum

506 1406 613 1475 est,
661 1396 849 1451 Omnia
895 1412 987 1465 per
1025 1411 1138 1449 eum
1176 1394 1314 1462 facta
1361 1401 1497 1447 sunt.
1558 1390 1764 1449 Sentio.
1814 1391 2107 1461 Apostolus

506 1494 649 1548 enim
674 1493 754 1565 (5)
770 1492 952 1547 docuit
980 1509 993 1545 :
1021 1489 1258 1545 Visibilia
1279 1498 1323 1543 et
1346 1487 1640 1555 invisibilia,
1660 1486 2110 1549 sive'l‘hroni,sive

505 1585 916 1651 Domiuationes,
945 1584 1050 1638 sive
1074 1581 1406 1653 Principatus
1424 1624 1439 1650 ,
1468 1583 1572 1637 sive
1604 1579 1912 1647 Potestates,
1937 1581 2109 1634 omnia

503 1697 597 1753 per
618 1681 805 1750 ipsum,
839 1679 959 1733 etin
987 1678 1098 1747 ipso
1131 1674 1356 1749 (Coloss.
1382 1692 1421 1736 ι.
1456 1673 1569 1747 16).

2203 651 2427 726 (Coloss.
2460 670 2519 719 ll,
2544 653 2623 724 9).

2270 745 2361 799 2|.
2407 745 2553 799 Verbi
2574 746 2833 816 generatio
2856 744 3083 799 humana
3112 747 3310 801 ratione
3332 763 3433 801 non
3458 748 3701 818 capitur;
3733 758 3810 804 te-

2202 837 2373 911 nenda
2396 837 2552 911 igitur
2573 838 2697 907 ﬁde.
2728 868 2801 879 —
2828 838 2951 892 lltrc
2975 837 3081 892 vita
3114 838 3210 893 lux
3242 838 3520 893 hominum
3549 849 3651 901 est,
3687 839 3801 895 lucc

2204 909 2296 983 1ιιιι
2328 930 2579 985 tenebras
2604 929 2932 983 illuminans.
2960 929 3027 984 Et
3051 939 3108 984 ut
3136 931 3621 1000 impossiliilitatetn
3644 947 3814 1001 gene-

2205 1022 2431 1075 rationis
2467 1022 2586 1091 ejus
2611 1021 2929 1077 enarrandas
2968 1022 3263 1076 secundum
3290 1023 3608 1093 prophetam
3636 1025 3816 1095 pisca-

2206 1122 2290 1168 tor
2311 1115 2684 1169 consolaretur
2710 1114 2860 1187 (lt‘sa.
2885 1131 2996 1180 un,
3028 1116 3339 1187 8);adjecit,
3374 1115 3443 1171 Et
3470 1118 3688 1173 tenebra:
3703 1096 3818 1174 eam

2208 1225 2309 1263 non
2339 1210 2836 1278 comprehenderunt
2866 1210 3043 1283 (Joan.
3077 1228 3113 1277 ι,
3140 1213 3216 1281 4).
3243 1211 3419 1268 Cessit
3455 1229 3637 1271 sermo
3661 1227 3813 1270 natu.

2209 1317 2306 1368 rte,
2346 1310 2399 1356 et
2426 1318 2530 1357 non
2569 1302 2729 1359 habet
2766 1319 2870 1372 quo
2900 1314 3180 1371 excurrat;
3214 1314 3268 1360 et
3301 1317 3475 1361 tamen
3510 1307 3614 1363 hoc
3642 1309 3819 1377 pisca-

2211 1400 2297 1447 tor
2324 1394 2426 1448 iste
2458 1396 2724 1449 recubans
2755 1396 2807 1449 in
2840 1396 3052 1450 Domini
3091 1404 3278 1467 pectus
3316 1399 3544 1469 accepit.
3590 1401 3706 1454 Non
3735 1410 3818 1455 est

2212 1485 2313 1540 iste
2334 1485 2518 1541 saeculi
2544 1500 2743 1552 sermo;
2778 1489 2902 1558 quia
2928 1487 2995 1543 de
3026 1504 3126 1559 qua
3152 1490 3349 1559 agitur,
3383 1506 3490 1544 non
3515 1491 3701 1545 saeculi
3728 1506 3817 1546 res

2212 1586 2315 1631 εει.
2346 1577 2549 1631 Edatur
2577 1578 2804 1648 aliquid,
2842 1580 2885 1633 si
2918 1580 2969 1633 in
3002 1579 3395 1650 signiﬁcatione
3421 1581 3704 1636 verborum
3733 1597 3821 1637 re-

2215 1671 2380 1740 periri
2414 1679 2596 1741 potest
2634 1673 2770 1726 ultra
2804 1688 2963 1743 quam
3012 1672 3213 1729 dictum
3248 1674 3315 1729 sit
3348 1693 3360 1726 :
3394 1684 3446 1729 et
3473 1676 3516 1729 si
3551 1691 3653 1746 qua
3695 1684 3821 1731 sunt

575 1773 669 1827 20.
705 1771 805 1838 Qui
834 1771 1008 1825 omnia
1033 1771 1087 1823 in
1113 1768 1281 1824 Verbo
1300 1777 1491 1823 creata.
1530 1767 1753 1823 Verbum
1776 1784 1879 1823 non
1908 1784 2110 1823 succes-
2140 1758 2184 1819 B
2213 1764 2314 1818 alia
2340 1766 2602 1835 exposita:
2629 1780 2657 1819 a
2709 1765 2869 1821 nobis
2915 1774 3123 1821 naturte
3152 1768 3367 1821 nomina
3395 1810 3407 1831 ,
3452 1768 3814 1836 proiciantur.

502 1866 627 1933 sive,
652 1864 742 1919 sed
768 1863 1022 1920 nascendo
1046 1867 1323 1934 perfectura
1346 1861 1749 1917 existit.—Cum
1781 1875 1910 1932 ergo
1935 1861 2107 1915 omnia

509 1973 601 2029 per
647 1958 855 2029 ipsum,
898 1954 1122 2010 subveni
1180 1964 1235 2009 et
1286 1968 1512 2020 enarra,
1545 1953 1672 2023 quid
1714 1968 1820 2008 non
1874 1953 1991 2008 sine
2041 1967 2108 2008 eo

516 2049 610 2124 (4)
641 2049 837 2104 factum
865 2050 952 2103 sit.
986 2048 1060 2120 (b)
1096 2048 1245 2114 Quod
1285 2050 1471 2119 factum
1502 2056 1577 2102 est
1611 2048 1663 2101 in
1688 2063 1764 2113 eo,
1807 2047 1909 2101 vita
1937 2046 2007 2119 (ε)
2037 2057 2110 2101 est

521 2141 704 2218 (Joan.
738 2159 775 2208 ι,
813 2141 893 2214 4),
930 2141 1043 2196 11οε
1073 2140 1235 2213 igitur
1259 2156 1367 2196 non
1391 2140 1509 2196 sine
1537 2155 1625 2207 eo,
1655 2139 1798 2211 quod
1828 2140 1969 2194 ineo
1995 2139 2107 2195 iac-

512 2245 625 2292 tum
648 2245 732 2291 est
762 2253 775 2289 :
805 2251 926 2289 nam
957 2234 1007 2289 id
1026 2234 1167 2305 quod
1191 2234 1241 2289 in
1261 2250 1327 2290 eo
1343 2234 1540 2289 factum
1558 2241 1663 2299 est,
1687 2232 1849 2288 etiam
1869 2247 1963 2302 per
1983 2247 2107 2287 eum

504 2328 708 2385 factum
726 2336 827 2383 est.
847 2327 1039 2381 Omnia
1056 2326 1200 2382 enim
1218 2341 1312 2396 per
1326 2328 1497 2397 ipsmn
1513 2333 1569 2381 et
1591 2327 1640 2380 in
1657 2326 1772 2396 ipso
1792 2334 1969 2379 creata
1984 2333 2111 2379 sunt

516 2416 740 2488 (Coloss.
766 2434 803 2482 ι,
846 2414 957 2490 16).
988 2417 1042 2472 lu
1074 2419 1190 2487 ipso
1210 2428 1385 2473 autem
1430 2425 1645 2484 creata,
1693 2416 1815 2487 quia
1852 2416 2111 2471 nasceba-

521 2524 607 2567 tur
620 2521 831 2568 creator
853 2509 1126 2569 Deus.Sed
1141 2510 1301 2567 etiam
1334 2526 1401 2566 ex
1432 2510 1533 2565 hoc
1554 2510 1671 2565 sine
1684 2524 1749 2565 eo
1764 2508 1893 2564 nihil
1911 2508 2107 2563 factum

513 2620 615 2669 est.
638 2608 777 2675 quod
794 2610 845 2664 in
867 2624 932 2664 eo
953 2607 1146 2664 factum
1170 2618 1273 2675 est,
1293 2610 1414 2679 quia
1441 2622 1669 2663 nascens
1689 2606 1829 2661 Deus
1846 2606 1949 2661 vita
1963 2614 2107 2660 erat:

513 2710 566 2756 et
604 2699 683 2774 ((1)
711 2702 798 2771 qui
832 2703 936 2757 vita
969 2709 1104 2766 erat,
1130 2717 1235 2756 non
1267 2711 1449 2770 postea
1488 2715 1645 2769 quam
1673 2708 1756 2754 est
1784 2707 1961 2762 natus,
2003 2696 2113 2769 38

516 2792 745 2849 ell'ectus
769 2802 854 2849 est
874 2793 1013 2859 vita;
1044 2808 1149 2848 non
1205 2794 1347 2846 enim
1377 2794 1430 2846 in
1475 2806 1541 2846 eo
1570 2790 1712 2845 aliud
1756 2799 1841 2845 est
1868 2786 1942 2860 (ε)
1972 2789 2110 2857 quod

512 2897 694 2939 natum
752 2893 855 2950 est,
887 2894 941 2939 et
994 2883 1136 2939 aliud
1166 2893 1249 2939 est
1271 2882 1409 2953 quod
1442 2893 1598 2938 natus
1625 2883 1850 2950 accepit.
1876 2880 1992 2935 Non
2020 2878 2115 2933 ha-

516 2976 645 3031 bent
696 2978 837 3032 inter
874 2991 935 3031 se
966 2986 1176 3046 tempus
1216 2986 1268 3031 et
1296 2975 1546 3030 nativitas
1577 2983 1631 3028 et
1661 2972 1954 3043 profectus.
2003 2971 2112 3027 Sed

514 3069 646 3125 nihil
710 3069 789 3142 (5)
819 3070 937 3125 sine
993 3084 1051 3124 se
1079 3068 1330 3124 ﬁebatex
1382 3068 1446 3123 iis
1491 3082 1612 3138 qua:
1658 3066 1712 3121 in
1767 3081 1833 3121 eo
1884 3065 2106 3132 ﬁebant,

2211 1855 2343 1923 Qua:
2367 1857 2411 1910 si
2442 1871 2547 1910 non
2566 1865 2714 1923 sunt,
2741 1858 2905 1911 immo
2931 1858 3054 1927 quia
3085 1873 3189 1912 n0n
3214 1871 3361 1923 sunt;
3391 1858 3653 1914 miremur
3676 1858 3817 1916 hanc

2212 1950 2266 2004 in
2299 1950 2565 2017 piscatore
2604 1949 2928 2016 doctrinam,
2970 1959 3033 2005 eo
3053 1952 3104 2004 in
3134 1965 3200 2005 eo
3228 1952 3306 2024 (g)
3331 1952 3545 2022 eloquia
3572 1952 3663 2007 Dei
3692 1968 3818 2008 sen-

2212 2046 2407 2098 tiamus
2442 2062 2454 2096 :
2487 2042 2995 2113 coofessionemque
3037 2044 3211 2099 Patris
3237 2055 3292 2101 et
3323 2044 3479 2111 Filii,
3512 2046 3735 2116 ingeniti
3763 2057 3818 2101 et

2214 2135 2472 2205 unigeniti
2504 2135 2955 2200 iuenarrabilem,
2989 2144 3043 2190 et
3081 2137 3431 2191 excedentem
3471 2139 3815 2207 complexum

2213 2242 2427 2283 omnem
2466 2238 2518 2284 et
2549 2230 2820 2284 sermonis
2848 2239 2901 2284 et
2929 2244 3151 2293 sensus,
3186 2240 3463 2285 teneamus
3488 2238 3649 2303 atque
3680 2233 3814 2287 ado-

2215 2337 2396 2377 remus
2435 2339 2448 2375 :
2504 2329 2559 2375 et
2605 2321 2659 2375 in
2706 2321 2932 2375 Domino
2977 2321 3140 2387 Jesu,
3191 2323 3445 2393 exemplo
3481 2322 3723 2388 Joannis,
3757 2332 3819 2379 ut

2214 2414 2331 2470 lucc
2371 2414 2641 2486 possimus
2667 2413 2870 2470 sentire
2897 2426 2948 2469 et
2981 2414 3238 2486 colloqui,
3273 2417 3601 2472 accubemus
3629 2417 3812 2493 (Joan.

2213 2523 2331 2572 xm,
2364 2508 2481 2579 25).

2284 2601 2374 2655 22.
2411 2600 2783 2656 llmreticorum
2822 2611 2958 2657 artes
3007 2613 3186 2656 contra
3235 2602 3388 2672 ﬁdem
3436 2619 3599 2659 vance.
3657 2592 3817 2661 Fides

2214 2710 2319 2747 una
2348 2696 2500 2749 vincit
2524 2712 2695 2751 omnes
2727 2694 2965 2750 haereses.
2998 2725 3069 2735 -——
3092 2694 3454 2751 Commendat
3477 2707 3658 2752 autem
3687 2698 3814 2752 ﬁdei

2216 2786 2377 2859 hujus
2398 2789 2778 2858 integritatem,
2805 2800 2857 2843 et
2872 2788 3178 2859 evangelica
3197 2790 3510 2854 auctoritas,
3531 2799 3582 2845 et
3597 2801 3818 2860 aposto-

2215 2880 2311 2937 liCa
2337 2881 2447 2953 39
2475 2881 2741 2945 doctrina,
2772 2889 2827 2936 et
2850 2880 3409 2951 circumstrepentium
3444 2882 3679 2955 undique
3707 2886 3817 2938 ha:-

2214 2974 2505 3028 reticorum
2541 2975 2617 3045 (7)
2654 2972 2734 3046 (h)
2765 2974 2938 3028 otiosa
2976 2973 3351 3031 fraudulentia.
3383 2976 3501 3032 Stat
3539 2979 3679 3031 enim
3714 2978 3818 3036 hoc

2216 3066 2622 3122 fundamentum
2675 3066 2908 3122 validum
2973 3078 3027 3123 et
3069 3068 3347 3124 immotum
3399 3070 3658 3127 adversus
3701 3089 3821 3127 om-

510 3164 633 3235 quia
685 3164 789 3219 vita
834 3173 917 3219 est
986 3161 1194 3234 (supple
1248 3165 1315 3235 is)
1365 3162 1417 3216 in
1466 3178 1572 3236 quo
1619 3162 1838 3225 liebaut,
1868 3170 1921 3216 et
1973 3161 2111 3216 Deus
2138 3155 2184 3219 C
2218 3174 2314 3215 nes
2342 3170 2552 3227 ventos,
2589 3160 2796 3228 pluvias
2821 3203 2836 3226 ,
2890 3168 3197 3228 torrentes,
3228 3178 3331 3217 non
3364 3164 3580 3219 ﬂatibus
3614 3166 3821 3237 pellen-

514 3258 605 3328 qui
660 3272 688 3308 a
748 3257 857 3313 Deo
902 3265 1058 3311 natus
1116 3266 1242 3322 est,
1324 3270 1431 3310 non
1493 3264 1675 3325 postea
1744 3268 1903 3324 quam
1957 3260 2115 3308 natos

514 3358 598 3405 est
624 3391 637 3416 ,
684 3347 755 3422 (Γ)
810 3350 902 3405 sed
937 3349 1208 3405 nascendo
1252 3350 1393 3405 Deus
1433 3348 1656 3404 exstitit.
1690 3346 1929 3402 Nasceris
1965 3345 2111 3403 enim

515 3459 544 3497 a
579 3444 795 3498 vivente
843 3428 1035 3507 vivus.
1090 3459 1118 3498 a
1146 3457 1275 3499 vero
1302 3458 1485 3508 verus,
1537 3459 1565 3496 a
1607 3441 1850 3514 perfecto
1903 3440 2112 3512 periec-

516 3546 633 3602 tus,
674 3551 780 3590 non
832 3536 951 3591 sine
996 3546 1264 3606 potestate
1314 3536 1609 3591 nativitatis
1661 3551 1773 3591 sua:
1825 3544 1980 3590 natus
2005 3544 2108 3600 est,

513 3629 848 3684 nativitatem
882 3629 1128 3685 videlicet
1157 3644 1309 3684 suam
1342 3645 1447 3685 non
1486 3640 1671 3701 postea
1708 3629 1981 3695 sentiens,
2017 3628 2110 3682 sed

466 3740 489 3751 *
513 3734 574 3776 se
607 3720 773 3775 Deum
827 3722 879 3776 in
922 3736 988 3778 eo
1028 3723 1146 3793 ipso
1176 3723 1318 3793 quod
1348 3724 1486 3777 Deus
1528 3739 1595 3777 ex
1657 3723 1765 3778 Deo
1791 3721 2116 3777 nascebatur

513 3814 836 3886 intelligens.
871 3814 983 3870 Hoc
1005 3815 1312 3886 unigenitus
1341 3815 1409 3870 ab
1431 3816 1667 3886 ingenito
1693 3831 1707 3868 :
1741 3813 1877 3876 hoc,
1932 3813 2044 3885 Ego
2070 3823 2116 3868 et

515 3906 678 3961 Pater
703 3924 861 3962 unum
886 3925 1061 3963 sumus
1085 3908 1265 3977 (Joan.
1298 3924 1352 3975 ιι,
1378 3907 1471 3978 50)
1508 3926 1520 3962 :
1555 3907 1658 3963 huc
1689 3907 1744 3961 in
1772 3905 2118 3962 confessione

519 3999 695 4055 Patris
719 4008 776 4055 et
813 3999 934 4055 Filii
965 4001 1104 4055 Deus
1132 4016 1270 4055 unus
1303 4019 1315 4053 :
1348 4001 1448 4056 hoc
1480 4000 1637 4055 Pater
1666 3999 1720 4054 in
1750 3998 1908 4066 Filio,
1938 4006 1995 4054 et
2022 3997 2115 4054 Fi-

519 4092 620 4147 lius
652 4093 704 4147 in
737 4092 917 4150 Patre.
948 4093 1118 4159 Hinc,
1169 4095 1272 4162 Qui
1309 4111 1391 4149 me
1428 4094 1588 4159 vidit,
1635 4094 1759 4148 vidit
1805 4105 1852 4147 et
1909 4092 2113 4148 Patrem

513 4183 696 4257 (Joan.
726 4202 850 4253 le,
895 4186 971 4255 9).
1006 4188 1161 4255 llinc,
1199 4188 1387 4243 Omnia
1411 4205 1524 4248 mare
1566 4187 1715 4242 habet
1755 4187 1944 4249 Pater.
1974 4189 2115 4242 dedit

518 4275 660 4331 Filio
683 4276 867 4349 (Joan.
897 4294 1008 4342 xw.
1039 4279 1149 4351 l5).
1183 4280 1333 4344 Hinc,
1360 4280 1505 4335 Sicut
1534 4279 1680 4333 habet
1712 4279 1868 4335 Pater
1890 4282 2045 4335 vitam
2063 4282 2116 4335 in

514 4370 817 4442 semetipso,
860 4370 932 4425 ita
962 4371 1102 4426 dedit
1151 4369 1293 4425 Filio
1325 4372 1476 4425 vitam
1533 4371 1719 4426 habere
1754 4373 1806 4426 in
1850 4374 2118 4446 semetipso

586 4496 665 4567 (l)
696 4498 943 4561 Solliciti,
975 4513 1129 4567 aeque
1157 4498 1314 4555 bene.

586 4567 667 4639 (ἑ)
701 4569 841 4652 ΙΙειεν
880 4572 1239 4652 interponitur
1270 4575 1486 4642 factum.
1531 4570 1726 4629 Postea
1764 4573 2117 4645 supprimitur

516 4651 593 4695 ρει
618 4652 744 4695 ante
771 4651 1119 4696 intervenisse.

591 4711 670 4781 (ὃ)
698 4712 929 4767 Additur
961 4710 1183 4768 Paulus.

588 4784 668 4855 (4)
702 4783 923 4838 Factum
950 4792 1043 4839 est.

587 4854 666 4926 (5)
701 4857 826 4910 Sine
845 4874 923 4912 eo.

587 4926 667 5001 (6)
694 4926 746 4982 In
773 4930 959 4986 codice
983 4936 1169 4984 nostro
1189 4930 1501 5002 adiungitur
1532 4950 1546 4988 :
1575 4933 1688 5005 quis
1716 4934 1873 5002 novit,
1905 4933 2001 4990 sed
2031 4948 2117 4988 se-

587 5044 664 5122 (α)
693 5045 767 5122 Ita
784 5048 1069 5122 eleganter
1088 5055 1307 5122 optima:
1326 5062 1467 5107 noue
1487 5067 1617 5107 mss.
1643 5054 1802 5106 tacita
1820 5065 1949 5106 voce
1976 5050 2124 5115 mihi,

518 5115 1087 5177 εεί1.’δοιυὲδιὶιηειιιιη.
1122 5115 1191 5179 At
1216 5127 1269 5178 in
1302 5125 1533 5194 vulgatis
1557 5124 1832 5178 sollicitor.

551 5279 559 5288 .
591 5207 670 5277 (b)
705 5209 950 5288 ᾕρεε-ει
977 5212 1096 5265 Par.
1132 5225 1244 5279 post
1276 5215 1369 5288 Er.
1408 5215 1492 5269 hic
1519 5214 1737 5278 addunt,
1764 5212 1901 5282 quod
1929 5214 2122 5280 factum

516 5284 601 5344 sit,
644 5291 838 5348 praeter
864 5284 1019 5337 (idem
1047 5293 1285 5341 veterum
1319 5286 1600 5341 librorum.

588 5372 924 5456 (a)).ltursum
956 5376 1042 5431 hic
1078 5377 1601 5456 editipnel‘erebant
1625 5380 1728 5433 vita
1776 5389 1884 5433 erat
1910 5394 1929 5433 :
1958 5393 2119 5448 repu-

515 5450 801 5521 {tuentibus
831 5464 961 5504 mss.
1010 5461 1065 5503 ut
1092 5459 1148 5505 et
1171 5450 1264 5505 lib.
1297 5466 1336 5516 ι,
1369 5466 1422 5504 ιι.
1450 5450 1536 5504 10.
1562 5451 1899 5521 Quamquam
1929 5465 1991 5504 ex
2027 5464 2115 5505 se-

517 5516 809 5589 quentibus
835 5521 1096 5589 suspicari
1142 5521 1267 5577 licet
1295 5523 1430 5577 Italtt:
1458 5516 1974 5576 lectionem-Hilario
2009 5537 2117 5576 non

514 5579 690 5664 fuisse
712 5579 1027 5664 inauditam.
1067 5594 1385 5649 Ambrosius
1410 5609 1624 5664 quitque
1656 5594 1749 5649 lib.
1780 5609 1839 5650 ιιι
1869 5593 1937 5649 de
1986 5592 2119 5648 Fide

512 5669 561 5709 c.
594 5655 647 5719 6,
680 5658 824 5727 legit,
856 5661 955 5714 rita
986 5674 1075 5715 est.

587 5740 665 5819 (d)
693 5734 765 5803 ita
798 5736 1054 5808 meliores
1086 5770 1215 5809 mss.
1250 5758 1315 5810 At
1350 5755 1498 5821 editi,
1531 5764 1575 5807 et
1602 5741 1719 5825 quia
1748 5754 1851 5808 vfta
1876 5762 2003 5809 erat.

2219 3252 2372 3319 dum,
2404 3270 2508 3308 non
2542 3252 2834 3309 stillicidiis
2862 3255 3276 3325 penetrandum,
3312 3273 3417 3310 non
3448 3258 3817 3313 inundationi—

2222 3348 2318 3403 bus
2433 3348 2788 3403 Subluettdttm
2822 3346 3012 3420 (Math.
3041 3364 3111 3403 Vtt
3136 3390 3151 3415 ,
3174 3349 3306 3419 25):
3336 3359 3392 3404 ct
3422 3351 3680 3421 optimum
3708 3360 3810 3417 est,

2219 3442 2477 3513 quidquid
2510 3456 2537 3492 a
2578 3442 2822 3512 plurimis
2854 3444 3182 3498 incursatum
3206 3485 3220 3509 ,
3257 3458 3286 3498 a
3321 3444 3465 3499 nullo
3496 3456 3669 3499 tamen
3719 3461 3818 3515 po-

2220 3536 2346 3592 terit
2385 3536 2612 3606 impelli.
2660 3535 2731 3591 Ut
2775 3544 2954 3590 autem
2997 3536 3244 3605 quaedam
3296 3539 3818 3593 medicamentorum

2218 3644 2416 3699 genera
2460 3638 2588 3685 sunt
2619 3630 2688 3683 ita
2721 3637 3066 3698 comparata,
3117 3639 3175 3683 ut
3214 3644 3317 3683 non
3362 3629 3585 3697 singulis
3613 3639 3818 3683 tantum

2217 3721 2626 3791 :rgritudinibus
2658 3723 2803 3775 utilia
2850 3723 2990 3789 sint,
3040 3720 3136 3776 sed
3164 3722 3411 3777 omnibus
3451 3722 3504 3777 in
3531 3737 3820 3778 commune

2219 3817 2577 3881 medeantur,
2636 3814 2971 3884 habeantque
3020 3815 3070 3869 in
3133 3830 3193 3871 se
3244 3816 3493 3870 virtutem
3550 3816 3819 3886 generalis

2219 3907 2408 3964 auxilii
2442 3924 2454 3961 :
2490 3907 2561 3961 ita
2589 3916 2644 3962 et
2665 3905 2799 3961 ﬁdes
2827 3906 3091 3963 catholica
3122 3922 3229 3961 non
3254 3907 3540 3961 adversum
3581 3908 3819 3978 singulas

2220 4017 2422 4077 pestes,
2457 4004 2551 4060 sed
2569 4012 2755 4059 contra
2784 4018 2975 4058 ornties
2996 4004 3214 4057 morbos
3235 4017 3389 4073 opem
3413 4002 3635 4057 medelm
3667 4017 3822 4057 com-

2224 4099 2403 4155 munis
2446 4099 2728 4167 impertit,
2786 4114 2889 4151 non
2946 4096 3265 4151 inﬁrmanda
3303 4111 3522 4165 genere,
3556 4111 3661 4151 non
3704 4098 3824 4151 viu-

2224 4192 2395 4248 cenda
2420 4204 2666 4257 munero,
2692 4207 2797 4245 non
2826 4190 3139 4247 diversitate
3170 4188 3400 4244 fallenda
3427 4204 3442 4253 ;
3473 4187 3567 4245 sed
3595 4205 3702 4244 una
3733 4200 3821 4244 at-

2224 4300 2330 4355 que
2366 4284 2565 4341 'eadem
2616 4284 2903 4340 adversum
2953 4284 3162 4355 singula
3208 4282 3498 4353 omniaque
3548 4284 3818 4339 consistit.

2226 4376 2475 4450 Magnum
2519 4385 2605 4433 est
2632 4378 2807 4440 enim;
2843 4374 2922 4451 (8)
2953 4385 3032 4437 tot
3058 4375 3113 4431 in
3142 4390 3204 4431 ea
3237 4391 3341 4430 una
3384 4372 3626 4430 remedia
3666 4388 3819 4441 esse,

2145 4512 2199 4573 D
2223 4506 2397 4562 cunda
2436 4508 2774 4564 recensione.
2806 4507 3113 4564 Concordat
3153 4507 3379 4578 Vulgata
3431 4516 3611 4562 nostra
3661 4517 3823 4578 atque

2224 4578 2447 4635 Graecus
2476 4588 2672 4635 textus.

2293 4651 2370 4719 (7)
2416 4648 2490 4705 Ita
2535 4651 2760 4722 legntms
2787 4650 2842 4705 io
2868 4660 3054 4707 nostro
3084 4651 3253 4717 libro;
3280 4650 3533 4706 secundis
3557 4650 3700 4704 curis
3721 4664 3818 4719 ap-

2221 4723 2457 4792 positum
2480 4733 2586 4789 est,
2616 4723 2814 4778 odiosa.

2220 4863 2273 4917 ά,
2298 4791 2377 4865 (8)
2408 4793 2462 4848 lu
2485 4794 2846 4850 anterioribus
2873 4793 3224 4861 editionibus,
3254 4802 3326 4849 tot
3361 4794 3417 4848 in
3444 4809 3546 4848 una
3573 4807 3633 4847 ea
3660 4808 3823 4848 rente-

2257 4881 2307 4917 ia
2334 4881 2461 4917 esse.

2257 4881 2307 4919 ια
2334 4881 2461 4921 8888.

2300 5046 2375 5117 (e)
2405 5047 2568 5113 Editi,
2591 5048 2729 5115 quod
2749 5055 2899 5102 natus
2924 5057 2997 5100 est
3029 5065 3041 5101 :
3074 5046 3459 5104 dissidentibus
3487 5062 3618 5103 mss.

2264 5188 2279 5242 Ι
2303 5119 2369 5188 (Ῑ)
2396 5117 2451 5171 lo
2479 5135 2581 5173 ms.
2613 5118 2738 5174 Vat.
2773 5117 2885 5174 bas.
2911 5117 3000 5174 hic
3016 5119 3287 5189 adjicitur,
3311 5121 3525 5191 effectus
3539 5129 3613 5174 est
3650 5118 3825 5175 Deus:

2227 5204 2260 5259 ε
2284 5204 2516 5244 ossema.

2299 5259 2380 5333 (g)
2413 5259 2529 5313 Vat.
2560 5260 2677 5333 ha_s.
2717 5260 2888 5317 codex
2916 5276 3040 5317 cum
3069 5263 3239 5318 altero
3265 5261 3435 5319 Vatic.
3471 5270 3525 5317 et
3571 5264 3820 5329 Carnut.,

2225 5330 2565 5396 eloquentiam
2599 5330 2711 5385 Dei.

2296 5400 2377 5473 (It)
2426 5403 2479 5456 In
2505 5403 2731 5474 vulgatis
2762 5405 2963 5460 odiosa.
3009 5405 3199 5475 Aptius
3248 5406 3298 5458 in
3332 5419 3472 5460 mss.
3509 5405 3690 5459 otiosa.
3722 5404 3824 5472 Qui

2223 5483 2404 5529 autem
2435 5475 2606 5530 otiosa
2638 5485 2692 5531 et
2712 5478 2889 5532 inanis
2917 5479 3007 5535 sit.
3037 5478 3292 5530 continuo
3318 5475 3646 5530 declaratur.

2293 5544 2358 5616 (ἱ)
2386 5544 2624 5615 Quatuor
2658 5563 2791 5604 mss.
2831 5549 3151 5603 soluendum.
3196 5546 3390 5609 ϐοήν..
3427 5547 3596 5608 l’rat.,
3634 5547 3823 5611 Faur.,

2222 5618 2592 5672 subruendum.
2625 5620 2984 5676 Retinendum
3012 5630 3095 5674 est
3135 5619 3496 5682 subluendum,
3528 5629 3585 5672 ut
3613 5627 3828 5672 constat

2222 5690 2284 5742 ex
2316 5703 2436 5760 cap.
2471 5690 2505 5745 6
2531 5691 2584 5747 in
2609 5686 2799 5747 Matth.
2823 5708 2878 5747 ιι.
2907 5695 2960 5759 6,
2993 5701 3049 5747 ει
3077 5706 3143 5747 ex
3168 5701 3326 5747 tract.
3369 5693 3420 5746 in
3456 5690 3590 5760 psal.
3640 5706 3824 5757 cxvm,

2225 5777 2275 5813 In
2312 5759 2365 5814 3.
