  <div class='ocr_page' id='page_1' title='image "/cluster/home/n/w/nwhite01/storage/ocr_20150623/10/hvd.32044096580394/038.png"; bbox 0 0 4118 6186; ppageno 0'>
   <div class='ocr_carea' id='block_1_1' title="bbox 306 231 3639 321">
    <p class='ocr_par' dir='ltr' id='par_1_1' title="bbox 306 231 3639 321">
     <span class='ocr_line' id='line_1_1' title="bbox 306 231 3639 321; baseline 0.01 -33"><span class='ocrx_word' id='word_1_1' title='bbox 306 231 381 289; x_wconf 75' lang='lat'><strong>65</strong></span> <span class='ocrx_word' id='word_1_2' title='bbox 834 303 842 308; x_wconf 92' lang='lat'>_</span> <span class='ocrx_word' id='word_1_3' title='bbox 1562 241 1650 298; x_wconf 87' lang='lat' dir='ltr'><strong>DE</strong></span> <span class='ocrx_word' id='word_1_4' title='bbox 1688 239 2066 298; x_wconf 65' lang='lat' dir='ltr'><strong>TRINITATE</strong></span> <span class='ocrx_word' id='word_1_5' title='bbox 2105 243 2308 303; x_wconf 78' lang='lat' dir='ltr'><strong>LIBER</strong></span> <span class='ocrx_word' id='word_1_6' title='bbox 2339 248 2402 306; x_wconf 89' lang='lat' dir='ltr'><strong>ll.</strong></span> <span class='ocrx_word' id='word_1_7' title='bbox 3567 263 3639 321; x_wconf 80' lang='grc'><strong>66</strong></span> 
     </span>
    </p>
   </div>
   <div class='ocr_carea' id='block_1_2' title="bbox 303 347 3630 444">
    <p class='ocr_par' dir='ltr' id='par_1_2' title="bbox 303 347 3630 444">
     <span class='ocr_line' id='line_1_2' title="bbox 303 347 3630 444; baseline 0.011 -44"><span class='ocrx_word' id='word_1_8' title='bbox 303 359 440 418; x_wconf 78' lang='lat' dir='ltr'><strong>tptot</strong></span> <span class='ocrx_word' id='word_1_9' title='bbox 471 347 644 403; x_wconf 80' lang='lat' dir='ltr'><strong>morbi</strong></span> <span class='ocrx_word' id='word_1_10' title='bbox 672 356 838 414; x_wconf 86' lang='lat' dir='ltr'><strong>sunt;</strong></span> <span class='ocrx_word' id='word_1_11' title='bbox 874 355 928 404; x_wconf 93' lang='lat' dir='ltr'><strong>et</strong></span> <span class='ocrx_word' id='word_1_12' title='bbox 959 349 1182 406; x_wconf 98' lang='lat' dir='ltr'><strong>totidem</strong></span> <span class='ocrx_word' id='word_1_13' title='bbox 1213 351 1453 409; x_wconf 74' lang='lat' dir='ltr'><strong>veritatis</strong></span> <span class='ocrx_word' id='word_1_14' title='bbox 1474 368 1595 411; x_wconf 90' lang='lat' dir='ltr'><strong>esse</strong></span> <span class='ocrx_word' id='word_1_15' title='bbox 1618 355 1916 425; x_wconf 79' lang='lat' dir='ltr'><strong>doctrinas,</strong></span> <span class='ocrx_word' id='word_1_16' title='bbox 1947 355 1999 416; x_wconf 84' lang='lat' dir='ltr'><strong>A</strong></span> <span class='ocrx_word' id='word_1_17' title='bbox 2025 359 2167 430; x_wconf 87' lang='lat' dir='ltr'><strong>quod</strong></span> <span class='ocrx_word' id='word_1_18' title='bbox 2195 360 2441 419; x_wconf 71' lang='lat' dir='ltr'><strong>Christus</strong></span> <span class='ocrx_word' id='word_1_19' title='bbox 2469 365 2748 436; x_wconf 86' lang='lat' dir='ltr'><strong>proprium</strong></span> <span class='ocrx_word' id='word_1_20' title='bbox 2778 369 2880 426; x_wconf 82' lang='lat' dir='ltr'><strong>sibi</strong></span> <span class='ocrx_word' id='word_1_21' title='bbox 2909 377 3122 440; x_wconf 86' lang='lat' dir='ltr'><strong>patrem</strong></span> <span class='ocrx_word' id='word_1_22' title='bbox 3148 373 3315 430; x_wconf 86' lang='lat' dir='ltr'><strong>Deum</strong></span> <span class='ocrx_word' id='word_1_23' title='bbox 3339 377 3630 444; x_wconf 77' lang='lat' dir='ltr'><strong>conﬁtens,</strong></span> 
     </span>
    </p>
   </div>
   <div class='ocr_carea' id='block_1_3' title="bbox 302 440 1914 509">
    <p class='ocr_par' dir='ltr' id='par_1_3' title="bbox 302 440 1914 509">
     <span class='ocr_line' id='line_1_3' title="bbox 302 440 1914 509; baseline 0.007 -17"><span class='ocrx_word' id='word_1_24' title='bbox 302 440 590 509; x_wconf 62' lang='lat' dir='ltr'><strong>quotitlcm</strong></span> <span class='ocrx_word' id='word_1_25' title='bbox 654 450 814 497; x_wconf 87' lang='lat' dir='ltr'><strong>erunt</strong></span> <span class='ocrx_word' id='word_1_26' title='bbox 870 441 1046 496; x_wconf 88' lang='lat' dir='ltr'><strong>studia</strong></span> <span class='ocrx_word' id='word_1_27' title='bbox 1095 441 1365 500; x_wconf 87' lang='lat' dir='ltr'><strong>falsitatis.</strong></span> <span class='ocrx_word' id='word_1_28' title='bbox 1418 444 1820 504; x_wconf 85' lang='lat' dir='ltr'><strong>Contrahautur</strong></span> <span class='ocrx_word' id='word_1_29' title='bbox 1862 449 1914 504; x_wconf 92' lang='lat' dir='ltr'><strong>iu</strong></span> 
     </span>
    </p>
   </div>
   <div class='ocr_carea' id='block_1_4' title="bbox 304 534 1918 614">
    <p class='ocr_par' dir='ltr' id='par_1_4' title="bbox 304 534 1918 614">
     <span class='ocr_line' id='line_1_4' title="bbox 304 534 1918 614; baseline 0.007 -27"><span class='ocrx_word' id='word_1_30' title='bbox 304 549 479 588; x_wconf 91' lang='lat' dir='ltr'><strong>unum</strong></span> <span class='ocrx_word' id='word_1_31' title='bbox 506 535 726 590; x_wconf 91' lang='lat' dir='ltr'><strong>nomina</strong></span> <span class='ocrx_word' id='word_1_32' title='bbox 755 534 1168 604; x_wconf 69' lang='lat' dir='ltr'><strong>bmreticorum,</strong></span> <span class='ocrx_word' id='word_1_33' title='bbox 1198 546 1254 592; x_wconf 86' lang='lat' dir='ltr'><strong>et</strong></span> <span class='ocrx_word' id='word_1_34' title='bbox 1300 553 1493 595; x_wconf 86' lang='lat' dir='ltr'><strong>omnes</strong></span> <span class='ocrx_word' id='word_1_35' title='bbox 1544 541 1744 596; x_wconf 70' lang='lat' dir='ltr'><strong>schola:</strong></span> <span class='ocrx_word' id='word_1_36' title='bbox 1791 558 1918 614; x_wconf 87' lang='lat' dir='ltr'><strong>pro-</strong></span> 
     </span>
    </p>
   </div>
   <div class='ocr_carea' id='block_1_5' title="bbox 301 627 1918 704">
    <p class='ocr_par' dir='ltr' id='par_1_5' title="bbox 301 627 1918 704">
     <span class='ocr_line' id='line_1_5' title="bbox 301 627 1918 704; baseline 0.006 -22"><span class='ocrx_word' id='word_1_37' title='bbox 301 627 470 683; x_wconf 85' lang='lat' dir='ltr'><strong>deant</strong></span> <span class='ocrx_word' id='word_1_38' title='bbox 501 645 516 682; x_wconf 89' lang='lat'><strong>:</strong></span> <span class='ocrx_word' id='word_1_39' title='bbox 548 629 769 684; x_wconf 88' lang='lat' dir='ltr'><strong>audiant</strong></span> <span class='ocrx_word' id='word_1_40' title='bbox 810 645 972 683; x_wconf 90' lang='lat' dir='ltr'><strong>unum</strong></span> <span class='ocrx_word' id='word_1_41' title='bbox 1007 629 1302 700; x_wconf 89' lang='lat' dir='ltr'><strong>ingenitum</strong></span> <span class='ocrx_word' id='word_1_42' title='bbox 1339 631 1504 688; x_wconf 88' lang='lat' dir='ltr'><strong>Deum</strong></span> <span class='ocrx_word' id='word_1_43' title='bbox 1552 643 1762 704; x_wconf 78' lang='lat' dir='ltr'><strong>patrem</strong></span> <span class='ocrx_word' id='word_1_44' title='bbox 1794 677 1811 702; x_wconf 88' lang='lat'><strong>,</strong></span> <span class='ocrx_word' id='word_1_45' title='bbox 1863 644 1918 691; x_wconf 88' lang='lat' dir='ltr'><strong>et</strong></span> 
     </span>
    </p>
   </div>
   <div class='ocr_carea' id='block_1_6' title="bbox 302 719 1914 797">
    <p class='ocr_par' dir='ltr' id='par_1_6' title="bbox 302 719 1914 797">
     <span class='ocr_line' id='line_1_6' title="bbox 302 719 1914 797; baseline 0.006 -25"><span class='ocrx_word' id='word_1_46' title='bbox 302 736 476 775; x_wconf 73' lang='lat' dir='ltr'><strong>uinum</strong></span> <span class='ocrx_word' id='word_1_47' title='bbox 495 721 828 792; x_wconf 77' lang='lat' dir='ltr'><strong>unigenitum</strong></span> <span class='ocrx_word' id='word_1_48' title='bbox 852 719 943 774; x_wconf 86' lang='lat' dir='ltr'><strong>Dei</strong></span> <span class='ocrx_word' id='word_1_49' title='bbox 969 720 1135 775; x_wconf 88' lang='lat' dir='ltr'><strong>tilium</strong></span> <span class='ocrx_word' id='word_1_50' title='bbox 1165 721 1382 791; x_wconf 78' lang='lat' dir='ltr'><strong>perfecti</strong></span> <span class='ocrx_word' id='word_1_51' title='bbox 1407 724 1574 794; x_wconf 85' lang='lat' dir='ltr'><strong>patris</strong></span> <span class='ocrx_word' id='word_1_52' title='bbox 1604 727 1914 797; x_wconf 74' lang='lat' dir='ltr'><strong>progeniem</strong></span> 
     </span>
    </p>
   </div>
   <div class='ocr_carea' id='block_1_7' title="bbox 302 813 1918 887">
    <p class='ocr_par' dir='ltr' id='par_1_7' title="bbox 302 813 1918 887">
     <span class='ocr_line' id='line_1_7' title="bbox 302 813 1918 887; baseline 0.004 -18"><span class='ocrx_word' id='word_1_53' title='bbox 302 813 637 884; x_wconf 78' lang='lat' dir='ltr'><strong>perfectam;</strong></span> <span class='ocrx_word' id='word_1_54' title='bbox 683 829 792 870; x_wconf 92' lang='lat' dir='ltr'><strong>non</strong></span> <span class='ocrx_word' id='word_1_55' title='bbox 821 831 918 885; x_wconf 89' lang='lat' dir='ltr'><strong>per</strong></span> <span class='ocrx_word' id='word_1_56' title='bbox 945 813 1355 872; x_wconf 86' lang='lat' dir='ltr'><strong>diminutionem</strong></span> <span class='ocrx_word' id='word_1_57' title='bbox 1382 819 1658 887; x_wconf 88' lang='lat' dir='ltr'><strong>genitum,</strong></span> <span class='ocrx_word' id='word_1_58' title='bbox 1699 837 1806 875; x_wconf 88' lang='lat' dir='ltr'><strong>non</strong></span> <span class='ocrx_word' id='word_1_59' title='bbox 1851 837 1918 877; x_wconf 85' lang='lat' dir='ltr'><strong>ex</strong></span> 
     </span>
    </p>
   </div>
   <div class='ocr_carea' id='block_1_8' title="bbox 299 905 1920 985">
    <p class='ocr_par' dir='ltr' id='par_1_8' title="bbox 299 905 1920 985">
     <span class='ocr_line' id='line_1_8' title="bbox 299 905 1920 985; baseline 0.006 -24"><span class='ocrx_word' id='word_1_60' title='bbox 299 906 482 962; x_wconf 89' lang='lat' dir='ltr'><strong>solido</strong></span> <span class='ocrx_word' id='word_1_61' title='bbox 499 915 648 976; x_wconf 88' lang='lat' dir='ltr'><strong>parte</strong></span> <span class='ocrx_word' id='word_1_62' title='bbox 661 905 838 978; x_wconf 88' lang='lat' dir='ltr'><strong>aliqua</strong></span> <span class='ocrx_word' id='word_1_63' title='bbox 867 907 1128 974; x_wconf 86' lang='lat' dir='ltr'><strong>decisum,</strong></span> <span class='ocrx_word' id='word_1_64' title='bbox 1159 909 1252 963; x_wconf 91' lang='lat' dir='ltr'><strong>sed</strong></span> <span class='ocrx_word' id='word_1_65' title='bbox 1283 911 1461 965; x_wconf 86' lang='lat' dir='ltr'><strong>omnia</strong></span> <span class='ocrx_word' id='word_1_66' title='bbox 1497 909 1804 978; x_wconf 88' lang='lat' dir='ltr'><strong>habentem,</strong></span> <span class='ocrx_word' id='word_1_67' title='bbox 1833 928 1920 985; x_wconf 86' lang='lat' dir='ltr'><strong>ge-</strong></span> 
     </span>
    </p>
   </div>
   <div class='ocr_carea' id='block_1_9' title="bbox 299 997 1917 1072">
    <p class='ocr_par' dir='ltr' id='par_1_9' title="bbox 299 997 1917 1072">
     <span class='ocr_line' id='line_1_9' title="bbox 299 997 1917 1072; baseline 0.006 -20"><span class='ocrx_word' id='word_1_68' title='bbox 299 1000 491 1054; x_wconf 87' lang='lat' dir='ltr'><strong>nuisse</strong></span> <span class='ocrx_word' id='word_1_69' title='bbox 515 997 589 1072; x_wconf 88' lang='lat' dir='ltr'><strong>(a)</strong></span> <span class='ocrx_word' id='word_1_70' title='bbox 603 1000 783 1055; x_wconf 85' lang='lat' dir='ltr'><strong>omnia</strong></span> <span class='ocrx_word' id='word_1_71' title='bbox 803 1009 1286 1066; x_wconf 77' lang='lat' dir='ltr'><strong>consecutummon</strong></span> <span class='ocrx_word' id='word_1_72' title='bbox 1302 1016 1368 1057; x_wconf 83' lang='lat' dir='ltr'><strong>ex</strong></span> <span class='ocrx_word' id='word_1_73' title='bbox 1383 1001 1724 1060; x_wconf 79' lang='lat' dir='ltr'><strong>derivatione</strong></span> <span class='ocrx_word' id='word_1_74' title='bbox 1745 1004 1917 1061; x_wconf 82' lang='lat' dir='ltr'><strong>ﬂuxu-</strong></span> 
     </span>
    </p>
   </div>
   <div class='ocr_carea' id='block_1_10' title="bbox 301 1091 1916 1163">
    <p class='ocr_par' dir='ltr' id='par_1_10' title="bbox 301 1091 1916 1163">
     <span class='ocr_line' id='line_1_10' title="bbox 301 1091 1916 1163; baseline 0.007 -20"><span class='ocrx_word' id='word_1_75' title='bbox 301 1107 371 1146; x_wconf 84' lang='lat' dir='ltr'><strong>ve</strong></span> <span class='ocrx_word' id='word_1_76' title='bbox 392 1091 702 1153; x_wconf 86' lang='lat' dir='ltr'><strong>deductum.</strong></span> <span class='ocrx_word' id='word_1_77' title='bbox 719 1091 812 1146; x_wconf 90' lang='lat' dir='ltr'><strong>sed</strong></span> <span class='ocrx_word' id='word_1_78' title='bbox 834 1107 900 1146; x_wconf 83' lang='lat' dir='ltr'><strong>ex</strong></span> <span class='ocrx_word' id='word_1_79' title='bbox 928 1093 1178 1147; x_wconf 87' lang='lat' dir='ltr'><strong>omnibus</strong></span> <span class='ocrx_word' id='word_1_80' title='bbox 1203 1103 1366 1163; x_wconf 89' lang='lat' dir='ltr'><strong>atque</strong></span> <span class='ocrx_word' id='word_1_81' title='bbox 1391 1095 1442 1149; x_wconf 90' lang='lat' dir='ltr'><strong>iu</strong></span> <span class='ocrx_word' id='word_1_82' title='bbox 1459 1095 1709 1152; x_wconf 89' lang='lat' dir='ltr'><strong>omnibus</strong></span> <span class='ocrx_word' id='word_1_83' title='bbox 1731 1109 1916 1154; x_wconf 89' lang='lat' dir='ltr'><strong>natum</strong></span> 
     </span>
    </p>
   </div>
   <div class='ocr_carea' id='block_1_11' title="bbox 297 1183 1916 1260">
    <p class='ocr_par' dir='ltr' id='par_1_11' title="bbox 297 1183 1916 1260">
     <span class='ocr_line' id='line_1_11' title="bbox 297 1183 1916 1260; baseline 0.006 -22"><span class='ocrx_word' id='word_1_84' title='bbox 297 1183 372 1238; x_wconf 86' lang='lat' dir='ltr'><strong>ab</strong></span> <span class='ocrx_word' id='word_1_85' title='bbox 399 1199 486 1252; x_wconf 91' lang='lat' dir='ltr'><strong>eo,</strong></span> <span class='ocrx_word' id='word_1_86' title='bbox 510 1187 600 1256; x_wconf 90' lang='lat' dir='ltr'><strong>qui</strong></span> <span class='ocrx_word' id='word_1_87' title='bbox 629 1183 682 1240; x_wconf 89' lang='lat' dir='ltr'><strong>in</strong></span> <span class='ocrx_word' id='word_1_88' title='bbox 701 1185 952 1240; x_wconf 90' lang='lat' dir='ltr'><strong>omnibus</strong></span> <span class='ocrx_word' id='word_1_89' title='bbox 979 1185 1029 1240; x_wconf 95' lang='lat' dir='ltr'><strong>in</strong></span> <span class='ocrx_word' id='word_1_90' title='bbox 1052 1187 1246 1258; x_wconf 87' lang='lat' dir='ltr'><strong>quibus</strong></span> <span class='ocrx_word' id='word_1_91' title='bbox 1277 1197 1358 1243; x_wconf 87' lang='lat' dir='ltr'><strong>est</strong></span> <span class='ocrx_word' id='word_1_92' title='bbox 1387 1204 1509 1246; x_wconf 66' lang='lat' dir='ltr'><strong>esse</strong></span> <span class='ocrx_word' id='word_1_93' title='bbox 1541 1207 1644 1246; x_wconf 92' lang='lat' dir='ltr'><strong>non</strong></span> <span class='ocrx_word' id='word_1_94' title='bbox 1671 1191 1916 1260; x_wconf 85' lang='lat' dir='ltr'><strong>desinat;</strong></span> 
     </span>
    </p>
   </div>
   <div class='ocr_carea' id='block_1_12' title="bbox 299 1279 1915 1359">
    <p class='ocr_par' dir='ltr' id='par_1_12' title="bbox 299 1279 1915 1359">
     <span class='ocr_line' id='line_1_12' title="bbox 299 1279 1915 1359; baseline 0.006 -25"><span class='ocrx_word' id='word_1_95' title='bbox 299 1279 540 1335; x_wconf 86' lang='lat' dir='ltr'><strong>liberum</strong></span> <span class='ocrx_word' id='word_1_96' title='bbox 589 1295 619 1335; x_wconf 92' lang='lat' dir='ltr'><strong>a</strong></span> <span class='ocrx_word' id='word_1_97' title='bbox 660 1287 933 1350; x_wconf 88' lang='lat' dir='ltr'><strong>tempore,</strong></span> <span class='ocrx_word' id='word_1_98' title='bbox 966 1281 1199 1337; x_wconf 84' lang='lat' dir='ltr'><strong>solutum</strong></span> <span class='ocrx_word' id='word_1_99' title='bbox 1251 1298 1280 1336; x_wconf 88' lang='lat' dir='ltr'><strong>a</strong></span> <span class='ocrx_word' id='word_1_100' title='bbox 1319 1285 1562 1352; x_wconf 82' lang='lat' dir='ltr'><strong>saeculis,</strong></span> <span class='ocrx_word' id='word_1_101' title='bbox 1618 1302 1718 1358; x_wconf 90' lang='lat' dir='ltr'><strong>per</strong></span> <span class='ocrx_word' id='word_1_102' title='bbox 1756 1303 1915 1359; x_wconf 83' lang='lat' dir='ltr'><strong>quem</strong></span> 
     </span>
    </p>
   </div>
   <div class='ocr_carea' id='block_1_13' title="bbox 297 1373 1916 1458">
    <p class='ocr_par' dir='ltr' id='par_1_13' title="bbox 297 1373 1916 1458">
     <span class='ocr_line' id='line_1_13' title="bbox 297 1373 1916 1458; baseline 0.007 -32"><span class='ocrx_word' id='word_1_103' title='bbox 297 1374 492 1428; x_wconf 88' lang='lat' dir='ltr'><strong>omnia</strong></span> <span class='ocrx_word' id='word_1_104' title='bbox 513 1373 650 1429; x_wconf 87' lang='lat' dir='ltr'><strong>facta</strong></span> <span class='ocrx_word' id='word_1_105' title='bbox 673 1374 748 1446; x_wconf 86' lang='lat' dir='ltr'><strong>(l)</strong></span> <span class='ocrx_word' id='word_1_106' title='bbox 776 1383 902 1430; x_wconf 86' lang='lat' dir='ltr'><strong>sunt</strong></span> <span class='ocrx_word' id='word_1_107' title='bbox 925 1393 937 1429; x_wconf 91' lang='lat'><strong>:</strong></span> <span class='ocrx_word' id='word_1_108' title='bbox 961 1391 1135 1446; x_wconf 80' lang='lat' dir='ltr'><strong>neque</strong></span> <span class='ocrx_word' id='word_1_109' title='bbox 1157 1377 1298 1432; x_wconf 90' lang='lat' dir='ltr'><strong>enim</strong></span> <span class='ocrx_word' id='word_1_110' title='bbox 1329 1393 1450 1435; x_wconf 58' lang='lat' dir='ltr'><strong>esse</strong></span> <span class='ocrx_word' id='word_1_111' title='bbox 1476 1380 1528 1435; x_wconf 91' lang='lat' dir='ltr'><strong>in</strong></span> <span class='ocrx_word' id='word_1_112' title='bbox 1556 1381 1916 1458; x_wconf 66' lang='lat' dir='ltr'><strong>his(saeeulis)</strong></span> 
     </span>
    </p>
   </div>
   <div class='ocr_carea' id='block_1_14' title="bbox 298 1466 1916 1547">
    <p class='ocr_par' dir='ltr' id='par_1_14' title="bbox 298 1466 1916 1547">
     <span class='ocr_line' id='line_1_14' title="bbox 298 1466 1916 1547; baseline 0.007 -26"><span class='ocrx_word' id='word_1_113' title='bbox 298 1466 510 1536; x_wconf 84' lang='lat' dir='ltr'><strong>pctuit,</strong></span> <span class='ocrx_word' id='word_1_114' title='bbox 530 1483 644 1536; x_wconf 71' lang='lat' dir='ltr'><strong>quu-</strong></span> <span class='ocrx_word' id='word_1_115' title='bbox 664 1467 730 1522; x_wconf 87' lang='lat' dir='ltr'><strong>ab</strong></span> <span class='ocrx_word' id='word_1_116' title='bbox 759 1468 875 1538; x_wconf 90' lang='lat' dir='ltr'><strong>ipso</strong></span> <span class='ocrx_word' id='word_1_117' title='bbox 899 1477 1026 1524; x_wconf 88' lang='lat' dir='ltr'><strong>sunt</strong></span> <span class='ocrx_word' id='word_1_118' title='bbox 1061 1471 1320 1525; x_wconf 91' lang='lat' dir='ltr'><strong>instituta.</strong></span> <span class='ocrx_word' id='word_1_119' title='bbox 1354 1471 1479 1526; x_wconf 69' lang='lat' dir='ltr'><strong>lla‘c</strong></span> <span class='ocrx_word' id='word_1_120' title='bbox 1515 1473 1582 1529; x_wconf 90' lang='lat' dir='ltr'><strong>de</strong></span> <span class='ocrx_word' id='word_1_121' title='bbox 1613 1474 1916 1547; x_wconf 80' lang='lat' dir='ltr'><strong>Evangeliis</strong></span> 
     </span>
    </p>
   </div>
   <div class='ocr_carea' id='block_1_15' title="bbox 295 1557 1414 1628">
    <p class='ocr_par' dir='ltr' id='par_1_15' title="bbox 295 1557 1414 1628">
     <span class='ocr_line' id='line_1_15' title="bbox 295 1557 1414 1628; baseline 0.002 -15"><span class='ocrx_word' id='word_1_122' title='bbox 295 1557 570 1614; x_wconf 74' lang='lat' dir='ltr'><strong>Catholica</strong></span> <span class='ocrx_word' id='word_1_123' title='bbox 597 1567 652 1613; x_wconf 90' lang='lat' dir='ltr'><strong>et</strong></span> <span class='ocrx_word' id='word_1_124' title='bbox 686 1558 984 1628; x_wconf 79' lang='lat' dir='ltr'><strong>apostolica</strong></span> <span class='ocrx_word' id='word_1_125' title='bbox 1017 1561 1285 1617; x_wconf 77' lang='lat' dir='ltr'><strong>confessio</strong></span> <span class='ocrx_word' id='word_1_126' title='bbox 1312 1570 1414 1617; x_wconf 89' lang='lat' dir='ltr'><strong>est.</strong></span> 
     </span>
    </p>
   </div>
   <div class='ocr_carea' id='block_1_16' title="bbox 372 1648 1912 1724">
    <p class='ocr_par' dir='ltr' id='par_1_16' title="bbox 372 1648 1912 1724">
     <span class='ocr_line' id='line_1_16' title="bbox 372 1648 1912 1724; baseline 0.005 -19"><span class='ocrx_word' id='word_1_127' title='bbox 372 1651 467 1705; x_wconf 52' lang='lat'><strong>21</strong></span> <span class='ocrx_word' id='word_1_128' title='bbox 506 1648 818 1704; x_wconf 80' lang='lat' dir='ltr'><strong>Testimonia</strong></span> <span class='ocrx_word' id='word_1_129' title='bbox 844 1662 1024 1706; x_wconf 87' lang='lat' dir='ltr'><strong>contra</strong></span> <span class='ocrx_word' id='word_1_130' title='bbox 1062 1650 1371 1720; x_wconf 85' lang='lat' dir='ltr'><strong>Sabellium,</strong></span> <span class='ocrx_word' id='word_1_131' title='bbox 1403 1665 1578 1709; x_wconf 85' lang='lat' dir='ltr'><strong>contra</strong></span> <span class='ocrx_word' id='word_1_132' title='bbox 1609 1655 1912 1724; x_wconf 81' lang='lat' dir='ltr'><strong>chionem,</strong></span> 
     </span>
    </p>
   </div>
   <div class='ocr_carea' id='block_1_17' title="bbox 296 1745 1987 1820">
    <p class='ocr_par' dir='ltr' id='par_1_17' title="bbox 296 1745 1987 1820">
     <span class='ocr_line' id='line_1_17' title="bbox 296 1745 1987 1820; baseline 0.005 -22"><span class='ocrx_word' id='word_1_133' title='bbox 296 1755 482 1800; x_wconf 84' lang='lat' dir='ltr'><strong>contra</strong></span> <span class='ocrx_word' id='word_1_134' title='bbox 510 1745 748 1801; x_wconf 77' lang='lat' dir='ltr'><strong>Arianos.</strong></span> <span class='ocrx_word' id='word_1_135' title='bbox 786 1745 941 1800; x_wconf 88' lang='lat' dir='ltr'><strong>Petra</strong></span> <span class='ocrx_word' id='word_1_136' title='bbox 969 1745 1112 1802; x_wconf 86' lang='lat' dir='ltr'><strong>Petri</strong></span> <span class='ocrx_word' id='word_1_137' title='bbox 1141 1749 1713 1820; x_wconf 75' lang='lat' dir='ltr'><strong>confcssio.——Patrem</strong></span> <span class='ocrx_word' id='word_1_138' title='bbox 1742 1762 1798 1808; x_wconf 90' lang='lat' dir='ltr'><strong>et</strong></span> <span class='ocrx_word' id='word_1_139' title='bbox 1820 1753 1908 1808; x_wconf 82' lang='lat' dir='ltr'><strong>Fi-</strong></span> <span class='ocrx_word' id='word_1_140' title='bbox 1939 1745 1987 1806; x_wconf 89' lang='lat' dir='ltr'><strong>B</strong></span> 
     </span>
    </p>
   </div>
   <div class='ocr_carea' id='block_1_18' title="bbox 299 1831 1908 1918">
    <p class='ocr_par' dir='ltr' id='par_1_18' title="bbox 299 1831 1908 1918">
     <span class='ocr_line' id='line_1_18' title="bbox 299 1831 1908 1918; baseline 0.005 -24"><span class='ocrx_word' id='word_1_141' title='bbox 299 1840 455 1908; x_wconf 89' lang='lat' dir='ltr'><strong>lium,</strong></span> <span class='ocrx_word' id='word_1_142' title='bbox 485 1839 531 1894; x_wconf 93' lang='lat' dir='ltr'><strong>si</strong></span> <span class='ocrx_word' id='word_1_143' title='bbox 563 1831 759 1908; x_wconf 77' lang='lat' dir='ltr'><strong>audet,</strong></span> <span class='ocrx_word' id='word_1_144' title='bbox 782 1840 1048 1896; x_wconf 87' lang='lat' dir='ltr'><strong>Sabeltius</strong></span> <span class='ocrx_word' id='word_1_145' title='bbox 1075 1842 1324 1900; x_wconf 89' lang='lat' dir='ltr'><strong>eumdem</strong></span> <span class='ocrx_word' id='word_1_146' title='bbox 1358 1845 1706 1916; x_wconf 73' lang='lat' dir='ltr'><strong>przrdicet,ct</strong></span> <span class='ocrx_word' id='word_1_147' title='bbox 1728 1847 1802 1918; x_wconf 78' lang='grc' dir='ltr'><strong>(ὁ)</strong></span> <span class='ocrx_word' id='word_1_148' title='bbox 1826 1848 1908 1918; x_wconf 90' lang='lat' dir='ltr'><strong>ip-</strong></span> 
     </span>
    </p>
   </div>
   <div class='ocr_carea' id='block_1_19' title="bbox 298 1921 1907 2016">
    <p class='ocr_par' dir='ltr' id='par_1_19' title="bbox 298 1921 1907 2016">
     <span class='ocr_line' id='line_1_19' title="bbox 298 1921 1907 2016; baseline 0.005 -22"><span class='ocrx_word' id='word_1_149' title='bbox 298 1956 420 1994; x_wconf 83' lang='lat' dir='ltr'><strong>sum</strong></span> <span class='ocrx_word' id='word_1_150' title='bbox 467 1939 620 1994; x_wconf 91' lang='lat' dir='ltr'><strong>illum</strong></span> <span class='ocrx_word' id='word_1_151' title='bbox 679 1953 802 1995; x_wconf 88' lang='lat' dir='ltr'><strong>esse</strong></span> <span class='ocrx_word' id='word_1_152' title='bbox 851 1939 940 2010; x_wconf 91' lang='lat' dir='ltr'><strong>qui</strong></span> <span class='ocrx_word' id='word_1_153' title='bbox 998 1949 1286 2011; x_wconf 91' lang='lat' dir='ltr'><strong>utrumque</strong></span> <span class='ocrx_word' id='word_1_154' title='bbox 1324 1921 1396 1998; x_wconf 79' lang='lat' dir='ltr'><strong>sit</strong></span> <span class='ocrx_word' id='word_1_155' title='bbox 1431 1956 1807 2016; x_wconf 87' lang='lat' dir='ltr'><strong>nuncupatus;</strong></span> <span class='ocrx_word' id='word_1_156' title='bbox 1849 1957 1907 2002; x_wconf 91' lang='lat' dir='ltr'><strong>ut</strong></span> 
     </span>
    </p>
   </div>
   <div class='ocr_carea' id='block_1_20' title="bbox 297 2031 1908 2092">
    <p class='ocr_par' dir='ltr' id='par_1_20' title="bbox 297 2031 1908 2092">
     <span class='ocr_line' id='line_1_20' title="bbox 297 2031 1908 2092; baseline 0.006 -9"><span class='ocrx_word' id='word_1_157' title='bbox 297 2043 423 2083; x_wconf 89' lang='lat' dir='ltr'><strong>cum</strong></span> <span class='ocrx_word' id='word_1_158' title='bbox 450 2043 516 2082; x_wconf 91' lang='lat' dir='ltr'><strong>eo</strong></span> <span class='ocrx_word' id='word_1_159' title='bbox 545 2043 684 2086; x_wconf 86' lang='lat' dir='ltr'><strong>unus</strong></span> <span class='ocrx_word' id='word_1_160' title='bbox 708 2031 780 2085; x_wconf 85' lang='lat' dir='ltr'><strong>sit</strong></span> <span class='ocrx_word' id='word_1_161' title='bbox 805 2031 988 2091; x_wconf 86' lang='lat' dir='ltr'><strong>ambo.</strong></span> <span class='ocrx_word' id='word_1_162' title='bbox 1019 2049 1126 2087; x_wconf 90' lang='lat' dir='ltr'><strong>nou</strong></span> <span class='ocrx_word' id='word_1_163' title='bbox 1159 2046 1344 2088; x_wconf 90' lang='lat' dir='ltr'><strong>unum.</strong></span> <span class='ocrx_word' id='word_1_164' title='bbox 1375 2032 1575 2089; x_wconf 80' lang='lat' dir='ltr'><strong>Audiet</strong></span> <span class='ocrx_word' id='word_1_165' title='bbox 1613 2036 1794 2090; x_wconf 89' lang='lat' dir='ltr'><strong>statim</strong></span> <span class='ocrx_word' id='word_1_166' title='bbox 1838 2035 1908 2092; x_wconf 90' lang='lat' dir='ltr'><strong>de</strong></span> 
     </span>
    </p>
   </div>
   <div class='ocr_carea' id='block_1_21' title="bbox 297 2120 1906 2198">
    <p class='ocr_par' dir='ltr' id='par_1_21' title="bbox 297 2120 1906 2198">
     <span class='ocr_line' id='line_1_21' title="bbox 297 2120 1906 2198; baseline 0.005 -24"><span class='ocrx_word' id='word_1_167' title='bbox 297 2120 612 2192; x_wconf 84' lang='lat' dir='ltr'><strong>Evangeltis</strong></span> <span class='ocrx_word' id='word_1_168' title='bbox 643 2137 750 2176; x_wconf 87' lang='lat' dir='ltr'><strong>non</strong></span> <span class='ocrx_word' id='word_1_169' title='bbox 777 2123 945 2179; x_wconf 86' lang='lat' dir='ltr'><strong>semel</strong></span> <span class='ocrx_word' id='word_1_170' title='bbox 980 2138 1158 2195; x_wconf 89' lang='lat' dir='ltr'><strong>neque</strong></span> <span class='ocrx_word' id='word_1_171' title='bbox 1189 2124 1407 2192; x_wconf 86' lang='lat' dir='ltr'><strong>iterum,</strong></span> <span class='ocrx_word' id='word_1_172' title='bbox 1438 2125 1533 2180; x_wconf 86' lang='lat' dir='ltr'><strong>sed</strong></span> <span class='ocrx_word' id='word_1_173' title='bbox 1569 2126 1906 2198; x_wconf 74' lang='lat' dir='ltr'><strong>frequenter,</strong></span> 
     </span>
    </p>
   </div>
   <div class='ocr_carea' id='block_1_22' title="bbox 305 2212 1908 2291">
    <p class='ocr_par' dir='ltr' id='par_1_22' title="bbox 305 2212 1908 2291">
     <span class='ocr_line' id='line_1_22' title="bbox 305 2212 1908 2291; baseline 0.006 -26"><span class='ocrx_word' id='word_1_174' title='bbox 305 2212 408 2266; x_wconf 83' lang='lat' dir='ltr'><strong>llic</strong></span> <span class='ocrx_word' id='word_1_175' title='bbox 448 2224 522 2268; x_wconf 84' lang='lat' dir='ltr'><strong>est</strong></span> <span class='ocrx_word' id='word_1_176' title='bbox 562 2216 705 2284; x_wconf 86' lang='lat' dir='ltr'><strong>[ilius</strong></span> <span class='ocrx_word' id='word_1_177' title='bbox 752 2233 894 2272; x_wconf 86' lang='lat' dir='ltr'><strong>meus</strong></span> <span class='ocrx_word' id='word_1_178' title='bbox 940 2217 1194 2287; x_wconf 83' lang='lat' dir='ltr'><strong>dilectus,</strong></span> <span class='ocrx_word' id='word_1_179' title='bbox 1243 2219 1299 2274; x_wconf 92' lang='lat' dir='ltr'><strong>in</strong></span> <span class='ocrx_word' id='word_1_180' title='bbox 1331 2237 1432 2290; x_wconf 88' lang='lat' dir='ltr'><strong>quo</strong></span> <span class='ocrx_word' id='word_1_181' title='bbox 1467 2217 1590 2273; x_wconf 96' lang='lat' dir='ltr'><strong>bene</strong></span> <span class='ocrx_word' id='word_1_182' title='bbox 1621 2221 1908 2291; x_wconf 84' lang='lat' dir='ltr'><strong>complacui</strong></span> 
     </span>
    </p>
   </div>
   <div class='ocr_carea' id='block_1_23' title="bbox 300 2305 1906 2391">
    <p class='ocr_par' dir='ltr' id='par_1_23' title="bbox 300 2305 1906 2391">
     <span class='ocr_line' id='line_1_23' title="bbox 300 2305 1906 2391; baseline 0.005 -32"><span class='ocrx_word' id='word_1_183' title='bbox 300 2305 460 2378; x_wconf 71' lang='lat' dir='ltr'><strong>(Mat.</strong></span> <span class='ocrx_word' id='word_1_184' title='bbox 493 2324 624 2374; x_wconf 81' lang='lat' dir='ltr'><strong>xvtt,</strong></span> <span class='ocrx_word' id='word_1_185' title='bbox 651 2307 729 2382; x_wconf 82' lang='lat'><strong>5).</strong></span> <span class='ocrx_word' id='word_1_186' title='bbox 755 2310 973 2377; x_wconf 85' lang='lat' dir='ltr'><strong>Audiet,</strong></span> <span class='ocrx_word' id='word_1_187' title='bbox 995 2310 1153 2368; x_wconf 89' lang='lat' dir='ltr'><strong>Pater</strong></span> <span class='ocrx_word' id='word_1_188' title='bbox 1177 2317 1346 2388; x_wconf 85' lang='lat' dir='ltr'><strong>major</strong></span> <span class='ocrx_word' id='word_1_189' title='bbox 1371 2331 1451 2391; x_wconf 78' lang='lat' dir='ltr'><strong>me</strong></span> <span class='ocrx_word' id='word_1_190' title='bbox 1477 2324 1552 2370; x_wconf 84' lang='lat' dir='ltr'><strong>est</strong></span> <span class='ocrx_word' id='word_1_191' title='bbox 1579 2311 1758 2387; x_wconf 78' lang='lat' dir='ltr'><strong>(Joan.</strong></span> <span class='ocrx_word' id='word_1_192' title='bbox 1791 2329 1906 2382; x_wconf 78' lang='lat' dir='ltr'><strong>xrv,</strong></span> 
     </span>
    </p>
   </div>
   <div class='ocr_carea' id='block_1_24' title="bbox 297 2394 1905 2481">
    <p class='ocr_par' dir='ltr' id='par_1_24' title="bbox 297 2394 1905 2481">
     <span class='ocr_line' id='line_1_24' title="bbox 297 2394 1905 2481; baseline 0.004 -26"><span class='ocrx_word' id='word_1_193' title='bbox 297 2394 416 2472; x_wconf 56' lang='lat' dir='ltr'><strong>is).</strong></span> <span class='ocrx_word' id='word_1_194' title='bbox 451 2404 651 2458; x_wconf 80' lang='lat' dir='ltr'><strong>Audiet</strong></span> <span class='ocrx_word' id='word_1_195' title='bbox 679 2445 694 2469; x_wconf 91' lang='lat'><strong>,</strong></span> <span class='ocrx_word' id='word_1_196' title='bbox 745 2403 860 2476; x_wconf 84' lang='lat' dir='ltr'><strong>Ego</strong></span> <span class='ocrx_word' id='word_1_197' title='bbox 905 2406 1034 2461; x_wconf 84' lang='lat' dir='ltr'><strong>vado</strong></span> <span class='ocrx_word' id='word_1_198' title='bbox 1062 2406 1131 2460; x_wconf 86' lang='lat' dir='ltr'><strong>ad</strong></span> <span class='ocrx_word' id='word_1_199' title='bbox 1159 2407 1369 2462; x_wconf 80' lang='lat' dir='ltr'><strong>Patrem</strong></span> <span class='ocrx_word' id='word_1_200' title='bbox 1395 2406 1646 2478; x_wconf 81' lang='lat' dir='ltr'><strong>(Ibidem,</strong></span> <span class='ocrx_word' id='word_1_201' title='bbox 1676 2406 1799 2481; x_wconf 68' lang='lat'><strong>12);</strong></span> <span class='ocrx_word' id='word_1_202' title='bbox 1830 2417 1905 2474; x_wconf 84' lang='lat' dir='ltr'><strong>et,</strong></span> 
     </span>
    </p>
   </div>
   <div class='ocr_carea' id='block_1_25' title="bbox 298 2493 1910 2574">
    <p class='ocr_par' dir='ltr' id='par_1_25' title="bbox 298 2493 1910 2574">
     <span class='ocr_line' id='line_1_25' title="bbox 298 2493 1910 2574; baseline 0.006 -27"><span class='ocrx_word' id='word_1_203' title='bbox 298 2493 460 2549; x_wconf 78' lang='lat' dir='ltr'><strong>Pater</strong></span> <span class='ocrx_word' id='word_1_204' title='bbox 487 2498 684 2570; x_wconf 76' lang='lat' dir='ltr'><strong>gratias</strong></span> <span class='ocrx_word' id='word_1_205' title='bbox 715 2499 806 2552; x_wconf 86' lang='lat' dir='ltr'><strong>tibi</strong></span> <span class='ocrx_word' id='word_1_206' title='bbox 832 2517 932 2573; x_wconf 82' lang='lat' dir='ltr'><strong>ago</strong></span> <span class='ocrx_word' id='word_1_207' title='bbox 959 2499 1137 2570; x_wconf 85' lang='lat' dir='ltr'><strong>(Joan.</strong></span> <span class='ocrx_word' id='word_1_208' title='bbox 1169 2515 1252 2567; x_wconf 80' lang='lat' dir='ltr'><strong>xt,</strong></span> <span class='ocrx_word' id='word_1_209' title='bbox 1283 2502 1378 2571; x_wconf 73' lang='grc'><strong>41)</strong></span> <span class='ocrx_word' id='word_1_210' title='bbox 1404 2517 1418 2568; x_wconf 90' lang='lat'><strong>;</strong></span> <span class='ocrx_word' id='word_1_211' title='bbox 1450 2509 1524 2566; x_wconf 86' lang='lat' dir='ltr'><strong>et,</strong></span> <span class='ocrx_word' id='word_1_212' title='bbox 1557 2499 1636 2574; x_wconf 68' lang='grc' dir='ltr'><strong>(Ξ)</strong></span> <span class='ocrx_word' id='word_1_213' title='bbox 1669 2500 1910 2571; x_wconf 84' lang='lat' dir='ltr'><strong>Clariﬁca</strong></span> 
     </span>
    </p>
   </div>
   <div class='ocr_carea' id='block_1_26' title="bbox 297 2588 1912 2665">
    <p class='ocr_par' dir='ltr' id='par_1_26' title="bbox 297 2588 1912 2665">
     <span class='ocr_line' id='line_1_26' title="bbox 297 2588 1912 2665; baseline 0.007 -28"><span class='ocrx_word' id='word_1_214' title='bbox 297 2604 398 2654; x_wconf 85' lang='lat' dir='ltr'><strong>me,</strong></span> <span class='ocrx_word' id='word_1_215' title='bbox 433 2588 596 2644; x_wconf 82' lang='lat' dir='ltr'><strong>Pater</strong></span> <span class='ocrx_word' id='word_1_216' title='bbox 611 2588 788 2660; x_wconf 81' lang='lat' dir='ltr'><strong>(Joan.</strong></span> <span class='ocrx_word' id='word_1_217' title='bbox 815 2607 950 2659; x_wconf 80' lang='lat' dir='ltr'><strong>xvu,</strong></span> <span class='ocrx_word' id='word_1_218' title='bbox 978 2595 1033 2664; x_wconf 81' lang='lat'><strong>5)</strong></span> <span class='ocrx_word' id='word_1_219' title='bbox 1058 2609 1072 2659; x_wconf 91' lang='lat'><strong>;</strong></span> <span class='ocrx_word' id='word_1_220' title='bbox 1093 2591 1293 2665; x_wconf 60' lang='lat' dir='ltr'><strong>“et,</strong></span> <span class='ocrx_word' id='word_1_221' title='bbox 1319 2592 1398 2648; x_wconf 88' lang='lat' dir='ltr'><strong>Tu</strong></span> <span class='ocrx_word' id='word_1_222' title='bbox 1425 2611 1479 2649; x_wconf 86' lang='lat' dir='ltr'><strong>es</strong></span> <span class='ocrx_word' id='word_1_223' title='bbox 1503 2591 1550 2646; x_wconf 84' lang='lat' dir='ltr'><em>F</em></span> <span class='ocrx_word' id='word_1_224' title='bbox 1553 2595 1674 2649; x_wconf 87' lang='lat' dir='ltr'><strong>ilius</strong></span> <span class='ocrx_word' id='word_1_225' title='bbox 1693 2593 1791 2648; x_wconf 89' lang='lat' dir='ltr'><strong>Dei</strong></span> <span class='ocrx_word' id='word_1_226' title='bbox 1815 2594 1912 2648; x_wconf 87' lang='lat' dir='ltr'><strong>vivi</strong></span> 
     </span>
    </p>
   </div>
   <div class='ocr_carea' id='block_1_27' title="bbox 298 2679 1912 2760">
    <p class='ocr_par' dir='ltr' id='par_1_27' title="bbox 298 2679 1912 2760">
     <span class='ocr_line' id='line_1_27' title="bbox 298 2679 1912 2760; baseline 0.005 -27"><span class='ocrx_word' id='word_1_227' title='bbox 298 2679 518 2752; x_wconf 75' lang='lat' dir='ltr'><strong>(Matth.</strong></span> <span class='ocrx_word' id='word_1_228' title='bbox 564 2699 672 2749; x_wconf 79' lang='lat' dir='ltr'><strong>xvi,</strong></span> <span class='ocrx_word' id='word_1_229' title='bbox 703 2684 818 2755; x_wconf 76' lang='grc'><strong>17).</strong></span> <span class='ocrx_word' id='word_1_230' title='bbox 848 2684 1117 2756; x_wconf 81' lang='lat' dir='ltr'><strong>Subrepat</strong></span> <span class='ocrx_word' id='word_1_231' title='bbox 1148 2687 1356 2742; x_wconf 87' lang='lat' dir='ltr'><strong>Itehion</strong></span> <span class='ocrx_word' id='word_1_232' title='bbox 1379 2727 1394 2754; x_wconf 93' lang='lat'><strong>,</strong></span> <span class='ocrx_word' id='word_1_233' title='bbox 1442 2685 1512 2760; x_wconf 83' lang='grc' dir='ltr'><strong>(ε)</strong></span> <span class='ocrx_word' id='word_1_234' title='bbox 1561 2686 1770 2741; x_wconf 91' lang='lat' dir='ltr'><strong>initium</strong></span> <span class='ocrx_word' id='word_1_235' title='bbox 1799 2687 1912 2741; x_wconf 91' lang='lat' dir='ltr'><strong>tilio</strong></span> 
     </span>
    </p>
   </div>
   <div class='ocr_carea' id='block_1_28' title="bbox 301 2775 1912 2845">
    <p class='ocr_par' dir='ltr' id='par_1_28' title="bbox 301 2775 1912 2845">
     <span class='ocr_line' id='line_1_28' title="bbox 301 2775 1912 2845; baseline 0.004 -17"><span class='ocrx_word' id='word_1_236' title='bbox 301 2775 399 2828; x_wconf 88' lang='lat' dir='ltr'><strong>Dei</strong></span> <span class='ocrx_word' id='word_1_237' title='bbox 427 2791 493 2830; x_wconf 78' lang='lat' dir='ltr'><strong>ex</strong></span> <span class='ocrx_word' id='word_1_238' title='bbox 524 2775 691 2830; x_wconf 74' lang='lat' dir='ltr'><strong>Maria</strong></span> <span class='ocrx_word' id='word_1_239' title='bbox 716 2777 1045 2845; x_wconf 88' lang='lat' dir='ltr'><strong>concedens,</strong></span> <span class='ocrx_word' id='word_1_240' title='bbox 1077 2791 1133 2835; x_wconf 87' lang='lat' dir='ltr'><strong>et</strong></span> <span class='ocrx_word' id='word_1_241' title='bbox 1163 2778 1399 2834; x_wconf 81' lang='lat' dir='ltr'><strong>Verbum</strong></span> <span class='ocrx_word' id='word_1_242' title='bbox 1435 2794 1465 2832; x_wconf 90' lang='lat' dir='ltr'><strong>a</strong></span> <span class='ocrx_word' id='word_1_243' title='bbox 1512 2778 1702 2834; x_wconf 90' lang='lat' dir='ltr'><strong>diebus</strong></span> <span class='ocrx_word' id='word_1_244' title='bbox 1732 2778 1912 2834; x_wconf 88' lang='lat' dir='ltr'><strong>carnis</strong></span> 
     </span>
    </p>
   </div>
   <div class='ocr_carea' id='block_1_29' title="bbox 295 2869 1911 2945">
    <p class='ocr_par' dir='ltr' id='par_1_29' title="bbox 295 2869 1911 2945">
     <span class='ocr_line' id='line_1_29' title="bbox 295 2869 1911 2945; baseline 0.003 -23"><span class='ocrx_word' id='word_1_245' title='bbox 295 2869 628 2940; x_wconf 80' lang='lat' dir='ltr'><strong>intelligens.</strong></span> <span class='ocrx_word' id='word_1_246' title='bbox 665 2870 744 2945; x_wconf 79' lang='grc'><strong>(5)</strong></span> <span class='ocrx_word' id='word_1_247' title='bbox 776 2873 1022 2944; x_wconf 78' lang='lat' dir='ltr'><strong>Relegat,</strong></span> <span class='ocrx_word' id='word_1_248' title='bbox 1055 2872 1246 2941; x_wconf 85' lang='lat' dir='ltr'><strong>Pater,</strong></span> <span class='ocrx_word' id='word_1_249' title='bbox 1279 2873 1510 2944; x_wconf 83' lang='lat' dir='ltr'><strong>clariﬁca</strong></span> <span class='ocrx_word' id='word_1_250' title='bbox 1546 2889 1626 2928; x_wconf 89' lang='lat' dir='ltr'><strong>me</strong></span> <span class='ocrx_word' id='word_1_251' title='bbox 1657 2872 1799 2944; x_wconf 85' lang='lat' dir='ltr'><strong>apud</strong></span> <span class='ocrx_word' id='word_1_252' title='bbox 1834 2881 1911 2927; x_wconf 90' lang='lat' dir='ltr'><strong>te-</strong></span> 
     </span>
    </p>
   </div>
   <div class='ocr_carea' id='block_1_30' title="bbox 297 2965 1914 3038">
    <p class='ocr_par' dir='ltr' id='par_1_30' title="bbox 297 2965 1914 3038">
     <span class='ocr_line' id='line_1_30' title="bbox 297 2965 1914 3038; baseline 0.002 -23"><span class='ocrx_word' id='word_1_253' title='bbox 297 2965 575 3033; x_wconf 82' lang='lat' dir='ltr'><strong>metipsum</strong></span> <span class='ocrx_word' id='word_1_254' title='bbox 603 2983 664 3020; x_wconf 90' lang='lat' dir='ltr'><strong>ea</strong></span> <span class='ocrx_word' id='word_1_255' title='bbox 695 2967 948 3036; x_wconf 82' lang='lat' dir='ltr'><strong>claritate,</strong></span> <span class='ocrx_word' id='word_1_256' title='bbox 989 2983 1141 3037; x_wconf 90' lang='lat' dir='ltr'><strong>quam</strong></span> <span class='ocrx_word' id='word_1_257' title='bbox 1173 2967 1328 3021; x_wconf 82' lang='lat' dir='ltr'><strong>habui</strong></span> <span class='ocrx_word' id='word_1_258' title='bbox 1357 2967 1498 3038; x_wconf 87' lang='lat' dir='ltr'><strong>apud</strong></span> <span class='ocrx_word' id='word_1_259' title='bbox 1521 2976 1568 3020; x_wconf 90' lang='lat' dir='ltr'><strong>te</strong></span> <span class='ocrx_word' id='word_1_260' title='bbox 1599 2967 1740 3037; x_wconf 84' lang='lat' dir='ltr'><strong>prius</strong></span> <span class='ocrx_word' id='word_1_261' title='bbox 1759 2981 1914 3038; x_wconf 86' lang='lat' dir='ltr'><strong>quam</strong></span> 
     </span>
    </p>
   </div>
   <div class='ocr_carea' id='block_1_31' title="bbox 297 3059 1912 3134">
    <p class='ocr_par' dir='ltr' id='par_1_31' title="bbox 297 3059 1912 3134">
     <span class='ocr_line' id='line_1_31' title="bbox 297 3059 1912 3134; baseline 0.002 -23"><span class='ocrx_word' id='word_1_262' title='bbox 297 3060 524 3112; x_wconf 81' lang='lat' dir='ltr'><strong>mundus</strong></span> <span class='ocrx_word' id='word_1_263' title='bbox 544 3070 671 3114; x_wconf 87' lang='lat' dir='ltr'><strong>esset</strong></span> <span class='ocrx_word' id='word_1_264' title='bbox 694 3059 1025 3134; x_wconf 81' lang='lat' dir='ltr'><strong>(Joan.xvtt,</strong></span> <span class='ocrx_word' id='word_1_265' title='bbox 1056 3063 1149 3132; x_wconf 76' lang='lat'><strong>5);</strong></span> <span class='ocrx_word' id='word_1_266' title='bbox 1180 3071 1257 3128; x_wconf 90' lang='lat' dir='ltr'><strong>et,</strong></span> <span class='ocrx_word' id='word_1_267' title='bbox 1285 3060 1351 3116; x_wconf 89' lang='lat' dir='ltr'><strong>In</strong></span> <span class='ocrx_word' id='word_1_268' title='bbox 1381 3062 1634 3134; x_wconf 84' lang='lat' dir='ltr'><strong>principio</strong></span> <span class='ocrx_word' id='word_1_269' title='bbox 1653 3072 1758 3116; x_wconf 90' lang='lat' dir='ltr'><strong>erat</strong></span> <span class='ocrx_word' id='word_1_270' title='bbox 1791 3059 1912 3115; x_wconf 85' lang='lat' dir='ltr'><strong>Ver-</strong></span> 
     </span>
    </p>
   </div>
   <div class='ocr_carea' id='block_1_32' title="bbox 295 3135 1983 3226">
    <p class='ocr_par' dir='ltr' id='par_1_32' title="bbox 295 3135 1983 3226">
     <span class='ocr_line' id='line_1_32' title="bbox 295 3135 1983 3226; baseline 0.004 -23"><span class='ocrx_word' id='word_1_271' title='bbox 295 3149 440 3217; x_wconf 87' lang='lat' dir='ltr'><strong>bum,</strong></span> <span class='ocrx_word' id='word_1_272' title='bbox 474 3159 524 3206; x_wconf 85' lang='lat' dir='ltr'><strong>et</strong></span> <span class='ocrx_word' id='word_1_273' title='bbox 565 3151 780 3206; x_wconf 74' lang='lat' dir='ltr'><strong>Verbum</strong></span> <span class='ocrx_word' id='word_1_274' title='bbox 818 3165 926 3209; x_wconf 85' lang='lat' dir='ltr'><strong>erat</strong></span> <span class='ocrx_word' id='word_1_275' title='bbox 953 3156 1093 3226; x_wconf 86' lang='lat' dir='ltr'><strong>apud</strong></span> <span class='ocrx_word' id='word_1_276' title='bbox 1123 3153 1292 3209; x_wconf 87' lang='lat' dir='ltr'><strong>Deunt</strong></span> <span class='ocrx_word' id='word_1_277' title='bbox 1315 3197 1331 3221; x_wconf 94' lang='lat'><strong>,</strong></span> <span class='ocrx_word' id='word_1_278' title='bbox 1380 3165 1428 3210; x_wconf 90' lang='lat' dir='ltr'><strong>et</strong></span> <span class='ocrx_word' id='word_1_279' title='bbox 1456 3154 1600 3209; x_wconf 86' lang='lat' dir='ltr'><strong>Deus</strong></span> <span class='ocrx_word' id='word_1_280' title='bbox 1633 3164 1743 3210; x_wconf 85' lang='lat' dir='ltr'><strong>erat</strong></span> <span class='ocrx_word' id='word_1_281' title='bbox 1781 3154 1906 3210; x_wconf 84' lang='lat' dir='ltr'><strong>Ver-</strong></span> <span class='ocrx_word' id='word_1_282' title='bbox 1935 3135 1983 3200; x_wconf 81' lang='lat' dir='ltr'>C</span> 
     </span>
    </p>
   </div>
   <div class='ocr_carea' id='block_1_33' title="bbox 295 3241 1904 3321">
    <p class='ocr_par' dir='ltr' id='par_1_33' title="bbox 295 3241 1904 3321">
     <span class='ocr_line' id='line_1_33' title="bbox 295 3241 1904 3321; baseline 0.004 -25"><span class='ocrx_word' id='word_1_283' title='bbox 295 3242 416 3298; x_wconf 80' lang='lat' dir='ltr'><strong>bum</strong></span> <span class='ocrx_word' id='word_1_284' title='bbox 444 3241 631 3314; x_wconf 79' lang='lat' dir='ltr'><strong>(Joan.</strong></span> <span class='ocrx_word' id='word_1_285' title='bbox 657 3263 695 3312; x_wconf 84' lang='grc' dir='ltr'><strong>ι,</strong></span> <span class='ocrx_word' id='word_1_286' title='bbox 726 3249 814 3318; x_wconf 80' lang='lat' dir='ltr'><strong>l);</strong></span> <span class='ocrx_word' id='word_1_287' title='bbox 845 3255 921 3315; x_wconf 88' lang='lat' dir='ltr'><strong>et,</strong></span> <span class='ocrx_word' id='word_1_288' title='bbox 954 3247 1139 3303; x_wconf 84' lang='lat' dir='ltr'><strong>Omnia</strong></span> <span class='ocrx_word' id='word_1_289' title='bbox 1171 3266 1262 3321; x_wconf 82' lang='lat' dir='ltr'><strong>per</strong></span> <span class='ocrx_word' id='word_1_290' title='bbox 1287 3265 1402 3304; x_wconf 85' lang='lat' dir='ltr'><strong>eum</strong></span> <span class='ocrx_word' id='word_1_291' title='bbox 1430 3253 1570 3320; x_wconf 75' lang='lat' dir='ltr'><strong>facta</strong></span> <span class='ocrx_word' id='word_1_292' title='bbox 1591 3259 1711 3304; x_wconf 85' lang='lat' dir='ltr'><strong>sunt</strong></span> <span class='ocrx_word' id='word_1_293' title='bbox 1741 3247 1904 3321; x_wconf 83' lang='lat' dir='ltr'><strong>(Ibid.</strong></span> 
     </span>
    </p>
   </div>
   <div class='ocr_carea' id='block_1_34' title="bbox 292 3337 1908 3415">
    <p class='ocr_par' dir='ltr' id='par_1_34' title="bbox 292 3337 1908 3415">
     <span class='ocr_line' id='line_1_34' title="bbox 292 3337 1908 3415; baseline 0.002 -21"><span class='ocrx_word' id='word_1_294' title='bbox 292 3337 391 3411; x_wconf 77' lang='lat'><strong>3);</strong></span> <span class='ocrx_word' id='word_1_295' title='bbox 420 3351 497 3408; x_wconf 87' lang='lat' dir='ltr'><strong>et,</strong></span> <span class='ocrx_word' id='word_1_296' title='bbox 525 3339 592 3395; x_wconf 81' lang='lat' dir='ltr'><strong>In</strong></span> <span class='ocrx_word' id='word_1_297' title='bbox 625 3343 818 3397; x_wconf 86' lang='lat' dir='ltr'><strong>mundo</strong></span> <span class='ocrx_word' id='word_1_298' title='bbox 839 3353 969 3408; x_wconf 87' lang='lat' dir='ltr'><strong>erat,</strong></span> <span class='ocrx_word' id='word_1_299' title='bbox 993 3345 1277 3399; x_wconf 87' lang='lat' dir='ltr'><strong>etmundus</strong></span> <span class='ocrx_word' id='word_1_300' title='bbox 1300 3361 1393 3415; x_wconf 84' lang='lat' dir='ltr'><strong>per</strong></span> <span class='ocrx_word' id='word_1_301' title='bbox 1421 3345 1587 3410; x_wconf 85' lang='lat' dir='ltr'><strong>ipsum</strong></span> <span class='ocrx_word' id='word_1_302' title='bbox 1620 3343 1788 3414; x_wconf 80' lang='lat' dir='ltr'><strong>[actus</strong></span> <span class='ocrx_word' id='word_1_303' title='bbox 1811 3352 1908 3412; x_wconf 84' lang='lat' dir='ltr'><strong>est,</strong></span> 
     </span>
    </p>
   </div>
   <div class='ocr_carea' id='block_1_35' title="bbox 295 3434 1911 3510">
    <p class='ocr_par' dir='ltr' id='par_1_35' title="bbox 295 3434 1911 3510">
     <span class='ocr_line' id='line_1_35' title="bbox 295 3434 1911 3510; baseline 0.002 -24"><span class='ocrx_word' id='word_1_304' title='bbox 295 3443 342 3487; x_wconf 88' lang='lat' dir='ltr'><strong>et</strong></span> <span class='ocrx_word' id='word_1_305' title='bbox 357 3435 586 3488; x_wconf 83' lang='lat' dir='ltr'><strong>mundus</strong></span> <span class='ocrx_word' id='word_1_306' title='bbox 602 3452 719 3490; x_wconf 87' lang='lat' dir='ltr'><strong>eum</strong></span> <span class='ocrx_word' id='word_1_307' title='bbox 737 3453 838 3490; x_wconf 88' lang='lat' dir='ltr'><strong>non</strong></span> <span class='ocrx_word' id='word_1_308' title='bbox 853 3439 1084 3509; x_wconf 79' lang='lat' dir='ltr'><strong>cognovit</strong></span> <span class='ocrx_word' id='word_1_309' title='bbox 1099 3441 1114 3507; x_wconf 92' lang='lat'><strong>(</strong></span> <span class='ocrx_word' id='word_1_310' title='bbox 1129 3436 1289 3503; x_wconf 86' lang='lat' dir='ltr'><strong>Ibitl.,</strong></span> <span class='ocrx_word' id='word_1_311' title='bbox 1315 3437 1430 3510; x_wconf 81' lang='grc'><strong>10).</strong></span> <span class='ocrx_word' id='word_1_312' title='bbox 1451 3438 1696 3492; x_wconf 78' lang='lat' dir='ltr'><strong>Existant</strong></span> <span class='ocrx_word' id='word_1_313' title='bbox 1716 3434 1796 3510; x_wconf 92' lang='lat' dir='ltr'><strong>(d)</strong></span> <span class='ocrx_word' id='word_1_314' title='bbox 1813 3452 1911 3490; x_wconf 84' lang='lat' dir='ltr'><strong>no-</strong></span> 
     </span>
    </p>
   </div>
   <div class='ocr_carea' id='block_1_36' title="bbox 291 3530 1907 3602">
    <p class='ocr_par' dir='ltr' id='par_1_36' title="bbox 291 3530 1907 3602">
     <span class='ocr_line' id='line_1_36' title="bbox 291 3530 1907 3602; baseline 0.002 -20"><span class='ocrx_word' id='word_1_315' title='bbox 291 3530 420 3584; x_wconf 86' lang='lat' dir='ltr'><strong>velli</strong></span> <span class='ocrx_word' id='word_1_316' title='bbox 454 3532 814 3600; x_wconf 82' lang='lat' dir='ltr'><strong>apostolatus,</strong></span> <span class='ocrx_word' id='word_1_317' title='bbox 869 3532 962 3588; x_wconf 88' lang='lat' dir='ltr'><strong>sed</strong></span> <span class='ocrx_word' id='word_1_318' title='bbox 1021 3534 1088 3588; x_wconf 89' lang='lat' dir='ltr'><strong>ab</strong></span> <span class='ocrx_word' id='word_1_319' title='bbox 1135 3533 1476 3600; x_wconf 85' lang='lat' dir='ltr'><strong>antichristo,</strong></span> <span class='ocrx_word' id='word_1_320' title='bbox 1505 3531 1907 3602; x_wconf 79' lang='lat' dir='ltr'><strong>praedicatores,</strong></span> 
     </span>
    </p>
   </div>
   <div class='ocr_carea' id='block_1_37' title="bbox 293 3621 1910 3695">
    <p class='ocr_par' dir='ltr' id='par_1_37' title="bbox 293 3621 1910 3695">
     <span class='ocr_line' id='line_1_37' title="bbox 293 3621 1910 3695; baseline 0.001 -19"><span class='ocrx_word' id='word_1_321' title='bbox 293 3621 446 3676; x_wconf 87' lang='lat' dir='ltr'><strong>omni</strong></span> <span class='ocrx_word' id='word_1_322' title='bbox 470 3625 800 3680; x_wconf 70' lang='lat' dir='ltr'><strong>contumelia</strong></span> <span class='ocrx_word' id='word_1_323' title='bbox 829 3626 917 3680; x_wconf 90' lang='lat' dir='ltr'><strong>Dei</strong></span> <span class='ocrx_word' id='word_1_324' title='bbox 948 3625 1114 3680; x_wconf 87' lang='lat' dir='ltr'><strong>lilium</strong></span> <span class='ocrx_word' id='word_1_325' title='bbox 1139 3625 1428 3681; x_wconf 87' lang='lat' dir='ltr'><strong>illudeutes</strong></span> <span class='ocrx_word' id='word_1_326' title='bbox 1454 3642 1466 3676; x_wconf 84' lang='lat'><strong>:</strong></span> <span class='ocrx_word' id='word_1_327' title='bbox 1490 3634 1544 3680; x_wconf 91' lang='lat' dir='ltr'><strong>et</strong></span> <span class='ocrx_word' id='word_1_328' title='bbox 1563 3622 1640 3695; x_wconf 73' lang='lat' dir='ltr'><strong>(t)</strong></span> <span class='ocrx_word' id='word_1_329' title='bbox 1668 3624 1910 3692; x_wconf 88' lang='lat' dir='ltr'><strong>audiant,</strong></span> 
     </span>
    </p>
   </div>
   <div class='ocr_carea' id='block_1_38' title="bbox 295 3715 1916 3790">
    <p class='ocr_par' dir='ltr' id='par_1_38' title="bbox 295 3715 1916 3790">
     <span class='ocr_line' id='line_1_38' title="bbox 295 3715 1916 3790; baseline 0.001 -20"><span class='ocrx_word' id='word_1_330' title='bbox 295 3715 412 3789; x_wconf 73' lang='lat' dir='ltr'><strong>Ego</strong></span> <span class='ocrx_word' id='word_1_331' title='bbox 451 3719 516 3771; x_wconf 85' lang='lat' dir='ltr'><strong>de</strong></span> <span class='ocrx_word' id='word_1_332' title='bbox 544 3715 705 3773; x_wconf 80' lang='lat' dir='ltr'><strong>Patre</strong></span> <span class='ocrx_word' id='word_1_333' title='bbox 732 3721 864 3773; x_wconf 76' lang='lat' dir='ltr'><strong>exivi</strong></span> <span class='ocrx_word' id='word_1_334' title='bbox 895 3719 1076 3784; x_wconf 85' lang='lat' dir='ltr'><strong>(Joan.</strong></span> <span class='ocrx_word' id='word_1_335' title='bbox 1117 3735 1232 3787; x_wconf 77' lang='lat' dir='ltr'><strong>xw,</strong></span> <span class='ocrx_word' id='word_1_336' title='bbox 1258 3717 1384 3790; x_wconf 67' lang='lat'><strong>28);</strong></span> <span class='ocrx_word' id='word_1_337' title='bbox 1415 3727 1489 3785; x_wconf 89' lang='lat' dir='ltr'><strong>et,</strong></span> <span class='ocrx_word' id='word_1_338' title='bbox 1531 3716 1698 3772; x_wconf 81' lang='lat' dir='ltr'><strong>Filius</strong></span> <span class='ocrx_word' id='word_1_339' title='bbox 1721 3719 1773 3771; x_wconf 90' lang='lat' dir='ltr'><strong>in</strong></span> <span class='ocrx_word' id='word_1_340' title='bbox 1803 3715 1916 3772; x_wconf 85' lang='lat' dir='ltr'><strong>Pa-</strong></span> 
     </span>
    </p>
   </div>
   <div class='ocr_carea' id='block_1_39' title="bbox 303 3810 1918 3884">
    <p class='ocr_par' dir='ltr' id='par_1_39' title="bbox 303 3810 1918 3884">
     <span class='ocr_line' id='line_1_39' title="bbox 303 3810 1918 3884; baseline 0.001 -20"><span class='ocrx_word' id='word_1_341' title='bbox 303 3811 404 3864; x_wconf 83' lang='lat' dir='ltr'><strong>tris</strong></span> <span class='ocrx_word' id='word_1_342' title='bbox 430 3813 546 3865; x_wconf 86' lang='lat' dir='ltr'><strong>sinu</strong></span> <span class='ocrx_word' id='word_1_343' title='bbox 571 3810 749 3883; x_wconf 78' lang='lat' dir='ltr'><strong>(Joan.</strong></span> <span class='ocrx_word' id='word_1_344' title='bbox 777 3829 815 3880; x_wconf 81' lang='grc' dir='ltr'><strong>ι,</strong></span> <span class='ocrx_word' id='word_1_345' title='bbox 850 3812 972 3883; x_wconf 80' lang='grc'><strong>18);</strong></span> <span class='ocrx_word' id='word_1_346' title='bbox 1018 3821 1104 3880; x_wconf 88' lang='lat' dir='ltr'><strong>et,</strong></span> <span class='ocrx_word' id='word_1_347' title='bbox 1137 3812 1249 3884; x_wconf 82' lang='lat' dir='ltr'><strong>Ego</strong></span> <span class='ocrx_word' id='word_1_348' title='bbox 1281 3823 1328 3867; x_wconf 91' lang='lat' dir='ltr'><strong>et</strong></span> <span class='ocrx_word' id='word_1_349' title='bbox 1361 3812 1516 3866; x_wconf 85' lang='lat' dir='ltr'><strong>Pater</strong></span> <span class='ocrx_word' id='word_1_350' title='bbox 1551 3828 1712 3866; x_wconf 87' lang='lat' dir='ltr'><strong>unum</strong></span> <span class='ocrx_word' id='word_1_351' title='bbox 1740 3828 1918 3866; x_wconf 86' lang='lat' dir='ltr'><strong>sumus</strong></span> 
     </span>
    </p>
   </div>
   <div class='ocr_carea' id='block_1_40' title="bbox 295 3901 1915 3978">
    <p class='ocr_par' dir='ltr' id='par_1_40' title="bbox 295 3901 1915 3978">
     <span class='ocr_line' id='line_1_40' title="bbox 295 3901 1915 3978; baseline 0.002 -22"><span class='ocrx_word' id='word_1_352' title='bbox 295 3901 480 3975; x_wconf 76' lang='lat' dir='ltr'><strong>(Joan.</strong></span> <span class='ocrx_word' id='word_1_353' title='bbox 517 3920 574 3969; x_wconf 70' lang='grc' dir='ltr'><strong>χ,</strong></span> <span class='ocrx_word' id='word_1_354' title='bbox 605 3905 738 3976; x_wconf 79' lang='lat'><strong>&#39;50);</strong></span> <span class='ocrx_word' id='word_1_355' title='bbox 771 3916 844 3972; x_wconf 88' lang='lat' dir='ltr'><strong>et,</strong></span> <span class='ocrx_word' id='word_1_356' title='bbox 882 3904 993 3976; x_wconf 83' lang='lat' dir='ltr'><strong>Ego</strong></span> <span class='ocrx_word' id='word_1_357' title='bbox 1023 3906 1077 3960; x_wconf 88' lang='lat' dir='ltr'><strong>in</strong></span> <span class='ocrx_word' id='word_1_358' title='bbox 1100 3904 1278 3972; x_wconf 87' lang='lat' dir='ltr'><strong>Patre,</strong></span> <span class='ocrx_word' id='word_1_359' title='bbox 1296 3914 1342 3960; x_wconf 87' lang='lat' dir='ltr'><strong>et</strong></span> <span class='ocrx_word' id='word_1_360' title='bbox 1366 3903 1524 3960; x_wconf 86' lang='lat' dir='ltr'><strong>Pater</strong></span> <span class='ocrx_word' id='word_1_361' title='bbox 1549 3905 1605 3959; x_wconf 88' lang='lat' dir='ltr'><strong>in</strong></span> <span class='ocrx_word' id='word_1_362' title='bbox 1624 3922 1702 3960; x_wconf 87' lang='lat' dir='ltr'><strong>me</strong></span> <span class='ocrx_word' id='word_1_363' title='bbox 1735 3903 1915 3978; x_wconf 83' lang='lat' dir='ltr'><strong>(Joan.</strong></span> 
     </span>
    </p>
   </div>
   <div class='ocr_carea' id='block_1_41' title="bbox 291 3995 1916 4068">
    <p class='ocr_par' dir='ltr' id='par_1_41' title="bbox 291 3995 1916 4068">
     <span class='ocr_line' id='line_1_41' title="bbox 291 3995 1916 4068; baseline 0.002 -20"><span class='ocrx_word' id='word_1_364' title='bbox 291 4010 405 4060; x_wconf 81' lang='lat' dir='ltr'><strong>xtv,</strong></span> <span class='ocrx_word' id='word_1_365' title='bbox 453 3998 566 4065; x_wconf 80' lang='lat' dir='ltr'><strong>ll).</strong></span> <span class='ocrx_word' id='word_1_366' title='bbox 602 3997 669 4051; x_wconf 88' lang='lat' dir='ltr'><strong>Et</strong></span> <span class='ocrx_word' id='word_1_367' title='bbox 719 4005 993 4068; x_wconf 89' lang='lat' dir='ltr'><strong>postremo</strong></span> <span class='ocrx_word' id='word_1_368' title='bbox 1033 4011 1139 4052; x_wconf 88' lang='lat' dir='ltr'><strong>una</strong></span> <span class='ocrx_word' id='word_1_369' title='bbox 1184 4011 1307 4052; x_wconf 91' lang='lat' dir='ltr'><strong>cum</strong></span> <span class='ocrx_word' id='word_1_370' title='bbox 1335 3995 1538 4053; x_wconf 65' lang='lat' dir='ltr'><strong>ludatis</strong></span> <span class='ocrx_word' id='word_1_371' title='bbox 1573 3997 1916 4065; x_wconf 81' lang='lat' dir='ltr'><strong>irascantur,</strong></span> 
     </span>
    </p>
   </div>
   <div class='ocr_carea' id='block_1_42' title="bbox 365 4110 625 4183">
    <p class='ocr_par' dir='ltr' id='par_1_42' title="bbox 365 4110 625 4183">
     <span class='ocr_line' id='line_1_42' title="bbox 365 4110 625 4183; baseline -0.008 -17"><span class='ocrx_word' id='word_1_372' title='bbox 365 4110 444 4183; x_wconf 86' lang='grc' dir='ltr'><strong>(Ι)</strong></span> <span class='ocrx_word' id='word_1_373' title='bbox 479 4111 625 4167; x_wconf 80' lang='lat' dir='ltr'><strong>Sint.</strong></span> 
     </span>
    </p>
   </div>
   <div class='ocr_carea' id='block_1_43' title="bbox 364 4180 1901 4259">
    <p class='ocr_par' dir='ltr' id='par_1_43' title="bbox 364 4180 1901 4259">
     <span class='ocr_line' id='line_1_43' title="bbox 364 4180 1901 4259; baseline 0.003 -21"><span class='ocrx_word' id='word_1_374' title='bbox 364 4180 448 4252; x_wconf 58' lang='lat'><strong>(2&#39;)</strong></span> <span class='ocrx_word' id='word_1_375' title='bbox 499 4183 767 4259; x_wconf 72' lang='lat' dir='ltr'><strong>Cleri/ica.</strong></span> <span class='ocrx_word' id='word_1_376' title='bbox 819 4184 894 4240; x_wconf 89' lang='lat' dir='ltr'><strong>Ita</strong></span> <span class='ocrx_word' id='word_1_377' title='bbox 932 4193 988 4240; x_wconf 91' lang='lat' dir='ltr'><strong>et</strong></span> <span class='ocrx_word' id='word_1_378' title='bbox 1029 4185 1081 4240; x_wconf 88' lang='lat' dir='ltr'><strong>in</strong></span> <span class='ocrx_word' id='word_1_379' title='bbox 1131 4184 1322 4242; x_wconf 82' lang='lat' dir='ltr'><strong>Graeco</strong></span> <span class='ocrx_word' id='word_1_380' title='bbox 1375 4193 1524 4242; x_wconf 79' lang='lat' dir='ltr'><strong>textu</strong></span> <span class='ocrx_word' id='word_1_381' title='bbox 1551 4203 1565 4242; x_wconf 86' lang='lat'><strong>:</strong></span> <span class='ocrx_word' id='word_1_382' title='bbox 1596 4180 1810 4250; x_wconf 74' lang='grc' dir='ltr'><strong>δόξασόν</strong></span> <span class='ocrx_word' id='word_1_383' title='bbox 1836 4206 1901 4259; x_wconf 76' lang='grc' dir='ltr'>με</span> 
     </span>
    </p>
   </div>
   <div class='ocr_carea' id='block_1_44' title="bbox 293 4253 734 4328">
    <p class='ocr_par' dir='ltr' id='par_1_44' title="bbox 293 4253 734 4328">
     <span class='ocr_line' id='line_1_44' title="bbox 293 4253 734 4328; baseline 0.009 -22"><span class='ocrx_word' id='word_1_384' title='bbox 293 4253 475 4328; x_wconf 82' lang='lat' dir='ltr'><strong>(.loan.</strong></span> <span class='ocrx_word' id='word_1_385' title='bbox 499 4271 630 4322; x_wconf 76' lang='lat' dir='ltr'><strong>xvu,</strong></span> <span class='ocrx_word' id='word_1_386' title='bbox 657 4255 734 4328; x_wconf 84' lang='lat'><strong>5).</strong></span> 
     </span>
    </p>
   </div>
   <div class='ocr_carea' id='block_1_45' title="bbox 363 4373 1904 4450">
    <p class='ocr_par' dir='ltr' id='par_1_45' title="bbox 363 4373 1904 4450">
     <span class='ocr_line' id='line_1_45' title="bbox 363 4373 1904 4450; baseline 0.001 -19"><span class='ocrx_word' id='word_1_387' title='bbox 363 4373 440 4450; x_wconf 67' lang='lat' dir='ltr'><strong>(ti)</strong></span> <span class='ocrx_word' id='word_1_388' title='bbox 471 4375 602 4450; x_wconf 60' lang='lat' dir='ltr'><strong>Best</strong></span> <span class='ocrx_word' id='word_1_389' title='bbox 625 4377 861 4450; x_wconf 75' lang='lat' dir='ltr'><strong>genuisse</strong></span> <span class='ocrx_word' id='word_1_390' title='bbox 888 4376 1104 4450; x_wconf 85' lang='lat' dir='ltr'><strong>additur</strong></span> <span class='ocrx_word' id='word_1_391' title='bbox 1131 4377 1184 4432; x_wconf 93' lang='lat' dir='ltr'><strong>in</strong></span> <span class='ocrx_word' id='word_1_392' title='bbox 1217 4376 1620 4450; x_wconf 87' lang='lat' dir='ltr'><strong>uno_ms.Colb.</strong></span> <span class='ocrx_word' id='word_1_393' title='bbox 1653 4377 1904 4450; x_wconf 85' lang='lat' dir='ltr'><strong>genitum.</strong></span> 
     </span>
    </p>
   </div>
   <div class='ocr_carea' id='block_1_46' title="bbox 2019 453 3634 538">
    <p class='ocr_par' dir='ltr' id='par_1_46' title="bbox 2019 453 3634 538">
     <span class='ocr_line' id='line_1_46' title="bbox 2019 453 3634 538; baseline 0.013 -33"><span class='ocrx_word' id='word_1_394' title='bbox 2019 453 2284 523; x_wconf 67' lang='lat' dir='ltr'><strong>aequalem</strong></span> <span class='ocrx_word' id='word_1_395' title='bbox 2307 471 2368 513; x_wconf 92' lang='lat' dir='ltr'><strong>se</strong></span> <span class='ocrx_word' id='word_1_396' title='bbox 2401 460 2509 513; x_wconf 87' lang='lat' dir='ltr'><strong>Deo</strong></span> <span class='ocrx_word' id='word_1_397' title='bbox 2541 458 2729 516; x_wconf 81' lang='lat' dir='ltr'><strong>fecerit</strong></span> <span class='ocrx_word' id='word_1_398' title='bbox 2761 480 2774 516; x_wconf 87' lang='lat'><strong>:</strong></span> <span class='ocrx_word' id='word_1_399' title='bbox 2803 473 2858 517; x_wconf 90' lang='lat' dir='ltr'><strong>et</strong></span> <span class='ocrx_word' id='word_1_400' title='bbox 2886 480 2990 518; x_wconf 89' lang='lat' dir='ltr'><strong>una</strong></span> <span class='ocrx_word' id='word_1_401' title='bbox 3019 482 3140 521; x_wconf 89' lang='lat' dir='ltr'><strong>cum</strong></span> <span class='ocrx_word' id='word_1_402' title='bbox 3174 469 3238 521; x_wconf 90' lang='lat' dir='ltr'><strong>iis</strong></span> <span class='ocrx_word' id='word_1_403' title='bbox 3261 469 3503 538; x_wconf 86' lang='lat' dir='ltr'><strong>audiant,</strong></span> <span class='ocrx_word' id='word_1_404' title='bbox 3539 469 3634 526; x_wconf 85' lang='lat' dir='ltr'><strong>Vel</strong></span> 
     </span>
    </p>
   </div>
   <div class='ocr_carea' id='block_1_47' title="bbox 2019 549 3630 636">
    <p class='ocr_par' dir='ltr' id='par_1_47' title="bbox 2019 549 3630 636">
     <span class='ocr_line' id='line_1_47' title="bbox 2019 549 3630 636; baseline 0.012 -36"><span class='ocrx_word' id='word_1_405' title='bbox 2019 549 2256 620; x_wconf 83' lang='lat' dir='ltr'><strong>aperibus</strong></span> <span class='ocrx_word' id='word_1_406' title='bbox 2280 552 2406 606; x_wconf 88' lang='lat' dir='ltr'><strong>meis</strong></span> <span class='ocrx_word' id='word_1_407' title='bbox 2437 553 2649 620; x_wconf 83' lang='lat' dir='ltr'><strong>credite,</strong></span> <span class='ocrx_word' id='word_1_408' title='bbox 2684 556 2806 625; x_wconf 84' lang='lat' dir='ltr'><strong>quia</strong></span> <span class='ocrx_word' id='word_1_409' title='bbox 2834 555 2992 612; x_wconf 86' lang='lat' dir='ltr'><strong>Pater</strong></span> <span class='ocrx_word' id='word_1_410' title='bbox 3022 559 3074 614; x_wconf 87' lang='lat' dir='ltr'><strong>in</strong></span> <span class='ocrx_word' id='word_1_411' title='bbox 3105 577 3205 626; x_wconf 90' lang='lat' dir='ltr'><strong>me,</strong></span> <span class='ocrx_word' id='word_1_412' title='bbox 3235 571 3284 616; x_wconf 86' lang='lat' dir='ltr'><strong>et</strong></span> <span class='ocrx_word' id='word_1_413' title='bbox 3307 579 3398 636; x_wconf 81' lang='lat' dir='ltr'><strong>ego</strong></span> <span class='ocrx_word' id='word_1_414' title='bbox 3431 565 3487 618; x_wconf 85' lang='lat' dir='ltr'><strong>in</strong></span> <span class='ocrx_word' id='word_1_415' title='bbox 3519 564 3630 618; x_wconf 78' lang='grc' dir='ltr'><strong>Ρα-</strong></span> 
     </span>
    </p>
   </div>
   <div class='ocr_carea' id='block_1_48' title="bbox 2019 641 3632 721">
    <p class='ocr_par' dir='ltr' id='par_1_48' title="bbox 2019 641 3632 721">
     <span class='ocr_line' id='line_1_48' title="bbox 2019 641 3632 721; baseline 0.012 -27"><span class='ocrx_word' id='word_1_416' title='bbox 2019 648 2094 695; x_wconf 88' lang='lat' dir='ltr'><strong>tre</strong></span> <span class='ocrx_word' id='word_1_417' title='bbox 2121 641 2303 712; x_wconf 86' lang='lat' dir='ltr'><strong>(Joan.</strong></span> <span class='ocrx_word' id='word_1_418' title='bbox 2333 661 2423 700; x_wconf 81' lang='lat' dir='ltr'><strong>xw</strong></span> <span class='ocrx_word' id='word_1_419' title='bbox 2447 687 2462 713; x_wconf 94' lang='lat'><strong>,</strong></span> <span class='ocrx_word' id='word_1_420' title='bbox 2507 645 2624 716; x_wconf 75' lang='lat'><strong>28).</strong></span> <span class='ocrx_word' id='word_1_421' title='bbox 2659 646 2832 703; x_wconf 89' lang='lat' dir='ltr'><strong>Unum</strong></span> <span class='ocrx_word' id='word_1_422' title='bbox 2885 651 3048 721; x_wconf 79' lang='lat' dir='ltr'><strong>igitur</strong></span> <span class='ocrx_word' id='word_1_423' title='bbox 3079 651 3182 709; x_wconf 88' lang='lat' dir='ltr'><strong>hoc</strong></span> <span class='ocrx_word' id='word_1_424' title='bbox 3223 664 3306 710; x_wconf 90' lang='lat' dir='ltr'><strong>est</strong></span> <span class='ocrx_word' id='word_1_425' title='bbox 3353 655 3632 714; x_wconf 84' lang='lat' dir='ltr'><strong>immobile</strong></span> 
     </span>
    </p>
   </div>
   <div class='ocr_carea' id='block_1_49' title="bbox 2022 731 3634 818">
    <p class='ocr_par' dir='ltr' id='par_1_49' title="bbox 2022 731 3634 818">
     <span class='ocr_line' id='line_1_49' title="bbox 2022 731 3634 818; baseline 0.013 -31"><span class='ocrx_word' id='word_1_426' title='bbox 2022 731 2432 794; x_wconf 81' lang='lat' dir='ltr'><strong>fundamentum</strong></span> <span class='ocrx_word' id='word_1_427' title='bbox 2462 781 2478 807; x_wconf 94' lang='lat'><strong>,</strong></span> <span class='ocrx_word' id='word_1_428' title='bbox 2525 757 2630 796; x_wconf 88' lang='lat' dir='ltr'><strong>una</strong></span> <span class='ocrx_word' id='word_1_429' title='bbox 2680 740 2796 798; x_wconf 74' lang='lat' dir='ltr'><strong>haec</strong></span> <span class='ocrx_word' id='word_1_430' title='bbox 2841 743 2965 800; x_wconf 83' lang='lat' dir='ltr'><strong>felix</strong></span> <span class='ocrx_word' id='word_1_431' title='bbox 2998 747 3118 802; x_wconf 89' lang='lat' dir='ltr'><strong>lidei</strong></span> <span class='ocrx_word' id='word_1_432' title='bbox 3171 761 3322 818; x_wconf 86' lang='lat' dir='ltr'><strong>petra</strong></span> <span class='ocrx_word' id='word_1_433' title='bbox 3353 751 3496 806; x_wconf 89' lang='lat' dir='ltr'><strong>Petri</strong></span> <span class='ocrx_word' id='word_1_434' title='bbox 3537 767 3634 808; x_wconf 89' lang='lat' dir='ltr'><strong>ore</strong></span> 
     </span>
    </p>
   </div>
   <div class='ocr_carea' id='block_1_50' title="bbox 2017 829 3634 916">
    <p class='ocr_par' dir='ltr' id='par_1_50' title="bbox 2017 829 3634 916">
     <span class='ocr_line' id='line_1_50' title="bbox 2017 829 3634 916; baseline 0.011 -34"><span class='ocrx_word' id='word_1_435' title='bbox 2017 829 2287 898; x_wconf 89' lang='lat' dir='ltr'><strong>confessa,</strong></span> <span class='ocrx_word' id='word_1_436' title='bbox 2319 831 2397 886; x_wconf 84' lang='lat' dir='ltr'><strong>Tu</strong></span> <span class='ocrx_word' id='word_1_437' title='bbox 2425 848 2477 888; x_wconf 88' lang='lat' dir='ltr'><strong>es</strong></span> <span class='ocrx_word' id='word_1_438' title='bbox 2500 832 2670 889; x_wconf 86' lang='lat' dir='ltr'><strong>Filius</strong></span> <span class='ocrx_word' id='word_1_439' title='bbox 2699 833 2795 890; x_wconf 87' lang='lat' dir='ltr'><strong>Dei</strong></span> <span class='ocrx_word' id='word_1_440' title='bbox 2813 837 2911 892; x_wconf 87' lang='lat' dir='ltr'><strong>vivi</strong></span> <span class='ocrx_word' id='word_1_441' title='bbox 2935 837 3148 904; x_wconf 75' lang='lat' dir='ltr'><strong>(Matth.</strong></span> <span class='ocrx_word' id='word_1_442' title='bbox 3195 855 3310 909; x_wconf 71' lang='lat' dir='ltr'><strong>1m,</strong></span> <span class='ocrx_word' id='word_1_443' title='bbox 3341 843 3450 916; x_wconf 80' lang='lat' dir='ltr'><strong>l7),</strong></span> <span class='ocrx_word' id='word_1_444' title='bbox 3485 853 3634 900; x_wconf 87' lang='lat' dir='ltr'><strong>tanta</strong></span> 
     </span>
    </p>
   </div>
   <div class='ocr_carea' id='block_1_51' title="bbox 2020 920 3631 1005">
    <p class='ocr_par' dir='ltr' id='par_1_51' title="bbox 2020 920 3631 1005">
     <span class='ocr_line' id='line_1_51' title="bbox 2020 920 3631 1005; baseline 0.011 -32"><span class='ocrx_word' id='word_1_445' title='bbox 2020 920 2072 974; x_wconf 90' lang='lat' dir='ltr'><strong>in</strong></span> <span class='ocrx_word' id='word_1_446' title='bbox 2102 937 2161 976; x_wconf 90' lang='lat' dir='ltr'><strong>se</strong></span> <span class='ocrx_word' id='word_1_447' title='bbox 2191 923 2466 980; x_wconf 86' lang='lat' dir='ltr'><strong>sustinens</strong></span> <span class='ocrx_word' id='word_1_448' title='bbox 2495 935 2809 996; x_wconf 86' lang='lat' dir='ltr'><strong>argumenta</strong></span> <span class='ocrx_word' id='word_1_449' title='bbox 2844 925 3119 998; x_wconf 85' lang='lat' dir='ltr'><strong>veritatis,</strong></span> <span class='ocrx_word' id='word_1_450' title='bbox 3156 941 3369 1002; x_wconf 71' lang='lat' dir='ltr'><strong>quantae</strong></span> <span class='ocrx_word' id='word_1_451' title='bbox 3411 950 3631 1005; x_wconf 87' lang='lat' dir='ltr'><strong>perver-</strong></span> 
     </span>
    </p>
   </div>
   <div class='ocr_carea' id='block_1_52' title="bbox 2017 1012 3628 1087">
    <p class='ocr_par' dir='ltr' id='par_1_52' title="bbox 2017 1012 3628 1087">
     <span class='ocr_line' id='line_1_52' title="bbox 2017 1012 3628 1087; baseline 0.012 -21"><span class='ocrx_word' id='word_1_452' title='bbox 2017 1012 2236 1068; x_wconf 85' lang='lat' dir='ltr'><strong>sitatum</strong></span> <span class='ocrx_word' id='word_1_453' title='bbox 2285 1017 2615 1087; x_wconf 69' lang='lat' dir='ltr'><strong>qumstiones</strong></span> <span class='ocrx_word' id='word_1_454' title='bbox 2655 1027 2710 1074; x_wconf 89' lang='lat' dir='ltr'><strong>et</strong></span> <span class='ocrx_word' id='word_1_455' title='bbox 2756 1019 3097 1078; x_wconf 88' lang='lat' dir='ltr'><strong>intldelitatis</strong></span> <span class='ocrx_word' id='word_1_456' title='bbox 3125 1024 3412 1082; x_wconf 88' lang='lat' dir='ltr'><strong>calumniae</strong></span> <span class='ocrx_word' id='word_1_457' title='bbox 3443 1043 3628 1085; x_wconf 87' lang='lat' dir='ltr'><strong>move-</strong></span> 
     </span>
    </p>
   </div>
   <div class='ocr_carea' id='block_1_53' title="bbox 2020 1105 2242 1164">
    <p class='ocr_par' dir='ltr' id='par_1_53' title="bbox 2020 1105 2242 1164">
     <span class='ocr_line' id='line_1_53' title="bbox 2020 1105 2242 1164; baseline 0.018 -3"><span class='ocrx_word' id='word_1_458' title='bbox 2020 1105 2242 1164; x_wconf 88' lang='lat' dir='ltr'><strong>buntur.</strong></span> 
     </span>
    </p>
   </div>
   <div class='ocr_carea' id='block_1_54' title="bbox 2089 1203 3626 1288">
    <p class='ocr_par' dir='ltr' id='par_1_54' title="bbox 2089 1203 3626 1288">
     <span class='ocr_line' id='line_1_54' title="bbox 2089 1203 3626 1288; baseline 0.01 -30"><span class='ocrx_word' id='word_1_459' title='bbox 2089 1204 2180 1260; x_wconf 73' lang='grc'><strong>24.</strong></span> <span class='ocrx_word' id='word_1_460' title='bbox 2214 1203 2342 1271; x_wconf 81' lang='lat' dir='ltr'><strong>Qute</strong></span> <span class='ocrx_word' id='word_1_461' title='bbox 2360 1215 2548 1263; x_wconf 77' lang='lat' dir='ltr'><strong>nostra:</strong></span> <span class='ocrx_word' id='word_1_462' title='bbox 2568 1210 2750 1266; x_wconf 85' lang='lat' dir='ltr'><strong>salutis</strong></span> <span class='ocrx_word' id='word_1_463' title='bbox 2777 1227 2933 1266; x_wconf 82' lang='lat' dir='ltr'><strong>causa</strong></span> <span class='ocrx_word' id='word_1_464' title='bbox 2963 1212 3195 1270; x_wconf 72' lang='lat' dir='ltr'><strong>Christus</strong></span> <span class='ocrx_word' id='word_1_465' title='bbox 3223 1218 3520 1288; x_wconf 81' lang='lat' dir='ltr'><strong>susceperit.</strong></span> <span class='ocrx_word' id='word_1_466' title='bbox 3554 1249 3626 1261; x_wconf 89' lang='lat'><strong>-—</strong></span> 
     </span>
    </p>
   </div>
   <div class='ocr_carea' id='block_1_55' title="bbox 2017 1296 3624 1378">
    <p class='ocr_par' dir='ltr' id='par_1_55' title="bbox 2017 1296 3624 1378">
     <span class='ocr_line' id='line_1_55' title="bbox 2017 1296 3624 1378; baseline 0.012 -26"><span class='ocrx_word' id='word_1_467' title='bbox 2017 1296 2137 1352; x_wconf 87' lang='lat' dir='ltr'><strong>Jam</strong></span> <span class='ocrx_word' id='word_1_468' title='bbox 2178 1297 2231 1352; x_wconf 91' lang='lat' dir='ltr'><strong>in</strong></span> <span class='ocrx_word' id='word_1_469' title='bbox 2272 1302 2484 1356; x_wconf 72' lang='lat' dir='ltr'><strong>creteris</strong></span> <span class='ocrx_word' id='word_1_470' title='bbox 2533 1302 2866 1372; x_wconf 83' lang='lat' dir='ltr'><strong>dispensatio</strong></span> <span class='ocrx_word' id='word_1_471' title='bbox 2901 1307 3192 1362; x_wconf 83' lang='lat' dir='ltr'><strong>voluntatis</strong></span> <span class='ocrx_word' id='word_1_472' title='bbox 3239 1301 3624 1378; x_wconf 58' lang='lat' dir='ltr'><strong>paternar‘est.</strong></span> 
     </span>
    </p>
   </div>
   <div class='ocr_carea' id='block_1_56' title="bbox 2017 1388 3628 1469">
    <p class='ocr_par' dir='ltr' id='par_1_56' title="bbox 2017 1388 3628 1469">
     <span class='ocr_line' id='line_1_56' title="bbox 2017 1388 3628 1469; baseline 0.01 -27"><span class='ocrx_word' id='word_1_473' title='bbox 2017 1388 2204 1460; x_wconf 86' lang='lat' dir='ltr'><strong>Virgo,</strong></span> <span class='ocrx_word' id='word_1_474' title='bbox 2239 1399 2296 1446; x_wconf 88' lang='lat' dir='ltr'><strong>et</strong></span> <span class='ocrx_word' id='word_1_475' title='bbox 2317 1401 2525 1463; x_wconf 79' lang='lat' dir='ltr'><strong>partus,</strong></span> <span class='ocrx_word' id='word_1_476' title='bbox 2558 1406 2612 1450; x_wconf 91' lang='lat' dir='ltr'><strong>et</strong></span> <span class='ocrx_word' id='word_1_477' title='bbox 2639 1411 2864 1467; x_wconf 88' lang='lat' dir='ltr'><strong>corpus;</strong></span> <span class='ocrx_word' id='word_1_478' title='bbox 2898 1409 3124 1468; x_wconf 86' lang='lat' dir='ltr'><strong>postque</strong></span> <span class='ocrx_word' id='word_1_479' title='bbox 3145 1415 3274 1455; x_wconf 80' lang='lat' dir='ltr'><strong>crus</strong></span> <span class='ocrx_word' id='word_1_480' title='bbox 3299 1443 3316 1468; x_wconf 89' lang='lat'><strong>,</strong></span> <span class='ocrx_word' id='word_1_481' title='bbox 3346 1417 3512 1469; x_wconf 90' lang='lat' dir='ltr'><strong>mors,</strong></span> <span class='ocrx_word' id='word_1_482' title='bbox 3544 1403 3628 1458; x_wconf 91' lang='lat' dir='ltr'><strong>in-</strong></span> 
     </span>
    </p>
   </div>
   <div class='ocr_carea' id='block_1_57' title="bbox 2018 1479 3624 1564">
    <p class='ocr_par' dir='ltr' id='par_1_57' title="bbox 2018 1479 3624 1564">
     <span class='ocr_line' id='line_1_57' title="bbox 2018 1479 3624 1564; baseline 0.012 -30"><span class='ocrx_word' id='word_1_483' title='bbox 2018 1479 2138 1548; x_wconf 87' lang='lat' dir='ltr'><strong>feri,</strong></span> <span class='ocrx_word' id='word_1_484' title='bbox 2157 1481 2302 1538; x_wconf 89' lang='lat' dir='ltr'><strong>salus</strong></span> <span class='ocrx_word' id='word_1_485' title='bbox 2317 1496 2496 1540; x_wconf 90' lang='lat' dir='ltr'><strong>nostra</strong></span> <span class='ocrx_word' id='word_1_486' title='bbox 2515 1495 2615 1542; x_wconf 86' lang='lat' dir='ltr'><strong>est.</strong></span> <span class='ocrx_word' id='word_1_487' title='bbox 2639 1487 2866 1544; x_wconf 83' lang='lat' dir='ltr'><strong>Humani</strong></span> <span class='ocrx_word' id='word_1_488' title='bbox 2881 1488 3034 1564; x_wconf 81' lang='lat' dir='ltr'><strong>(Htvc</strong></span> <span class='ocrx_word' id='word_1_489' title='bbox 3051 1495 3171 1547; x_wconf 84' lang='lat' dir='ltr'><strong>citat</strong></span> <span class='ocrx_word' id='word_1_490' title='bbox 3193 1492 3308 1548; x_wconf 88' lang='lat' dir='ltr'><strong>cod.</strong></span> <span class='ocrx_word' id='word_1_491' title='bbox 3335 1511 3452 1550; x_wconf 88' lang='lat' dir='ltr'><strong>can.</strong></span> <span class='ocrx_word' id='word_1_492' title='bbox 3475 1494 3624 1554; x_wconf 83' lang='lat' dir='ltr'><strong>Eccl.</strong></span> 
     </span>
    </p>
   </div>
   <div class='ocr_carea' id='block_1_58' title="bbox 2016 1575 3623 1654">
    <p class='ocr_par' dir='ltr' id='par_1_58' title="bbox 2016 1575 3623 1654">
     <span class='ocr_line' id='line_1_58' title="bbox 2016 1575 3623 1654; baseline 0.011 -25"><span class='ocrx_word' id='word_1_493' title='bbox 2016 1575 2173 1632; x_wconf 83' lang='lat' dir='ltr'><strong>Rom.</strong></span> <span class='ocrx_word' id='word_1_494' title='bbox 2204 1593 2250 1630; x_wconf 79' lang='grc' dir='ltr'><strong>ε.</strong></span> <span class='ocrx_word' id='word_1_495' title='bbox 2285 1577 2350 1634; x_wconf 73' lang='grc'><strong>41</strong></span> <span class='ocrx_word' id='word_1_496' title='bbox 2381 1577 2402 1651; x_wconf 95' lang='grc'><strong>)</strong></span> <span class='ocrx_word' id='word_1_497' title='bbox 2449 1582 2592 1636; x_wconf 89' lang='lat' dir='ltr'><strong>enim</strong></span> <span class='ocrx_word' id='word_1_498' title='bbox 2641 1585 2858 1654; x_wconf 82' lang='lat' dir='ltr'><strong>generis</strong></span> <span class='ocrx_word' id='word_1_499' title='bbox 2896 1601 3052 1640; x_wconf 89' lang='lat' dir='ltr'><strong>causa</strong></span> <span class='ocrx_word' id='word_1_500' title='bbox 3087 1587 3179 1642; x_wconf 89' lang='lat' dir='ltr'><strong>Dei</strong></span> <span class='ocrx_word' id='word_1_501' title='bbox 3209 1588 3349 1644; x_wconf 80' lang='lat' dir='ltr'><strong>illius</strong></span> <span class='ocrx_word' id='word_1_502' title='bbox 3379 1602 3534 1647; x_wconf 91' lang='lat' dir='ltr'><strong>natus</strong></span> <span class='ocrx_word' id='word_1_503' title='bbox 3555 1606 3623 1646; x_wconf 84' lang='lat' dir='ltr'><strong>ex</strong></span> 
     </span>
    </p>
   </div>
   <div class='ocr_carea' id='block_1_59' title="bbox 2019 1669 3624 1754">
    <p class='ocr_par' dir='ltr' id='par_1_59' title="bbox 2019 1669 3624 1754">
     <span class='ocr_line' id='line_1_59' title="bbox 2019 1669 3624 1754; baseline 0.012 -34"><span class='ocrx_word' id='word_1_504' title='bbox 2019 1669 2228 1741; x_wconf 85' lang='lat' dir='ltr'><strong>virgine</strong></span> <span class='ocrx_word' id='word_1_505' title='bbox 2255 1683 2339 1727; x_wconf 74' lang='lat' dir='ltr'><strong>est</strong></span> <span class='ocrx_word' id='word_1_506' title='bbox 2364 1681 2418 1727; x_wconf 91' lang='lat' dir='ltr'><strong>et</strong></span> <span class='ocrx_word' id='word_1_507' title='bbox 2439 1674 2510 1745; x_wconf 89' lang='lat' dir='ltr'><strong>(e)</strong></span> <span class='ocrx_word' id='word_1_508' title='bbox 2539 1675 2742 1746; x_wconf 86' lang='lat' dir='ltr'><strong>Spiritu</strong></span> <span class='ocrx_word' id='word_1_509' title='bbox 2771 1687 2981 1744; x_wconf 90' lang='lat' dir='ltr'><strong>sancto,</strong></span> <span class='ocrx_word' id='word_1_510' title='bbox 3015 1681 3131 1749; x_wconf 90' lang='lat' dir='ltr'><strong>ipso</strong></span> <span class='ocrx_word' id='word_1_511' title='bbox 3152 1681 3253 1737; x_wconf 88' lang='lat' dir='ltr'><strong>sibi</strong></span> <span class='ocrx_word' id='word_1_512' title='bbox 3283 1683 3334 1737; x_wconf 92' lang='lat' dir='ltr'><strong>in</strong></span> <span class='ocrx_word' id='word_1_513' title='bbox 3370 1683 3470 1738; x_wconf 90' lang='lat' dir='ltr'><strong>hac</strong></span> <span class='ocrx_word' id='word_1_514' title='bbox 3493 1699 3624 1754; x_wconf 88' lang='lat' dir='ltr'><strong>ope-</strong></span> 
     </span>
    </p>
   </div>
   <div class='ocr_carea' id='block_1_60' title="bbox 2014 1765 3622 1834">
    <p class='ocr_par' dir='ltr' id='par_1_60' title="bbox 2014 1765 3622 1834">
     <span class='ocr_line' id='line_1_60' title="bbox 2014 1765 3622 1834; baseline 0.009 -15"><span class='ocrx_word' id='word_1_515' title='bbox 2014 1765 2222 1820; x_wconf 87' lang='lat' dir='ltr'><strong>ratione</strong></span> <span class='ocrx_word' id='word_1_516' title='bbox 2254 1765 2582 1833; x_wconf 86' lang='lat' dir='ltr'><strong>famulante;</strong></span> <span class='ocrx_word' id='word_1_517' title='bbox 2615 1777 2669 1822; x_wconf 90' lang='lat' dir='ltr'><strong>et</strong></span> <span class='ocrx_word' id='word_1_518' title='bbox 2697 1783 2794 1825; x_wconf 89' lang='lat' dir='ltr'><strong>sua</strong></span> <span class='ocrx_word' id='word_1_519' title='bbox 2821 1811 2834 1834; x_wconf 94' lang='lat'><strong>,</strong></span> <span class='ocrx_word' id='word_1_520' title='bbox 2870 1771 2962 1826; x_wconf 90' lang='lat' dir='ltr'><strong>Dei</strong></span> <span class='ocrx_word' id='word_1_521' title='bbox 2996 1771 3248 1828; x_wconf 77' lang='lat' dir='ltr'><strong>videlicet</strong></span> <span class='ocrx_word' id='word_1_522' title='bbox 3279 1775 3622 1834; x_wconf 87' lang='lat' dir='ltr'><strong>inumbrantc</strong></span> 
     </span>
    </p>
   </div>
   <div class='ocr_carea' id='block_1_61' title="bbox 2009 1858 3622 1933">
    <p class='ocr_par' dir='ltr' id='par_1_61' title="bbox 2009 1858 3622 1933">
     <span class='ocr_line' id='line_1_61' title="bbox 2009 1858 3622 1933; baseline 0.011 -24"><span class='ocrx_word' id='word_1_523' title='bbox 2009 1858 2226 1924; x_wconf 88' lang='lat' dir='ltr'><strong>virtute,</strong></span> <span class='ocrx_word' id='word_1_524' title='bbox 2261 1860 2505 1929; x_wconf 91' lang='lat' dir='ltr'><strong>corporis</strong></span> <span class='ocrx_word' id='word_1_525' title='bbox 2545 1861 2647 1916; x_wconf 91' lang='lat' dir='ltr'><strong>sibi</strong></span> <span class='ocrx_word' id='word_1_526' title='bbox 2677 1861 2829 1918; x_wconf 90' lang='lat' dir='ltr'><strong>initia</strong></span> <span class='ocrx_word' id='word_1_527' title='bbox 2855 1868 3136 1933; x_wconf 74' lang='lat' dir='ltr'><strong>conserit,</strong></span> <span class='ocrx_word' id='word_1_528' title='bbox 3166 1875 3221 1921; x_wconf 90' lang='lat' dir='ltr'><strong>et</strong></span> <span class='ocrx_word' id='word_1_529' title='bbox 3249 1868 3472 1922; x_wconf 81' lang='lat' dir='ltr'><strong>exordia</strong></span> <span class='ocrx_word' id='word_1_530' title='bbox 3501 1885 3622 1925; x_wconf 87' lang='lat' dir='ltr'><strong>car-</strong></span> 
     </span>
    </p>
   </div>
   <div class='ocr_carea' id='block_1_62' title="bbox 2010 1949 3621 2028">
    <p class='ocr_par' dir='ltr' id='par_1_62' title="bbox 2010 1949 3621 2028">
     <span class='ocr_line' id='line_1_62' title="bbox 2010 1949 3621 2028; baseline 0.01 -26"><span class='ocrx_word' id='word_1_531' title='bbox 2010 1949 2379 2016; x_wconf 74' lang='lat' dir='ltr'><strong>nisinstituit;</strong></span> <span class='ocrx_word' id='word_1_532' title='bbox 2406 1963 2462 2007; x_wconf 92' lang='lat' dir='ltr'><strong>ut</strong></span> <span class='ocrx_word' id='word_1_533' title='bbox 2487 1952 2650 2008; x_wconf 89' lang='lat' dir='ltr'><strong>homo</strong></span> <span class='ocrx_word' id='word_1_534' title='bbox 2673 1955 2845 2010; x_wconf 79' lang='lat' dir='ltr'><strong>laetus</strong></span> <span class='ocrx_word' id='word_1_535' title='bbox 2875 1972 2940 2010; x_wconf 85' lang='lat' dir='ltr'><strong>ex</strong></span> <span class='ocrx_word' id='word_1_536' title='bbox 2977 1956 3184 2028; x_wconf 81' lang='lat' dir='ltr'><strong>virgine</strong></span> <span class='ocrx_word' id='word_1_537' title='bbox 3205 1968 3450 2016; x_wconf 87' lang='lat' dir='ltr'><strong>naturam</strong></span> <span class='ocrx_word' id='word_1_538' title='bbox 3474 1961 3528 2017; x_wconf 91' lang='lat' dir='ltr'><strong>in</strong></span> <span class='ocrx_word' id='word_1_539' title='bbox 3559 1977 3621 2018; x_wconf 85' lang='lat' dir='ltr'><strong>se</strong></span> 
     </span>
    </p>
   </div>
   <div class='ocr_carea' id='block_1_63' title="bbox 2009 2041 3619 2117">
    <p class='ocr_par' dir='ltr' id='par_1_63' title="bbox 2009 2041 3619 2117">
     <span class='ocr_line' id='line_1_63' title="bbox 2009 2041 3619 2117; baseline 0.009 -23"><span class='ocrx_word' id='word_1_540' title='bbox 2009 2041 2189 2096; x_wconf 82' lang='lat' dir='ltr'><strong>carnis</strong></span> <span class='ocrx_word' id='word_1_541' title='bbox 2213 2045 2502 2113; x_wconf 89' lang='lat' dir='ltr'><strong>acciperet,</strong></span> <span class='ocrx_word' id='word_1_542' title='bbox 2531 2059 2731 2115; x_wconf 89' lang='lat' dir='ltr'><strong>perque</strong></span> <span class='ocrx_word' id='word_1_543' title='bbox 2752 2045 2911 2117; x_wconf 85' lang='lat' dir='ltr'><strong>hujus</strong></span> <span class='ocrx_word' id='word_1_544' title='bbox 2931 2047 3280 2106; x_wconf 82' lang='lat' dir='ltr'><strong>admixtionis</strong></span> <span class='ocrx_word' id='word_1_545' title='bbox 3304 2051 3619 2111; x_wconf 82' lang='lat' dir='ltr'><strong>societatem</strong></span> 
     </span>
    </p>
   </div>
   <div class='ocr_carea' id='block_1_64' title="bbox 2009 2136 3625 2218">
    <p class='ocr_par' dir='ltr' id='par_1_64' title="bbox 2009 2136 3625 2218">
     <span class='ocr_line' id='line_1_64' title="bbox 2009 2136 3625 2218; baseline 0.006 -27"><span class='ocrx_word' id='word_1_546' title='bbox 2009 2136 2401 2192; x_wconf 89' lang='lat' dir='ltr'><strong>sanctilicatum</strong></span> <span class='ocrx_word' id='word_1_547' title='bbox 2441 2136 2496 2192; x_wconf 90' lang='lat' dir='ltr'><strong>in</strong></span> <span class='ocrx_word' id='word_1_548' title='bbox 2527 2152 2594 2192; x_wconf 92' lang='lat' dir='ltr'><strong>eo</strong></span> <span class='ocrx_word' id='word_1_549' title='bbox 2625 2138 2860 2195; x_wconf 88' lang='lat' dir='ltr'><strong>universi</strong></span> <span class='ocrx_word' id='word_1_550' title='bbox 2890 2143 3108 2212; x_wconf 82' lang='lat' dir='ltr'><strong>generis</strong></span> <span class='ocrx_word' id='word_1_551' title='bbox 3137 2143 3354 2199; x_wconf 85' lang='lat' dir='ltr'><strong>humani</strong></span> <span class='ocrx_word' id='word_1_552' title='bbox 3381 2145 3450 2218; x_wconf 75' lang='grc' dir='ltr'><strong>(ι’)</strong></span> <span class='ocrx_word' id='word_1_553' title='bbox 3500 2162 3625 2202; x_wconf 86' lang='lat' dir='ltr'><strong>cor-</strong></span> 
     </span>
    </p>
   </div>
   <div class='ocr_carea' id='block_1_65' title="bbox 2013 2229 3622 2310">
    <p class='ocr_par' dir='ltr' id='par_1_65' title="bbox 2013 2229 3622 2310">
     <span class='ocr_line' id='line_1_65' title="bbox 2013 2229 3622 2310; baseline 0.009 -28"><span class='ocrx_word' id='word_1_554' title='bbox 2013 2243 2112 2299; x_wconf 90' lang='lat' dir='ltr'><strong>pus</strong></span> <span class='ocrx_word' id='word_1_555' title='bbox 2134 2229 2425 2286; x_wconf 85' lang='lat' dir='ltr'><strong>exsisteret</strong></span> <span class='ocrx_word' id='word_1_556' title='bbox 2457 2247 2469 2284; x_wconf 92' lang='lat'>:</span> <span class='ocrx_word' id='word_1_557' title='bbox 2505 2239 2562 2286; x_wconf 89' lang='lat' dir='ltr'><strong>ut</strong></span> <span class='ocrx_word' id='word_1_558' title='bbox 2585 2233 3038 2302; x_wconf 88' lang='lat' dir='ltr'><strong>quemadmodum</strong></span> <span class='ocrx_word' id='word_1_559' title='bbox 3065 2251 3254 2293; x_wconf 89' lang='lat' dir='ltr'><strong>omnes</strong></span> <span class='ocrx_word' id='word_1_560' title='bbox 3277 2239 3330 2294; x_wconf 93' lang='lat' dir='ltr'><strong>in</strong></span> <span class='ocrx_word' id='word_1_561' title='bbox 3357 2255 3416 2295; x_wconf 86' lang='lat' dir='ltr'><strong>se</strong></span> <span class='ocrx_word' id='word_1_562' title='bbox 3443 2255 3538 2310; x_wconf 90' lang='lat' dir='ltr'><strong>per</strong></span> <span class='ocrx_word' id='word_1_563' title='bbox 3568 2240 3622 2297; x_wconf 88' lang='lat' dir='ltr'><strong>id</strong></span> 
     </span>
    </p>
   </div>
   <div class='ocr_carea' id='block_1_66' title="bbox 2011 2322 3626 2400">
    <p class='ocr_par' dir='ltr' id='par_1_66' title="bbox 2011 2322 3626 2400">
     <span class='ocr_line' id='line_1_66' title="bbox 2011 2322 3626 2400; baseline 0.007 -21"><span class='ocrx_word' id='word_1_564' title='bbox 2011 2322 2153 2393; x_wconf 87' lang='lat' dir='ltr'><strong>quod</strong></span> <span class='ocrx_word' id='word_1_565' title='bbox 2185 2339 2504 2394; x_wconf 90' lang='lat' dir='ltr'><strong>corporeum</strong></span> <span class='ocrx_word' id='word_1_566' title='bbox 2534 2340 2594 2380; x_wconf 91' lang='lat' dir='ltr'><strong>se</strong></span> <span class='ocrx_word' id='word_1_567' title='bbox 2618 2340 2739 2381; x_wconf 86' lang='lat' dir='ltr'><strong>esse</strong></span> <span class='ocrx_word' id='word_1_568' title='bbox 2765 2327 2934 2382; x_wconf 89' lang='lat' dir='ltr'><strong>voluit</strong></span> <span class='ocrx_word' id='word_1_569' title='bbox 2967 2330 3336 2387; x_wconf 87' lang='lat' dir='ltr'><strong>conderentur</strong></span> <span class='ocrx_word' id='word_1_570' title='bbox 3359 2375 3374 2400; x_wconf 93' lang='lat'><strong>,</strong></span> <span class='ocrx_word' id='word_1_571' title='bbox 3406 2333 3478 2389; x_wconf 89' lang='lat' dir='ltr'><strong>ita</strong></span> <span class='ocrx_word' id='word_1_572' title='bbox 3506 2350 3626 2390; x_wconf 89' lang='lat' dir='ltr'><strong>rur-</strong></span> 
     </span>
    </p>
   </div>
   <div class='ocr_carea' id='block_1_67' title="bbox 2012 2415 3624 2492">
    <p class='ocr_par' dir='ltr' id='par_1_67' title="bbox 2012 2415 3624 2492">
     <span class='ocr_line' id='line_1_67' title="bbox 2012 2415 3624 2492; baseline 0.009 -24"><span class='ocrx_word' id='word_1_573' title='bbox 2012 2429 2130 2468; x_wconf 86' lang='lat' dir='ltr'><strong>sum</strong></span> <span class='ocrx_word' id='word_1_574' title='bbox 2155 2415 2207 2470; x_wconf 92' lang='lat' dir='ltr'><strong>in</strong></span> <span class='ocrx_word' id='word_1_575' title='bbox 2240 2430 2431 2470; x_wconf 87' lang='lat' dir='ltr'><strong>omnes</strong></span> <span class='ocrx_word' id='word_1_576' title='bbox 2473 2417 2588 2488; x_wconf 91' lang='lat' dir='ltr'><strong>ipse</strong></span> <span class='ocrx_word' id='word_1_577' title='bbox 2615 2433 2710 2488; x_wconf 91' lang='lat' dir='ltr'><strong>per</strong></span> <span class='ocrx_word' id='word_1_578' title='bbox 2732 2419 2782 2486; x_wconf 82' lang='lat' dir='ltr'><strong>id</strong></span> <span class='ocrx_word' id='word_1_579' title='bbox 2816 2420 2959 2490; x_wconf 91' lang='lat' dir='ltr'><strong>quod</strong></span> <span class='ocrx_word' id='word_1_580' title='bbox 2991 2421 3108 2492; x_wconf 79' lang='lat' dir='ltr'><strong>ejus</strong></span> <span class='ocrx_word' id='word_1_581' title='bbox 3131 2433 3214 2479; x_wconf 92' lang='lat' dir='ltr'><strong>est</strong></span> <span class='ocrx_word' id='word_1_582' title='bbox 3241 2424 3513 2482; x_wconf 87' lang='lat' dir='ltr'><strong>invisibile</strong></span> <span class='ocrx_word' id='word_1_583' title='bbox 3537 2441 3624 2482; x_wconf 88' lang='lat' dir='ltr'><strong>re-</strong></span> 
     </span>
    </p>
   </div>
   <div class='ocr_carea' id='block_1_68' title="bbox 2011 2507 3613 2586">
    <p class='ocr_par' dir='ltr' id='par_1_68' title="bbox 2011 2507 3613 2586">
     <span class='ocr_line' id='line_1_68' title="bbox 2011 2507 3613 2586; baseline 0.009 -26"><span class='ocrx_word' id='word_1_584' title='bbox 2011 2507 2264 2563; x_wconf 80' lang='lat' dir='ltr'><strong>ferretur.</strong></span> <span class='ocrx_word' id='word_1_585' title='bbox 2295 2509 2390 2564; x_wconf 89' lang='lat' dir='ltr'><strong>Dei</strong></span> <span class='ocrx_word' id='word_1_586' title='bbox 2418 2509 2579 2579; x_wconf 84' lang='lat' dir='ltr'><strong>igitur</strong></span> <span class='ocrx_word' id='word_1_587' title='bbox 2601 2510 2778 2580; x_wconf 81' lang='lat' dir='ltr'><strong>imago</strong></span> <span class='ocrx_word' id='word_1_588' title='bbox 2801 2511 3086 2569; x_wconf 86' lang='lat' dir='ltr'><strong>invisibilis</strong></span> <span class='ocrx_word' id='word_1_589' title='bbox 3101 2514 3364 2586; x_wconf 88' lang='lat' dir='ltr'><strong>pudorem</strong></span> <span class='ocrx_word' id='word_1_590' title='bbox 3390 2516 3613 2574; x_wconf 89' lang='lat' dir='ltr'><strong>humani</strong></span> 
     </span>
    </p>
   </div>
   <div class='ocr_carea' id='block_1_69' title="bbox 2013 2601 3618 2682">
    <p class='ocr_par' dir='ltr' id='par_1_69' title="bbox 2013 2601 3618 2682">
     <span class='ocr_line' id='line_1_69' title="bbox 2013 2601 3618 2682; baseline 0.006 -24"><span class='ocrx_word' id='word_1_591' title='bbox 2013 2601 2222 2658; x_wconf 79' lang='lat' dir='ltr'><strong>exordii</strong></span> <span class='ocrx_word' id='word_1_592' title='bbox 2266 2618 2372 2659; x_wconf 91' lang='lat' dir='ltr'><strong>non</strong></span> <span class='ocrx_word' id='word_1_593' title='bbox 2399 2605 2691 2669; x_wconf 87' lang='lat' dir='ltr'><strong>recusavit,</strong></span> <span class='ocrx_word' id='word_1_594' title='bbox 2719 2614 2773 2660; x_wconf 90' lang='lat' dir='ltr'><strong>et</strong></span> <span class='ocrx_word' id='word_1_595' title='bbox 2801 2621 2896 2676; x_wconf 90' lang='lat' dir='ltr'><strong>per</strong></span> <span class='ocrx_word' id='word_1_596' title='bbox 2916 2609 3351 2678; x_wconf 86' lang='lat' dir='ltr'><strong>conceptionem,</strong></span> <span class='ocrx_word' id='word_1_597' title='bbox 3381 2621 3618 2682; x_wconf 91' lang='lat' dir='ltr'><strong>partum,</strong></span> 
     </span>
    </p>
   </div>
   <div class='ocr_carea' id='block_1_70' title="bbox 2013 2696 3621 2766">
    <p class='ocr_par' dir='ltr' id='par_1_70' title="bbox 2013 2696 3621 2766">
     <span class='ocr_line' id='line_1_70' title="bbox 2013 2696 3621 2766; baseline 0.007 -18"><span class='ocrx_word' id='word_1_598' title='bbox 2013 2696 2273 2766; x_wconf 78' lang='lat' dir='ltr'><strong>vagitum,</strong></span> <span class='ocrx_word' id='word_1_599' title='bbox 2304 2711 2492 2763; x_wconf 89' lang='lat' dir='ltr'><strong>cunas,</strong></span> <span class='ocrx_word' id='word_1_600' title='bbox 2541 2712 2730 2754; x_wconf 91' lang='lat' dir='ltr'><strong>omnes</strong></span> <span class='ocrx_word' id='word_1_601' title='bbox 2761 2707 2968 2753; x_wconf 70' lang='lat' dir='ltr'><strong>natura:</strong></span> <span class='ocrx_word' id='word_1_602' title='bbox 3017 2707 3218 2756; x_wconf 71' lang='lat' dir='ltr'><strong>nostra:</strong></span> <span class='ocrx_word' id='word_1_603' title='bbox 3264 2704 3621 2760; x_wconf 85' lang='lat' dir='ltr'><strong>contumelias</strong></span> 
     </span>
    </p>
   </div>
   <div class='ocr_carea' id='block_1_71' title="bbox 2016 2789 2428 2844">
    <p class='ocr_par' dir='ltr' id='par_1_71' title="bbox 2016 2789 2428 2844">
     <span class='ocr_line' id='line_1_71' title="bbox 2016 2789 2428 2844; baseline 0.005 -2"><span class='ocrx_word' id='word_1_604' title='bbox 2016 2789 2428 2844; x_wconf 86' lang='lat' dir='ltr'><strong>transcucurrit.</strong></span> 
     </span>
    </p>
   </div>
   <div class='ocr_carea' id='block_1_72' title="bbox 2089 2877 3624 2956">
    <p class='ocr_par' dir='ltr' id='par_1_72' title="bbox 2089 2877 3624 2956">
     <span class='ocr_line' id='line_1_72' title="bbox 2089 2877 3624 2956; baseline 0.009 -23"><span class='ocrx_word' id='word_1_605' title='bbox 2089 2877 2195 2951; x_wconf 63' lang='grc'><strong>41</strong></span> <span class='ocrx_word' id='word_1_606' title='bbox 2221 2880 2312 2935; x_wconf 78' lang='lat'><strong>25.</strong></span> <span class='ocrx_word' id='word_1_607' title='bbox 2351 2879 2504 2948; x_wconf 83' lang='lat' dir='ltr'><strong>Quod</strong></span> <span class='ocrx_word' id='word_1_608' title='bbox 2525 2880 2654 2936; x_wconf 85' lang='lat' dir='ltr'><strong>nihil</strong></span> <span class='ocrx_word' id='word_1_609' title='bbox 2673 2883 2884 2955; x_wconf 84' lang='lat' dir='ltr'><strong>dignum</strong></span> <span class='ocrx_word' id='word_1_610' title='bbox 2921 2885 3201 2956; x_wconf 83' lang='lat' dir='ltr'><strong>rependere</strong></span> <span class='ocrx_word' id='word_1_611' title='bbox 3234 2887 3516 2946; x_wconf 75' lang='lat' dir='ltr'><strong>valeamus.</strong></span> <span class='ocrx_word' id='word_1_612' title='bbox 3549 2919 3624 2933; x_wconf 78' lang='lat'><strong>-</strong></span> 
     </span>
    </p>
   </div>
   <div class='ocr_carea' id='block_1_73' title="bbox 2016 2973 3625 3051">
    <p class='ocr_par' dir='ltr' id='par_1_73' title="bbox 2016 2973 3625 3051">
     <span class='ocr_line' id='line_1_73' title="bbox 2016 2973 3625 3051; baseline 0.009 -25"><span class='ocrx_word' id='word_1_613' title='bbox 2016 2973 2153 3038; x_wconf 82' lang='lat' dir='ltr'><strong>Quid</strong></span> <span class='ocrx_word' id='word_1_614' title='bbox 2189 2973 2406 3029; x_wconf 88' lang='lat' dir='ltr'><strong>tandem</strong></span> <span class='ocrx_word' id='word_1_615' title='bbox 2433 2974 2656 3046; x_wconf 87' lang='lat' dir='ltr'><strong>dignum</strong></span> <span class='ocrx_word' id='word_1_616' title='bbox 2679 2991 2706 3028; x_wconf 90' lang='lat' dir='ltr'><strong>a</strong></span> <span class='ocrx_word' id='word_1_617' title='bbox 2740 2977 2895 3032; x_wconf 90' lang='lat' dir='ltr'><strong>nobis</strong></span> <span class='ocrx_word' id='word_1_618' title='bbox 2922 2987 3085 3034; x_wconf 61' lang='lat' dir='ltr'><strong>tanta:</strong></span> <span class='ocrx_word' id='word_1_619' title='bbox 3108 2978 3436 3051; x_wconf 81' lang='lat' dir='ltr'><strong>dignationis</strong></span> <span class='ocrx_word' id='word_1_620' title='bbox 3461 2983 3625 3040; x_wconf 76' lang='lat' dir='ltr'><strong>allec-</strong></span> 
     </span>
    </p>
   </div>
   <div class='ocr_carea' id='block_1_74' title="bbox 2019 3066 3625 3146">
    <p class='ocr_par' dir='ltr' id='par_1_74' title="bbox 2019 3066 3625 3146">
     <span class='ocr_line' id='line_1_74' title="bbox 2019 3066 3625 3146; baseline 0.009 -27"><span class='ocrx_word' id='word_1_621' title='bbox 2019 3066 2092 3120; x_wconf 91' lang='lat' dir='ltr'><strong>tui</strong></span> <span class='ocrx_word' id='word_1_622' title='bbox 2137 3067 2506 3138; x_wconf 83' lang='lat' dir='ltr'><strong>rependetur?</strong></span> <span class='ocrx_word' id='word_1_623' title='bbox 2546 3066 2928 3127; x_wconf 87' lang='lat' dir='ltr'><strong>lnenarrabilis</strong></span> <span class='ocrx_word' id='word_1_624' title='bbox 2963 3086 2994 3127; x_wconf 89' lang='lat' dir='ltr'><strong>a</strong></span> <span class='ocrx_word' id='word_1_625' title='bbox 3041 3072 3156 3129; x_wconf 92' lang='lat' dir='ltr'><strong>Deo</strong></span> <span class='ocrx_word' id='word_1_626' title='bbox 3197 3074 3422 3146; x_wconf 80' lang='lat' dir='ltr'><strong>originis</strong></span> <span class='ocrx_word' id='word_1_627' title='bbox 3487 3091 3625 3134; x_wconf 88' lang='lat' dir='ltr'><strong>unus</strong></span> 
     </span>
    </p>
   </div>
   <div class='ocr_carea' id='block_1_75' title="bbox 2015 3159 3624 3234">
    <p class='ocr_par' dir='ltr' id='par_1_75' title="bbox 2015 3159 3624 3234">
     <span class='ocr_line' id='line_1_75' title="bbox 2015 3159 3624 3234; baseline 0.009 -22"><span class='ocrx_word' id='word_1_628' title='bbox 2015 3159 2323 3230; x_wconf 87' lang='lat' dir='ltr'><strong>unigenitus</strong></span> <span class='ocrx_word' id='word_1_629' title='bbox 2355 3160 2528 3228; x_wconf 91' lang='lat' dir='ltr'><strong>Deus,</strong></span> <span class='ocrx_word' id='word_1_630' title='bbox 2558 3162 2612 3216; x_wconf 91' lang='lat' dir='ltr'><strong>in</strong></span> <span class='ocrx_word' id='word_1_631' title='bbox 2634 3163 2940 3234; x_wconf 89' lang='lat' dir='ltr'><strong>corpusculi</strong></span> <span class='ocrx_word' id='word_1_632' title='bbox 2960 3164 3180 3220; x_wconf 89' lang='lat' dir='ltr'><strong>humani</strong></span> <span class='ocrx_word' id='word_1_633' title='bbox 3209 3167 3435 3224; x_wconf 83' lang='lat' dir='ltr'><strong>formam</strong></span> <span class='ocrx_word' id='word_1_634' title='bbox 3461 3185 3624 3227; x_wconf 88' lang='lat' dir='ltr'><strong>sanc-</strong></span> 
     </span>
    </p>
   </div>
   <div class='ocr_carea' id='block_1_76' title="bbox 2017 3252 3628 3328">
    <p class='ocr_par' dir='ltr' id='par_1_76' title="bbox 2017 3252 3628 3328">
     <span class='ocr_line' id='line_1_76' title="bbox 2017 3252 3628 3328; baseline 0.009 -22"><span class='ocrx_word' id='word_1_635' title='bbox 2017 3261 2085 3307; x_wconf 83' lang='lat' dir='ltr'><strong>tae</strong></span> <span class='ocrx_word' id='word_1_636' title='bbox 2107 3252 2341 3325; x_wconf 77' lang='lat' dir='ltr'><strong>Virginis</strong></span> <span class='ocrx_word' id='word_1_637' title='bbox 2369 3261 2526 3310; x_wconf 89' lang='lat' dir='ltr'><strong>utero</strong></span> <span class='ocrx_word' id='word_1_638' title='bbox 2553 3255 2792 3310; x_wconf 91' lang='lat' dir='ltr'><strong>insertus</strong></span> <span class='ocrx_word' id='word_1_639' title='bbox 2822 3257 3112 3313; x_wconf 86' lang='lat' dir='ltr'><strong>accrescit.</strong></span> <span class='ocrx_word' id='word_1_640' title='bbox 3145 3258 3250 3328; x_wconf 86' lang='lat' dir='ltr'><strong>Qui</strong></span> <span class='ocrx_word' id='word_1_641' title='bbox 3289 3265 3471 3317; x_wconf 88' lang='lat' dir='ltr'><strong>omnia</strong></span> <span class='ocrx_word' id='word_1_642' title='bbox 3493 3278 3628 3320; x_wconf 87' lang='lat' dir='ltr'><strong>con-</strong></span> 
     </span>
    </p>
   </div>
   <div class='ocr_carea' id='block_1_77' title="bbox 2015 3347 3620 3423">
    <p class='ocr_par' dir='ltr' id='par_1_77' title="bbox 2015 3347 3620 3423">
     <span class='ocr_line' id='line_1_77' title="bbox 2015 3347 3620 3423; baseline 0.006 -22"><span class='ocrx_word' id='word_1_643' title='bbox 2015 3347 2179 3411; x_wconf 88' lang='lat' dir='ltr'><strong>tinet,</strong></span> <span class='ocrx_word' id='word_1_644' title='bbox 2212 3358 2268 3404; x_wconf 90' lang='lat' dir='ltr'><strong>et</strong></span> <span class='ocrx_word' id='word_1_645' title='bbox 2291 3349 2430 3402; x_wconf 89' lang='lat' dir='ltr'><strong>intra</strong></span> <span class='ocrx_word' id='word_1_646' title='bbox 2460 3363 2620 3418; x_wconf 91' lang='lat' dir='ltr'><strong>quem</strong></span> <span class='ocrx_word' id='word_1_647' title='bbox 2652 3355 2708 3404; x_wconf 87' lang='lat' dir='ltr'><strong>et</strong></span> <span class='ocrx_word' id='word_1_648' title='bbox 2739 3363 2835 3420; x_wconf 87' lang='lat' dir='ltr'><strong>per</strong></span> <span class='ocrx_word' id='word_1_649' title='bbox 2879 3366 3038 3420; x_wconf 89' lang='lat' dir='ltr'><strong>quem</strong></span> <span class='ocrx_word' id='word_1_650' title='bbox 3083 3364 3277 3408; x_wconf 89' lang='lat' dir='ltr'><strong>cuncta</strong></span> <span class='ocrx_word' id='word_1_651' title='bbox 3313 3364 3480 3423; x_wconf 90' lang='lat' dir='ltr'><strong>sunt,</strong></span> <span class='ocrx_word' id='word_1_652' title='bbox 3515 3355 3620 3412; x_wconf 85' lang='lat' dir='ltr'><strong>hu-</strong></span> 
     </span>
    </p>
   </div>
   <div class='ocr_carea' id='block_1_78' title="bbox 2015 3440 3626 3516">
    <p class='ocr_par' dir='ltr' id='par_1_78' title="bbox 2015 3440 3626 3516">
     <span class='ocr_line' id='line_1_78' title="bbox 2015 3440 3626 3516; baseline 0.008 -22"><span class='ocrx_word' id='word_1_653' title='bbox 2015 3441 2158 3494; x_wconf 91' lang='lat' dir='ltr'><strong>mani</strong></span> <span class='ocrx_word' id='word_1_654' title='bbox 2212 3450 2395 3510; x_wconf 88' lang='lat' dir='ltr'><strong>partus</strong></span> <span class='ocrx_word' id='word_1_655' title='bbox 2426 3441 2542 3512; x_wconf 87' lang='lat' dir='ltr'><strong>lege</strong></span> <span class='ocrx_word' id='word_1_656' title='bbox 2575 3440 2878 3510; x_wconf 84' lang='lat' dir='ltr'><strong>profertur,</strong></span> <span class='ocrx_word' id='word_1_657' title='bbox 2921 3452 2978 3500; x_wconf 90' lang='lat' dir='ltr'><strong>et</strong></span> <span class='ocrx_word' id='word_1_658' title='bbox 3003 3444 3069 3502; x_wconf 89' lang='lat' dir='ltr'><strong>ad</strong></span> <span class='ocrx_word' id='word_1_659' title='bbox 3100 3445 3256 3516; x_wconf 84' lang='lat' dir='ltr'><strong>cujus</strong></span> <span class='ocrx_word' id='word_1_660' title='bbox 3299 3463 3487 3505; x_wconf 87' lang='lat' dir='ltr'><strong>vocem</strong></span> <span class='ocrx_word' id='word_1_661' title='bbox 3519 3452 3626 3506; x_wconf 81' lang='lat' dir='ltr'><strong>Ar-</strong></span> 
     </span>
    </p>
   </div>
   <div class='ocr_carea' id='block_1_79' title="bbox 2017 3531 3628 3603">
    <p class='ocr_par' dir='ltr' id='par_1_79' title="bbox 2017 3531 3628 3603">
     <span class='ocr_line' id='line_1_79' title="bbox 2017 3531 3628 3603; baseline 0.009 -17"><span class='ocrx_word' id='word_1_662' title='bbox 2017 3531 2267 3602; x_wconf 82' lang='lat' dir='ltr'><strong>changeli</strong></span> <span class='ocrx_word' id='word_1_663' title='bbox 2307 3541 2470 3603; x_wconf 91' lang='lat' dir='ltr'><strong>atque</strong></span> <span class='ocrx_word' id='word_1_664' title='bbox 2506 3533 2697 3603; x_wconf 81' lang='lat' dir='ltr'><strong>Angeli</strong></span> <span class='ocrx_word' id='word_1_665' title='bbox 2729 3543 3004 3602; x_wconf 86' lang='lat' dir='ltr'><strong>tremunt,</strong></span> <span class='ocrx_word' id='word_1_666' title='bbox 3058 3537 3255 3593; x_wconf 67' lang='lat' dir='ltr'><strong>caelum</strong></span> <span class='ocrx_word' id='word_1_667' title='bbox 3305 3548 3363 3596; x_wconf 92' lang='lat' dir='ltr'><strong>et</strong></span> <span class='ocrx_word' id='word_1_668' title='bbox 3401 3553 3544 3598; x_wconf 88' lang='lat' dir='ltr'><strong>terra</strong></span> <span class='ocrx_word' id='word_1_669' title='bbox 3571 3551 3628 3600; x_wconf 88' lang='lat' dir='ltr'><strong>et</strong></span> 
     </span>
    </p>
   </div>
   <div class='ocr_carea' id='block_1_80' title="bbox 2021 3623 3626 3704">
    <p class='ocr_par' dir='ltr' id='par_1_80' title="bbox 2021 3623 3626 3704">
     <span class='ocr_line' id='line_1_80' title="bbox 2021 3623 3626 3704; baseline 0.01 -29"><span class='ocrx_word' id='word_1_670' title='bbox 2021 3624 2206 3677; x_wconf 89' lang='lat' dir='ltr'><strong>omnia</strong></span> <span class='ocrx_word' id='word_1_671' title='bbox 2253 3623 2438 3678; x_wconf 90' lang='lat' dir='ltr'><strong>mundi</strong></span> <span class='ocrx_word' id='word_1_672' title='bbox 2471 3623 2632 3694; x_wconf 86' lang='lat' dir='ltr'><strong>hujus</strong></span> <span class='ocrx_word' id='word_1_673' title='bbox 2679 3623 2762 3698; x_wconf 78' lang='lat'><strong>(5)</strong></span> <span class='ocrx_word' id='word_1_674' title='bbox 2813 3627 2890 3698; x_wconf 85' lang='lat' dir='ltr'><strong>(g)</strong></span> <span class='ocrx_word' id='word_1_675' title='bbox 2927 3629 3274 3686; x_wconf 88' lang='lat' dir='ltr'><strong>resolvuntur</strong></span> <span class='ocrx_word' id='word_1_676' title='bbox 3323 3631 3626 3704; x_wconf 85' lang='lat' dir='ltr'><strong>elementa,</strong></span> 
     </span>
    </p>
   </div>
   <div class='ocr_carea' id='block_1_81' title="bbox 2019 3714 3626 3787">
    <p class='ocr_par' dir='ltr' id='par_1_81' title="bbox 2019 3714 3626 3787">
     <span class='ocr_line' id='line_1_81' title="bbox 2019 3714 3626 3787; baseline 0.01 -19"><span class='ocrx_word' id='word_1_677' title='bbox 2019 3715 2198 3785; x_wconf 84' lang='lat' dir='ltr'><strong>vagitu</strong></span> <span class='ocrx_word' id='word_1_678' title='bbox 2251 3714 2492 3770; x_wconf 72' lang='lat' dir='ltr'><strong>infantia:</strong></span> <span class='ocrx_word' id='word_1_679' title='bbox 2523 3716 2762 3772; x_wconf 84' lang='lat' dir='ltr'><strong>auditur.</strong></span> <span class='ocrx_word' id='word_1_680' title='bbox 2820 3719 2925 3787; x_wconf 78' lang='lat' dir='ltr'><strong>Qui</strong></span> <span class='ocrx_word' id='word_1_681' title='bbox 2973 3721 3259 3778; x_wconf 87' lang='lat' dir='ltr'><strong>invisibilis</strong></span> <span class='ocrx_word' id='word_1_682' title='bbox 3307 3733 3363 3780; x_wconf 87' lang='lat' dir='ltr'><strong>et</strong></span> <span class='ocrx_word' id='word_1_683' title='bbox 3417 3725 3626 3783; x_wconf 80' lang='lat' dir='ltr'><strong>incom-</strong></span> 
     </span>
    </p>
   </div>
   <div class='ocr_carea' id='block_1_82' title="bbox 2023 3809 3627 3889">
    <p class='ocr_par' dir='ltr' id='par_1_82' title="bbox 2023 3809 3627 3889">
     <span class='ocr_line' id='line_1_82' title="bbox 2023 3809 3627 3889; baseline 0.007 -25"><span class='ocrx_word' id='word_1_684' title='bbox 2023 3809 2406 3881; x_wconf 84' lang='lat' dir='ltr'><strong>prehensibilis</strong></span> <span class='ocrx_word' id='word_1_685' title='bbox 2445 3821 2558 3876; x_wconf 88' lang='lat' dir='ltr'><strong>est,</strong></span> <span class='ocrx_word' id='word_1_686' title='bbox 2593 3827 2700 3866; x_wconf 90' lang='lat' dir='ltr'><strong>non</strong></span> <span class='ocrx_word' id='word_1_687' title='bbox 2735 3812 2883 3881; x_wconf 90' lang='lat' dir='ltr'><strong>visu,</strong></span> <span class='ocrx_word' id='word_1_688' title='bbox 2912 3829 3074 3871; x_wconf 91' lang='lat' dir='ltr'><strong>sensu</strong></span> <span class='ocrx_word' id='word_1_689' title='bbox 3096 3855 3112 3883; x_wconf 87' lang='lat'><strong>,</strong></span> <span class='ocrx_word' id='word_1_690' title='bbox 3161 3825 3410 3889; x_wconf 90' lang='lat' dir='ltr'><strong>tactuque</strong></span> <span class='ocrx_word' id='word_1_691' title='bbox 3439 3819 3627 3876; x_wconf 87' lang='lat' dir='ltr'><strong>mode-</strong></span> 
     </span>
    </p>
   </div>
   <div class='ocr_carea' id='block_1_83' title="bbox 2025 3903 3624 3984">
    <p class='ocr_par' dir='ltr' id='par_1_83' title="bbox 2025 3903 3624 3984">
     <span class='ocr_line' id='line_1_83' title="bbox 2025 3903 3624 3984; baseline 0.005 -24"><span class='ocrx_word' id='word_1_692' title='bbox 2025 3904 2261 3970; x_wconf 88' lang='lat' dir='ltr'><strong>randus,</strong></span> <span class='ocrx_word' id='word_1_693' title='bbox 2295 3903 2451 3960; x_wconf 91' lang='lat' dir='ltr'><strong>cunis</strong></span> <span class='ocrx_word' id='word_1_694' title='bbox 2494 3913 2579 3961; x_wconf 81' lang='lat' dir='ltr'><strong>est</strong></span> <span class='ocrx_word' id='word_1_695' title='bbox 2607 3905 2917 3962; x_wconf 90' lang='lat' dir='ltr'><strong>obvolutus.</strong></span> <span class='ocrx_word' id='word_1_696' title='bbox 2967 3907 3092 3964; x_wconf 68' lang='grc' dir='ltr'><strong>Ηωο</strong></span> <span class='ocrx_word' id='word_1_697' title='bbox 3140 3909 3185 3964; x_wconf 90' lang='lat' dir='ltr'><strong>si</strong></span> <span class='ocrx_word' id='word_1_698' title='bbox 3230 3911 3350 3980; x_wconf 88' lang='lat' dir='ltr'><strong>quis</strong></span> <span class='ocrx_word' id='word_1_699' title='bbox 3405 3911 3624 3984; x_wconf 85' lang='lat' dir='ltr'><strong>indigna</strong></span> 
     </span>
    </p>
   </div>
   <div class='ocr_carea' id='block_1_84' title="bbox 2029 3995 3622 4068">
    <p class='ocr_par' dir='ltr' id='par_1_84' title="bbox 2029 3995 3622 4068">
     <span class='ocr_line' id='line_1_84' title="bbox 2029 3995 3622 4068; baseline 0.008 -17"><span class='ocrx_word' id='word_1_700' title='bbox 2029 3996 2138 4052; x_wconf 86' lang='lat' dir='ltr'><strong>Deo</strong></span> <span class='ocrx_word' id='word_1_701' title='bbox 2169 3995 2404 4064; x_wconf 89' lang='lat' dir='ltr'><strong>recolet,</strong></span> <span class='ocrx_word' id='word_1_702' title='bbox 2459 4005 2608 4052; x_wconf 88' lang='lat' dir='ltr'><strong>tanto</strong></span> <span class='ocrx_word' id='word_1_703' title='bbox 2665 4011 2724 4054; x_wconf 89' lang='lat' dir='ltr'><strong>se</strong></span> <span class='ocrx_word' id='word_1_704' title='bbox 2771 4000 2992 4068; x_wconf 88' lang='lat' dir='ltr'><strong>majoris</strong></span> <span class='ocrx_word' id='word_1_705' title='bbox 3029 4000 3280 4058; x_wconf 81' lang='lat' dir='ltr'><strong>beneﬁcii</strong></span> <span class='ocrx_word' id='word_1_706' title='bbox 3328 4002 3622 4063; x_wconf 81' lang='lat' dir='ltr'><strong>obnoxium</strong></span> 
     </span>
    </p>
   </div>
   <div class='ocr_carea' id='block_1_85' title="bbox 2091 4111 2662 4186">
    <p class='ocr_par' dir='ltr' id='par_1_85' title="bbox 2091 4111 2662 4186">
     <span class='ocr_line' id='line_1_85' title="bbox 2091 4111 2662 4186; baseline 0.002 -19"><span class='ocrx_word' id='word_1_707' title='bbox 2091 4112 2170 4186; x_wconf 68' lang='grc' dir='ltr'><strong>(ὅ)</strong></span> <span class='ocrx_word' id='word_1_708' title='bbox 2197 4111 2412 4186; x_wconf 82' lang='lat' dir='ltr'><strong>Relegat</strong></span> <span class='ocrx_word' id='word_1_709' title='bbox 2443 4128 2662 4168; x_wconf 86' lang='lat' dir='ltr'><strong>mecum.</strong></span> 
     </span>
    </p>
   </div>
   <div class='ocr_carea' id='block_1_86' title="bbox 2110 4114 2444 4256">
    <p class='ocr_par' dir='ltr' id='par_1_86' title="bbox 2110 4114 2444 4256">
     <span class='ocr_line' id='line_1_86' title="bbox 2116 4114 2444 4186; baseline 0 -19"><span class='ocrx_word' id='word_1_710' title='bbox 2116 4117 2146 4167; x_wconf 73' lang='lat'>3</span> <span class='ocrx_word' id='word_1_711' title='bbox 2197 4114 2444 4186; x_wconf 39' lang='lat' dir='ltr'><strong>Relegat‘</strong></span> 
     </span>
     <span class='ocr_line' id='line_1_87' title="bbox 2110 4114 2444 4256; baseline -0.003 -17"><span class='ocrx_word' id='word_1_712' title='bbox 2110 4114 2170 4256; x_wconf 61' lang='grc'><strong>4)</strong></span> <span class='ocrx_word' id='word_1_713' title='bbox 2198 4185 2444 4256; x_wconf 71' lang='lat' dir='ltr'><strong>Audierit.</strong></span> 
     </span>
    </p>
   </div>
   <div class='ocr_carea' id='block_1_87' title="bbox 2111 4255 3226 4328">
    <p class='ocr_par' dir='ltr' id='par_1_87' title="bbox 2111 4255 3226 4328">
     <span class='ocr_line' id='line_1_88' title="bbox 2111 4255 3226 4328; baseline 0.006 -16"><span class='ocrx_word' id='word_1_714' title='bbox 2111 4255 2167 4328; x_wconf 80' lang='grc'><strong>5)</strong></span> <span class='ocrx_word' id='word_1_715' title='bbox 2192 4255 2551 4324; x_wconf 74' lang='lat' dir='ltr'><strong>Resoluentur,</strong></span> <span class='ocrx_word' id='word_1_716' title='bbox 2575 4265 2760 4315; x_wconf 87' lang='lat' dir='ltr'><strong>noster</strong></span> <span class='ocrx_word' id='word_1_717' title='bbox 2786 4272 2910 4314; x_wconf 90' lang='lat' dir='ltr'><strong>cum</strong></span> <span class='ocrx_word' id='word_1_718' title='bbox 2943 4259 3066 4317; x_wconf 87' lang='lat' dir='ltr'><strong>aliis</strong></span> <span class='ocrx_word' id='word_1_719' title='bbox 3089 4277 3226 4318; x_wconf 84' lang='lat' dir='ltr'><strong>mss.</strong></span> 
     </span>
    </p>
   </div>
   <div class='ocr_carea' id='block_1_88' title="bbox 2018 4373 3623 4450">
    <p class='ocr_par' dir='ltr' id='par_1_88' title="bbox 2018 4373 3623 4450">
     <span class='ocr_line' id='line_1_89' title="bbox 2018 4373 3623 4450; baseline 0.012 -20"><span class='ocrx_word' id='word_1_720' title='bbox 2018 4375 2161 4450; x_wconf 70' lang='lat' dir='ltr'><strong>iioue</strong></span> <span class='ocrx_word' id='word_1_721' title='bbox 2192 4373 2498 4450; x_wconf 73' lang='lat' dir='ltr'><strong>universam</strong></span> <span class='ocrx_word' id='word_1_722' title='bbox 2530 4375 2582 4450; x_wconf 83' lang='lat' dir='ltr'><strong>in</strong></span> <span class='ocrx_word' id='word_1_723' title='bbox 2609 4392 2670 4431; x_wconf 78' lang='lat' dir='ltr'><strong>ea</strong></span> <span class='ocrx_word' id='word_1_724' title='bbox 2690 4378 2950 4450; x_wconf 88' lang='lat' dir='ltr'><strong>tenuisse.</strong></span> <span class='ocrx_word' id='word_1_725' title='bbox 2974 4379 3124 4436; x_wconf 86' lang='lat' dir='ltr'><strong>l-laud</strong></span> <span class='ocrx_word' id='word_1_726' title='bbox 3151 4381 3382 4441; x_wconf 85' lang='lat' dir='ltr'><strong>absimili</strong></span> <span class='ocrx_word' id='word_1_727' title='bbox 3413 4387 3623 4450; x_wconf 89' lang='lat' dir='ltr'><strong>ratione</strong></span> 
     </span>
    </p>
   </div>
   <div class='ocr_carea' id='block_1_89' title="bbox 370 4446 3618 4520">
    <p class='ocr_par' dir='ltr' id='par_1_89' title="bbox 370 4446 3618 4520">
     <span class='ocr_line' id='line_1_90' title="bbox 370 4446 3618 4520; baseline 0.005 -21"><span class='ocrx_word' id='word_1_728' title='bbox 370 4447 446 4520; x_wconf 81' lang='lat' dir='ltr'><strong>(b)</strong></span> <span class='ocrx_word' id='word_1_729' title='bbox 474 4446 610 4520; x_wconf 53' lang='lat' dir='ltr'><strong>Vat.</strong></span> <span class='ocrx_word' id='word_1_730' title='bbox 629 4446 766 4504; x_wconf 64' lang='lat' dir='ltr'><strong>&#39;bas.</strong></span> <span class='ocrx_word' id='word_1_731' title='bbox 803 4449 974 4504; x_wconf 80' lang='lat' dir='ltr'><strong>codex</strong></span> <span class='ocrx_word' id='word_1_732' title='bbox 999 4491 1015 4516; x_wconf 93' lang='lat'><strong>,</strong></span> <span class='ocrx_word' id='word_1_733' title='bbox 1047 4451 1218 4519; x_wconf 82' lang='lat' dir='ltr'><strong>ipsum</strong></span> <span class='ocrx_word' id='word_1_734' title='bbox 1265 4448 1363 4505; x_wconf 83' lang='lat' dir='ltr'><strong>sibi</strong></span> <span class='ocrx_word' id='word_1_735' title='bbox 1389 4465 1496 4504; x_wconf 83' lang='lat' dir='ltr'><strong>esse</strong></span> <span class='ocrx_word' id='word_1_736' title='bbox 1521 4467 1539 4504; x_wconf 88' lang='lat'><strong><em>:</em></strong></span> <span class='ocrx_word' id='word_1_737' title='bbox 1567 4446 1672 4506; x_wconf 80' lang='lat' dir='ltr'><strong>non</strong></span> <span class='ocrx_word' id='word_1_738' title='bbox 1706 4451 1900 4520; x_wconf 87' lang='lat' dir='ltr'><strong>placet.</strong></span> <span class='ocrx_word' id='word_1_739' title='bbox 1931 4449 1986 4510; x_wconf 92' lang='lat' dir='ltr'><strong>D</strong></span> <span class='ocrx_word' id='word_1_740' title='bbox 2011 4447 2123 4503; x_wconf 88' lang='lat' dir='ltr'><strong>Leo</strong></span> <span class='ocrx_word' id='word_1_741' title='bbox 2149 4447 2488 4520; x_wconf 88' lang='lat' dir='ltr'><strong>papa_Serm.</strong></span> <span class='ocrx_word' id='word_1_742' title='bbox 2515 4448 2622 4503; x_wconf 83' lang='lat' dir='ltr'><strong>tde</strong></span> <span class='ocrx_word' id='word_1_743' title='bbox 2647 4449 2944 4520; x_wconf 84' lang='lat' dir='ltr'><strong>Epiphania</strong></span> <span class='ocrx_word' id='word_1_744' title='bbox 2977 4457 3055 4506; x_wconf 88' lang='lat' dir='ltr'><strong>ait</strong></span> <span class='ocrx_word' id='word_1_745' title='bbox 3075 4452 3345 4512; x_wconf 78' lang='lat' dir='ltr'><strong>Christum</strong></span> <span class='ocrx_word' id='word_1_746' title='bbox 3375 4446 3618 4518; x_wconf 61' lang='lat' dir='ltr'><strong>naturain</strong></span> 
     </span>
    </p>
   </div>
   <div class='ocr_carea' id='block_1_90' title="bbox 367 4517 1900 4592">
    <p class='ocr_par' dir='ltr' id='par_1_90' title="bbox 367 4517 1900 4592">
     <span class='ocr_line' id='line_1_91' title="bbox 367 4517 1900 4592; baseline 0.001 -20"><span class='ocrx_word' id='word_1_747' title='bbox 367 4517 444 4590; x_wconf 75' lang='grc' dir='ltr'><strong>(ε)</strong></span> <span class='ocrx_word' id='word_1_748' title='bbox 468 4519 524 4574; x_wconf 87' lang='lat' dir='ltr'><strong>In</strong></span> <span class='ocrx_word' id='word_1_749' title='bbox 547 4519 678 4574; x_wconf 89' lang='lat' dir='ltr'><strong>edit.</strong></span> <span class='ocrx_word' id='word_1_750' title='bbox 705 4536 850 4574; x_wconf 81' lang='lat' dir='ltr'><strong>antae</strong></span> <span class='ocrx_word' id='word_1_751' title='bbox 870 4517 1092 4575; x_wconf 64' lang='lat' dir='ltr'><strong>initium.</strong></span> <span class='ocrx_word' id='word_1_752' title='bbox 1125 4520 1293 4576; x_wconf 84' lang='lat' dir='ltr'><strong>Abest</strong></span> <span class='ocrx_word' id='word_1_753' title='bbox 1317 4537 1465 4575; x_wconf 89' lang='lat' dir='ltr'><strong>omne</strong></span> <span class='ocrx_word' id='word_1_754' title='bbox 1491 4537 1522 4575; x_wconf 89' lang='lat' dir='ltr'><strong>a</strong></span> <span class='ocrx_word' id='word_1_755' title='bbox 1552 4537 1683 4576; x_wconf 89' lang='lat' dir='ltr'><strong>mss.</strong></span> <span class='ocrx_word' id='word_1_756' title='bbox 1708 4517 1900 4592; x_wconf 80' lang='lat' dir='ltr'><strong>quam-</strong></span> 
     </span>
    </p>
   </div>
   <div class='ocr_carea' id='block_1_91' title="bbox 302 4590 838 4646">
    <p class='ocr_par' dir='ltr' id='par_1_91' title="bbox 302 4590 838 4646">
     <span class='ocr_line' id='line_1_92' title="bbox 302 4590 838 4646; baseline 0.004 -4"><span class='ocrx_word' id='word_1_757' title='bbox 302 4590 378 4645; x_wconf 70' lang='lat' dir='ltr'><strong>iis</strong></span> <span class='ocrx_word' id='word_1_758' title='bbox 399 4599 580 4646; x_wconf 82' lang='lat' dir='ltr'><strong>exstet</strong></span> <span class='ocrx_word' id='word_1_759' title='bbox 600 4606 753 4646; x_wconf 83' lang='lat' dir='ltr'><strong>nunt.</strong></span> <span class='ocrx_word' id='word_1_760' title='bbox 785 4593 838 4646; x_wconf 72' lang='grc'><strong>4.</strong></span> 
     </span>
    </p>
   </div>
   <div class='ocr_carea' id='block_1_92' title="bbox 370 4681 1904 4754">
    <p class='ocr_par' dir='ltr' id='par_1_92' title="bbox 370 4681 1904 4754">
     <span class='ocr_line' id='line_1_93' title="bbox 370 4681 1904 4754; baseline 0.001 -18"><span class='ocrx_word' id='word_1_761' title='bbox 370 4681 451 4754; x_wconf 82' lang='lat' dir='ltr'><strong>(tl)</strong></span> <span class='ocrx_word' id='word_1_762' title='bbox 487 4683 704 4750; x_wconf 73' lang='lat' dir='ltr'><strong>Escusi,</strong></span> <span class='ocrx_word' id='word_1_763' title='bbox 733 4683 823 4737; x_wconf 85' lang='lat' dir='ltr'><strong>sed</strong></span> <span class='ocrx_word' id='word_1_764' title='bbox 853 4683 946 4739; x_wconf 87' lang='lat' dir='ltr'><strong>sub</strong></span> <span class='ocrx_word' id='word_1_765' title='bbox 975 4683 1297 4738; x_wconf 82' lang='lat' dir='ltr'><strong>antichristo.</strong></span> <span class='ocrx_word' id='word_1_766' title='bbox 1320 4681 1543 4738; x_wconf 90' lang='lat' dir='ltr'><strong>Carnut.</strong></span> <span class='ocrx_word' id='word_1_767' title='bbox 1573 4684 1746 4740; x_wconf 83' lang='lat' dir='ltr'><strong>codex</strong></span> <span class='ocrx_word' id='word_1_768' title='bbox 1781 4699 1904 4738; x_wconf 88' lang='lat' dir='ltr'><strong>eum</strong></span> 
     </span>
    </p>
   </div>
   <div class='ocr_carea' id='block_1_93' title="bbox 302 4755 1906 4828">
    <p class='ocr_par' dir='ltr' id='par_1_93' title="bbox 302 4755 1906 4828">
     <span class='ocr_line' id='line_1_94' title="bbox 302 4755 1906 4828; baseline 0.001 -20"><span class='ocrx_word' id='word_1_769' title='bbox 302 4770 407 4828; x_wconf 89' lang='lat' dir='ltr'><strong>uno</strong></span> <span class='ocrx_word' id='word_1_770' title='bbox 437 4756 630 4821; x_wconf 84' lang='lat' dir='ltr'><strong>Colb.,</strong></span> <span class='ocrx_word' id='word_1_771' title='bbox 683 4756 866 4828; x_wconf 80' lang='lat' dir='ltr'><strong>novelli</strong></span> <span class='ocrx_word' id='word_1_772' title='bbox 903 4756 1126 4828; x_wconf 79' lang='lat' dir='ltr'><strong>apostoli</strong></span> <span class='ocrx_word' id='word_1_773' title='bbox 1170 4757 1266 4810; x_wconf 85' lang='lat' dir='ltr'><strong>sub</strong></span> <span class='ocrx_word' id='word_1_774' title='bbox 1304 4756 1644 4828; x_wconf 58' lang='lat' dir='ltr'><strong>antis/triste.</strong></span> <span class='ocrx_word' id='word_1_775' title='bbox 1687 4755 1906 4810; x_wconf 80' lang='lat' dir='ltr'><strong>Rectius</strong></span> 
     </span>
    </p>
   </div>
   <div class='ocr_carea' id='block_1_94' title="bbox 302 4825 1908 4896">
    <p class='ocr_par' dir='ltr' id='par_1_94' title="bbox 302 4825 1908 4896">
     <span class='ocr_line' id='line_1_95' title="bbox 302 4825 1908 4896; baseline 0 -17"><span class='ocrx_word' id='word_1_776' title='bbox 302 4827 412 4890; x_wconf 86' lang='lat' dir='ltr'><strong>alii,</strong></span> <span class='ocrx_word' id='word_1_777' title='bbox 437 4827 628 4880; x_wconf 80' lang='lat' dir='ltr'><strong>novelli</strong></span> <span class='ocrx_word' id='word_1_778' title='bbox 659 4825 1002 4896; x_wconf 83' lang='lat' dir='ltr'><strong>apostolatus,</strong></span> <span class='ocrx_word' id='word_1_779' title='bbox 1030 4825 1120 4880; x_wconf 83' lang='lat' dir='ltr'><strong>sed</strong></span> <span class='ocrx_word' id='word_1_780' title='bbox 1147 4827 1210 4880; x_wconf 86' lang='lat' dir='ltr'><strong>ab</strong></span> <span class='ocrx_word' id='word_1_781' title='bbox 1239 4827 1563 4887; x_wconf 86' lang='lat' dir='ltr'><strong>antichristo.</strong></span> <span class='ocrx_word' id='word_1_782' title='bbox 1598 4826 1650 4882; x_wconf 88' lang='lat' dir='ltr'><strong>id</strong></span> <span class='ocrx_word' id='word_1_783' title='bbox 1673 4838 1778 4892; x_wconf 68' lang='lat' dir='ltr'><strong>est,</strong></span> <span class='ocrx_word' id='word_1_784' title='bbox 1809 4843 1908 4881; x_wconf 87' lang='lat' dir='ltr'><strong>no-</strong></span> 
     </span>
    </p>
   </div>
   <div class='ocr_carea' id='block_1_95' title="bbox 304 4897 1904 4968">
    <p class='ocr_par' dir='ltr' id='par_1_95' title="bbox 304 4897 1904 4968">
     <span class='ocr_line' id='line_1_96' title="bbox 304 4897 1904 4968; baseline 0.002 -21"><span class='ocrx_word' id='word_1_785' title='bbox 304 4899 500 4952; x_wconf 86' lang='lat' dir='ltr'><strong>vellum</strong></span> <span class='ocrx_word' id='word_1_786' title='bbox 529 4900 892 4968; x_wconf 58' lang='lat' dir='ltr'><strong>apostolatum</strong></span> <span class='ocrx_word' id='word_1_787' title='bbox 920 4914 1026 4952; x_wconf 90' lang='lat' dir='ltr'><strong>non</strong></span> <span class='ocrx_word' id='word_1_788' title='bbox 1049 4912 1078 4951; x_wconf 89' lang='lat' dir='ltr'><strong>a</strong></span> <span class='ocrx_word' id='word_1_789' title='bbox 1101 4897 1343 4960; x_wconf 79' lang='lat' dir='ltr'><strong>Christo,</strong></span> <span class='ocrx_word' id='word_1_790' title='bbox 1367 4898 1462 4954; x_wconf 87' lang='lat' dir='ltr'><strong>sed</strong></span> <span class='ocrx_word' id='word_1_791' title='bbox 1489 4900 1556 4954; x_wconf 89' lang='lat' dir='ltr'><strong>ab</strong></span> <span class='ocrx_word' id='word_1_792' title='bbox 1583 4899 1904 4968; x_wconf 85' lang='lat' dir='ltr'><strong>autichristo</strong></span> 
     </span>
    </p>
   </div>
   <div class='ocr_carea' id='block_1_96' title="bbox 301 4967 1906 5048">
    <p class='ocr_par' dir='ltr' id='par_1_96' title="bbox 301 4967 1906 5048">
     <span class='ocr_line' id='line_1_97' title="bbox 301 4967 1906 5048; baseline 0.002 -29"><span class='ocrx_word' id='word_1_793' title='bbox 301 4967 628 5048; x_wconf 73' lang='lat' dir='ltr'><strong>obtinentes.</strong></span> <span class='ocrx_word' id='word_1_794' title='bbox 657 4968 810 5048; x_wconf 78' lang='lat' dir='ltr'><strong>Quod</strong></span> <span class='ocrx_word' id='word_1_795' title='bbox 833 4969 1293 5048; x_wconf 79' lang='lat' dir='ltr'><strong>conﬁrmaturltis</strong></span> <span class='ocrx_word' id='word_1_796' title='bbox 1316 4968 1411 5024; x_wconf 89' lang='lat' dir='ltr'><strong>lib.</strong></span> <span class='ocrx_word' id='word_1_797' title='bbox 1443 4973 1514 5048; x_wconf 76' lang='lat' dir='ltr'><strong>vi,</strong></span> <span class='ocrx_word' id='word_1_798' title='bbox 1548 4986 1604 5048; x_wconf 71' lang='grc' dir='ltr'><strong><em>ῃ.</em></strong></span> <span class='ocrx_word' id='word_1_799' title='bbox 1629 4969 1696 5024; x_wconf 73' lang='grc'><strong>57</strong></span> <span class='ocrx_word' id='word_1_800' title='bbox 1719 4987 1743 5048; x_wconf 85' lang='lat'><strong>_:</strong></span> <span class='ocrx_word' id='word_1_801' title='bbox 1769 4967 1906 5048; x_wconf 78' lang='lat' dir='ltr'><strong>Mihi</strong></span> 
     </span>
    </p>
   </div>
   <div class='ocr_carea' id='block_1_97' title="bbox 301 5040 1904 5111">
    <p class='ocr_par' dir='ltr' id='par_1_97' title="bbox 301 5040 1904 5111">
     <span class='ocr_line' id='line_1_98' title="bbox 301 5040 1904 5111; baseline 0.002 -21"><span class='ocrx_word' id='word_1_802' title='bbox 301 5040 547 5111; x_wconf 11' lang='lat' dir='ltr'><strong>tu‘ttodie,</strong></span> <span class='ocrx_word' id='word_1_803' title='bbox 580 5043 694 5095; x_wconf 85' lang='lat' dir='ltr'><strong>novi</strong></span> <span class='ocrx_word' id='word_1_804' title='bbox 719 5041 1035 5107; x_wconf 82' lang='lat' dir='ltr'><strong>apostolatus</strong></span> <span class='ocrx_word' id='word_1_805' title='bbox 1063 5042 1286 5096; x_wconf 72' lang='lat' dir='ltr'><strong>mendax</strong></span> <span class='ocrx_word' id='word_1_806' title='bbox 1311 5040 1672 5108; x_wconf 85' lang='lat' dir='ltr'><strong>sacerdotium,</strong></span> <span class='ocrx_word' id='word_1_807' title='bbox 1713 5041 1904 5111; x_wconf 83' lang='lat' dir='ltr'><strong>ingeris</strong></span> 
     </span>
    </p>
   </div>
   <div class='ocr_carea' id='block_1_98' title="bbox 301 5108 1162 5168">
    <p class='ocr_par' dir='ltr' id='par_1_98' title="bbox 301 5108 1162 5168">
     <span class='ocr_line' id='line_1_99' title="bbox 301 5108 1162 5168; baseline 0.001 -4"><span class='ocrx_word' id='word_1_808' title='bbox 301 5108 561 5166; x_wconf 73' lang='lat' dir='ltr'><strong>Christum</strong></span> <span class='ocrx_word' id='word_1_809' title='bbox 583 5129 645 5167; x_wconf 83' lang='lat' dir='ltr'><strong>ea:</strong></span> <span class='ocrx_word' id='word_1_810' title='bbox 665 5112 830 5166; x_wconf 85' lang='lat' dir='ltr'><strong>nihilo</strong></span> <span class='ocrx_word' id='word_1_811' title='bbox 857 5124 1162 5168; x_wconf 85' lang='lat' dir='ltr'><strong>creaturam.</strong></span> 
     </span>
    </p>
   </div>
   <div class='ocr_carea' id='block_1_99' title="bbox 369 5201 1904 5286">
    <p class='ocr_par' dir='ltr' id='par_1_99' title="bbox 369 5201 1904 5286">
     <span class='ocr_line' id='line_1_100' title="bbox 369 5201 1904 5286; baseline -0.003 -25"><span class='ocrx_word' id='word_1_812' title='bbox 369 5205 738 5286; x_wconf 66' lang='lat' dir='ltr'><strong>(e)_Spiritum</strong></span> <span class='ocrx_word' id='word_1_813' title='bbox 781 5217 1027 5286; x_wconf 83' lang='lat' dir='ltr'><strong>sanctum</strong></span> <span class='ocrx_word' id='word_1_814' title='bbox 1071 5205 1158 5260; x_wconf 91' lang='lat' dir='ltr'><strong>hic</strong></span> <span class='ocrx_word' id='word_1_815' title='bbox 1187 5203 1424 5286; x_wconf 69' lang='lat' dir='ltr'><strong>Verbum</strong></span> <span class='ocrx_word' id='word_1_816' title='bbox 1450 5203 1630 5286; x_wconf 76' lang='lat' dir='ltr'><strong>ipsum</strong></span> <span class='ocrx_word' id='word_1_817' title='bbox 1673 5201 1904 5286; x_wconf 49' lang='lat' dir='ltr'><strong>intelligi</strong></span> 
     </span>
    </p>
   </div>
   <div class='ocr_carea' id='block_1_100' title="bbox 301 5274 1902 5346">
    <p class='ocr_par' dir='ltr' id='par_1_100' title="bbox 301 5274 1902 5346">
     <span class='ocr_line' id='line_1_101' title="bbox 301 5274 1902 5346; baseline 0 -17"><span class='ocrx_word' id='word_1_818' title='bbox 301 5277 642 5332; x_wconf 78' lang='lat' dir='ltr'><strong>manifestum</strong></span> <span class='ocrx_word' id='word_1_819' title='bbox 676 5286 761 5332; x_wconf 86' lang='lat' dir='ltr'><strong>est</strong></span> <span class='ocrx_word' id='word_1_820' title='bbox 804 5291 872 5331; x_wconf 84' lang='lat' dir='ltr'><strong>ex</strong></span> <span class='ocrx_word' id='word_1_821' title='bbox 930 5277 1403 5346; x_wconf 83' lang='lat' dir='ltr'><strong>subsequentibus.</strong></span> <span class='ocrx_word' id='word_1_822' title='bbox 1450 5275 1584 5330; x_wconf 88' lang='lat' dir='ltr'><strong>Ilinc</strong></span> <span class='ocrx_word' id='word_1_823' title='bbox 1629 5287 1746 5338; x_wconf 85' lang='lat' dir='ltr'><strong>cap.</strong></span> <span class='ocrx_word' id='word_1_824' title='bbox 1780 5274 1816 5327; x_wconf 76' lang='grc'>2</span> <span class='ocrx_word' id='word_1_825' title='bbox 1847 5275 1902 5329; x_wconf 89' lang='lat' dir='ltr'><strong>in</strong></span> 
     </span>
    </p>
   </div>
   <div class='ocr_carea' id='block_1_101' title="bbox 299 5345 1898 5417">
    <p class='ocr_par' dir='ltr' id='par_1_101' title="bbox 299 5345 1898 5417">
     <span class='ocr_line' id='line_1_102' title="bbox 299 5345 1898 5417; baseline -0.001 -17"><span class='ocrx_word' id='word_1_826' title='bbox 299 5347 489 5401; x_wconf 76' lang='lat' dir='ltr'><strong>Matth.</strong></span> <span class='ocrx_word' id='word_1_827' title='bbox 519 5365 574 5402; x_wconf 84' lang='grc' dir='ltr'><strong>ιι.</strong></span> <span class='ocrx_word' id='word_1_828' title='bbox 595 5345 650 5413; x_wconf 79' lang='lat'><strong>5,</strong></span> <span class='ocrx_word' id='word_1_829' title='bbox 675 5349 876 5402; x_wconf 89' lang='lat' dir='ltr'><strong>diserte</strong></span> <span class='ocrx_word' id='word_1_830' title='bbox 900 5347 1094 5417; x_wconf 84' lang='lat' dir='ltr'><strong>legitur</strong></span> <span class='ocrx_word' id='word_1_831' title='bbox 1113 5347 1363 5404; x_wconf 86' lang='lat' dir='ltr'><strong>Christus</strong></span> <span class='ocrx_word' id='word_1_832' title='bbox 1402 5363 1466 5402; x_wconf 76' lang='lat' dir='ltr'><strong>ea:</strong></span> <span class='ocrx_word' id='word_1_833' title='bbox 1493 5347 1706 5402; x_wconf 87' lang='lat' dir='ltr'><strong>muliere</strong></span> <span class='ocrx_word' id='word_1_834' title='bbox 1725 5356 1898 5414; x_wconf 81' lang='lat' dir='ltr'><strong>natus,</strong></span> 
     </span>
    </p>
   </div>
   <div class='ocr_carea' id='block_1_102' title="bbox 299 5417 1015 5491">
    <p class='ocr_par' dir='ltr' id='par_1_102' title="bbox 299 5417 1015 5491">
     <span class='ocr_line' id='line_1_103' title="bbox 299 5417 1015 5491; baseline 0.001 -19"><span class='ocrx_word' id='word_1_835' title='bbox 299 5435 392 5488; x_wconf 78' lang='lat' dir='ltr'><strong>per</strong></span> <span class='ocrx_word' id='word_1_836' title='bbox 429 5417 648 5473; x_wconf 84' lang='lat' dir='ltr'><strong>Verbum</strong></span> <span class='ocrx_word' id='word_1_837' title='bbox 677 5435 797 5473; x_wconf 88' lang='lat' dir='ltr'><strong>caro</strong></span> <span class='ocrx_word' id='word_1_838' title='bbox 827 5423 1015 5491; x_wconf 73' lang='lat' dir='ltr'><strong>factus.</strong></span> 
     </span>
    </p>
   </div>
   <div class='ocr_carea' id='block_1_103' title="bbox 369 5509 1899 5594">
    <p class='ocr_par' dir='ltr' id='par_1_103' title="bbox 369 5509 1899 5594">
     <span class='ocr_line' id='line_1_104' title="bbox 369 5509 1899 5594; baseline -0.001 -26"><span class='ocrx_word' id='word_1_839' title='bbox 369 5512 574 5594; x_wconf 60' lang='lat' dir='ltr'><strong>milio</strong></span> <span class='ocrx_word' id='word_1_840' title='bbox 591 5521 653 5594; x_wconf 86' lang='lat' dir='ltr'><strong>_et</strong></span> <span class='ocrx_word' id='word_1_841' title='bbox 689 5513 816 5568; x_wconf 89' lang='lat' dir='ltr'><strong>alibi</strong></span> <span class='ocrx_word' id='word_1_842' title='bbox 863 5512 1066 5594; x_wconf 40' lang='lat' dir='ltr'><strong>senti-re</strong></span> <span class='ocrx_word' id='word_1_843' title='bbox 1112 5509 1324 5568; x_wconf 89' lang='lat' dir='ltr'><strong>videtur</strong></span> <span class='ocrx_word' id='word_1_844' title='bbox 1369 5511 1602 5594; x_wconf 69' lang='lat' dir='ltr'><strong>Hilarius</strong></span> <span class='ocrx_word' id='word_1_845' title='bbox 1625 5509 1899 5594; x_wconf 74' lang='lat' dir='ltr'><strong>Christum</strong></span> 
     </span>
    </p>
   </div>
   <div class='ocr_carea' id='block_1_104' title="bbox 297 5583 1902 5666">
    <p class='ocr_par' dir='ltr' id='par_1_104' title="bbox 297 5583 1902 5666">
     <span class='ocr_line' id='line_1_105' title="bbox 297 5583 1902 5666; baseline -0.001 -28"><span class='ocrx_word' id='word_1_846' title='bbox 297 5599 406 5640; x_wconf 90' lang='lat' dir='ltr'><strong>non</strong></span> <span class='ocrx_word' id='word_1_847' title='bbox 427 5585 783 5656; x_wconf 79' lang='lat' dir='ltr'><strong>singularem,</strong></span> <span class='ocrx_word' id='word_1_848' title='bbox 807 5585 903 5666; x_wconf 76' lang='lat' dir='ltr'><strong>sed</strong></span> <span class='ocrx_word' id='word_1_849' title='bbox 925 5584 1240 5666; x_wconf 80' lang='lat' dir='ltr'><strong>universam_</strong></span> <span class='ocrx_word' id='word_1_850' title='bbox 1255 5585 1472 5666; x_wconf 67' lang='lat' dir='ltr'><strong>generis</strong></span> <span class='ocrx_word' id='word_1_851' title='bbox 1503 5583 1719 5666; x_wconf 84' lang='lat' dir='ltr'><strong>lmmapi</strong></span> <span class='ocrx_word' id='word_1_852' title='bbox 1745 5592 1902 5637; x_wconf 83' lang='lat' dir='ltr'><strong>natu-</strong></span> 
     </span>
    </p>
   </div>
   <div class='ocr_carea' id='block_1_105' title="bbox 293 5653 1900 5737">
    <p class='ocr_par' dir='ltr' id='par_1_105' title="bbox 293 5653 1900 5737">
     <span class='ocr_line' id='line_1_106' title="bbox 293 5653 1900 5737; baseline -0.002 -26"><span class='ocrx_word' id='word_1_853' title='bbox 293 5671 412 5737; x_wconf 61' lang='lat' dir='ltr'><strong>ram</strong></span> <span class='ocrx_word' id='word_1_854' title='bbox 440 5653 821 5737; x_wconf 74' lang='lat' dir='ltr'><strong>assumpsisse.</strong></span> <span class='ocrx_word' id='word_1_855' title='bbox 847 5661 936 5722; x_wconf 83' lang='lat' dir='ltr'><strong>At,</strong></span> <span class='ocrx_word' id='word_1_856' title='bbox 978 5665 1037 5712; x_wconf 90' lang='lat' dir='ltr'><strong>ut</strong></span> <span class='ocrx_word' id='word_1_857' title='bbox 1063 5672 1132 5712; x_wconf 84' lang='lat' dir='ltr'><strong>ex</strong></span> <span class='ocrx_word' id='word_1_858' title='bbox 1154 5653 1418 5737; x_wconf 74' lang='lat' dir='ltr'><strong>subiiexis</strong></span> <span class='ocrx_word' id='word_1_859' title='bbox 1439 5653 1628 5737; x_wconf 74' lang='lat' dir='ltr'><strong>liquet,</strong></span> <span class='ocrx_word' id='word_1_860' title='bbox 1667 5653 1771 5709; x_wconf 90' lang='lat' dir='ltr'><strong>hoc</strong></span> <span class='ocrx_word' id='word_1_861' title='bbox 1803 5667 1900 5724; x_wconf 84' lang='lat' dir='ltr'><strong>po-</strong></span> 
     </span>
    </p>
   </div>
   <div class='ocr_carea' id='block_1_106' title="bbox 295 5725 1894 5798">
    <p class='ocr_par' dir='ltr' id='par_1_106' title="bbox 295 5725 1894 5798">
     <span class='ocr_line' id='line_1_107' title="bbox 295 5725 1894 5798; baseline -0.003 -16"><span class='ocrx_word' id='word_1_862' title='bbox 295 5727 410 5784; x_wconf 83' lang='lat' dir='ltr'><strong>tius</strong></span> <span class='ocrx_word' id='word_1_863' title='bbox 452 5725 648 5798; x_wconf 75' lang='lat' dir='ltr'><strong>sensit,</strong></span> <span class='ocrx_word' id='word_1_864' title='bbox 678 5743 804 5784; x_wconf 89' lang='lat' dir='ltr'><strong>eum</strong></span> <span class='ocrx_word' id='word_1_865' title='bbox 839 5738 1044 5784; x_wconf 85' lang='lat' dir='ltr'><strong>naturae</strong></span> <span class='ocrx_word' id='word_1_866' title='bbox 1079 5728 1238 5784; x_wconf 91' lang='lat' dir='ltr'><strong>unius</strong></span> <span class='ocrx_word' id='word_1_867' title='bbox 1262 5743 1326 5784; x_wconf 88' lang='lat' dir='ltr'><strong>ac</strong></span> <span class='ocrx_word' id='word_1_868' title='bbox 1347 5725 1633 5797; x_wconf 84' lang='lat' dir='ltr'><strong>singularis</strong></span> <span class='ocrx_word' id='word_1_869' title='bbox 1672 5740 1894 5797; x_wconf 84' lang='lat' dir='ltr'><strong>suscep-</strong></span> 
     </span>
    </p>
   </div>
   <div class='ocr_carea' id='block_1_107' title="bbox 2011 4517 3618 4598">
    <p class='ocr_par' dir='ltr' id='par_1_107' title="bbox 2011 4517 3618 4598">
     <span class='ocr_line' id='line_1_108' title="bbox 2011 4517 3618 4598; baseline 0.011 -26"><span class='ocrx_word' id='word_1_870' title='bbox 2011 4517 2619 4598; x_wconf 63' lang='lat' dir='ltr'><strong>universte/tumanitatis</strong></span> <span class='ocrx_word' id='word_1_871' title='bbox 2657 4517 3062 4598; x_wconf 58' lang='lat' dir='ltr'><strong>assumpsisse:</strong></span> <span class='ocrx_word' id='word_1_872' title='bbox 3097 4533 3154 4580; x_wconf 87' lang='lat' dir='ltr'><strong>et</strong></span> <span class='ocrx_word' id='word_1_873' title='bbox 3191 4527 3436 4598; x_wconf 85' lang='lat' dir='ltr'><strong>vulgatus</strong></span> <span class='ocrx_word' id='word_1_874' title='bbox 3464 4517 3618 4590; x_wconf 90' lang='lat' dir='ltr'><strong>Titus</strong></span> 
     </span>
    </p>
   </div>
   <div class='ocr_carea' id='block_1_108' title="bbox 2011 4590 3622 4672">
    <p class='ocr_par' dir='ltr' id='par_1_108' title="bbox 2011 4590 3622 4672">
     <span class='ocr_line' id='line_1_109' title="bbox 2011 4590 3622 4672; baseline 0.008 -26"><span class='ocrx_word' id='word_1_875' title='bbox 2011 4590 2320 4672; x_wconf 73' lang='lat' dir='ltr'><strong>Dostrepsis</strong></span> <span class='ocrx_word' id='word_1_876' title='bbox 2344 4595 2399 4646; x_wconf 91' lang='lat' dir='ltr'><strong>in</strong></span> <span class='ocrx_word' id='word_1_877' title='bbox 2420 4591 2550 4646; x_wconf 88' lang='lat' dir='ltr'><strong>Luc.</strong></span> <span class='ocrx_word' id='word_1_878' title='bbox 2580 4606 2700 4662; x_wconf 88' lang='lat' dir='ltr'><strong>cap.</strong></span> <span class='ocrx_word' id='word_1_879' title='bbox 2727 4591 2806 4672; x_wconf 77' lang='lat' dir='ltr'><strong>_t2</strong></span> <span class='ocrx_word' id='word_1_880' title='bbox 2842 4590 2858 4645; x_wconf 74' lang='grc' dir='ltr'>Ξ</span> <span class='ocrx_word' id='word_1_881' title='bbox 2887 4591 2994 4648; x_wconf 81' lang='lat' dir='ltr'><strong>Per</strong></span> <span class='ocrx_word' id='word_1_882' title='bbox 3019 4612 3200 4672; x_wconf 76' lang='lat' dir='ltr'><strong>massa:</strong></span> <span class='ocrx_word' id='word_1_883' title='bbox 3221 4590 3412 4672; x_wconf 60' lang='lat' dir='ltr'><strong>nosti-te</strong></span> <span class='ocrx_word' id='word_1_884' title='bbox 3439 4605 3622 4672; x_wconf 84' lang='lat' dir='ltr'><strong>primi-</strong></span> 
     </span>
    </p>
   </div>
   <div class='ocr_carea' id='block_1_109' title="bbox 2014 4663 3617 4732">
    <p class='ocr_par' dir='ltr' id='par_1_109' title="bbox 2014 4663 3617 4732">
     <span class='ocr_line' id='line_1_110' title="bbox 2014 4663 3617 4732; baseline 0.009 -16"><span class='ocrx_word' id='word_1_885' title='bbox 2014 4664 2116 4716; x_wconf 86' lang='lat' dir='ltr'><strong>tias</strong></span> <span class='ocrx_word' id='word_1_886' title='bbox 2139 4663 2428 4717; x_wconf 85' lang='lat' dir='ltr'><strong>universam</strong></span> <span class='ocrx_word' id='word_1_887' title='bbox 2451 4672 2690 4716; x_wconf 85' lang='lat' dir='ltr'><strong>naturam</strong></span> <span class='ocrx_word' id='word_1_888' title='bbox 2719 4663 2999 4720; x_wconf 85' lang='lat' dir='ltr'><strong>humanam</strong></span> <span class='ocrx_word' id='word_1_889' title='bbox 3019 4667 3268 4724; x_wconf 85' lang='lat' dir='ltr'><strong>induisse.</strong></span> <span class='ocrx_word' id='word_1_890' title='bbox 3300 4663 3449 4727; x_wconf 36' lang='lat' dir='ltr'><strong>Hinc.</strong></span> <span class='ocrx_word' id='word_1_891' title='bbox 3478 4674 3617 4732; x_wconf 87' lang='lat' dir='ltr'><strong>Gre-</strong></span> 
     </span>
    </p>
   </div>
   <div class='ocr_carea' id='block_1_110' title="bbox 2011 4732 3616 4806">
    <p class='ocr_par' dir='ltr' id='par_1_110' title="bbox 2011 4732 3616 4806">
     <span class='ocr_line' id='line_1_111' title="bbox 2011 4732 3616 4806; baseline 0.01 -19"><span class='ocrx_word' id='word_1_892' title='bbox 2011 4732 2196 4804; x_wconf 84' lang='lat' dir='ltr'><strong>gorius</strong></span> <span class='ocrx_word' id='word_1_893' title='bbox 2221 4732 2382 4806; x_wconf 83' lang='lat' dir='ltr'><strong>Nyss.</strong></span> <span class='ocrx_word' id='word_1_894' title='bbox 2412 4733 2519 4806; x_wconf 78' lang='lat' dir='ltr'><strong>0r.</strong></span> <span class='ocrx_word' id='word_1_895' title='bbox 2541 4733 2752 4806; x_wconf 82' lang='lat' dir='ltr'><strong>catecb.</strong></span> <span class='ocrx_word' id='word_1_896' title='bbox 2782 4750 2833 4790; x_wconf 90' lang='lat' dir='ltr'><strong>c.</strong></span> <span class='ocrx_word' id='word_1_897' title='bbox 2866 4735 2958 4804; x_wconf 75' lang='lat'><strong>52,</strong></span> <span class='ocrx_word' id='word_1_898' title='bbox 2984 4753 3012 4790; x_wconf 91' lang='lat' dir='ltr'><strong>a</strong></span> <span class='ocrx_word' id='word_1_899' title='bbox 3045 4737 3388 4796; x_wconf 86' lang='lat' dir='ltr'><strong>&#39;l‘heodoreto</strong></span> <span class='ocrx_word' id='word_1_900' title='bbox 3411 4744 3616 4804; x_wconf 89' lang='lat' dir='ltr'><strong>relatus</strong></span> 
     </span>
    </p>
   </div>
   <div class='ocr_carea' id='block_1_111' title="bbox 2011 4802 3613 4886">
    <p class='ocr_par' dir='ltr' id='par_1_111' title="bbox 2011 4802 3613 4886">
     <span class='ocr_line' id='line_1_112' title="bbox 2011 4802 3613 4886; baseline 0.007 -26"><span class='ocrx_word' id='word_1_901' title='bbox 2011 4802 2142 4886; x_wconf 76' lang='lat' dir='ltr'><strong>dial.</strong></span> <span class='ocrx_word' id='word_1_902' title='bbox 2177 4802 2478 4886; x_wconf 41' lang='lat' dir='ltr'><strong>und-acet-</strong></span> <span class='ocrx_word' id='word_1_903' title='bbox 2510 4805 2632 4860; x_wconf 88' lang='lat' dir='ltr'><strong>ideo</strong></span> <span class='ocrx_word' id='word_1_904' title='bbox 2672 4820 2772 4861; x_wconf 92' lang='lat' dir='ltr'><strong>nos</strong></span> <span class='ocrx_word' id='word_1_905' title='bbox 2799 4821 2920 4861; x_wconf 89' lang='lat' dir='ltr'><strong>cum</strong></span> <span class='ocrx_word' id='word_1_906' title='bbox 2945 4802 3166 4864; x_wconf 90' lang='lat' dir='ltr'><strong>Christo</strong></span> <span class='ocrx_word' id='word_1_907' title='bbox 3207 4802 3613 4886; x_wconf 78' lang='lat' dir='ltr'><strong>resurrexisse,</strong></span> 
     </span>
    </p>
   </div>
   <div class='ocr_carea' id='block_1_112' title="bbox 2011 4875 3614 4947">
    <p class='ocr_par' dir='ltr' id='par_1_112' title="bbox 2011 4875 3614 4947">
     <span class='ocr_line' id='line_1_113' title="bbox 2011 4875 3614 4947; baseline 0.009 -17"><span class='ocrx_word' id='word_1_908' title='bbox 2011 4877 2134 4945; x_wconf 85' lang='lat' dir='ltr'><strong>quia</strong></span> <span class='ocrx_word' id='word_1_909' title='bbox 2155 4891 2266 4947; x_wconf 70' lang='lat' dir='ltr'><strong>non</strong></span> <span class='ocrx_word' id='word_1_910' title='bbox 2295 4875 2526 4937; x_wconf 84' lang='lat' dir='ltr'><strong>aliunde,</strong></span> <span class='ocrx_word' id='word_1_911' title='bbox 2547 4892 2710 4947; x_wconf 3' lang='lat' dir='ltr'><strong>(quam</strong></span> <span class='ocrx_word' id='word_1_912' title='bbox 2740 4893 2804 4931; x_wconf 82' lang='lat' dir='ltr'><strong>ea:</strong></span> <span class='ocrx_word' id='word_1_913' title='bbox 2831 4893 3002 4931; x_wconf 81' lang='lat' dir='ltr'><strong>massa</strong></span> <span class='ocrx_word' id='word_1_914' title='bbox 3034 4889 3210 4934; x_wconf 86' lang='lat' dir='ltr'><strong>nostra</strong></span> <span class='ocrx_word' id='word_1_915' title='bbox 3234 4923 3249 4947; x_wconf 92' lang='lat'><strong>,</strong></span> <span class='ocrx_word' id='word_1_916' title='bbox 3298 4892 3406 4936; x_wconf 84' lang='lat' dir='ltr'><strong>erat</strong></span> <span class='ocrx_word' id='word_1_917' title='bbox 3458 4875 3614 4944; x_wconf 75' lang='lat' dir='ltr'><strong>homo</strong></span> 
     </span>
    </p>
   </div>
   <div class='ocr_carea' id='block_1_113' title="bbox 2007 4945 3615 5018">
    <p class='ocr_par' dir='ltr' id='par_1_113' title="bbox 2007 4945 3615 5018">
     <span class='ocr_line' id='line_1_114' title="bbox 2007 4945 3615 5018; baseline 0.01 -18"><span class='ocrx_word' id='word_1_918' title='bbox 2007 4947 2095 5018; x_wconf 87' lang='lat' dir='ltr'><strong>qui</strong></span> <span class='ocrx_word' id='word_1_919' title='bbox 2139 4945 2305 5018; x_wconf 75' lang='lat' dir='ltr'><strong>Deum</strong></span> <span class='ocrx_word' id='word_1_920' title='bbox 2353 4946 2752 5018; x_wconf 29' lang='lat' dir='ltr'><strong>suscepitkqui</strong></span> <span class='ocrx_word' id='word_1_921' title='bbox 2797 4964 2888 5016; x_wconf 83' lang='lat' dir='ltr'><strong>per</strong></span> <span class='ocrx_word' id='word_1_922' title='bbox 2913 4945 3334 5008; x_wconf 75' lang='lat' dir='ltr'><strong>resurrectionem</strong></span> <span class='ocrx_word' id='word_1_923' title='bbox 3359 4957 3615 5016; x_wconf 69' lang='lat' dir='ltr'><strong>exaltatus</strong></span> 
     </span>
    </p>
   </div>
   <div class='ocr_carea' id='block_1_114' title="bbox 2010 5014 3615 5087">
    <p class='ocr_par' dir='ltr' id='par_1_114' title="bbox 2010 5014 3615 5087">
     <span class='ocr_line' id='line_1_115' title="bbox 2010 5014 3615 5087; baseline 0.008 -15"><span class='ocrx_word' id='word_1_924' title='bbox 2010 5014 2104 5072; x_wconf 81' lang='lat' dir='ltr'><strong>est.</strong></span> <span class='ocrx_word' id='word_1_925' title='bbox 2142 5015 2388 5080; x_wconf 85' lang='lat' dir='ltr'><strong>Perinde,</strong></span> <span class='ocrx_word' id='word_1_926' title='bbox 2422 5014 2596 5087; x_wconf 84' lang='lat' dir='ltr'><strong>inquit</strong></span> <span class='ocrx_word' id='word_1_927' title='bbox 2623 5014 2782 5080; x_wconf 46' lang='lat' dir='ltr'><strong>ibid&quot;</strong></span> <span class='ocrx_word' id='word_1_928' title='bbox 2799 5014 2872 5072; x_wconf 78' lang='lat' dir='ltr'><strong>ac</strong></span> <span class='ocrx_word' id='word_1_929' title='bbox 2898 5019 2942 5072; x_wconf 87' lang='lat' dir='ltr'><strong>si</strong></span> <span class='ocrx_word' id='word_1_930' title='bbox 2977 5023 3217 5077; x_wconf 87' lang='lat' dir='ltr'><strong>universa</strong></span> <span class='ocrx_word' id='word_1_931' title='bbox 3244 5033 3431 5080; x_wconf 82' lang='lat' dir='ltr'><strong>natura</strong></span> <span class='ocrx_word' id='word_1_932' title='bbox 3451 5014 3615 5086; x_wconf 79' lang='lat' dir='ltr'><strong>unum</strong></span> 
     </span>
    </p>
   </div>
   <div class='ocr_carea' id='block_1_115' title="bbox 2006 5088 3614 5160">
    <p class='ocr_par' dir='ltr' id='par_1_115' title="bbox 2006 5088 3614 5160">
     <span class='ocr_line' id='line_1_116' title="bbox 2006 5088 3614 5160; baseline 0.009 -18"><span class='ocrx_word' id='word_1_933' title='bbox 2006 5088 2270 5156; x_wconf 86' lang='lat' dir='ltr'><strong>quoddam</strong></span> <span class='ocrx_word' id='word_1_934' title='bbox 2309 5096 2439 5142; x_wconf 85' lang='lat' dir='ltr'><strong>esset</strong></span> <span class='ocrx_word' id='word_1_935' title='bbox 2465 5088 2678 5160; x_wconf 85' lang='lat' dir='ltr'><strong>animal,</strong></span> <span class='ocrx_word' id='word_1_936' title='bbox 2709 5088 2862 5143; x_wconf 88' lang='lat' dir='ltr'><strong>unius</strong></span> <span class='ocrx_word' id='word_1_937' title='bbox 2893 5091 3054 5160; x_wconf 84' lang='lat' dir='ltr'><strong>partis</strong></span> <span class='ocrx_word' id='word_1_938' title='bbox 3084 5099 3387 5151; x_wconf 84' lang='lat' dir='ltr'><strong>resurrectio</strong></span> <span class='ocrx_word' id='word_1_939' title='bbox 3435 5100 3490 5154; x_wconf 87' lang='lat' dir='ltr'><strong>in</strong></span> <span class='ocrx_word' id='word_1_940' title='bbox 3533 5111 3614 5156; x_wconf 90' lang='lat' dir='ltr'><strong>to-</strong></span> 
     </span>
    </p>
   </div>
   <div class='ocr_carea' id='block_1_116' title="bbox 2007 5158 3607 5240">
    <p class='ocr_par' dir='ltr' id='par_1_116' title="bbox 2007 5158 3607 5240">
     <span class='ocr_line' id='line_1_117' title="bbox 2007 5158 3607 5240; baseline 0.009 -27"><span class='ocrx_word' id='word_1_941' title='bbox 2007 5169 2116 5214; x_wconf 86' lang='lat' dir='ltr'><strong>tum</strong></span> <span class='ocrx_word' id='word_1_942' title='bbox 2139 5169 2396 5240; x_wconf 67' lang='lat' dir='ltr'><strong>penetrat.</strong></span> <span class='ocrx_word' id='word_1_943' title='bbox 2425 5158 2994 5240; x_wconf 44' lang='lat' dir='ltr'><strong>lla‘atnhrosiusllib:</strong></span> <span class='ocrx_word' id='word_1_944' title='bbox 3027 5179 3078 5219; x_wconf 87' lang='lat' dir='ltr'><strong>tv</strong></span> <span class='ocrx_word' id='word_1_945' title='bbox 3097 5165 3168 5240; x_wconf 89' lang='lat' dir='ltr'><strong>de</strong></span> <span class='ocrx_word' id='word_1_946' title='bbox 3195 5165 3346 5236; x_wconf 82' lang='lat' dir='ltr'><strong>Fide,</strong></span> <span class='ocrx_word' id='word_1_947' title='bbox 3372 5182 3491 5238; x_wconf 85' lang='lat' dir='ltr'><strong>cap.</strong></span> <span class='ocrx_word' id='word_1_948' title='bbox 3519 5173 3607 5240; x_wconf 79' lang='lat' dir='ltr'><strong>to,</strong></span> 
     </span>
    </p>
   </div>
   <div class='ocr_carea' id='block_1_117' title="bbox 2009 5229 3612 5312">
    <p class='ocr_par' dir='ltr' id='par_1_117' title="bbox 2009 5229 3612 5312">
     <span class='ocr_line' id='line_1_118' title="bbox 2009 5229 3612 5312; baseline 0.006 -26"><span class='ocrx_word' id='word_1_949' title='bbox 2009 5246 2109 5286; x_wconf 92' lang='lat' dir='ltr'><strong>nos</strong></span> <span class='ocrx_word' id='word_1_950' title='bbox 2138 5229 2438 5312; x_wconf 79' lang='lat' dir='ltr'><strong>in_Cliristo</strong></span> <span class='ocrx_word' id='word_1_951' title='bbox 2465 5229 2530 5285; x_wconf 88' lang='lat' dir='ltr'><strong>ad</strong></span> <span class='ocrx_word' id='word_1_952' title='bbox 2551 5230 2827 5312; x_wconf 56' lang='lat' dir='ltr'><strong>deiteram</strong></span> <span class='ocrx_word' id='word_1_953' title='bbox 2850 5233 3025 5289; x_wconf 86' lang='lat' dir='ltr'><strong>Patris</strong></span> <span class='ocrx_word' id='word_1_954' title='bbox 3055 5239 3248 5294; x_wconf 89' lang='lat' dir='ltr'><strong>sedere</strong></span> <span class='ocrx_word' id='word_1_955' title='bbox 3275 5229 3493 5312; x_wconf 77' lang='lat' dir='ltr'><strong>enarrat</strong></span> <span class='ocrx_word' id='word_1_956' title='bbox 3520 5229 3612 5312; x_wconf 72' lang='lat' dir='ltr'><strong>per</strong></span> 
     </span>
    </p>
   </div>
   <div class='ocr_carea' id='block_1_118' title="bbox 2005 5302 3612 5378">
    <p class='ocr_par' dir='ltr' id='par_1_118' title="bbox 2005 5302 3612 5378">
     <span class='ocr_line' id='line_1_119' title="bbox 2005 5302 3612 5378; baseline 0.009 -22"><span class='ocrx_word' id='word_1_957' title='bbox 2005 5303 2236 5378; x_wconf 60' lang='lat' dir='ltr'><strong>corporis</strong></span> <span class='ocrx_word' id='word_1_958' title='bbox 2279 5303 2542 5378; x_wconf 69' lang='lat' dir='ltr'><strong>unitatem.</strong></span> <span class='ocrx_word' id='word_1_959' title='bbox 2577 5302 2711 5359; x_wconf 82' lang='lat' dir='ltr'><strong>lliuc</strong></span> <span class='ocrx_word' id='word_1_960' title='bbox 2741 5304 3039 5378; x_wconf 71' lang='lat' dir='ltr'><strong>illustratur</strong></span> <span class='ocrx_word' id='word_1_961' title='bbox 3072 5317 3338 5378; x_wconf 80' lang='lat' dir='ltr'><strong>quatenus</strong></span> <span class='ocrx_word' id='word_1_962' title='bbox 3373 5302 3612 5371; x_wconf 78' lang='lat' dir='ltr'><strong>Hilarius</strong></span> 
     </span>
    </p>
   </div>
   <div class='ocr_carea' id='block_1_119' title="bbox 2009 5373 3612 5446">
    <p class='ocr_par' dir='ltr' id='par_1_119' title="bbox 2009 5373 3612 5446">
     <span class='ocr_line' id='line_1_120' title="bbox 2009 5373 3612 5446; baseline 0.007 -17"><span class='ocrx_word' id='word_1_963' title='bbox 2009 5373 2131 5429; x_wconf 84' lang='lat' dir='ltr'><strong>cum</strong></span> <span class='ocrx_word' id='word_1_964' title='bbox 2162 5373 2410 5430; x_wconf 87' lang='lat' dir='ltr'><strong>Patribus</strong></span> <span class='ocrx_word' id='word_1_965' title='bbox 2438 5374 2561 5446; x_wconf 9' lang='lat' dir='ltr'><strong>aliis,</strong></span> <span class='ocrx_word' id='word_1_966' title='bbox 2585 5386 2790 5430; x_wconf 88' lang='lat' dir='ltr'><strong>asserat</strong></span> <span class='ocrx_word' id='word_1_967' title='bbox 2819 5373 3101 5431; x_wconf 75' lang='lat' dir='ltr'><strong>Christum</strong></span> <span class='ocrx_word' id='word_1_968' title='bbox 3135 5389 3340 5436; x_wconf 79' lang='lat' dir='ltr'><strong>natura:</strong></span> <span class='ocrx_word' id='word_1_969' title='bbox 3362 5423 3376 5446; x_wconf 93' lang='lat'><strong>,</strong></span> <span class='ocrx_word' id='word_1_970' title='bbox 3405 5385 3612 5440; x_wconf 86' lang='lat' dir='ltr'><strong>sancti-</strong></span> 
     </span>
    </p>
   </div>
   <div class='ocr_carea' id='block_1_120' title="bbox 2008 5445 3610 5528">
    <p class='ocr_par' dir='ltr' id='par_1_120' title="bbox 2008 5445 3610 5528">
     <span class='ocr_line' id='line_1_121' title="bbox 2008 5445 3610 5528; baseline 0.007 -28"><span class='ocrx_word' id='word_1_971' title='bbox 2008 5447 2156 5528; x_wconf 59' lang='lat' dir='ltr'><strong>tatis,</strong></span> <span class='ocrx_word' id='word_1_972' title='bbox 2183 5445 2595 5528; x_wconf 69' lang='lat' dir='ltr'><strong>resurrectionis</strong></span> <span class='ocrx_word' id='word_1_973' title='bbox 2619 5461 2686 5528; x_wconf 76' lang='lat' dir='ltr'><strong>ac</strong></span> <span class='ocrx_word' id='word_1_974' title='bbox 2707 5447 3033 5528; x_wconf 44' lang='lat' dir='ltr'><strong>glorite&#39;suze</strong></span> <span class='ocrx_word' id='word_1_975' title='bbox 3065 5464 3166 5528; x_wconf 81' lang='lat' dir='ltr'><strong>nos</strong></span> <span class='ocrx_word' id='word_1_976' title='bbox 3180 5451 3291 5528; x_wconf 74' lang='lat' dir='ltr'><strong>jam</strong></span> <span class='ocrx_word' id='word_1_977' title='bbox 3317 5445 3610 5528; x_wconf 75' lang='lat' dir='ltr'><strong>participes</strong></span> 
     </span>
    </p>
   </div>
   <div class='ocr_carea' id='block_1_121' title="bbox 2006 5515 3584 5582">
    <p class='ocr_par' dir='ltr' id='par_1_121' title="bbox 2006 5515 3584 5582">
     <span class='ocr_line' id='line_1_122' title="bbox 2006 5515 3584 5582; baseline 0.007 -10"><span class='ocrx_word' id='word_1_978' title='bbox 2006 5515 2271 5574; x_wconf 74' lang='lat' dir='ltr'><strong>effecisse.</strong></span> <span class='ocrx_word' id='word_1_979' title='bbox 2313 5515 2445 5572; x_wconf 81' lang='lat' dir='ltr'><strong>Vide</strong></span> <span class='ocrx_word' id='word_1_980' title='bbox 2470 5516 2522 5571; x_wconf 92' lang='lat' dir='ltr'><strong>in</strong></span> <span class='ocrx_word' id='word_1_981' title='bbox 2553 5515 2753 5572; x_wconf 84' lang='lat' dir='ltr'><strong>Aduot.</strong></span> <span class='ocrx_word' id='word_1_982' title='bbox 2787 5518 2854 5572; x_wconf 86' lang='lat' dir='ltr'><strong>ad</strong></span> <span class='ocrx_word' id='word_1_983' title='bbox 2897 5517 3108 5575; x_wconf 88' lang='lat' dir='ltr'><strong>Comtn.</strong></span> <span class='ocrx_word' id='word_1_984' title='bbox 3155 5515 3206 5576; x_wconf 81' lang='lat' dir='ltr'><strong>in</strong></span> <span class='ocrx_word' id='word_1_985' title='bbox 3235 5515 3423 5580; x_wconf 73' lang='lat' dir='ltr'><strong>Matth.</strong></span> <span class='ocrx_word' id='word_1_986' title='bbox 3463 5515 3526 5582; x_wconf 54' lang='lat' dir='ltr'><strong>cf</strong></span> <span class='ocrx_word' id='word_1_987' title='bbox 3550 5527 3584 5582; x_wconf 77' lang='lat'><strong>2</strong></span> 
     </span>
    </p>
   </div>
   <div class='ocr_carea' id='block_1_122' title="bbox 2005 5588 2238 5646">
    <p class='ocr_par' dir='ltr' id='par_1_122' title="bbox 2005 5588 2238 5646">
     <span class='ocr_line' id='line_1_123' title="bbox 2005 5588 2238 5646; baseline -0.013 0"><span class='ocrx_word' id='word_1_988' title='bbox 2005 5603 2158 5646; x_wconf 90' lang='lat' dir='ltr'><strong>num.</strong></span> <span class='ocrx_word' id='word_1_989' title='bbox 2184 5588 2238 5645; x_wconf 81' lang='lat'><strong>5.</strong></span> 
     </span>
    </p>
   </div>
   <div class='ocr_carea' id='block_1_123' title="bbox 2077 5679 3051 5756">
    <p class='ocr_par' dir='ltr' id='par_1_123' title="bbox 2077 5679 3051 5756">
     <span class='ocr_line' id='line_1_124' title="bbox 2077 5679 3051 5756; baseline -0.002 -15"><span class='ocrx_word' id='word_1_990' title='bbox 2077 5681 2154 5756; x_wconf 86' lang='lat' dir='ltr'><strong>(g)</strong></span> <span class='ocrx_word' id='word_1_991' title='bbox 2183 5679 2244 5740; x_wconf 91' lang='lat' dir='ltr'><strong>In</strong></span> <span class='ocrx_word' id='word_1_992' title='bbox 2281 5679 2528 5756; x_wconf 86' lang='lat' dir='ltr'><strong>pluribus</strong></span> <span class='ocrx_word' id='word_1_993' title='bbox 2548 5693 2681 5738; x_wconf 89' lang='lat' dir='ltr'><strong>mss.</strong></span> <span class='ocrx_word' id='word_1_994' title='bbox 2711 5679 3051 5739; x_wconf 86' lang='lat' dir='ltr'><strong>resolventur.</strong></span> 
     </span>
    </p>
   </div>
  </div>
