4118 6186
254 304 327 364 69
1477 309 1562 367 DE
1600 307 1973 369 TRINITATE
2018 312 2227 372 LIBER
2262 314 2328 371 ll.
3515 326 3582 381 70

254 440 381 496 qua:
410 434 495 481 est
520 438 713 481 cursus
742 424 941 481 aetatis.
972 424 1107 483 Nam
1152 440 1314 485 omne
1353 435 1600 500 tempus,
1644 429 1787 501 quod
1816 430 1870 486 in
1901 441 1948 501 Α
1977 433 2158 488 mundi
2201 433 2525 503 accepimus,
2567 434 2660 491 sed
2691 433 2948 508 Spiritum
2995 439 3082 511 qtti
3136 454 3199 493 ea:
3242 438 3349 495 Deo
3375 450 3451 496 est
3475 483 3489 507 ,
3530 453 3583 496 ut

255 519 486 577 homine
509 521 647 591 egit,
676 520 730 576 in
763 519 843 594 (l)
876 520 972 577 Dei
1016 523 1271 594 operibus
1296 525 1550 594 explevit.
1585 527 1658 582 Dc
1685 527 1870 598 singu-

254 614 322 669 lis
348 631 456 670 non
487 626 567 671 est
607 624 823 685 tempus
853 617 1067 673 dicere:
1104 626 1306 673 tantum
1342 618 1470 674 illttd
1517 619 1567 674 iu
1602 620 1873 676 universis

255 707 519 762 virtutum
564 719 622 764 et
649 709 990 765 curationum
1022 711 1313 780 generibus
1357 712 1721 768 contuendum
1750 722 1833 769 est
1856 753 1871 780 ,

253 800 309 857 in
338 802 519 857 carnis
539 802 914 874 assumptione
941 804 1238 871 hominem,
1275 805 1440 862 Deum
1471 820 1602 862 vero
1633 804 1686 861 in
1708 809 1874 877 gestis

254 892 425 948 rebus
450 893 740 949 exsistere.

329 984 711 1056 29.8piritum
749 996 983 1043 sanctum
1009 1005 1137 1045 esse.
1184 1019 1256 1031 —
1307 989 1383 1046 De
1431 990 1640 1062 Spiritu
1694 999 1873 1046 autem

259 1087 453 1135 sancto
479 1093 581 1135 nec
609 1087 790 1136 tacere
816 1091 1063 1153 oportet,
1096 1098 1199 1139 nec
1220 1082 1370 1155 loqui
1396 1099 1618 1141 necesse
1639 1093 1751 1141 est:
1779 1084 1874 1139 sed

260 1173 412 1229 sileri
439 1188 469 1229 a
499 1172 679 1240 nobis,
712 1188 899 1231 eorum
932 1190 1091 1231 causa
1123 1177 1214 1247 qui
1237 1177 1505 1245 nesciunt,
1535 1193 1641 1233 non
1673 1186 1873 1249 potest.

254 1263 430 1338 Loqui
453 1277 637 1323 autem
663 1267 731 1324 de
761 1284 827 1325 eo
858 1284 965 1324 non
994 1285 1219 1327 necesse
1245 1281 1357 1339 est,
1391 1271 1472 1346 (2)
1505 1271 1580 1345 (a)
1602 1270 1694 1345 qui
1715 1273 1876 1329 Patre

253 1367 308 1414 et
339 1356 483 1415 Filio
514 1360 848 1427 auctoribus,
879 1362 1222 1419 confitendus
1244 1372 1344 1419 est.
1380 1364 1447 1419 Et
1473 1364 1689 1436 quidem
1722 1373 1873 1436 puto,

256 1467 330 1507 an
361 1453 460 1521 sit,
494 1469 598 1508 non
627 1469 747 1509 esse
790 1454 1150 1510 tractandum.
1185 1455 1283 1511 Est
1302 1456 1481 1523 enim;
1515 1457 1730 1529 quando
1757 1458 1877 1528 qui-

257 1542 396 1600 dem
428 1544 684 1614 donatur,
714 1547 1007 1618 accipitur,
1033 1548 1335 1616 obtinetur;
1360 1558 1414 1604 et
1435 1551 1523 1620 qui
1550 1548 1874 1604 confessioni

256 1638 442 1695 Patris
466 1649 519 1695 et
533 1639 654 1695 Filii
670 1630 961 1697 connexus
982 1651 1102 1710 est,
1138 1657 1244 1698 non
1270 1652 1447 1714 potest
1475 1658 1506 1698 a
1533 1642 1877 1699 confessione

257 1733 438 1787 Patris
459 1744 514 1788 et
540 1732 664 1788 Filii
697 1734 959 1805 separari.
1006 1734 1388 1805 Imperfectum
1426 1735 1571 1791 enim
1614 1743 1699 1791 est
1719 1733 1878 1790 nobis

1974 526 2199 580 sciamus
2223 542 2338 598 qua:
2379 544 2410 580 a
2432 525 2545 581 Deo
2585 528 2777 581 donata
2807 539 2923 582 sunt
2964 532 3107 585 nobis
3139 532 3181 604 (l
3212 532 3332 589 Cor.
3361 550 3433 601 tt,
3472 535 3584 605 12).

1977 617 2042 672 Et
2064 633 2280 674 rursum
2308 635 2320 671 :
2360 618 2468 673 Vos
2505 629 2673 673 autent
2700 637 2799 674 non
2827 622 2944 676 estis
2986 623 3037 676 in
3068 641 3221 680 carne
3243 666 3259 691 ,
3288 626 3375 680 sed
3404 625 3455 687 in
3480 627 3588 697 spi-

1978 710 2114 776 ritu;
2145 710 2227 782 (5)
2259 711 2331 784 (ι’)
2359 714 2401 766 si
2432 722 2599 767 tamen
2627 713 2857 784 Spiritus
2882 714 2979 769 Dei
3016 718 3067 771 in
3092 718 3230 773 vobis
3255 730 3349 774 est.
3382 720 3443 775 Si
3473 721 3588 788 quis

1977 812 2144 855 autem
2177 803 2435 873 Spiritum
2463 804 2654 859 Christi
2694 822 2794 859 non
2836 806 3025 875 habet,
3074 810 3157 862 hic
3207 828 3311 864 non
3353 821 3425 866 est
3472 812 3587 882 ejus

1979 895 2157 968 (Rom.
2192 914 2286 953 vm
2310 941 2323 963 ,
2357 896 2436 972 9).
2470 899 2536 954 Et
2582 915 2830 957 rursum:
2864 900 2926 956 Si
2977 912 3148 956 autent
3177 903 3407 974 Spiritus
3435 905 3585 973 eius,

1977 990 2066 1061 qui
2089 990 2353 1045 suscitavit
2376 989 2557 1046 Jesutn
2602 1010 2635 1047 a
2674 994 2911 1068 mortuis,
2949 994 3144 1049 habitat
3189 998 3244 1051 in
3272 996 3411 1052 vobis
3434 1037 3448 1063 ,
3495 996 3585 1068 qui

1978 1083 2242 1137 suscitavit
2272 1082 2340 1155 (Γ)
2367 1083 2625 1139 Christum
2671 1102 2703 1138 a
2750 1087 2995 1154 mortuis,
3026 1088 3296 1157 viviﬁcabit
3325 1097 3373 1143 et
3396 1100 3590 1143 morta-

1979 1176 2052 1229 lia
2082 1192 2303 1243 corpora
2328 1187 2496 1232 vestra
2526 1189 2736 1275 acpter
2766 1178 3025 1250 Spiritum
3065 1197 3214 1235 suum
3254 1182 3342 1253 qui
3393 1183 3587 1237 habitat

1980 1271 2031 1321 in
2062 1268 2201 1323 vobis
2227 1267 2390 1342 (Ibid.
2445 1267 2558 1341 ll):
2589 1270 2744 1327 Unde
2776 1272 2899 1343 quia
2942 1280 3066 1341 est,
3114 1283 3170 1329 et
3219 1273 3455 1330 donatur
3481 1316 3495 1341 ,
3536 1284 3590 1331 et

1982 1358 2239 1428 habetur,
2264 1369 2320 1416 et
2349 1363 2441 1418 Dei
2475 1372 2585 1429 est;
2618 1374 2799 1420 cesset
2842 1363 2967 1420 hinc
3021 1381 3203 1422 sermo
3247 1367 3588 1423 calumnian-

1981 1454 2137 1508 tium.
2173 1454 2308 1511 Cum
2341 1456 2529 1513 dicunt
2559 1473 2658 1528 per
2684 1476 2842 1530 quem
2870 1460 2980 1528 sit,
3013 1470 3067 1516 et
3093 1463 3165 1516 ob
3194 1462 3323 1533 quid
3352 1463 3461 1530 sit,
3502 1462 3593 1519 vel

1980 1547 2156 1614 qualis
2185 1549 2294 1603 sit:
2330 1547 2407 1620 (g)
2442 1549 2487 1603 si
2512 1551 2797 1620 restionsio
2827 1561 3009 1607 nostra
3054 1553 3363 1624 displicebit
3398 1556 3588 1611 dicen-

1984 1642 2116 1696 tium
2142 1682 2157 1707 ,
2192 1642 2295 1697 Per
2324 1658 2483 1714 quem
2515 1646 2696 1699 omnia
2724 1686 2738 1711 ,
2773 1644 2852 1717 (h)
2882 1656 2936 1701 et
2966 1661 3033 1702 ex
3079 1663 3186 1717 quo
3233 1649 3412 1702 omnia
3444 1655 3590 1717 sunt,

1981 1741 2039 1788 et
2068 1734 2190 1804 quia
2214 1734 2446 1803 Spiritus
2463 1745 2544 1790 est
2570 1735 2699 1802 Dei,
2733 1736 2935 1791 donum
2963 1736 3202 1792 ﬁdelium
3225 1754 3240 1805 ;
3267 1740 3591 1809 displiceant

262 1835 460 1895 totum,
492 1826 540 1882 si
569 1827 771 1900 aliquid
799 1828 990 1885 desita
1041 1840 1175 1886 toto.
1209 1830 1283 1886 De
1310 1845 1415 1902 quo
1446 1830 1491 1885 si
1523 1831 1643 1901 quis
1675 1829 1873 1885 intelli-
1910 1845 1958 1906 Β
1984 1836 2039 1882 et
2071 1827 2315 1897 Apostoli
2340 1837 2392 1883 et
2425 1828 2710 1899 Propheta:
2739 1871 2751 1893 ,
2786 1829 2887 1884 hoc
2918 1839 3122 1886 tantum
3153 1832 3219 1886 de
3243 1848 3310 1887 eo
3333 1832 3475 1904 qttod
3506 1850 3594 1889 es-

262 1924 462 1993 gentia:
493 1931 695 1977 nostrte
723 1937 944 1980 sensum
967 1924 1229 1995 requiret,
1263 1926 1315 1979 in
1340 1923 1621 1995 .Apostolo
1651 1923 1879 1995 legimus

262 2019 459 2085 ambo,
493 2018 754 2085 Quoniam
782 2019 902 2074 estis
933 2019 1032 2090 ﬁlii
1074 2018 1197 2087 Dei,
1247 2020 1387 2074 misit
1434 2019 1574 2073 Deus
1619 2018 1879 2090 Spiritum

264 2113 363 2177 ﬁlii
394 2113 472 2165 sui
519 2112 572 2166 in
621 2113 779 2166 corda
818 2110 897 2185 (b)
927 2121 1105 2166 nostra
1156 2115 1496 2180 clamantem,
1546 2110 1690 2165 Abba
1736 2120 1881 2180 pater

265 2203 462 2276 (Calai.
493 2219 568 2271 tv,
596 2203 676 2276 6).
708 2203 773 2259 Et
792 2219 1007 2260 rursum
1033 2221 1046 2259 :
1082 2203 1262 2260 Nolite
1282 2205 1590 2259 contristare
1616 2202 1877 2273 Spiritum

263 2308 498 2353 sanctum
530 2296 655 2363 Dei,
680 2300 734 2352 in
761 2315 861 2369 quo
897 2298 1087 2371 signati
1122 2297 1242 2353 estis
1266 2298 1340 2369 (c)
1373 2297 1592 2368 (Ephes.
1642 2312 1695 2350 tv
1716 2338 1730 2363 ,
1754 2295 1873 2366 '50).

267 2393 332 2449 Et
375 2393 575 2449 iterum
617 2407 633 2446 :
677 2389 791 2448 Nos
820 2400 992 2447 autent
1037 2407 1138 2446 non
1172 2391 1415 2464 spiritum
1471 2387 1549 2464 (d)
1586 2389 1742 2463 hujus
1769 2384 1880 2463 44

335 2582 415 2655 (l)
466 2582 632 2638 Forte
658 2582 863 2641 rectius
889 2583 945 2640 in
990 2592 1180 2641 nostro
1219 2581 1408 2641 codice
1437 2578 1868 2652 pmtertnittitur

267 2656 587 2728 pra-positio
614 2655 694 2711 in.
755 2694 769 2705 .

267 2816 531 2897 humilitas
557 2835 591 2897 ᾳ
631 2817 804 2890 Magis
850 2818 1072 2897 adorata
1114 2826 1227 2885 est,
1261 2816 1565 2897 et_mysticis
1603 2830 1872 2897 munerum

264 2890 527 2955 speciebus
550 2888 805 2945 honorata
830 2931 846 2957 ,
868 2908 969 2946 non
997 2891 1264 2960 adaptata.
1300 2888 1472 2946 Penes
1503 2904 1602 2944 nos
1626 2897 1707 2944 est
1739 2888 1874 2941 liber

266 2960 612 3041 (forbeiensis
668 2975 793 3017 ante
870 2978 1042 3041 annos
1091 2963 1205 3041 _800
1267 2964 1501 3041 scriptus
1571 2969 1873 3041 postremas

268 3029 428 3087 hasce
454 3032 695 3102 syllabas
714 3042 887 3102 ptatur
914 3035 1033 3089 loco
1057 3035 1253 3091 abraso
1281 3028 1579 3097 exhibens;
1610 3030 1711 3085 etsi
1735 3028 1874 3083 mala

266 3105 489 3158 torsitau
517 3104 643 3168 fide,
678 3120 785 3159 non
818 3114 997 3162 tamen
1026 3107 1167 3161 male
1192 3106 1525 3175 adscriptum
1550 3112 1634 3158 est
1653 3102 1874 3169 adopta-.-

268 3185 390 3228 tur:
418 3191 583 3245 quam
615 3177 903 3231 lectionem
957 3177 1175 3233 codices
1201 3176 1353 3233 Colb.
1390 3186 1443 3230 ct
1486 3175 1710 3229 Carnut.
1747 3180 1873 3227 ante

1984 1927 2069 1975 set
2100 1919 2413 1989 loquentes;
2445 1927 2498 1974 et
2528 1931 2652 1991 post
2681 1921 2800 1977 haec
2831 1922 2990 1977 Pater
3025 1932 3078 1979 et
3102 1922 3271 1978 Filius
3302 1922 3366 1997 (i)
3405 1926 3596 1995 displi-

1985 2012 2149 2067 ccbit.

2054 2104 2144 2159 50.
2174 2102 2240 2157 Et
2273 2102 2429 2159 Pater
2454 2112 2502 2159 et
2531 2103 2706 2161 Filius
2732 2115 2805 2161 est
2842 2114 3047 2162 sanctus
3084 2107 3335 2181 Spiritus.
3368 2140 3441 2153 —
3478 2111 3593 2167 Ma-

1983 2211 2116 2252 nere
2141 2206 2318 2252 autem
2350 2196 2480 2252 hinc
2506 2197 2769 2271 quosdam
2814 2199 2868 2254 in
2898 2200 3199 2271 ignorantia
3224 2214 3384 2275 atque
3411 2206 3589 2261 ambi-

1984 2290 2191 2361 guitate
2239 2290 2521 2358 existimo,
2555 2291 2700 2364 quod
2756 2292 2861 2349 hoc
2900 2295 3137 2363 tertium,
3171 2296 3223 2351 id
3281 2307 3394 2368 est,
3448 2280 3593 2372 quod

1987 2383 2054 2455 (ἱ)
2104 2381 2410 2439 nominatur
2439 2383 2671 2455 Spiritus
2692 2395 2939 2459 sanctus,
2973 2388 3193 2445 videant
3215 2406 3311 2463 pro
3342 2391 3501 2448 Patre
3536 2400 3593 2449 et

2046 2570 2128 2717 (2)
2160 2571 2263 2640 Qui
2288 2591 2320 2628 a
2345 2571 2538 2630 Patre:
2568 2590 2677 2632 non
2706 2576 2867 2635 male.

2077 2646 2134 2715 5)
2159 2644 2221 2700 Si
2251 2645 2483 2717 quidem.

2077 2646 2134 2715 5)
2159 2644 2221 2700 Si
2251 2645 2483 2717 quidem.

1979 2808 2120 2882 bas.,
2160 2804 2317 2862 Coll).
2348 2816 2405 2865 et
2443 2808 2632 2876 Carm,
2663 2824 2693 2865 a
2720 2810 2919 2882 quibus
2936 2810 3206 2869 dissidere
3232 2819 3585 2875 consentiam

1980 2880 2122 2934 tibus
2152 2895 2257 2933 non
2282 2888 2366 2939 est
2390 2890 2561 2937 tntum
2582 2924 2597 2947 ,
2626 2880 2835 2937 necnon
2870 2899 2935 2940 ex
2970 2885 3158 2941 Germ.
3192 2902 3302 2945 uno
3346 2890 3585 2947 Sorbon.

1977 2949 2084 3003 alio
2106 2948 2259 3024 Coib.
2295 2953 2629 3007 restituimus
2651 2955 2738 3024 qui
2774 2953 2951 3019 Patre,
2980 2956 3029 3010 id
3061 2968 3174 3023 est,
3207 2958 3253 3014 si
3281 2971 3463 3016 nostra
3489 2979 3591 3019 nos

1978 3036 2086 3096 non
2119 3022 2254 3076 fallit
2286 3024 2492 3096 opinio,
2523 3026 2612 3096 qui
2640 3022 2762 3081 cum
2791 3027 3004 3082 Patrem
3033 3043 3086 3083 et
3110 3022 3308 3085 Filium
3343 3045 3596 3090 auctores

1981 3092 2197 3160 habeat,
2228 3092 2574 3171 confitendus
2603 3104 2709 3152 est.
2738 3097 2902 3171 Certe
2930 3099 3128 3155 Filium
3152 3102 3391 3171 Spiritus
3418 3107 3596 3161 sancti

1978 3176 2256 3225 auctorem
2285 3168 2465 3221 vocari
2505 3168 2616 3236 jam
2650 3169 2952 3226 audivimus
2983 3187 3129 3226 num.
3168 3168 3209 3228 4⁷
3254 3184 3310 3229 et
3351 3175 3489 3230 infra
3536 3185 3598 3232 ut

267 3228 692 3302 Ρειὶοῇέᾦίτιξῇί
707 3228 918 3319 aliis]:
944 3228 1194 3319 [alvi—ique
1210 3228 1356 3302 “siml;
1399 3228 1627 3319 prorsus
1653 3256 1709 3301 et
1737 3246 1868 3299 inte-
1903 3228 1947 3291 C
1982 3236 2316 3319 per_Patrem
2350 3238 2422 3292 ita
2454 3228 2524 3319 et:
2540 3256 2633 3309 per
2661 3239 2856 3319 Filium
2885 3258 3006 3298 esse
3038 3228 3303 3319 Spiritum
3340 3228 3591 3305 sanctum

264 3334 360 3390 ειη)
390 3317 513 3373 loco
543 3319 847 3399 exhibent;
865 3318 1051 3391 Neque
1091 3316 1369 3399 adoptatur
1414 3316 1875 3399 aliudthicﬂsouat

269 3387 429 3463 {piam
458 3391 772 3463 assumitur.
806 3390 886 3446 Ex
932 3387 998 3445 eo
1022 3391 1168 3447 enim
1196 3387 1338 3463 quod
1361 3388 1600 3463 ostendit
1638 3387 1874 3443 Hilarius

268 3461 488 3515 Chrism
519 3503 534 3525 ,
595 3462 758 3516 etiarn
806 3471 1120 3533 (postquam
1170 3460 1351 3533 carnis
1401 3460 1874 3533 humilitatemas-

274 3533 528 3598 sumpsit,
562 3533 772 3588 divinos
801 3528 1040 3589 honores
1071 3532 1279 3588 delatos
1307 3532 1375 3587 ab
1404 3532 1609 3600 angelis
1640 3572 1655 3595 ,
1686 3545 1717 3585 a
1766 3528 1876 3583 Ma-

269 3605 373 3684 gis,
397 3603 635 3684 Spiritus
658 3606 829 3684 sancti
861 3603 1193 3684 testimonio,
1218 3614 1350 3684 etc.,
1384 3604 1627 3684 apprime
1654 3601 1875 3684 conclu—

268 3671 347 3730 dit
372 3671 690 3747 dignitatem
715 3676 929 3731 deitatis
951 3693 1056 3731 non
1079 3676 1272 3738 amitti,
1299 3671 1627 3730 dutn’carnis
1658 3671 1876 3747 humili-

271 3757 354 3800 tas
381 3743 702 3820 assumitur,
728 3760 822 3803 seu
872 3747 1040 3803 Deum
1075 3748 1310 3820 potentia
1342 3761 1436 3820 sua
1479 3761 1600 3820 ηοιι⁸
1631 3743 1870 3820 cadere,

269 3833 394 3872 cum
425 3817 588 3897 homo
616 3817 862 3897 infirmus
889 3835 1009 3897 esse
1043 3814 1230 3897 incipit
1257 3861 1272 3885 ,
1302 3817 1386 3872 cui
1406 3859 1421 3883 ,
1451 3816 1627 3897 _ut_ait
1651 3816 1703 3870 in
1735 3814 1875 3897 psal.

272 3906 341 3944 ιν
370 3931 386 3954 ,
424 3907 482 3953 n,
513 3890 575 3945 ὅτ
609 3890 918 3944 exinanianti
962 3907 1015 3945 se
1042 3906 1103 3945 ex
1132 3885 1303 3962 forma
1332 3890 1734 3962 servirvir‘tutent
1778 3885 1874 3939 Dei

269 3971 427 4039 atque
448 3972 687 4039 naturam
732 3966 902 4031 [arma
944 3959 1142 4016 servilis
1155 3978 1269 4039 _non
1296 3961 1527 4039 abstulit.
1560 3959 1631 4016 Λι
1656 3960 1701 4013 sl
1734 3972 1875 4039 pra}-

272 4033 462 4087 tuleris
491 4034 759 4099 aduratur,
792 4049 897 4087 non
920 4049 990 4087 cx
1024 4033 1273 4088 omnibus
1304 4032 1553 4100 superius
1575 4032 1871 4100 assumptis

272 4104 696 4183 erit_conclt_t_sio,
722 4098 816 4183 sed
851 4113 1058 4183 tantum
1081 4120 1146 4159 ex
1173 4098 1431 4183 proximis
1457 4101 1658 4166 verbis,
1689 4098 1868 4183 ξαιιηὶ

271 4177 477 4230 sordent
504 4191 522 4230 :
554 4175 693 4229 Deus
725 4174 1194 4255 adoratur._lmino
1219 4190 1288 4230 ex
1332 4174 1433 4255 hac
1458 4174 1867 4255 assumit-done,

273 4249 320 4301 in
349 4263 457 4318 qua
491 4262 597 4326 non
628 4249 934 4326 continetur
957 4247 1265 4326 _nisi_l_)_eum
1316 4245 1528 4326 adorari
1553 4285 1569 4326 ,
1596 4243 1870 4326 nulla_erit

270 4313 570 4385 conclusio,
601 4334 720 4387 quae
746 4317 925 4374 carnis
957 4317 1308 4373 humilitatem
1353 4316 1567 4371 adorari
1615 4313 1874 4387 praedica-

273 4401 375 4444 ret.
408 4384 593 4461 Itaque
616 4384 722 4445 non
748 4391 821 4445 ait
856 4390 1087 4444 llilarius
1114 4391 1294 4444 carnis
1317 4384 1733 4461 humilitatema
1759 4384 1871 4439 Ma-

271 4468 352 4533 gis
385 4458 672 4533 adoratam
707 4503 721 4527 ,
754 4461 849 4516 sed
880 4477 946 4517 ex
978 4461 1251 4533 Magorum
1282 4459 1623 4533 adoratione
1647 4458 1872 4529 aliisque

272 4530 607 4604 argumentis
637 4532 888 4588 deitatem
938 4534 1038 4587 sub
1065 4530 1242 4604 carnis
1273 4531 1573 4604 humilitate
1612 4530 1870 4584 latentem

275 4602 633 4684 demonstrat.
668 4605 782 4658 llnc
804 4611 1014 4684 spectat
1044 4602 1266 4684 quodin
1313 4602 1446 4672 psal.
1481 4615 1867 4684 cxxvtt._nutn.

278 4676 332 4741 8,
368 4677 614 4745 corporis
649 4676 956 4731 assumendi
996 4672 1327 4746 propositum
1359 4684 1515 4727 vocat
1546 4672 1874 4746 adoptionem

276 4742 508 4817 corporis
545 4748 683 4827 quod
727 4742 1010 4827 expirgine
1061 4742 1469 4827 pi'wsuntpturus
1496 4742 1683 4827 .cssct.’
1714 4742 1784 4797 At
1830 4746 1873 4827 si

280 4816 665 4890 hincquodam
700 4818 859 4873 modo
885 4816 1172 4874 excusatur
1202 4816 1383 4883 Felix;
1420 4816 1539 4886 quis
1567 4819 1723 4886 anqtio
1755 4816 1877 4869 ani-

280 4906 372 4945 mo
399 4888 541 4945 ferre
572 4891 788 4954 valeat,
835 4906 953 4944 eum
999 4890 1222 4944 haeresis
1252 4902 1364 4942 sum
1391 4898 1673 4958 patronum
1728 4902 1876 4956 qure-

278 4963 417 5031 sisse
440 4976 507 5017 ac
549 4962 747 5017 citasse
792 4960 1050 5016 Hilarium
1073 5001 1088 5027 ,
1119 4960 1209 5031 qui
1232 4960 1432 5029 ubique
1476 4958 1793 5031 adoptionis
1824 4958 1878 5013 in

276 5030 499 5089 Christo
539 5047 734 5088 nomen
762 5029 1222 5094 exhorrescit,'ac
1265 5030 1581 5085 nominatim
1625 5039 1736 5083 toto
1783 5029 1877 5085 lib.

277 5120 354 5173 τι,
388 5120 497 5161 non
519 5103 828 5174 adoptivum
850 5106 944 5159 sed
966 5119 1153 5158 verum
1170 5118 1233 5157 ac
1256 5102 1528 5172 proprium
1553 5101 1718 5156 lilium
1748 5115 1874 5174 eum
1901 5143 1904 5147 .

277 5192 403 5233 esse
428 5172 699 5233 acerrimo
722 5182 1041 5247 prapugnat.
1094 5174 1332 5247 Denique
1380 5175 1522 5247 hunc
1551 5174 1733 5247 locum
1758 5172 1881 5247 itni-

278 5257 423 5305 tatus
445 5246 667 5303 videtur
713 5244 1032 5304 Ambrosius
1063 5247 1155 5301 lib.
1188 5262 1208 5301 ι
1246 5244 1329 5300 ’(18
1375 5244 1479 5300 [ldo
1504 5260 1555 5299 c.
1585 5245 1620 5299 4
1640 5285 1655 5307 ,
1684 5244 1773 5298 ubi
1813 5258 1880 5300 ex

280 5319 560 5390 Magorum
587 5321 904 5374 adcretione
942 5359 958 5385 ,
1010 5317 1312 5390 humilitate
1341 5330 1626 5390 cunarum,
1651 5314 1879 5390 angelo-

280 5387 722 5470 rurizpbsequio,
747 5403 858 5470 _ctc.
884 5391 1237 5470 ,_concludit:
1274 5387 1360 5442 Ita
1392 5404 1486 5470 nec
1514 5388 1742 5470 dignitas
1789 5403 1883 5470 ria-

278 5463 467 5519 turalis
499 5463 785 5534 majestatis
812 5463 1085 5531 amittitur,
1114 5469 1163 5517 et
1187 5469 1462 5533 assumpta:
1496 5460 1670 5515 carnis
1699 5460 1886 5514 veritas

279 5536 671 5606 comprobatur.

355 5628 435 5702 (a)
464 5627 610 5710 E_dit‘i
633 5643 702 5710 es
730 5627 1207 5710 unico_ms._tlol_b.
1238 5627 1436 5710 nullius
1459 5625 1572 5710 fere
1597 5623 1887 5710 austerin-

282 5694 539 5771 t'ts','qlria
561 5700 625 5783 de
654 5698 837 5783 Patre.
869 5701 996 5758 Mss.
1026 5700 1214 5784 ϐοτὴρ)
1244 5700 1355 5758 duo
1381 5698 1618 5767 Remig..
1650 5694 1889 5779 Themi".

284 5768 521 5838 PrateL,
554 5769 741 5837 νικά..
766 5772 927 5838 Silv.,
949 5780 1080 5837 etc.,
1113 5788 1199 5838 qui
1226 5787 1259 5829 a
1290 5771 1467 5829 Patre.
1491 5768 1774 5829 Mallemus
1800 5785 1889 5838 qui

284 5768 521 5839 PrateL,
554 5769 741 5837 γῦπά..
766 5771 927 5838 Silv.,
949 5780 1080 5837 etc.,
1113 5773 1201 5844 qui
1226 5787 1259 5829 a
1290 5771 1467 5829 Patre.
1491 5768 1774 5829 Mallemus
1800 5768 1883 5838 qui

282 5858 407 5918 cum
432 5840 613 5902 Putre.
642 5843 753 5902 Sed
773 5858 841 5901 ex
864 5844 1173 5904 veterrimis
1187 5843 1429 5902 omnium
1452 5840 1731 5901 codicibus
1764 5839 1883 5897 Vat.

1980 3309 2325 3383 declaratur,
2368 3310 2509 3380 quod
2560 3313 2719 3381 paulo
2767 3324 2889 3383 post
2919 3324 3045 3370 nota

2018 3401 2023 3405 -
2052 3377 2126 3452 (b)
2161 3380 2300 3452 Etliti
2321 3421 2337 3445 ,
2367 3377 2576 3448 vestra,"
2606 3377 2964 3441 renitentibus
2993 3402 3125 3442 mss.

2052 3449 2124 3523 (c)
2153 3451 2505 3533 subiungitur
2555 3456 2607 3510 in
2643 3471 2774 3512 mss.
2811 3456 2929 3512 Vat.
2982 3458 3097 3515 bas.
3146 3466 3202 3514 et
3238 3459 3462 3518 Carnut.
3486 3502 3503 3533 ,
3537 3464 3590 3519 in

1979 3521 2113 3576 diem
2142 3524 2525 3591 redemptionis.

2054 3593 2130 3666 (rt)
2162 3594 2467 3669 Pronptnen
2487 3597 2642 3669 hujus
2664 3596 2749 3653 hic
2772 3608 2824 3655 et
2852 3599 3011 3668 infra,
3046 3618 3099 3655 u.
3134 3602 3230 3669 55,
3260 3604 3415 3661 abest
3439 3622 3471 3662 a
3501 3622 3591 3665 ve-

1981 3664 2123 3745 tusto
2152 3664 2439 3745 ms._Colb.
2467 3678 2516 3723 et
2546 3664 2802 3745 German.
2831 3664 3043 3745 favente
3072 3664 3253 3745 graeco
3287 3687 3457 3733 textu.

2053 3734 2316 3820 (artiori).
2342 3754 2444 3820 ms.
2472 3755 2599 3820 cum
2626 3741 2839 3799 duobus
2886 3734 3102 3817 Remig:
3139 3756 3194 3803 ct
3220 3747 3376 3815 aliis,
3406 3752 3452 3803 si
3477 3751 3594 3820 qui-

1981 3808 2107 3881 dem
2128 3808 2165 3861 S
2175 3810 2355 3881 pirilus
2386 3808 2503 3864 Dei.

2051 3879 2119 3957 (ί)
2167 3879 2251 3957 ΔΙιίι
2315 3881 2753 3957 juxtagrzccum
2829 3902 2961 3942 mss.
3019 3889 3310 3957 meliores,
3371 3890 3465 3947 ubi
3536 3892 3591 3948 in

1979 3954 2231 4033 vulgatis,
2255 3955 2630 4033 quisuscitarit
2654 3957 2853 4033 desunt.
2885 3958 3095 4033 bioxin
3121 3976 3227 4033 uno
3267 3954 3371 4017 nis.
3405 3962 3587 4033 Colb.,

1977 4034 2199 4098 propter~
2214 4024 2580 4098 inhabitantem
2608 4029 2846 4096 spiritum
2872 4030 2985 4098 ejus
3017 4031 3068 4083 in
3094 4031 3253 4086 vobis.

2052 4095 2133 4165 (g)
2169 4094 2298 4171 S_o|a
2338 4096 2501 4171 editio
2548 4094 2670 4153 Par.
2700 4138 2714 4165 ,
2746 4101 2819 4152 sic
2851 4094 3137 4171 responsio.
3192 4104 3392 4160 Deinde
3410 4106 3588 4164 dicen-

1978 4164 2102 4218 tium
2133 4166 2361 4221 refertur
2388 4167 2453 4222 ad
2486 4179 2681 4233 nostra,
2711 4170 2853 4242 qttod
2884 4164 3058 4228 instar
3078 4184 3159 4230 est
3196 4188 3454 4233 nostrum.

2049 4256 2128 4341 (lt)
2155 4258 2316 4341 Editi,
2344 4260 2405 4341 _in
2425 4277 2549 4341 quo.
2575 4262 2768 4341 Melius
2791 4279 2923 4322 mss.
2949 4281 3014 4321 ea:
3031 4282 3131 4341 quo
3164 4269 3370 4341 omnia:
3399 4272 3596 4341 quibus

1978 4331 2161 4411 verbis
2182 4330 2833 4411 ililarius'F_ilium,_sicut
2858 4343 2913 4392 et
2932 4330 3305 4411 superioribus
3332 4330 3594 4411 per'qurm

1978 4404 2155 4480 omnia
2182 4402 2393 4480 Patrem
2416 4405 2565 4480 solet
2608 4406 2871 4464 indicare.
2926 4402 3018 4465 sse
3047 4424 3212 4480 supra
3240 4428 3293 4467 n.
3332 4402 3410 4468 '1:
3444 4402 3593 4470 Unus

1978 4483 2052 4553 e_st
2076 4474 2211 4553 enini
2239 4471 2380 4553 Deus
2408 4473 2567 4532 Pater
2596 4494 2660 4534 ea:
2688 4495 2788 4553 quo
2814 4481 3021 4546 omnia,
3053 4471 3257 4538 etunus
3284 4482 3593 4553 (inigenitus

1977 4541 2152 4629 D._N.
2178 4544 2236 4601 J.
2270 4543 2330 4601 C.
2356 4565 2448 4618 per
2462 4565 2612 4629 quem
2650 4541 2861 4618 omnia;
2897 4561 2953 4606 et
2973 4541 3136 4629 paulo
3158 4565 3281 4623 post
3310 4573 3323 4610 :
3357 4541 3474 4612 Una
3503 4541 3597 4629 po-

3142 3318 3517 3377 ostendemus.

1900 4628 1955 4690 D
1981 4625 2134 4699 testas
2161 4623 2644 4699 perrquam’omru'a
2665 4663 2682 4689 ,
2714 4639 2819 4678 una
2856 4626 3123 4699 progenies
3151 4642 3214 4679 ea:
3249 4643 3354 4697 qua
3397 4623 3591 4683 omnia.

1982 4686 2038 4742 ltt
2065 4686 2373 4765 ltis_'igitu_r,
2422 4690 2526 4748 Per
2544 4686 2701 4765 quem
2729 4686 2900 4751 omnia
2949 4686 2999 4750 Et
3023 4712 3087 4751 ea:
3124 4713 3224 4760 quo
3261 4686 3464 4765 omnia,
3507 4715 3595 4756 re-

1982 4761 2459 4841 Spotisioltabetur
2490 4764 2556 4818 ad
2589 4766 2887 4841 institutam
2933 4767 3285 4841 quaestlynem
3314 4785 3406 4841 per
3442 4761 3591 4840 quem

1983 4834 2047 4886 sit
2094 4833 2326 4906 Spiritus
2348 4845 2586 4901 sanctus,
2646 4837 2797 4906 quasi
2827 4833 3032 4893 diceret
3061 4856 3075 4893 :
3110 4837 3216 4892 Per
3242 4833 3357 4893 eain
3389 4833 3464 4895 esi
3502 4858 3593 4904 per

1983 4919 2134 4979 quem
2163 4903 2369 4979 ontnia,
2403 4907 2536 4960 sicut
2565 4915 2612 4961 et
2633 4903 2726 4979 per
2750 4924 2865 4962 eum
2894 4923 2956 4962 ea:
2975 4924 3078 4979 quo
3103 4909 3296 4963 omnia.
3330 4910 3408 4966 lta
3436 4921 3491 4967 et
3519 4912 3589 4968 ad

1986 4975 2120 5048 duas
2136 4975 2267 5048 alias
2295 4975 3039 5048 quaestiones'subsequetttes
3072 4998 3088 5033 :
3121 4980 3182 5034 ob
3204 4982 3331 5048 quid
3373 4984 3438 5037 sit
3466 5026 3480 5047 ,
3511 4986 3590 5040 vel

1987 5047 2157 5119 qualis
2181 5047 2267 5113 sit,
2290 5048 2470 5102 sobrie
2492 5047 2872 5118 respondetur,
2909 5049 3141 5119 Spiritus
3161 5047 3234 5107 est
3258 5051 3378 5119 Dei,
3398 5056 3593 5110 donum

1988 5118 2251 5198 ﬁdelium;
2280 5134 2349 5198 ne
2369 5119 2500 5190 quid
2528 5132 2823 5190 asseratur,
2846 5118 2992 5192 quod
3030 5138 3058 5177 a
3086 5118 3371 5196 prophetis
3389 5135 3446 5183 et
3462 5142 3595 5198 apo-

1985 5189 2141 5262 stolis
2164 5206 2269 5262 uon
2294 5192 2365 5246 sit
2391 5189 2696 5262 acceptum.

2089 5262 2125 5332 i)
2147 5261 2366 5337 Qarnut.
2379 5335 2387 5337 _
2402 5278 2501 5337 ms.
2513 5261 2541 5337 ,ί
2558 5264 2926 5337 displicebant.

2086 5337 2142 5409 i)_
2162 5334 2284 5391 Sola
2326 5335 2493 5390 editio
2523 5334 3014 5409 Paridominatur:
3041 5337 3192 5409 lapsu
3226 5340 3592 5400 librariorum.

1989 5402 2145 5473 Apud
2168 5420 2304 5483 quos
2322 5415 2500 5483 autem
2538 5424 2636 5483 pro
2658 5408 2817 5465 Patre
2858 5418 2914 5465 et
2961 5402 3110 5466 Filio'
3139 5411 3375 5483 Spiritus
3420 5417 3598 5472 sancti

1989 5492 2186 5550 nntneu
2217 5476 2441 5548 intelligi
2472 5479 2665 5543 soleat,
2690 5495 3152 5550 supervacaneum
3182 5476 3269 5540 est
3309 5498 3594 5543 annotare.

1992 5547 2081 5604 Sic
2110 5550 2256 5627 enim
2296 5547 2606 5627 promiscue
2652 5547 2770 5608 hoc'
2798 5553 3118 5627 vocabulum
3157 5567 3421 5627 usurpant
3456 5559 3593 5617 Her-

1994 5636 2132 5697 mas,
2172 5619 2453 5697 Justinus,
2508 5621 3132 5697 lrenrens,_'_l‘atianus,
3183 5619 3553 5687 Teriullianus
3579 5672 3595 5697 ,

1993 5693 2361 5772 Lactantius,
2409 5694 2745 5772 _Cyprianus,
2799 5694 3172 5766 Pltosbadius,
3227 5693 3592 5772 Epiphanius,

1993 5765 2134 5835 apud
2160 5778 2298 5835 quos
2322 5765 2549 5845 Spiritus
2573 5765 2813 5845 dirutam
2862 5778 3110 5828 naturam
3148 5765 3598 5845 tribtis'persouis

1992 5851 2337 5894 communem
2369 5837 2569 5910 passim
2603 5838 2893 5910 significat.
