4118 6186
293 210 370 264 ῗδ

1535 213 1624 268 DE
1661 212 2032 272 TRINITATE
2069 215 2276 275 LIBER
2307 219 2396 276 Ill.

3543 235 3613 290 74

293 304 752 374 signiﬁcationem
775 302 853 379 (a)
876 318 1001 363 eum
1028 307 1120 374 qui
1144 315 1227 362 est
1251 349 1263 372 ,
1288 307 1357 364 ab
1375 322 1441 364 eo
1462 309 1617 380 cujus
1647 319 1751 368 est.
1785 310 1904 366 Non
1931 314 1981 374 Α
2011 322 2115 380 tur,
2139 314 2194 367 hi
2214 314 2312 381 ﬁlii
2335 322 2450 369 sunt
2481 313 2598 370 Dei.
2636 313 2756 371 Non
2778 316 2914 372 enim
2941 321 3213 386 accepistis
3238 322 3477 394 spiritum
3505 343 3616 382 ser-

293 395 444 450 cnim
479 395 681 452 habere
704 397 1000 468 haberique
1015 414 1175 452 unum
1191 408 1306 463 cst,
1333 415 1508 472 neque
1529 401 1716 456 eadem
1747 403 1913 472 signi-

296 488 480 545 ﬁcatio
498 492 736 544 continet
758 505 882 546 eum
899 498 1063 559 atque
1091 491 1283 565 ejus.(l
1297 491 1398 565 )lta
1419 509 1540 550 cum
1561 493 1710 562 dicit,
1737 493 1917 550 Domi-

294 607 401 646 nus
445 589 678 662 Spiritus
718 597 824 657 est,
883 600 1131 646 naturam
1175 590 1454 648 inﬁnitatis
1484 593 1602 662 ejus
1641 593 1912 660 ostendit;

295 698 424 739 cum
451 697 583 738 vero
609 681 830 754 adjecit,
867 681 968 739 Ubi
1012 683 1242 752 Spiritus
1272 683 1482 740 Domini
1513 684 1588 759 (b)
1613 687 1681 741 ibi
1710 687 1916 742 libertas

297 786 410 842 est,
441 790 566 832 eum
595 775 686 845 qui
741 775 862 846 ejus
916 786 1002 831 est
1051 777 1348 847 signiﬁcat;
1403 779 1526 849 quia
1579 789 1634 834 et
1681 778 1917 849 Spiritus

301 867 568 924 Dominus
593 876 716 935 est,
748 876 802 924 et
831 868 921 922 ubi
952 867 1185 939 Spiritus
1203 877 1288 926 est
1311 870 1542 938 Domini,
1578 870 1648 926 ibi
1675 871 1902 927 libertas

301 970 405 1015 est.
455 959 585 1016 Hanc
609 973 716 1014 non
747 959 892 1029 quod
919 973 1080 1015 causa
1115 962 1349 1030 postulet
1377 960 1518 1016 dicta
1549 971 1694 1029 sunt,
1727 961 1824 1017 sed
1848 976 1918 1017 ne

306 1051 438 1122 quid
494 1051 549 1108 in
597 1051 684 1107 his
720 1051 1067 1108 obscuritatis
1114 1052 1185 1125 (e)
1215 1053 1467 1109 haereret.
1497 1052 1594 1108 Est
1619 1052 1762 1109 enim
1807 1051 1914 1126 47

307 1145 540 1216 Spiritus
583 1155 803 1200 sanctus
862 1161 1002 1201 unus
1032 1145 1261 1216 ubique,
1315 1162 1506 1203 omnes
1562 1147 1914 1215 patriarchas,

306 1241 625 1312 prophetas,
643 1249 928 1296 etomnem
946 1239 1168 1295 chorum
1216 1241 1350 1311 legis
1383 1241 1718 1308 illuminans,
1755 1239 1917 1296 Jo:in-

313 1350 444 1390 nem
474 1335 636 1390 etiam
680 1335 732 1389 in
763 1342 918 1389 utero
963 1337 1151 1390 matris
1201 1335 1498 1406 inspirans:
1533 1335 1691 1390 datus
1719 1335 1917 1391 deinde

303 1429 580 1499 apostolis
605 1427 919 1498 ueterisque
949 1426 1298 1483 credentibus
1319 1469 1332 1493 ,
1366 1426 1432 1482 ad
1466 1427 1546 1501 (ἓ)
1578 1429 1908 1500 agnitionem

309 1523 442 1590 ejus
471 1535 587 1590 qua:
617 1517 821 1574 indulta
847 1527 932 1573 est
951 1519 1213 1575 veritatis.

386 1614 476 1670 53.
506 1613 730 1684 Spiritus
756 1613 923 1668 sancti
947 1615 1088 1686 quod
1127 1614 1360 1686 ofﬁciunt
1386 1619 1438 1670 in
1483 1616 1650 1672 nobis.
1670 1647 1736 1658 --
1761 1617 1915 1683 Quod

2018 407 2191 460 vitulis
2233 408 2416 462 iterum
2457 408 2524 482 (l)
2572 411 2627 463 in
2665 410 2935 477 limorem,-
2951 417 3042 468 sed
3059 417 3329 488 accepistis
3356 417 3614 487 Spiritum

2017 497 2306 565 adaptionis
2332 541 2346 564 ,
2372 499 2424 554 in
2453 516 2551 569 quo
2581 501 2864 557 clamamus
2893 520 2906 557 :
2933 504 3078 560 Abba
3118 517 3262 576 pater
3291 509 3466 583 (Rom.
3500 527 3616 580 vut,

2020 591 2131 661 ιι).
2163 591 2239 664 (g)
2269 593 2335 646 Et
2356 608 2602 649 rursum:
2633 594 2768 660 Quia
2789 613 2937 652 nemo
2962 598 3016 652 in
3047 598 3250 669 Spiritu
3271 602 3349 674 (h)
3375 601 3470 658 Dei
3493 603 3619 659 dicit

2015 682 2370 756 anathema(5)
2383 683 2583 752 Jesu,et
2598 703 2742 741 nemo
2754 699 2915 760 potest
2935 689 3101 745 dicere
3116 690 3398 748 Dominum
3414 695 3612 765 Iesum,

2017 773 2117 829 nisi
2136 773 2191 828 in
2212 774 2414 843 Spiritu
2437 785 2610 831 sancto
2639 777 2682 842 (ἰ
2707 775 2829 834 Cor.
2863 795 2960 846 xu,
2985 779 3061 851 5).
3089 781 3157 836 Ει
3176 798 3390 840 rursum
3415 802 3430 840 :
3469 785 3622 842 Divi-

2015 867 2184 924 siones
2208 877 2378 924 autem
2395 869 2471 942 (6)
2497 870 2751 926 donorum
2778 881 2918 939 sunt,
2941 873 3077 929 idem
3095 885 3264 932 autem
3287 877 3552 950 Spiritus;
3574 891 3622 937 et

2017 959 2292 1015 divisiones
2319 963 2716 1018 ministeriorum
2739 975 2881 1030 sunt,
2909 965 2972 1039 (i)
2994 967 3129 1022 idem
3147 979 3316 1024 autem
3340 971 3618 1041 Dominus;

2018 1063 2066 1108 et
2103 1055 2379 1111 divisiones
2418 1059 2773 1127 operationum
2815 1045 2952 1125 sunt,
3006 1062 3096 1115 sed
3153 1062 3286 1118 idem
3326 1063 3485 1131 Deus,
3533 1067 3623 1136 qui

2017 1157 2258 1217 operatur
2288 1149 2461 1203 omnia
2498 1150 2552 1204 in
2597 1151 2852 1208 omnibus.
2884 1151 3172 1222 Unicuique
3199 1167 3371 1211 autem
3399 1158 3626 1214 donatur

2015 1237 2328 1294 illuminatio
2373 1239 2485 1314 48
2513 1241 2742 1313 Spiritus
2768 1244 2838 1298 ad
2877 1246 3167 1301 utilitatem.
3200 1249 3304 1302 Alii
3329 1261 3492 1305 autem
3529 1253 3629 1308 da-

2019 1340 2104 1384 tur
2120 1331 2197 1404 (7)
2217 1349 2306 1403 per
2320 1331 2576 1406 Spiritum
2601 1351 2768 1391 sermo
2796 1338 3078 1409 sapientiae,
3101 1341 3193 1395 alii
3211 1357 3376 1396 sermo
3401 1345 3626 1400 scientia:

2017 1425 2299 1477 secundum
2315 1427 2546 1480 eumdem
2562 1426 2838 1496 Spiritum,
2861 1430 2954 1485 alii
2967 1431 3096 1500 ﬁdes
3122 1432 3177 1487 in
3197 1434 3375 1488 eodem
3397 1434 3624 1506 Spiritu,

2016 1515 2109 1570 alii
2139 1517 2278 1571 dona
2316 1519 2596 1573 sanitatum
2634 1520 2689 1575 in
2715 1537 2818 1575 uno
2846 1521 3068 1595 Spiritu,
3092 1526 3184 1580 alii
3205 1529 3433 1598 operatio
3461 1529 3626 1584 uirtu-

2019 1617 2145 1676 tum,
2171 1610 2264 1664 alii
2308 1612 2576 1680 prophetia
2601 1655 2616 1678 ,
2667 1614 2759 1668 alii
2787 1614 2862 1688 (j)
2892 1617 3144 1688 separatio
3171 1619 3487 1689 spirituum:
3536 1623 3629 1677 alii

304 1712 490 1759 autem
519 1705 592 1759 sit
613 1703 849 1760 ofﬁcium
881 1704 1068 1776 ejusin
1103 1707 1279 1772 nobis,
1303 1707 1484 1762 verbis
1511 1709 1681 1778 ipsius
1703 1710 1912 1764 Domini
1945 1706 1994 1766 B
2019 1720 2207 1775 genera
2235 1703 2312 1777 (8)
2337 1705 2652 1777 linguarum.
2675 1708 2770 1761 alii
2797 1707 2875 1776 (lt)
2922 1709 3276 1778 interpretatio
3304 1712 3624 1784 linguarum.

307 1796 622 1851 audiamus.
663 1797 757 1852 Ait
783 1797 958 1852 enim:
993 1797 1174 1853 Adhuc
1202 1799 1368 1854 multa
1393 1799 1552 1856 habeo
1595 1818 1711 1874 quae
1752 1803 1924 1858 dicam

303 1889 582 1956 cobis,sed
609 1905 710 1944 non
729 1891 940 1962 potestis
959 1891 1054 1945 illa
1073 1891 1226 1946 modo
1253 1904 1458 1962 portare
1491 1893 1670 1965 (Joan.
1688 1894 1916 1967 xvt,12).

315 1982 552 2054 Expedit
581 1983 728 2038 enim
759 1983 914 2038 vobis
940 1993 1000 2039 ut
1024 1999 1124 2054 ego
1145 1999 1300 2052 eam;
1331 1987 1374 2040 si
1425 1987 1560 2054 iero,
1591 1988 1797 2042 mittam
1827 2004 1924 2044 vo-

311 2073 401 2130 bis
428 2074 510 2144 (5)
541 2074 876 2131 Advocatum
905 2074 1073 2149 (Ibid.
1107 2075 1184 2135 7).
1222 2077 1285 2132 Et
1313 2093 1566 2133 rursum:
1593 2078 1706 2153 Ego
1729 2082 1921 2153 rogabo

304 2167 544 2237 Patrem,
581 2179 630 2225 et
653 2171 812 2226 alium
839 2170 1156 2226 Advocatum
1194 2173 1358 2227 mittet
1378 2173 1519 2228 vobis
1544 2172 1626 2246 (ἀ)
1657 2183 1714 2228 ut
1757 2175 1910 2230 vobis-

302 2279 423 2317 cum
451 2264 520 2317 sit
543 2263 599 2317 in
619 2271 888 2326 wternum.
906 2262 1164 2334 Spiritum
1183 2265 1412 2320 ueritatis
1434 2265 1616 2334 (Joan.
1639 2282 1756 2333 xlv,
1781 2267 1850 2325 16
1875 2276 1922 2323 et

301 2355 419 2428 17).
443 2357 549 2412 Ille
589 2373 680 2412 vos
730 2358 915 2430 diriget
961 2358 1018 2413 in
1070 2373 1270 2413 omnem
1314 2360 1614 2416 ueritatem:
1644 2376 1749 2415 non
1781 2361 1920 2416 enim

301 2449 544 2519 loquetur
589 2467 623 2504 a
659 2467 732 2517 se,
784 2450 876 2506 sed
923 2467 1254 2521 quacumque
1307 2453 1548 2518 audierit,
1583 2454 1842 2524 loquetur,
1872 2467 1924 2512 et

301 2552 522 2598 ventura
538 2543 862 2598 annuntiabit
887 2543 1045 2598 vobis.
1069 2541 1174 2598 Ille
1187 2559 1266 2598 me
1286 2544 1667 2616 honoriﬁcabit,
1703 2547 1824 2618 quia
1857 2549 1922 2603 de

313 2637 397 2709 (ι)
423 2655 538 2693 meo
567 2649 728 2694 sumet
753 2635 929 2711 (Joan.
963 2655 1080 2705 xvr,
1108 2641 1175 2696 i5
1203 2649 1251 2694 et
1275 2639 1388 2711 M).
1420 2640 1546 2698 Haec
1571 2641 1641 2698 de
1672 2643 1922 2713 pluribus

305 2730 376 2786 ad
404 2729 779 2801 intelligentiae
806 2732 948 2786 viam
980 2729 1125 2790 dicta
1152 2741 1298 2798 sunt,
1333 2733 1528 2804 quibus
1573 2743 1630 2791 et
1661 2735 1916 2793 voluntas

306 2821 386 2893 (e)
433 2824 791 2886 munerantis,
821 2831 876 2878 et
902 2824 1040 2879 ratio
1055 2832 1110 2880 et
1129 2824 1368 2880 conditio
1399 2827 1642 2882 muneris
1670 2828 1919 2886 contine-

311 2922 431 2969 tur:
481 2922 542 2968 ut
588 2913 712 2986 quia
764 2913 1047 2970 inﬁrmitas
1084 2925 1268 2972 nostra
1315 2931 1489 2988 neque
1541 2917 1717 2974 Patris
1744 2935 1921 2991 neque

302 3006 428 3062 Filii
458 3021 629 3078 capax
651 3015 814 3076 esset,
848 3006 1010 3063 ﬁdem
1039 3017 1277 3064 nostram
1309 3008 1378 3066 de
1411 3009 1507 3064 Dei
1538 3009 1915 3068 incarnatione

2029 1792 2219 1849 Omnia
2241 1805 2409 1850 autem
2438 1798 2547 1852 Iiwc
2577 1806 2821 1869 aperotur
2848 1814 2985 1854 unus
3010 1809 3164 1872 atque
3211 1802 3347 1857 idem
3398 1803 3629 1876 Spiritus

2027 1884 2190 1960 (Ibid.
2215 1887 2252 1942 4
2279 1898 2326 1942 et
2345 1887 2534 1962 seqq.).
2562 1889 2834 1946 Habemus
2859 1890 3022 1962 igitur
3045 1893 3174 1948 doni
3201 1895 3356 1952 istius
3381 1913 3623 1968 causam,

2023 1978 2288 2036 habemus
2318 1981 2562 2050 effectus,
2619 1993 2675 2039 et
2703 1985 2885 2040 nescio
2914 1986 3043 2056 quid
3073 1987 3141 2044 de
3165 2003 3234 2044 eo
3261 1991 3628 2063 ambiguitatis

2023 2074 2114 2140 sit,
2145 2074 2298 2146 cujus
2322 2075 2375 2130 in
2401 2076 2652 2133 absoluto
2681 2077 2822 2134 sitet
2847 2093 3029 2146 causa,
3048 2090 3102 2136 et
3119 2081 3348 2146 ratio,et
3369 2092 3628 2154 potestas.

2095 2167 2187 2223 55.
2232 2167 2462 2238 Spiritus
2512 2169 2679 2223 sancti
2749 2170 2943 2225 donum
2987 2173 3210 2228 maxime
3259 2177 3624 2234 necessarium.

2023 2256 2226 2330 Absque
2243 2276 2301 2314 eo
2326 2259 2541 2316 habetur
2559 2270 2744 2317 natura
2774 2261 2940 2317 Deum
2968 2264 3308 2337 intelligendi,
3353 2284 3455 2324 non
3483 2287 3625 2325 usus.

2021 2380 2095 2395 -α
2109 2353 2336 2410 Utamur
2351 2370 2481 2427 ergo
2505 2365 2613 2410 tam
2633 2355 2947 2413 liberalibus
2961 2357 3120 2414 donis
3133 2367 3189 2415 et
3210 2376 3364 2416 usum
3388 2365 3627 2420 maxime

2023 2447 2316 2503 necessarii
2344 2447 2584 2506 muneris
2619 2458 2960 2518 expetamus.
2993 2450 3089 2506 Ait
3117 2453 3286 2520 enim,
3320 2462 3378 2509 ut
3397 2454 3508 2526 jam
3537 2470 3636 2520 su-.

2023 2539 2205 2609 perius
2235 2539 2591 2606 ostendimus,
2621 2541 2950 2612 Apostolus:
2985 2541 3100 2600 Nos
3133 2555 3305 2602 autem
3327 2565 3429 2603 non
3469 2551 3627 2622 spiri-

2022 2628 2132 2688 tum
2157 2633 2314 2708 hujus
2343 2636 2525 2690 mundi
2545 2636 2857 2704 accepimus,
2900 2638 2992 2692 sed
3014 2639 3256 2710 spiritum
3291 2643 3378 2711 qui
3425 2659 3490 2698 ea:
3515 2642 3628 2700 Deo

2020 2737 2118 2792 est,
2147 2737 2202 2782 ut
2223 2729 2444 2783 sciamus
2466 2745 2580 2800 qua
2603 2747 2636 2783 a
2659 2727 2769 2784 Deo
2796 2730 2988 2784 donata
3008 2743 3128 2786 sunt
3165 2735 3310 2788 nobis
3332 2735 3376 2806 (l
3408 2733 3528 2790 Cor.
3563 2754 3624 2806 ιι,

2023 2817 2136 2891 12).
2167 2817 2444 2889 Accipitur
2465 2835 2595 2892 ergo
2616 2819 2686 2876 ob
2715 2821 3018 2876 scientiam.
3046 2823 3113 2878 Ut
3134 2825 3276 2879 enim
3307 2835 3497 2882 natura
3527 2829 3627 2884 hu-

2022 2909 2167 2964 mani
2198 2911 2444 2980 corporis
2471 2910 2809 2967 cessantibus
2822 2911 2984 2967 officii
3005 2914 3086 2968 sui
3109 2915 3288 2972 causis
3303 2914 3408 2971 erit
3428 2917 3622 2986 otiosa;

2019 3015 2144 3056 nam
2169 3001 2366 3068 oculis,
2397 3000 2476 3074 (9)
2510 3001 2576 3076 (l)
2611 3003 2710 3058 nisi
2743 3002 2924 3059 lumen
2957 3004 3184 3060 autdies
3211 3006 3302 3074 sit,
3325 3008 3504 3066 nullus
3526 3011 3626 3066 mi-

301 3098 615 3164 dit‘ﬁcilem,
659 3099 830 3156 sancti
879 3098 1116 3170 Spiritus
1142 3099 1344 3156 donum
1373 3101 1604 3172 quodam
1647 3102 1910 3161 interccs-
1934 3087 1980 3152 C
2013 3094 2221 3150 nisterii
2244 3093 2350 3150 erit
2374 3108 2534 3162 usus;
2557 3104 2618 3150 ut
2637 3110 2819 3163 aures,
2841 3095 3063 3152 uisivox
3081 3112 3316 3155 sonusve
3337 3101 3615 3169 reddatur,

305 3193 486 3250 sionis
516 3209 627 3249 suae
661 3193 866 3250 foedere
890 3193 1199 3251 luminaret.

373 3288 470 3344 34.
513 3287 611 3344 Est
635 3299 815 3344 autem
848 3303 991 3344 nunc
1015 3304 1379 3361 consequens,
1409 3299 1466 3346 ut
1511 3299 1565 3347 et
1602 3292 1908 3364 apostolum

296 3381 667 3451 explicantem
741 3381 868 3438 doni
923 3381 1080 3452 hujus
1135 3383 1388 3438 virtutem
1446 3393 1607 3455 atque
1671 3383 1910 3440 ofﬁcium

299 3474 623 3541 audiamus;
645 3475 720 3530 ait
743 3474 917 3530 cnim:
955 3473 1214 3547 Quotquot
1238 3477 1373 3532 enim
1403 3476 1606 3548 Spiritu
1632 3477 1730 3534 Dei
1745 3495 1913 3551 agun-

377 3627 456 3702 (i)
492 3628 582 3702 Ita
610 3646 726 3685 cum
750 3631 854 3695 ait,
876 3629 1052 3698 Deus,
1083 3639 1188 3687 etc.

380 3698 462 3770 (2)
503 3698 873 3772 Cognitionem.

383 3773 466 3842 (3)
503 3771 683 3846 Codex
715 3771 1046 3846 Veronensis
1090 3773 1385 3846 interserit.
1445 3773 1908 3846 Spiritum‘Para-

299 3845 538 3920 clytnnt;
577 3845 686 3917 ipse
731 3861 810 3898 me
855 3845 1177 3920 clariﬁcabit.
1214 3844 1280 3920 Et
1308 3841 1530 3903 rursum.
1563 3841 1793 3920 Rogabo,
1829 3849 1910 3902 in-

303 3913 439 3986 quit,
470 3913 684 3970 Patrem
707 3933 898 3984 meum,
927 3913 1166 3971 etalium
1191 3915 1498 3972 advocatum
1517 3913 1683 3975 mittet
1704 3918 1865 3976 vobis.

383 3985 465 4059 (4)
505 3987 586 4042 De
610 4002 722 4043 meo
747 3988 983 4060 accipiet.

375 4147 450 4218 (a)
491 4147 662 4218 Hujus
681 4144 1043 4202 distinctionis
1062 4161 1190 4202 usus
1213 4159 1424 4218 rurs_um
1445 4146 1678 4218 recurrit
1697 4144 1792 4218 lib.
1817 4160 1895 4212 Iv,

299 4237 358 4276 ιι.
389 4215 452 4274 ει
485 4235 501 4272 :
533 4216 744 4288 Duplex
783 4228 950 4274 autem
989 4219 1044 4272 in
1086 4219 1268 4290 angelo
1311 4215 1409 4290 Dei
1437 4217 1748 4290 signiﬁcatio
1777 4225 1850 4290 est
1877 4233 1896 4272 :

297 4293 417 4362 ipse
443 4293 532 4360 qui
553 4302 656 4362 est,
681 4300 730 4346 et
755 4289 1034 4362 illeicujus
1075 4288 1172 4362 est;
1205 4288 1462 4358 Ejusdem
1491 4288 1774 4362 vestigium
1801 4289 1898 4344 de-

293 4360 690 4434 prehendimus
731 4360 1302 4434 apudATertulli‘anum
1352 4366 1538 4434 contra
1588 4360 1892 4424 Praxcam,

299 4431 354 4504 ip.
389 4432 484 4499 26,
519 4433 606 4488 ubi
637 4433 748 4486 ait:
778 4431 946 4487 Nulla
975 4449 1068 4504 res
1089 4431 1476 4504 alicujus,gipsa
1514 4441 1587 4504 est
1625 4434 1774 4503 cujus
1797 4441 1890 4486 est.

2023 3203 2220 3244 munus
2246 3203 2401 3243 suum
2435 3203 2542 3243 non
2576 3197 2996 3259 rectignoscent;
3053 3200 3110 3246 ut
3146 3206 3324 3259 nares,
3353 3193 3454 3248 nisi
3486 3195 3622 3252 odor

2011 3280 2367 3352 Iragraverit,
2399 3281 2452 3336 in
2490 3297 2595 3352 quo
2623 3279 2804 3337 ofﬁcio
2831 3291 2994 3338 erunt
3040 3285 3317 3353 uescient;
3347 3303 3453 3343 non
3477 3290 3619 3360 quod

2015 3375 2100 3430 his
2124 3374 2343 3431 deﬁciet
2387 3383 2578 3430 natura
2624 3391 2720 3446 per
2746 3390 2990 3445 causam,
3021 3377 3118 3434 sed
3147 3394 3276 3436 usus
3299 3379 3528 3439 habetur
3551 3400 3620 3442 ex

2014 3483 2210 3526 causa:
2239 3469 2312 3524 ita
2341 3477 2396 3524 et
2423 3468 2637 3524 animus
2677 3467 2944 3526 humanus
2971 3470 3074 3527 nisi
3099 3487 3196 3543 per
3227 3473 3384 3531 fidem
3413 3475 3613 3534 donum

2113 3631 2174 3699 5)
2215 3630 2271 3684 In
2293 3625 2673 3689 antcrioribus,
2695 3627 2896 3682 Iesum.

2113 3631 2174 3699 5)
2215 3631 2271 3684 In
2293 3631 2673 3689 antcrioribus,
2695 3631 2896 3682 Jesum.

2109 3704 2142 3758 6
2205 3701 2360 3756 ltaex
2391 3699 2526 3754 libro
2546 3709 2749 3754 nostro.
2776 3699 2832 3754 ln
2874 3698 3236 3771 praecedente,
3261 3703 3610 3764 donatiouum.

2115 3777 2142 3827 7
2215 3771 2472 3826 Donatur.

2109 3847 2142 3902 8
2203 3843 2402 3899 Genera
2426 3857 2738 3920 sermonum.
2804 3914 2815 3920 _

2115 3771 2169 3827 7)
2215 3771 2472 3826 Donatur.

2109 3843 2165 3902 8)
2203 3843 2402 3899 Genera
2426 3857 2738 3897 sermonum.

2084 3913 2164 3990 (9)
2207 3915 2327 3971 Nisi
2355 3914 2526 3972 lumen
2552 3929 2612 3968 ac
2633 3913 2742 3969 dies
2770 3914 2857 3969 sit.

2004 4140 2059 4196 in
2088 4140 2344 4203 timorem,
2364 4134 2513 4210 quod
2524 4131 2677 4210 infra
2694 4134 2796 4210 lib.
2822 4150 2894 4202 γι,
2919 4151 2972 4190 ιι.
2999 4137 3090 4202 44,
3120 4152 3314 4210 magno
3333 4155 3604 4203 consensu

2003 4211 2204 4268 habent
2245 4204 2470 4284 veteres
2501 4204 2846 4284 libri,_juxt_a_
2877 4211 3140 4284 graccrsig
3168 4204 3346 4284 Δφῖἱϐσν.
3401 4215 3602 4274 Deinde

2043 4293 2124 4338 οει
2153 4282 2372 4352 verbum
2403 4277 2713 4345 adoptionis,
2745 4277 2950 4334 addunt
2987 4280 3116 4336 editi
3146 4277 3378 4352 ﬁliorum
3406 4303 3418 4340 :
3451 4289 3601 4347 nullo

2043 4299 2124 4338 08!.
2153 4299 2372 4335 vernum
2403 4299 2586 4345 aaopw

2000 4299 2116 4410 ﬁere
2134 4351 2461 4422 suffragante
2485 4365 2586 4404 ms.

2074 4424 2151 4499 (g)
2191 4424 2577 4499 Plerorumque
2598 4435 2728 4474 mss.
2760 4422 3080 4499 auctoritate
3103 4425 3432 4499 removimus
3453 4430 3600 4489 hinc:

295 4491 517 4560 Clarius
537 4519 659 4558 mox
689 4505 997 4558 enuntiatur
1020 4491 1739 4568 tlistiuct'ionis'membrum,
1770 4517 1894 4557 cum
1923 4563 1966 4570 Δ
2001 4491 2328 4570 Είὶιινδιιηι,
2360 4491 2474 4570 _Nos_
2496 4500 2666 4570 autem
2692 4509 2795 4570 non
2823 4494 3060 4570 spiritum
3105 4496 3264 4570 hujus
3305 4501 3482 4556 mundi
3506 4521 3598 4558 ac-

297 4577 573 4647 prorcujus
599 4584 694 4638 est,
719 4575 916 4647 legitur
939 4574 1026 4644 qui
1048 4576 1158 4646 ejus
1185 4581 1281 4627 est.

401 4646 449 4716 b)
487 4644 631 4718 'Editi
649 4686 664 4708 ,
712 4645 782 4700 ibi
809 4645 1017 4700 libertas
1043 4644 1135 4713 {et
1165 4659 1281 4698 eum
1322 4646 1470 4718 cujus
1496 4652 1572 4698 est
1599 4644 1902 4716 signiﬁcat:

389 4717 696 4788 ﬁguramus
723 4733 851 4772 mss.

375 4783 542 4859 (c)'lu
572 4803 702 4842 mss.
737 4791 918 4856 probm
945 4799 1086 4843 nota:
1127 4783 1314 4852 Colb.,
1358 4786 1593 4859 R_emig.,
1626 4786 1814 4844 Germ.
1843 4796 1898 4842 et

296 4856 622 4925 al‘o'Colb.,
675 4859 922 4914 haberet:
948 4859 1090 4929 quod
1124 4859 1248 4912 licet
1275 4856 1532 4929 praferre
1561 4859 1720 4913 tacita
1765 4873 1897 4914 voce

295 4947 478 4986 causa.
509 4929 568 4985 In
603 4929 763 4994 νᾶα,
815 4927 1011 4984 lateret.
1062 4927 1370 4998 Legendum
1398 4927 1526 4983 olim
1577 4930 1897 5000 eunjectavit

291 5002 582 5072 Erasmus,
617 5018 678 5055 ne
696 5001 812 5071 quis
832 5004 886 5055 in
910 5002 990 5056 his
1015 4999 1394 5072 dimcultatibus
1423 5002 1655 5055 haereret.

369 5070 454 5146 (ά)
492 5070 833 5146 Snbjungunt
886 5073 988 5146 hic
1013 5070 1272 5146 plerique
1297 5085 1426 5146 mss.
1466 5087 1597 5146 cum
1639 5072 1850 5126 excusis
1875 5112 1892 5139 ,

295 5141 559 5214 Spiritum
589 5141 1080 5214 paracletum;.ipse
1109 5158 1188 5196 me
1223 5141 1526 5214 clariﬁcabil
1549 5159 1568 5197 :
1589 5153 1634 5197 et
1665 5159 1894 5208 rursum,

291 5212 778 5288 Rogabopinquit,
830 5212 1026 5288 patrem
1071 5231 1258 5275 meum,
1304 5225 1349 5268 et
1393 5212 1556 5268 alium
1596 5213 1896 5288 aduocatum

292 5285 460 5356 mittet
487 5285 1016 5354 vobis.’Qua:'verba
1049 5296 1106 5340 ut
1143 5299 1424 5356 perperam
1467 5294 1522 5340 et
1567 5286 1787 5340 confuse
1813 5301 1899 5339 re-

290 5355 469 5427 petita
497 5360 826 5482 removimus
851 5355 1172 5413 auctoritate
1195 5355 1316 5412 cod.
1332 5356 1486 5412 Colb.
1507 5371 1608 5432 nec
1637 5373 1743 5412 non
1765 5356 1899 5413 Ger-

290 5441 446 5482 man.
477 5436 536 5482 et
607 5439 700 5482 ict.

287 5441 446 5484 man.
477 5436 536 5483 et
561 5427 700 5484 Vict.

372 5497 681 5582 (eL-Mllntls
711 5505 794 5582 est
819 5499 1300 5582 Spiritus'sanctus
1317 5513 1663 5582 ;_rnun_erans
1693 5507 1898 5579 autem,

291 5569 396 5642 qui
426 5569 958 5642 'iiliLmrlargitur'ac
1001 5571 1186 5642 mittit,
1217 5571 1360 5641 quod
1409 5570 1462 5624 in
1496 5569 1629 5642 locis
1660 5571 1901 5642 proxime

290 5639 649 5712 allatisWFilio
676 5639 784 5698 non
816 5643 992 5697 minus
1023 5639 1328 5696 attribuitur
1353 5657 1514 5712 quam
1546 5640 1712 5696 Patri.

377 5711 450 5786 (ﬂ
487 5711 655 5784 Editi,
709 5713 764 5770 in
801 5715 1002 5768 timore.
1035 5712 1296 5770 Malumus
1326 5711 1447 5770 cum
1476 5728 1581 5769 uno
1611 5727 1715 5769 ms.
1745 5711 1900 5770 Colb.

793 5806 1073 5868 Panos.
1138 5805 1224 5868 X.

1922 4563 1977 4624 D
2001 4569 2250 4639 cepimus,
2279 4567 2369 4620 sed
2395 4565 2634 4639 spiritum
2675 4564 2763 4639 qui
2801 4563 2866 4620 eat
2908 4563 3039 4629 Deo,
3085 4580 3141 4621 ut
3169 4563 3392 4626 sciamus
3429 4591 3544 4639 quae
3568 4594 3601 4630 a

2011 4634 2118 4694 Deo
2143 4643 2332 4708 donata
2356 4645 2473 4690 sunt
2501 4634 2664 4688 nobis.
2689 4634 2826 4708 Haec
2855 4653 3016 4703 porro
3041 4639 3283 4708 Apostoli
3317 4634 3480 4700 verba
3509 4645 3598 4700 in-

2004 4710 2109 4776 ira,
2154 4727 2210 4764 ιι.
2259 4707 2350 4770 55,
2398 4709 2667 4782 relaturus
2716 4704 2966 4782 Hilarius,
3021 4704 3143 4764 cuiu
3179 4718 3489 4782 praemittit,
3542 4726 3599 4770 ut

1993 4783 2110 4862 jam
2161 4782 2395 4862 superius
2461 4778 2792 4845 ostendimus,
2841 4779 3042 4835 iudicat
3089 4778 3280 4837 eadem
3325 4778 3483 4840 num.
3526 4787 3598 4844 29

1995 4852 2369 4994 mli/irritat
2384 4917 2487 4994 _Dei
2515 4934 2542 4994 ξι
2574 4928 2759 4994 vetere
2787 4933 2891 4974 ms.
2905 4920 3092 4994 polb.;
3116 4937 3273 4994 secus
3299 4934 3479 4982 autem
3500 4929 3594 4986 lib.

1999 4990 2200 5062 vni,'n.
2231 4991 2474 5063 27._Mox
2513 4990 2568 5044 in
2593 4990 2844 5057 Carnut.,
2891 4991 3067 5060 Colb.,
3116 4992 3282 5063 Vict.,
3325 5001 3599 5056 anathema

1997 5060 2148 5132 Jcsu,
2178 5079 2284 5119 non
2307 5060 2505 5117 Jesum.

2073 5129 2142 5211 (i)
2182 5135 2330 5192 Unus
2366 5133 2538 5212 (ιαμβι
2581 5129 2734 5187 Colb.
2767 5147 2852 5212 ac
2893 5133 3132 5212 Sorbon.
3179 5153 3302 5194 cum
3351 5140 3598 5212 Carnut.,

2167 5217 2338 5292 autem
2363 5203 2596 5278 spiritus,
2643 5202 2786 5274 quod
2811 5215 2868 5260 et
2893 5206 3031 5262 inira
3058 5219 3328 5278 repetunt,
3359 5229 3479 5284 pro,
3511 5202 3603 5272 sed

2001 5280 2139 5335 idem
2165 5279 2322 5333 Deus.
3361 5279 3374 5284 ‘

2078 5348 2152 5424 (j)
2195 5350 2248 5424 in
2276 5356 2488 5424 vetusto
2517 5345 2830 5424 ms._Colb.,
2863 5351 3118 5422 separatio
3144 5353 3374 5420 spiritus.

2079 5418 2154 5494 (lt)
2198 5420 2350 5484 Bad.,
2398 5420 2491 5473 Er.
2537 5431 2593 5474 et
2619 5418 2768 5494 _I_.ips.
2810 5418 2956 5494 cura
2989 5418 3193 5491 aliquot
3239 5439 3393 5491 Inss.,
3443 5429 3602 5485 inter.

2007 5489 2221 5564 prolatio
2247 5506 2536 5548 sermonum
2558 5506 2578 5558 ;
2600 5489 3042 5547 dissentientibus
3059 5489 3384 5555 melioribus
3399 5512 3455 5556 et
3469 5517 3606 5573 grae-

2007 5573 2334 5718 w(‘l_)xll:ips.
2362 5643 2418 5689 et
2457 5632 2601 5718 Pam,
2625 5632 2732 5718 nisi
2755 5632 2945 5716 'lumen
2974 5636 3202 5708 accedat,
3249 5642 3446 5712 nullus,
3478 5655 3610 5718 etc.,

2011 5705 2372 5768 renitentibus
2397 5706 2614 5763 caeteris
2645 5705 2818 5762 libris.
