4118 6186
523 213 593 273 75
1165 258 1170 262 .
1728 200 1973 265 SANCTI
2011 199 2267 261 HlLARlI
2318 197 2626 259 EPISCOPI
3768 195 3837 253 76

526 331 763 403 Spiritus
790 327 869 401 (a)
896 310 1162 395 hauserit,
1183 322 1403 382 habebit
1429 320 1647 394 quidem
1671 328 1920 376 naturam
1949 320 2118 376 Deum
2148 328 2203 389 Α
2297 317 2539 387 ﬁrmitate
2587 315 2938 381 moderantur,
2984 311 3075 370 sed
3121 310 3403 368 secundum
3461 310 3838 384 omnipotentis

525 422 881 496 intelligendi,
914 423 1009 478 sed
1036 421 1217 476 lumen
1251 417 1496 475 scientiae
1518 431 1626 471 non
1655 415 1895 469 habebit.
1930 414 2122 469 Munus

524 514 708 575 a'utem
761 515 904 588 quod
954 514 1007 570 in
1054 512 1274 568 Christo
1321 519 1425 575 est,
1479 523 1642 565 omne
1684 507 1936 563 onmibus
1978 514 2126 577 patet

525 628 693 671 unum
718 629 731 667 :
752 619 809 667 et
836 609 978 682 quod
1010 608 1209 679 ubique
1239 620 1350 661 non
1378 604 1552 670 deest,
1581 603 1632 657 in
1654 609 1858 656 tantum
1888 599 2048 655 datur
2071 599 2124 653 in

527 715 785 777 quantum
818 703 938 775 quis
966 700 1047 774 (l)
1090 700 1238 757 volet
1282 712 1532 763 sumere;
1566 697 1618 751 in
1652 702 1857 750 tantum
1902 690 2126 758 residet,

526 802 581 857 in
611 809 869 871 quantum
899 795 1023 868 quis
1049 795 1196 850 volet
1222 788 1542 863 promereri.
1574 789 1687 845 Hoc
1710 801 1881 857 usque
1912 785 1965 839 in
1996 799 2129 839 eon-

523 890 940 950 summationem
984 886 1172 943 saeculi
1216 882 1519 949 nobiscum,
1549 881 1652 936 hoc
1704 874 2127 948 exspectationis

524 998 724 1043 nostra:
738 984 1009 1049 solatium,
1032 982 1156 1048 hoc,
1186 979 1241 1033 in
1265 977 1529 1033 donorum
1558 969 1964 1045 operationibus
1981 968 2128 1022 futu-

520 1097 596 1137 ra:
616 1080 728 1150 spei
755 1078 946 1149 pignus
973 1083 1057 1131 est
1084 1074 1187 1130 hoc
1209 1072 1470 1127 mentium
1496 1069 1701 1134 lumen,
1736 1063 1823 1119 hic
1866 1058 2128 1133 splendor

527 1174 832 1230 animorum
863 1178 965 1227 est.
999 1168 1095 1225 Hic
1125 1181 1257 1239 ergo
1287 1164 1522 1237 Spiritus
1546 1168 1764 1217 sanctus
1793 1154 2131 1228 expetendus

535 1277 641 1335 est,
674 1262 1066 1338 promerendus
1107 1268 1212 1327 est,
1255 1259 1329 1333 (b)
1376 1265 1431 1314 et
1458 1256 1713 1326 deinceps
1735 1257 2131 1325 praceptorum

540 1359 647 1417 ﬁde
676 1369 836 1432 atque
864 1355 1248 1415 observatione
1277 1350 1613 1409 retinendus.

1009 1514 1123 1590 59
1156 1513 1363 1571 LIBER
1389 1507 1708 1567 TERTIUS.

539 1646 813 1710 Aiternam
848 1649 1003 1706 Verbi
1044 1647 1418 1720 generationem
1445 1641 1705 1707 adstruit,
1756 1653 1938 1710 eosque
1962 1642 2141 1691 retun-

2300 413 2503 468 uirtutis
2526 412 2833 483 inﬁnitatem
2861 409 3176 480 expendunt.

2304 535 2355 589 1.
2376 532 2575 589 Filium
2600 534 2655 586 in
2674 530 2854 599 Patre,
2887 539 2933 585 et
2961 530 3203 597 uicissim,
3238 546 3414 585 sensus
3443 530 3700 586 humanus
3727 546 3833 586 non

2228 627 2386 698 capit.
2409 656 2479 665 —
2506 623 2681 681 AfTert
2706 624 2979 695 plerisque
3007 622 3398 680 obscuritatem
3431 637 3613 679 sermo
3644 623 3832 678 Domi-

2230 722 2307 788 ni,
2336 736 2457 775 cum
2480 718 2642 774 dicit:
2670 717 2786 789 Ego
2799 718 2852 771 in
2880 714 3057 785 Patre,
3083 726 3131 771 et
3153 715 3312 771 Pater
3332 717 3386 770 in
3406 733 3488 772 me
3514 715 3696 789 (Joan.
3726 732 3841 784 Itv,

2232 813 2344 888 ll),
2360 823 2533 870 etnon
2552 812 2823 869 immerito
2842 830 2857 880 ;
2885 822 3074 868 natura
3101 812 3243 868 enim
3259 810 3633 881 intelligentiae
3646 810 3843 866 huma-

2232 925 2316 966 ne
2348 911 2611 965 rationem
2638 907 2769 964 dicti
2814 908 2969 963 istius
3003 922 3112 962 non
3158 906 3325 975 capit.
3356 904 3586 961 Videtur
3610 919 3845 976 namque

2232 1016 2343 1057 non
2378 1016 2538 1072 posse
2572 998 2736 1065 effici,
2767 1007 2825 1053 ut
2846 995 3063 1070 quodin
3093 998 3263 1059 altero
3288 996 3377 1064 sit,
3410 1012 3564 1068 mque
3590 996 3641 1051 id
3670 997 3846 1067 ipsum

2232 1103 2384 1150 extra
2428 1094 2655 1149 alterum
2695 1093 2795 1159 sit;
2827 1100 2880 1147 et
2906 1106 3030 1147 eum
3069 1104 3295 1146 necesse
3328 1090 3399 1145 sit
3425 1105 3514 1156 ea,
3539 1088 3608 1145 de
3636 1089 3838 1160 quibus

2238 1186 2437 1257 agitur,
2488 1200 2595 1239 non
2623 1182 2864 1238 solitaria
2891 1182 2993 1237 sibi
3020 1197 3166 1250 esse,
3197 1196 3482 1237 numerum
3507 1178 3577 1253 (ο)
3606 1195 3671 1235 ac
3716 1189 3830 1235 sta-

2232 1286 2347 1333 tum
2404 1286 2585 1333 tamen
2610 1291 2791 1341 suum,
2848 1274 2901 1330 in
2941 1290 3046 1345 quo
3096 1274 3225 1339 sint,
3281 1277 3680 1336 conservantia,
3734 1287 3844 1330 non

2242 1384 2403 1443 posse
2425 1386 2484 1426 se
2510 1371 2742 1425 invicem
2765 1369 3048 1425 continere
3070 1408 3087 1436 ,
3112 1368 3277 1438 utqui
3297 1367 3500 1438 aliquid
3526 1368 3671 1424 aliud
3705 1369 3849 1423 intra

2237 1479 2297 1520 se
2338 1463 2555 1531 habeat,
2584 1470 2748 1535 atque
2780 1461 2859 1534 (ά)
2902 1462 2975 1519 ita
3019 1470 3237 1517 maneat
3266 1477 3604 1533 manensque
3633 1478 3850 1534 semper

2238 1557 2501 1624 exterior,
2524 1557 2574 1612 ei
2605 1557 2867 1625 vicissim,
2894 1572 3054 1628 quem
3093 1556 3231 1611 intra
3270 1570 3329 1613 se
3373 1556 3593 1625 habeat,
3624 1562 3844 1613 maneat

2239 1665 2395 1721 aeque
2422 1664 2639 1720 semper
2668 1648 2913 1704 interior.
2944 1646 3072 1704 Haec
3101 1647 3319 1719 quidem
3341 1664 3536 1705 sensus
3566 1649 3847 1705 hominum

606 1745 681 1802 dit
739 1745 827 1814 qui
879 1741 1106 1797 humana
1149 1740 1392 1793 adversus
1448 1735 1591 1790 illam
1640 1732 1838 1788 ratione
1880 1730 2131 1785 nituntur.

2247 1759 2349 1800 non
2379 1752 2763 1814 consequetur,
2791 1756 2892 1798 nec
2917 1741 3223 1812 exemplum
3248 1741 3469 1813 aliquod
3506 1742 3669 1798 rebus
3709 1742 3853 1798 divi.

628 1838 701 1893 Ac
726 1838 893 1912 primo
935 1836 1137 1909 quidem
1166 1833 1273 1888 ha3c
1296 1828 1424 1886 Filii
1448 1828 1618 1895 verba,
1650 1825 1766 1898 Ego
1789 1823 1841 1879 in
1869 1822 2055 1891 Patre,
2080 1830 2136 1877 et

603 1932 762 1989 Pater
807 1931 861 1985 in
907 1944 1015 1997 tne,
1045 1928 1130 1982 ubi
1169 1942 1343 1981 sensus
1393 1921 1606 1977 humani
1654 1927 1860 1991 captum
1888 1930 2136 1987 superare

604 2021 990 2089 demonstrauit,
1046 2036 1110 2074 e1:
1158 2019 1272 2090 ipsa
1324 2014 1717 2084 Scripturarum
1771 2011 1835 2064 de
1885 2005 2043 2060 Patre
2085 2016 2134 2060 et

619 2116 754 2173 Filio
785 2116 1016 2172 doctrina
1074 2112 1359 2168 luculenter
1405 2108 1651 2180 explicat.
1683 2101 1881 2158 Deinde
1913 2118 1977 2157 ea:
2005 2101 2135 2154 mira

615 2226 758 2283 aqua:
794 2210 849 2264 in
890 2209 1064 2263 uinum
1101 2204 1448 2268 conversione,
1494 2210 1543 2256 et
1583 2215 1647 2254 ea;
1676 2198 1896 2268 quinque
1941 2210 2134 2269 panum

609 2302 956 2371 incrementis,
994 2300 1177 2355 evincit
1219 2297 1381 2351 multa
1432 2293 1601 2349 Deum
1647 2282 1815 2363 posse,
1855 2290 1910 2344 in
1955 2288 2135 2361 quibus

614 2396 819 2467 deficiat
845 2396 1085 2450 humanm
1112 2392 1294 2448 mentis
1322 2389 1475 2444 acies.
1501 2386 1634 2442 Tum
1659 2388 1882 2459 affertur
1910 2386 2135 2437 humana

607 2491 760 2555 ratio,
813 2506 913 2560 qua
962 2487 1157 2543 nullam
1190 2501 1253 2539 ea:
1302 2481 1407 2537 Deo
1462 2480 1773 2536 natiuitatem
1824 2494 1934 2533 esse
1989 2493 2139 2550 posse

606 2582 942 2649 contendunt,
976 2580 1247 2651 multisque
1290 2575 1585 2645 exploditur
1623 2592 1636 2627 :
1691 2572 1747 2628 1°
1796 2572 1919 2645 quia
1966 2582 2137 2626 ortum

607 2675 753 2730 habet
800 2691 861 2730 ea:
917 2673 1145 2727 humana
1192 2669 1465 2743 sapientia,
1513 2683 1669 2738 quam
1714 2682 1769 2720 se
1815 2663 2138 2736 perditurum

609 2764 752 2822 Deus
781 2765 1093 2838 propheticis
1120 2770 1167 2817 et
1195 2760 1491 2834 apostolicis
1513 2757 1740 2814 oraculis
1778 2757 2133 2813 declaraverit.

611 2862 669 2917 2°
702 2862 834 2927 Quia
874 2868 1082 2931 praestat
1123 2857 1303 2912 audire
1339 2854 1619 2920 Christum,
1649 2854 1717 2908 ad
1749 2852 1842 2907 hoc
1874 2852 2132 2907 hominem

618 2956 851 3026 factum;
908 2964 961 3006 ut
990 2968 1156 3007 rerum
1187 2951 1474 3003 diuinarum
1507 2947 1649 3002 nobis
1680 2946 1819 3000 testis
1850 2955 1979 3000 esset
2008 2943 2137 3019 (Hic

615 3048 977 3122 expenduntur
1026 3044 1196 3111 verba,
1229 3042 1409 3114 quibus
1447 3040 1838 3112 dispensationis
1866 3054 1973 3094 suae
2012 3056 2139 3111 Opus

2242 1838 2328 1895 nis
2346 1837 2679 1907 comparatio
2706 1835 2938 1891 humana
2964 1835 3276 1905 praestabit:
3304 1835 3402 1891 sed
3430 1835 3572 1905 quod
3594 1834 3853 1891 inintelli-

2239 1931 2406 2003 gibile
2434 1939 2516 1986 est
2562 1928 2789 1997 homini,
2831 1929 2940 1985 Deo
2978 1942 3100 1983 esse
3144 1927 3403 1999 possibile
3448 1937 3551 1983 est.
3584 1927 3695 1984 lloc
3741 1944 3852 1983 non

2239 2039 2270 2079 a
2312 2039 2396 2079 tne
2434 2024 2503 2078 ita
2533 2021 2735 2078 dictum
2750 2023 2839 2087 sit,
2859 2030 2916 2076 ut
2958 2021 3026 2077 ad
3054 2021 3321 2077 rationem
3367 2020 3496 2075 dicti
3525 2019 3597 2092 (e)
3627 2034 3689 2076 ea
3736 2030 3853 2075 tan-
3894 2038 3899 2057 ι

2241 2124 2350 2171 tum
2370 2112 3078 2184 sufficiatauctoritas,quod
3097 2132 3127 2169 a
3150 2116 3257 2170 Deo
3279 2113 3481 2170 dictum
3503 2115 3592 2169 sit.
3620 2113 3855 2183 Cognos-

2240 2206 2468 2262 cendum
2499 2206 2679 2277 itaque
2703 2214 2867 2275 atque
2927 2204 3335 2276 intelligendum
3369 2216 3448 2261 est
3495 2204 3621 2275 quid
3648 2203 3759 2276 50
3782 2207 3857 2259 sit

2240 2300 2372 2356 illttd
2400 2317 2412 2354 :
2443 2296 2559 2372 Ego
2576 2300 2627 2352 in
2660 2295 2838 2362 Patre,
2864 2308 2910 2352 et
2933 2296 3090 2352 Pater
3115 2300 3298 2366 inme;
3323 2299 3368 2354 si
3397 2306 3576 2355 tamen
3606 2313 3858 2367 compre-

2240 2391 2481 2449 hendere
2534 2390 2637 2447 hoc
2686 2390 2755 2446 ita
2796 2399 2857 2445 ut
2884 2401 2967 2445 est
3015 2390 3347 2446 valebimus:
3401 2402 3461 2446 ut
3489 2390 3631 2463 quod
3662 2399 3856 2446 natura

2238 2499 2417 2541 rerum
2451 2484 2560 2554 pati
2590 2499 2696 2539 non
2724 2496 2884 2554 posse
2914 2484 3275 2551 existimatur,
3300 2483 3355 2539 id
3375 2482 3575 2539 divinae
3609 2482 3859 2540 veritatis

2248 2581 2388 2637 ratio
2417 2588 2802 2650 consequatur.

2310 2675 2366 2729 2.
2425 2673 2641 2746 Cognito
2676 2671 2831 2728 Patre
2860 2682 2906 2729 et
2936 2670 3076 2727 Filio
3092 2676 3249 2747 juxta
3271 2672 3575 2743 Scripturas
3600 2713 3615 2738 ,
3646 2670 3861 2743 [acilius

2238 2769 2371 2824 illud
2394 2768 2690 2839 percipitur.
2717 2767 2856 2835 Quid
2884 2765 3061 2823 Pater.
3084 2796 3152 2806 —
3173 2768 3350 2837 Atque
3374 2774 3432 2820 ιιι
3453 2764 3664 2820 facilius
3694 2764 3862 2819 intel-

2241 2861 2514 2933 ligentiam
2547 2860 2885 2916 difficillima:
2910 2861 3065 2915 istius
3095 2860 3409 2931 qutestionis
3440 2858 3702 2930 consequi
3731 2873 3864 2928 pos-

2241 2956 2431 3021 simus,
2461 2955 2607 3026 prius
2637 2954 2852 3011 Patrem
2898 2963 2952 3010 et
2991 2953 3188 3009 Filium
3215 2952 3514 3009 secundum
3544 2951 3857 3006 divinarum

2250 3046 2652 3118 Scripturarum
2680 3046 2979 3103 doctrinam
3009 3045 3262 3118 cognosci
3292 3061 3323 3101 a
3351 3044 3507 3101 nobis
3538 3053 3768 3115 oportet,
3794 3049 3859 3099 ut

610 3152 656 3198 et
693 3142 910 3213 Ofﬁcium
946 3138 1204 3211 exposuit,
1238 3153 1299 3190 αε
1338 3152 1512 3190 verum
1559 3149 1624 3190 εστ
1660 3133 1772 3188 θεο
1819 3134 2133 3189 nativitatem
2162 3128 2208 3192 C
2240 3141 2308 3198 de
2361 3142 2593 3213 cognitis
2640 3157 2703 3197 ac
2757 3140 3113 3197 familiaribus
3174 3140 3474 3197 absolutior
3529 3153 3709 3195 sermo
3762 3138 3855 3192 sit.

612 3249 757 3288 suam
801 3231 974 3287 multis
1014 3228 1331 3302 argumentis
1361 3235 1597 3282 testatum
1627 3222 1791 3297 fecit).
1825 3225 1883 3280 '5"
1914 3225 2051 3293 Quia
2076 3242 2139 3281 ne

615 3324 1036 3398 conspicabilium
1065 3322 1266 3393 quidem
1298 3319 1489 3373 Christi
1519 3326 1799 3390 gestorum,
1831 3318 1973 3372 illius
2002 3333 2052 3373 υ.
2083 3336 2136 3391 g.

613 3417 681 3472 ad
711 3417 988 3489 discipulos
1026 3413 1203 3486 januis
1231 3413 1421 3467 clausis
1462 3412 1720 3483 ingressu,
1749 3408 2138 3482 intelligentiam

618 3509 952 3578 assequimur.
990 3504 1055 3559 4"
1087 3504 1316 3575 Denique
1363 3503 1485 3573 quia
1510 3518 1568 3556 ea
1591 3511 1666 3556 est
1694 3500 1877 3556 mentis
1903 3503 2142 3556 humanae

625 3611 831 3669 natura,
863 3609 914 3654 ut
958 3616 1075 3653 cum
1114 3609 1284 3654 creata
1328 3597 1694 3669 etimperfecta
1737 3594 1826 3662 sit,
1872 3595 2141 3664 concipere

615 3710 719 3750 non
746 3693 909 3748 ualeat
935 3691 1210 3763 perfectum
1231 3700 1279 3746 et
1321 3689 1615 3744 Creatorem
1653 3704 1827 3742 suum.
1867 3687 2139 3742 Postremo

617 3787 865 3842 laudatur
892 3786 1095 3857 sapiens
1121 3784 1342 3838 stultitia
1368 3782 1619 3852 fidelium,
1649 3781 1738 3852 qui
1767 3779 1865 3835 sibi
1905 3780 2141 3851 difﬁdunt

614 3891 668 3937 ut
696 3881 805 3937 Deo
842 3879 1072 3946 credant,
1113 3892 1204 3933 nec
1239 3876 1416 3931 divina
1446 3891 1508 3929 ea:
1548 3874 1774 3946 propria:
1806 3874 2022 3929 rationis
2050 3877 2138 3929 in-

618 4042 799 4119 (ιλιη
846 4058 966 4119 ms._
1002 4040 1153 4108 volet,
1199 4036 1295 4095 sed
1335 4034 1546 4104 eadem,
1592 4044 1650 4091 ut
1677 4035 1908 4103 videtur,
1951 4052 2142 4094 manus

548 4114 756 4175 addidit
774 4114 1007 4203 voluerit.

628 4277 703 4352 (a)
720 4277 793 4361 .ln
809 4277 1019 4333 duobus
1036 4287 1165 4329 mss.
1185 4271 1336 4328 Colb.
1349 4312 1363 4339 ,
1382 4268 1594 4336 Germ.,
1614 4268 1804 4336 Corb.,
1825 4268 1967 4323 Prat.
1980 4309 1994 4335 ,
2017 4277 2148 4335 etc.,

553 4362 803 4493 aztfbiuln
861 4433 962 4473 ms.
1013 4412 1432 4484 Silvae-majoris
1482 4410 1698 4466 additur
1751 4409 1868 4478 hic,
1918 4410 2148 4466 adoran-

558 4495 1011 4633 dulcistdddimns
1040 4557 1124 4612 ltic
1153 4572 1214 4611 ac
1251 4552 1784 4633 statumauetoritate
1824 4553 2152 4633 mss..Tel_l_._,

561 4624 714 4691 Collt'.
744 4648 807 4687 ac
851 4632 1079 4688 Snrbon.
1116 4632 1290 4683 Status
1318 4628 1536 4681 nomine
1579 4625 1935 4679 substantiam
1963 4624 2156 4680 intelli-

562 4711 636 4776 git
662 4703 1025 4761 Tertullianus
1050 4711 1236 4757 contra
1262 4701 1518 4776 Praxcatn
1542 4697 1670 4776 ιι.
1696 4697 1783 4751 ubi
1808 4695 1875 4751 de
1895 4695 2158 4776 T_rinitate

561 4768 663 4833 itit:
698 4776 821 4831 Tres
862 4783 1030 4829 autem
1077 4789 1177 4826 non
1205 4781 1361 4834 statu,
1385 4771 1473 4824 sed
1503 4768 1667 4839 gradu
1690 4784 1709 4821 :
1740 4781 1793 4822 et
1828 4768 1987 4836 paulo
2014 4776 2156 4839 post,

564 4849 715 4902 unius
744 4857 909 4901 autem
938 4845 1255 4907 substantite,
1287 4842 1438 4895 unius
1464 4852 1648 4904 status,
1674 4841 1826 4893 unius
1866 4840 2155 4907 potestatis.

568 4923 636 4975 At
665 4920 749 4972 hic
790 4918 965 4988 potius
1003 4914 1266 4970 oxistendi
1323 4913 1583 4988 rationem
1633 4926 1697 4965 ac
1724 4913 1912 4988 _situm_
1940 4921 2151 4988 _,sonat.

566 4990 687 5045 Mox
712 4982 933 5045 verbum
964 4989 1244 5049 continens,
1274 4984 1479 5054 regitur
1503 4998 1533 5037 a
1556 4983 1835 5051 superiore
1864 4982 2086 5035 videtur.

641 5081 718 5153 (ά)
737 5080 871 5153 Tres
893 5094 1022 5153 mss.
1039 5076 1391 5153 recentiores,
1414 5085 1561 5145 atque
1573 5084 1715 5129 extra
1736 5084 1971 5153 maneat:
1998 5074 2160 5153 male.

572 5143 683 5207 llo‘c
703 5143 854 5204 'oniin
883 5148 985 5202 sibi
1032 5149 1144 5201 vult
1169 5165 1181 5199 :
1210 5147 1422 5202 videtur
1446 5143 1553 5199 non
1589 5159 1747 5216 posse
1775 5143 1938 5208 effici.
1982 5154 2041 5200 ut
2069 5147 2159 5215 qui

574 5222 719 5277 aliud
769 5230 904 5275 intra
934 5234 992 5272 so
1023 5218 1199 5283 habet,
1228 5217 1368 5287 quod
1408 5230 1623 5286 semper
1652 5217 1731 5270 sic
1771 5226 1982 5272 maneat
2018 5216 2159 5271 intra

577 5310 655 5358 se,
689 5308 787 5346 nec
832 5299 1026 5343 stztlttttt
1072 5289 1364 5359 tttttlet,_ila
1402 5289 1478 5359 sit
1517 5288 1753 5341 exterior
1772 5287 1825 5342 ei
1867 5287 1968 5357 rei,
1996 5302 2157 5359 quam

576 5357 713 5416 intra
738 5378 797 5416 se
834 5361 989 5414 habet
1022 5369 1076 5415 ul
1104 5360 1150 5414 ei
1178 5357 1411 5413 vicissim
1439 5357 1508 5411 sit
1534 5359 1776 5412 interior.

651 5432 720 5505 (e)
754 5432 807 5487 ltt
835 5432 1042 5505 duobus
1067 5446 1196 5486 tuss.
1226 5445 1286 5505 ea
1308 5440 1490 5484 tamen.
1520 5426 1577 5505 l_n
1606 5428 1724 5483 aliis
1755 5427 1926 5488 libris.
1952 5448 2013 5484 ea
2044 5440 2158 5485 tan-

579 5498 681 5557 tum
704 5498 725 5558 ζ·
753 5503 893 5574 quod
924 5501 1371 5574 subsequentibus
1406 5498 1584 5574 magis
1601 5508 2021 5574 consentaneum
2050 5512 2154 5556 est.

580 5577 701 5631 llaec
723 5572 790 5630 ab
822 5575 1020 5629 llilario
1044 5572 1278 5645 prESsius
1294 5572 1457 5645 dicta,
1486 5572 1654 5645 fusius
1676 5572 1925 5645 edisserit
1947 5572 2160 5644 Augus-

572 5642 1137 5716 tinusepist.cxx.ubi
1166 5643 1540 5716 Consentium,
1571 5642 1692 5716 fidei
1724 5652 1928 5709 totum,
1957 5642 2154 5716 rationi

571 5717 707 5775 nihil
736 5714 1120 5775 concedentem
1154 5731 1258 5772 non
1287 5714 1547 5786 probans,
1576 5714 1652 5769 ait
1676 5729 1827 5770 num.
1858 5717 1892 5771 4
1925 5732 1937 5771 :
1972 5715 2153 5771 Monet

2249 3234 2547 3290 Aiternitas
2619 3233 2817 3302 Patris,
2884 3243 2942 3288 ut
3024 3234 3163 3289 libro
3233 3235 3509 3289 anteriore
3590 3231 3857 3287 tractavi-

2244 3340 2386 3389 mus,
2429 3322 2511 3396 (2)
2568 3322 2641 3396 (ι’)
2690 3325 2877 3394 locos,
2911 3336 3175 3395 tempora.
3223 3326 3479 3395 speciem,
3516 3332 3572 3381 et
3597 3323 3862 3395 quidquid

2244 3418 2375 3474 illud
2425 3417 2661 3473 humano
2706 3433 2869 3474 sensu
2918 3418 3132 3489 concipi
3176 3424 3399 3487 poterit,
3442 3416 3673 3474 excedit.
3736 3414 3860 3487 Ipse

2244 3521 2397 3566 extra
2429 3511 2609 3565 omnia
2646 3520 2700 3566 et
2730 3510 2784 3564 in
2824 3510 3099 3572 omnibus,
3141 3510 3361 3580 capiens
3407 3510 3657 3564 universa
3685 3516 3738 3562 et
3767 3522 3861 3562 ca-

2247 3602 2475 3674 piendus
2501 3618 2530 3657 a
2558 3601 2795 3670 nemine,
2827 3617 2936 3657 non
2965 3616 3185 3657 accessu
3215 3602 3514 3659 decessuve
3534 3599 3809 3657 mutabilis
3835 3616 3853 3666 ;

2247 3695 2341 3751 sed
2377 3694 2664 3749 invisibilis
2700 3704 2804 3762 est,
2846 3694 3435 3765 incomprehensibilis,
3485 3695 3699 3768 plenus,
3730 3708 3858 3765 per-

2249 3788 2446 3856 fectus,
2496 3797 2755 3855 aeternus,
2787 3787 2865 3858 (g)
2908 3802 3017 3842 non
3050 3786 3266 3843 aliunde
3299 3787 3428 3859 quid
3477 3802 3718 3856 sumens,
3760 3785 3859 3844 sed

2251 3878 2318 3936 ad
2341 3879 2392 3935 id
2424 3879 2567 3952 quod
2594 3880 2669 3936 ita
2697 3888 2880 3937 manet
2905 3880 3010 3937 sibi
3038 3880 3160 3953 ipse
3185 3881 3482 3939 sufficiens.

2323 4041 2403 4116 (2)
2432 4042 2647 4099 Locum.

2258 4267 2527 4339 apostolus
2581 4266 2769 4323 Petrus
2818 4276 3023 4337 paratos
3050 4285 3143 4324 nos
3179 4285 3288 4325 esse
3340 4270 3520 4327 debere
3546 4270 3617 4341 ad
3642 4284 3862 4341 respon-

2258 4342 2451 4413 sionem
2471 4342 2607 4413 omni
2627 4343 2857 4413 poscenti
2885 4358 2977 4395 nos
3004 4343 3252 4397 rationem
3274 4343 3338 4396 de
3351 4343 3455 4413 ﬁde
3474 4353 3523 4413 et
3546 4339 3635 4413 ipe
3657 4339 3857 4397 nostra.

2261 4410 2329 4466 Et
2350 4427 2497 4466 num.
2528 4412 2596 4465 ὅτ
2625 4410 2769 4464 Absit
2805 4429 3040 4479 namque.
3066 4423 3121 4467 ut
3149 4414 3243 4468 hoc
3258 4415 3312 4467 in
3337 4410 3480 4468 nobis
3499 4410 3639 4468 Deus
3665 4414 3857 4482 oderit,

2180 4482 2311 4545 Din
2340 4500 2441 4552 quo
2480 4499 2573 4536 nos
2610 4483 2821 4553 reliquis
2850 4486 3194 4539 animantibus
3232 4484 3615 4540 excellentiores
3642 4487 3855 4541 creavit.

2259 4554 2465 4622 Quibus
2510 4554 2737 4622 aliisque
2766 4553 3039 4626 Consentii
3068 4572 3307 4612 errorem
3347 4558 3586 4626 depellit,
3622 4557 3860 4626 fideique

2260 4626 2692 4696 intelligentiam,
2716 4625 2785 4678 ad
2814 4643 2966 4696 quam
2994 4629 3126 4682 ratio
3151 4643 3270 4681 vera
3300 4625 3552 4697 perducit,
3585 4628 3713 4698 ﬁdes
3738 4625 3861 4682 ani-

2261 4713 2401 4751 mum
2423 4707 2702 4768 prwparat,
2733 4702 3144 4767 prtrpunendattt
3168 4701 3344 4763 docet,
3374 4716 3430 4753 ιι.
3455 4699 3489 4754 6
3510 4710 3562 4754 et
3583 4702 3639 4764 8,
3667 4714 3860 4767 quam-

2261 4769 2348 4823 vis
2402 4778 2577 4823 tamen
2610 4768 2930 4823 rationabile
2972 4781 3298 4838 praeceptum
3331 4769 3421 4837 sit,
3453 4780 3509 4823 ut
3556 4772 3625 4822 ad
3668 4787 3858 4841 magna

2262 4841 2520 4913 quantum2
2550 4854 2666 4909 qua:
2688 4841 2803 4909 capi
2829 4841 3054 4895 nondum
3080 4851 3313 4913 possunt,
3342 4844 3469 4911 [ides
3489 4843 3743 4911 pra-cedat
3772 4858 3859 4895 ra-

2261 4913 2471 4965 tionem.
2504 4910 2650 4977 lnto,
2684 4913 2873 4980 inquit,
2907 4928 2962 4966 ιι.
2998 4915 3032 4967 5
3055 4910 3167 4967 τ’δὶ
3206 4912 3309 4967 hoc
3338 4910 3658 4982 prteceptum
3700 4914 3858 4967 ratio-

2266 4984 2435 5036 nabile
2461 4991 2556 5048 est,
2591 4982 2941 5051 proculdubio
2965 4984 3427 5054 quantulacumque
3453 4986 3605 5046 ratio,
3628 4998 3742 5053 quea
3759 4985 3860 5038 hoc

2267 5053 2559 5124 persuadet,
2584 5054 2737 5107 etiam
2772 5055 2887 5124 ipsa
2915 5056 3165 5108 antecedit
3202 5053 3376 5124 ﬁdem.
3408 5054 3593 5109 Fidem
3622 5059 3765 5108 enim
3790 5070 3857 5111 ea

2266 5126 2521 5194 prtet‘cdtt
2550 5126 2706 5197 ratio,
2741 5124 2850 5178 Deo
2879 5127 2997 5179 scil.
3029 5128 3120 5195 qui
3154 5142 3253 5180 nec
3283 5127 3390 5182 falli
3422 5142 3521 5181 nec
3550 5127 3732 5182 fallere
3752 5142 3857 5197 por

2267 5206 2390 5258 test,
2423 5195 2752 5250 credendum
2781 5210 2921 5251 esse.
2961 5197 3108 5251 Hanc
3136 5197 3375 5265 regulam
3406 5199 3457 5252 in
3487 5195 3856 5252 omnibus—se-

2264 5278 2418 5322 cutus
2455 5278 2539 5321 est
2567 5265 2821 5329 llilarins,
2867 5267 3043 5336 primo
3075 5269 3164 5323 Dei
3203 5269 3361 5323 dictis
3387 5269 3690 5323 firmissime
3728 5278 3858 5324 cre-

2265 5337 2421 5400 dens,
2448 5354 2512 5392 ac
2539 5347 2648 5390 tum
2670 5336 2792 5391 fidei
2817 5352 2929 5392 suae
2947 5339 3208 5395 rationem
3235 5340 3461 5396 reddere
3481 5355 3587 5395 non
3610 5348 3858 5395 eontemo

2266 5425 2420 5463 nens.
2459 5409 2665 5463 Videsis
2686 5408 2778 5462 lib.
2807 5425 2921 5475 vut,
2951 5426 3098 5466 num.
3124 5426 3163 5476 t,
3191 5419 3296 5465 etc.

2341 5501 2408 5575 (n
2446 5503 2619 5568 Editi,
2663 5504 2829 5559 locum
2850 5523 2869 5577 :_
2910 5505 3332 5577 repugnantibus
3378 5522 3510 5563 mss.
3569 5506 3660 5564 Sic
3696 5516 3752 5562 et
3799 5506 3856 5562 in

2264 5578 2400 5643 psal.
2432 5590 2697 5643 cxxxvtn,
2726 5594 2781 5633 ιι.
2813 5575 2905 5646 l8,
2936 5575 3112 5635 Patris
3141 5586 3329 5633 natura
3360 5578 3557 5635 dicitur
3586 5580 3724 5633 ultra
3744 5594 3859 5632 ont-

2267 5661 2354 5700 nes
2381 5647 2518 5701 locos
2546 5661 2690 5707 esse.

2334 5715 2411 5788 (9)
2441 5718 2519 5773 lla
2547 5733 2677 5775 mss.
2709 5720 2778 5774 Ᾱι
2803 5720 2952 5788 editi,
2986 5736 3086 5777 nou
3114 5721 3329 5778 aliunde
3364 5723 3501 5792 quod
3519 5730 3593 5780 est
3622 5736 3850 5779 sumens.
