4118 6186
536 269 606 326 19
1740 262 1987 321 SANCTI
2040 264 2102 320 ΙΙΙ

2211 263 2297 320 tut
2314 228 2327 253 ““
2352 265 2657 323 EPISCOPI
3770 271 3839 327 so

534 391 720 445 vinum
751 389 984 444 infusum
1014 387 1383 449 arbitrantur;
1416 393 1650 457 tempus,
1683 383 1827 454 quod
1872 384 1922 438 in
1951 383 2129 459 medio
2156 386 2210 447 Α
2237 382 2485 439 humanae
2513 399 2778 453 errorem,
2814 394 2866 441 et
2910 388 3091 443 sciens
3134 403 3199 442 eo
3253 403 3422 459 usque
3468 387 3837 442 infidelitatem

534 494 639 551 est,
677 483 755 556 (l)
789 481 865 556 (a)
916 498 1021 537 non
1052 479 1267 551 proficit
1296 490 1356 534 ut
1394 479 1619 549 liquoris
1647 489 1836 534 natura
1865 486 1919 534 et
1946 494 2135 533 nasca-

534 588 624 633 tttr
644 587 699 632 et
727 583 932 646 pereat.
966 574 1126 629 Ratio
1162 571 1286 627 facti
1310 580 1365 627 et
1395 572 1567 626 visunt
1611 572 1899 627 frustratur
1928 582 1983 626 et
2011 588 2134 626 sen-

532 686 692 727 sum:
730 671 899 724 virlus
947 675 1126 722 tamen
1175 665 1269 721 Dei
1298 664 1353 720 in
1392 663 1477 719 his
1516 679 1636 734 qua:
1667 673 1793 718 sunt
1835 673 1986 733 gesta
2011 677 2135 718 seu-

534 765 684 819 titur.

604 855 711 929 53
738 854 791 909 6.
821 853 923 907 Aut
953 852 1205 920 quomodo
1246 850 1467 922 quinque
1510 866 1667 921 panes
1700 849 2031 905 excreverint.
2060 878 2132 889 —

529 947 637 1003 Sed
660 958 715 1003 et
743 946 811 1001 de
836 947 1073 1017 quinque
1102 943 1328 1014 panibus
1365 959 1471 998 non
1502 942 1780 998 dissimilis
1802 941 1924 997 faeti
1954 941 2128 997 admi-

526 1040 666 1095 ratio
684 1048 770 1095 est
800 1038 1018 1111 (Matth.
1052 1053 1167 1105 xw,
1193 1037 1307 1110 ti).
1340 1037 1695 1093 lncrementis
1726 1052 1934 1100 eorum,
1968 1036 2128 1103 quin-

526 1147 633 1202 que
655 1132 883 1186 millium
909 1131 1146 1186 virorum
1176 1138 1232 1185 et
1261 1128 1733 1186 innumerabilium
1758 1129 2043 1185 mulierum
2066 1144 2131 1184 ac

525 1241 815 1296 puerorum
846 1226 1015 1281 fames
1040 1226 1272 1280 vincitur
1296 1242 1310 1279 :
1339 1224 1470 1294 fugit
1494 1224 1684 1280 oculos
1713 1239 1906 1280 sensus
1935 1225 2123 1291 nostri,

526 1322 710 1393 operis
759 1319 1136 1391 intelligentia.
1192 1321 1442 1390 Quinque
1491 1333 1657 1389 panes
1718 1317 2020 1373 offeruntur
2074 1324 2130 1372 ct

522 1415 862 1487 franguntur,
893 1414 1195 1485 subrepunt
1220 1413 1684 1485 prazfringentinm
1712 1413 1962 1468 manibus
1982 1426 2129 1483 qua:-

521 1508 647 1563 dam
692 1506 1114 1578 fragmentorum
1159 1506 1591 1576 procreationes.
1632 1503 1749 1559 Non
1794 1504 2128 1559 imminuitur

520 1600 665 1658 unde
702 1598 1097 1670 praefringitur;
1146 1607 1200 1652 et
1243 1608 1419 1651 tamen
1470 1612 1686 1665 semper
1730 1595 2127 1667 prtefringentis

521 1706 738 1747 manum
780 1689 1082 1759 fragmenta
1129 1697 1415 1758 occupant.
1467 1687 1685 1743 Fallunt
1728 1696 2000 1744 momenta
2044 1688 2124 1743 vi-

2241 485 2615 546 prornpturam
2666 492 2809 543 esse,
2865 488 2922 533 ut
2966 479 3068 534 sibi
3115 478 3183 535 de
3220 479 3315 536 Dei
3364 480 3526 535 rebus
3579 480 3837 549 judicium

2240 577 2611 637 prmsumeret,
2669 568 2947 624 audaciam
2995 578 3234 625 nOslI‘nttt
3287 586 3499 638 earum,
3535 571 3605 627 de
3649 572 3840 643 quibus

2236 661 2617 733 ambigeretur,
2655 679 2835 718 rerum
2861 666 2987 719 vicit
3011 664 3294 735 exemplis.

2308 755 2361 810 8.
2397 753 2645 810 Humana
2683 758 2815 812 ratio
2841 770 3018 812 contra
3047 760 3425 830 generationem
3456 757 3553 813 Dei
3595 759 3839 830 reproba-

2237 858 2337 902 tur.
2362 877 2433 888 —
2459 848 2595 905 Sunt
2633 851 2773 905 enim
2817 851 2999 921 plures
3036 851 3220 908 saeculi
3259 852 3574 925 prudentes,
3608 868 3837 924 quorum

2235 941 2522 1012 prudentia
2554 942 2667 997 Deo
2712 943 2943 998 stultitia
2986 953 3088 1009 est,
3131 944 3218 1015 qui
3252 962 3374 999 cum
3415 944 3638 1000 audiunt
3670 945 3837 1001 Deum
3874 934 3883 942 ”

2235 1049 2301 1090 ex
2336 1036 2468 1101 Deo,
2519 1051 2706 1090 verum
2749 1051 2779 1089 a
2824 1051 2973 1098 vero.
3027 1036 3322 1106 perfectum
3357 1034 3467 1110 54
3505 1052 3533 1090 a
3577 1036 3837 1107 perfecto,

2236 1142 2401 1182 unum
2428 1129 2497 1182 ab
2525 1144 2631 1182 uno
2663 1141 2845 1183 natum
2874 1142 3018 1194 esse,
3050 1138 3320 1201 tamquam
3353 1129 3703 1199 impossibilia
3738 1148 3837 1186 no-
3918 1178 3923 1185 .

2234 1222 2319 1277 bis
2373 1222 2788 1292 praedicantibus
2856 1223 3263 1291 contradicunt,
3327 1223 3648 1295 quibusdam
3710 1239 3835 1281 sen-

2235 1315 2522 1370 tentiarum
2574 1314 2984 1370 collectionibus
3028 1315 3377 1381 inluerentes,
3423 1330 3546 1371 cum
3601 1315 3836 1373 dicunt:

2240 1428 2258 1460 σ
2293 1408 2449 1465 Nasci
2482 1409 2615 1464 nihil
2654 1408 2825 1479 potuit
2865 1410 2934 1464 ab
2984 1424 3112 1474 uno,
3143 1409 3266 1480 quia
3304 1410 3482 1465 omnis
3510 1424 3575 1466 ex
3628 1409 3838 1466 duobus

2235 1501 2485 1557 nativitas
2508 1512 2609 1557 cst.
2640 1501 2757 1557 Jam
2786 1503 2829 1555 si
2852 1502 2922 1557 ab
2955 1518 3062 1557 uno
3090 1512 3246 1558 natus
3278 1502 3363 1558 hic
3400 1503 3543 1559 filius
3577 1514 3681 1569 est,
3708 1519 3835 1575 par-

2235 1602 2342 1649 tem
2363 1593 2480 1663 ejus
2510 1594 2600 1664 qui
2628 1598 2815 1665 genuit
2854 1595 3100 1665 accepit:
3134 1604 3189 1649 et
3213 1596 3257 1650 si
3298 1609 3444 1666 pars,
3485 1585 3675 1651 neuter
3703 1612 3835 1668 ergo

2232 1685 2500 1755 perfecms
2525 1695 2640 1751 est;
2683 1685 2834 1742 deest
2857 1687 2999 1742 enim
3033 1690 3081 1742 ei
3124 1687 3267 1743 unde
3291 1687 3555 1743 decessit:
3586 1704 3686 1744 nec
3716 1689 3832 1759 plc-

515 1798 633 1840 sum
661 1800 676 1850 ;
709 1782 838 1837 dum
869 1781 1081 1851 plenam
1106 1781 1424 1852 fragmentis
1451 1795 1666 1835 manum
1695 1780 1959 1852 sequeris,
1988 1779 2125 1837 alte-
2151 1784 2200 1845 B
2230 1774 2418 1830 nitudo
2450 1775 2503 1830 in
2531 1790 2596 1832 eo
2620 1777 2745 1843 erit,
2773 1776 2864 1848 qui
2890 1792 2954 1832 ex
2984 1778 3233 1849 portione
3261 1780 3566 1834 constiterit
3598 1798 3611 1834 :
3641 1790 3835 1836 neuter

515 1893 629 1933 ram
661 1877 780 1932 sine
810 1875 1008 1930 damno
1043 1875 1308 1945 portionis
1339 1889 1452 1929 suae
1485 1876 1798 1943 conlueris;
1831 1875 1972 1929 inter
2005 1874 2121 1955 haec

511 1972 938 2043 fragmentorum
997 1969 1246 2026 cumulus
1293 1978 1539 2039 augetur.
1589 1967 2009 2039 Prtnfringentcs
2062 1968 2117 2023 in

513 2066 816 2121 ministerio
836 2072 979 2131 sunt,
994 2062 1218 2119 edentes
1238 2063 1288 2116 in
1308 2061 1521 2132 negotio
1539 2068 1687 2125 sunt,
1709 2062 2010 2115 esurientes
2031 2074 2118 2114 sa-

510 2159 614 2213 turi
642 2167 788 2222 sunt,
811 2155 1100 2211 duodecim
1138 2153 1403 2223 cophinos
1450 2152 1664 2222 replent
1703 2151 1964 2222 reliquiae.
1992 2150 2112 2206 Non

507 2265 724 2317 sensus,
777 2265 882 2305 non
936 2249 1083 2304 visus
1132 2234 1525 2321 profectnm(b)
1577 2253 1686 2300 tant
1732 2243 2113 2314 conspicabilis

508 2344 838 2417 operationis
877 2340 1203 2412 assequitur.
1239 2340 1337 2395 Est
1377 2340 1519 2411 quod
1565 2356 1671 2394 non
1719 2328 1857 2404 erat,
1899 2338 2113 2394 videtur

507 2439 651 2512 quod
679 2455 788 2495 non
817 2437 1133 2509 intelligitur
1164 2453 1177 2490 :
1204 2435 1377 2491 solum
1404 2441 1650 2505 superest
1680 2442 1738 2489 ut.
1768 2434 1909 2490 Deus
1928 2434 2107 2489 omnia

505 2547 666 2603 posse
692 2530 967 2587 credatur.

578 2625 633 2679 7.
666 2622 792 2678 Iliec
822 2638 924 2676 non
967 2622 1047 2676 sui
1084 2636 1244 2676 causa
1283 2620 1383 2693 egit
1425 2618 1682 2684 Christus,
1720 2617 1809 2673 sed
1838 2626 1895 2672 ut
1922 2618 2108 2673 Imma-

503 2733 628 2771 num
664 2716 728 2770 de
769 2714 867 2770 Dei
908 2712 1056 2767 rebus
1086 2711 1364 2785 judicandi
1394 2713 1650 2779 pruritum
1699 2710 2010 2765 retunderet.
2036 2740 2106 2749 —

501 2806 620 2863 Non
665 2806 865 2860 habent
911 2804 1092 2874 itaque
1128 2802 1304 2857 divina
1345 2802 1728 2868 adulationem,
1775 2816 1876 2856 nec
1920 2801 2105 2857 subest

503 2898 618 2953 Deo
643 2896 709 2951 ad
743 2893 1064 2966 placendum
1095 2893 1499 2962 fallendumque
1525 2893 1821 2948 simulatio.
1858 2893 1984 2949 ilice
2008 2893 2103 2947 ftlii

501 2988 595 3043 Dei
623 3001 787 3058 opera
815 3000 921 3040 non
945 2986 1013 3040 de
1038 2984 1315 3056 jactantia:
1343 2984 1521 3039 studio
1545 2995 1672 3040 sunt
1692 2984 1930 3055 profecta
1960 3001 1973 3038 :
2005 3001 2099 3041 ne-

498 3096 605 3151 que
631 3078 774 3135 enim
802 3078 915 3143 ille,
946 3079 1031 3133 cui
1061 3077 1468 3133 innumerabilia
1495 3078 1661 3132 millia
1689 3078 1912 3133 millium
1937 3094 2099 3150 ange-

2226 1882 2356 1938 ergo
2397 1867 2668 1938 perfectus
2715 1880 2820 1935 est,
2862 1885 2982 1925 cum
3037 1870 3422 1939 plenitudinem
3464 1886 3613 1926 suam
3657 1884 3713 1927 et
3739 1873 3832 1944 qui

2223 1961 2471 2029 genuerit
2516 1961 2748 2027 amittat,
2793 1976 2893 2016 nec
2938 1961 3027 2030 qui
3073 1971 3228 2016 natus
3264 1971 3347 2017 est
3390 1976 3773 2034 consequatur.
3803 1983 3822 2016 ι

2222 2054 2373 2110 Hanc
2401 2055 2586 2110 mundi
2629 2056 2951 2126 sapientiam
2983 2056 3144 2110 etiam
3178 2072 3272 2125 per
3305 2058 3619 2125 prOphetam
3652 2058 3830 2128 provi-

2220 2146 2357 2203 dens
2388 2148 2551 2217 Deus,
2584 2150 2656 2203 ita
2689 2148 2929 2213 damnat,
2975 2147 3165 2204 dicens
3196 2165 3208 2201 :
3243 2147 3469 2203 Pet-dam
3517 2151 3827 2218 sapientiam

2218 2243 2528 2313 sapientium
2557 2283 2570 2308 ,
2613 2241 2757 2312 ct(e)
2806 2241 3119 2296 intellectum
3169 2242 3498 2311 prudentium
3543 2242 3825 2314 reprobabo

2218 2330 2368 2403 (Esa.
2399 2348 2548 2397 XXIX,
2577 2329 2689 2400 14).
2716 2332 2845 2388 Item
2870 2331 2923 2387 in
2946 2332 3243 2402 Apostolo:
3277 2331 3376 2388 Ubi
3393 2342 3467 2387 est
3489 2334 3713 2405 sapiens,
3738 2336 3827 2388 ubi

2215 2426 2405 2493 scriba,
2422 2426 2507 2480 ubi
2523 2427 2836 2497 conquisitor
2855 2426 3012 2499 hujus
3037 2426 3252 2481 steculi?
3271 2424 3453 2481 Nonne
3473 2428 3683 2482 stultam
3700 2429 3825 2499 fecit

2215 2515 2356 2572 Deus
2370 2519 2694 2588 prudentiam
2712 2519 2864 2590 hujus
2880 2519 3097 2573 mundi?
3115 2518 3251 2574 Nam
3264 2522 3381 2590 quia
3393 2521 3447 2575 in
3457 2521 3710 2593 sapientia
3721 2521 3824 2577 Dei

2215 2631 2320 2669 non
2364 2617 2598 2686 cognovit
2640 2616 2864 2669 mundus
2903 2632 2993 2686 per
3032 2615 3358 2686 prudentiam
3400 2614 3592 2686 Deum,
3623 2618 3821 2690 placuit

2213 2704 2325 2760 Deo
2356 2723 2445 2776 per
2473 2707 2745 2761 stultitiam
2773 2708 3158 2778 prtedicationis
3187 2710 3354 2764 salvos
3384 2711 3554 2781 facere
3598 2711 3818 2765 credrn-
3856 2758 3859 2769 .

2212 2811 2285 2854 tes
2315 2817 2332 2855 :
2360 2802 2602 2871 quoniam
2630 2798 2804 2855 λιιάωὶ
2835 2802 2983 2871 signa
3012 2811 3204 2870 petunt,
3233 2812 3278 2855 et
3309 2800 3474 2856 (ἐνωεὶ
3503 2804 3815 2873 sapientiam

2209 2903 2446 2964 quierunt
2469 2911 2487 2948 :
2517 2911 2608 2948 nos
2631 2905 2799 2948 autem
2827 2895 3168 2965 prwdicamus
3187 2894 3447 2949 Christum
3476 2896 3810 2966 cruciﬁxum,

2206 2987 2410 3041 Judteis
2439 2988 2644 3059 quidem
2667 2989 2995 3053 scandalum,
3038 2986 3285 3043 Gentibus
3319 2998 3489 3042 autem
3515 2990 3808 3058 stultitiam,

2205 3081 2269 3133 iis
2296 3089 2464 3134 autent
2489 3081 2575 3150 qui
2606 3089 2725 3135 sunt
2760 3081 2942 3144 vocati,
2988 3078 3187 3136 Iudaeis
3232 3091 3386 3152 atque
3415 3079 3608 3137 Grtecis
3634 3082 3814 3139 Chris-

496 3175 674 3229 lorttm
715 3172 978 3239 serviunt,
1009 3170 1255 3227 adulatus
1290 3182 1374 3226 est
1404 3170 1630 3226 homini.
1661 3171 1801 3239 Quid
1830 3172 1972 3228 enim
2000 3187 2095 3227 eo-
2128 3177 2172 3239 ί]
2206 3182 2314 3226 tum
2348 3171 2446 3227 Dei
2486 3174 2723 3227 virtutem
2751 3182 2797 3227 et
2833 3171 2934 3226 Dei
2973 3173 3279 3240 sapientiam
3310 3189 3322 3225 :
3355 3173 3476 3243 quia
3505 3175 3641 3242 quod
3676 3175 3812 3229 stul—

497 3280 617 3320 rum
642 3279 763 3334 qua:
791 3273 973 3319 nostra
1010 3271 1137 3318 sunt
1183 3262 1474 3334 indigebat,
1513 3279 1608 3334 per
1634 3279 1793 3335 quem
1829 3272 1956 3319 sunt
1982 3265 2101 3320 uni-

496 3371 653 3413 versa
681 3372 798 3425 qua:
821 3365 1005 3411 nostra
1025 3356 1189 3411 sunt?
1215 3357 1296 3411 An
1319 3356 1579 3412 honorem
1606 3372 1636 3411 a
1667 3357 1822 3412 nobis
1843 3372 1905 3411 ex
1916 3367 2100 3427 postu-

498 3451 668 3515 labat,
697 3465 841 3506 nunc
870 3465 901 3505 a
927 3464 1119 3506 somno
1143 3450 1393 3521 stnpidis,
1432 3467 1574 3506 nunc
1600 3451 1668 3507 de
1696 3452 1825 3507 luxu
1863 3450 1935 3524 (ε)
1969 3466 2098 3507 noc-

497 3543 628 3599 tium
643 3541 820 3607 fessis,
837 3556 980 3598 nunc
1002 3552 1121 3614 post
1138 3543 1282 3598 rixas
1297 3550 1354 3597 et
1366 3542 1543 3598 caedes
1556 3543 1765 3598 dierum
1789 3544 1927 3599 male
1939 3558 2097 3600 cons-

494 3636 614 3703 ciis,
648 3651 789 3692 nunc
815 3646 937 3707 post
975 3638 1219 3692 convivia
1246 3637 1432 3703 ebriis,
1475 3652 1635 3707 quem
1665 3638 2012 3709 Arcltangeli,
2042 3647 2097 3694 et

494 3729 834 3799 Dominatns,
863 3737 920 3786 et
939 3729 1300 3801 Principatus,
1330 3730 1704 3787 etl’otestates
1730 3732 1848 3788 sine
1877 3748 2090 3801 somno,

490 3825 610 3881 sine
637 3825 1010 3895 occupatione,
1054 3824 1171 3880 sine
1208 3813 1438 3881 crimine
1473 3824 1691 3881 internis
1720 3837 1776 3881 et
1805 3825 2093 3885 indefessis

489 3914 544 3971 in
572 3917 710 3972 caelo
742 3917 962 3972 vocibus
991 3916 1245 3971 laudant:
1276 3926 1331 3972 et
1353 3916 1591 3983 laudant,
1616 3920 1740 3988 quia
1767 3919 1880 3989 ipse
1906 3920 2093 3975 invisi-

489 4006 613 4062 bilis
645 4006 734 4063 Dei
773 4007 948 4078 imago
968 4022 1160 4063 omnes
1177 4007 1261 4080 (ά)
1284 4008 1336 4063 in
1376 4022 1437 4064 se
1472 4009 1758 4076 creaverit,
1790 4010 1982 4066 szecula
2014 4010 2088 4067 fe-
2138 4072 2141 4075 _

488 4100 645 4165 cerit,
688 4097 886 4155 coelum
928 4099 1256 4166 firmaverit,
1303 4109 1446 4154 astra
1496 4099 1841 4167 distinxerit,
1885 4111 2085 4158 terram

488 4189 814 4256 fundaverit,
845 4190 1070 4262 abyssos
1097 4190 1452 4257 demerserit;
1497 4190 1612 4260 ipse
1644 4192 1901 4263 deinceps
1924 4192 2088 4248 homo

488 4292 647 4338 natus
676 4283 767 4348 sit,
811 4290 1043 4338 mortem
1066 4283 1277 4350 vicerit,
1312 4291 1494 4352 portas
1531 4282 1687 4338 inferi
1720 4284 1965 4356 fregerit,
1996 4302 2089 4343 co-

488 4372 760 4429 hteredem
792 4372 892 4428 sibi
918 4373 1125 4442 plebem
1159 4374 1527 4443 acquisiverit,
1543 4390 1759 4429 carnem
1791 4378 1842 4430 iit
1870 4378 2089 4433 aeterni-

489 4465 617 4520 tatis
650 4464 875 4534 gloriam
913 4479 979 4519 ει
1019 4464 1365 4533 corruptione
1396 4465 1747 4523 transtulerit.
1787 4467 1927 4523 Nihil
1958 4485 2087 4542 ergo

2204 3275 2312 3322 tum
2346 3276 2419 3321 est
2448 3266 2567 3329 Dei,
2616 3267 2900 3339 sapientius
2944 3274 3018 3321 est
3048 3265 3339 3320 hominibus
3353 3281 3373 3331 ,'
3414 3267 3622 3336 etquod
3659 3267 3813 3335 inﬁr-

2202 3376 2340 3413 mum
2377 3368 2449 3415 est
2485 3358 2603 3425 Dei,
2639 3360 2822 3431 fortius
2870 3369 2942 3413 est
2995 3358 3283 3413 hominibus
3336 3358 3382 3434 (Ι
3419 3357 3541 3414 Cor.
3575 3376 3614 3425 ι,
3650 3359 3721 3417 ‘20
3759 3370 3810 3416 et

2202 3455 2393 3525 θείη),

2272 3549 2328 3604 9.
2352 3546 2545 3602 Christi
2573 3548 2795 3621 alliciunt
2817 3548 2960 3619 apud
2981 3564 3092 3607 nos.
3115 3577 3188 3588 —
3216 3548 3409 3604 Curam
3428 3563 3557 3618 ergo
3579 3547 3807 3605 humani

2199 3642 2413 3711 generis
2445 3642 2652 3697 habens
2684 3643 2777 3697 Dei
2817 3641 2981 3707 tibus,
3015 3640 3268 3710 primum,
3321 3649 3377 3694 ut
3411 3640 3512 3695 sibi
3553 3639 3809 3696 credere-

2200 3744 2307 3800 tur,
2337 3736 2502 3791 homo
2540 3735 2715 3792 factus
2738 3747 2821 3791 est
2855 3746 2947 3791 :ut
2979 3735 3131 3791 testis
3159 3735 3464 3790 divinarum
3496 3750 3678 3792 rerum
3706 3750 3807 3792 no-

2198 3830 2281 3887 bis
2328 3842 2475 3886 esset
2525 3846 2592 3886 ex
2660 3830 2893 3897 nostris,
2945 3844 3146 3901 perque
3194 3830 3564 3885 inﬁrmitatem
3620 3829 3801 3885 carnis

2201 3923 2369 3978 Deum
2411 3931 2622 3995 patrem
2653 3923 2812 3979 nobis
2853 3922 3157 3978 infirmibus
3187 3933 3244 3979 et
3280 3923 3584 3979 carnalibus
3608 3923 3804 3992 praedi-

2194 4024 2362 4082 caret,
2389 4015 2724 4070 Voluntatem
2757 4016 2810 4069 in
2834 4030 2901 4070 eo
2936 4016 3025 4069 Dei
3047 4014 3215 4084 patris
3241 4013 3506 4081 efficiens,
3536 4024 3594 4069 ut
3624 4013 3797 4069 dicit:

2196 4107 2320 4163 Non
2351 4109 2462 4163 veni
2493 4109 2804 4162 voluntatem
2827 4125 2992 4163 meum
3019 4112 3205 4180 facere,
3238 4106 3325 4162 sed
3352 4108 3662 4164 voluntatem
3684 4109 3798 4178 ejus

2191 4202 2282 4270 qui
2308 4218 2387 4255 nte
2416 4201 2552 4255 misit
2574 4199 2759 4274 (Joan.
2792 4217 2867 4268 v1,
2892 4200 3010 4274 58),
3038 4200 3113 4274 (Ῑ)
3148 4217 3253 4256 non
3279 4200 3421 4272 quod
3450 4200 3585 4256 nolit
3613 4212 3667 4257 et
3698 4203 3792 4259 ille

2191 4294 2335 4364 quod
2377 4294 2569 4361 faciat;
2612 4295 2707 4350 sed
2744 4294 3109 4351 obedientiam
3146 4311 3298 4351 suam
3329 4295 3430 4349 sub
3459 4293 3653 4350 effectu
3689 4310 3791 4366 pa-

2193 4395 2360 4443 terna:
2405 4387 2697 4443 voluntatis
2740 4388 3012 4455 ostendit,
3058 4387 3246 4444 volens
3299 4388 3414 4458 ipse
3458 4387 3791 4442 voluntatem

2190 4477 2366 4534 Patris
2388 4480 2631 4550 explere.
2663 4480 2792 4535 Erat
2818 4488 2998 4536 autem
3036 4481 3152 4536 haec
3172 4477 3472 4536 efﬁcienda:
3502 4480 3793 4536 voluntatis

488 4560 591 4615 isle
618 4561 764 4628 eguit
790 4572 822 4611 a
858 4558 1033 4624 nobis,
1068 4568 1123 4612 ut
1155 4556 1271 4613 huic
1297 4574 1420 4613 eum
1446 4557 1589 4629 apud
1620 4574 1718 4614 nos
1743 4562 2082 4618 incnarrabi-
2111 4570 2164 4631 D
2191 4571 2460 4637 voluntas,
2510 4573 2665 4643 cujus
2700 4573 2824 4642 ipse
2875 4576 3028 4629 testis
3071 4582 3149 4629 est
3176 4574 3360 4629 dicens
3388 4589 3402 4629 :
3427 4571 3605 4637 Pater,
3653 4575 3789 4628 venit

483 4652 554 4707 lia
585 4659 640 4706 et
676 4649 1090 4720 inintelligibilia
1119 4664 1281 4720 opera
1320 4660 1589 4721 tamquam
1618 4661 1863 4723 egentem
1909 4655 2081 4712 laudis

483 4752 763 4800 ornarent.
808 4743 912 4799 Sed
946 4742 1234 4814 providens
1273 4744 1412 4800 Deus
1461 4745 1712 4816 nequitia:
1741 4756 1795 4801 et
1838 4747 2080 4806 stultitim

559 4880 641 5023 (ιζ
673 4878 794 4935 Νοη
817 4881 1034 4952 sufﬁcit,
1060 4880 1294 4936 secunda
1320 4897 1503 4935 manu.
1772 4917 1791 4923 ς

559 4951 617 5023 (2
671 4951 944 5022 Legimus,
990 4964 1047 5007 ut
1076 4953 1218 5020 ﬁlius
1246 4962 1383 5018 tuus,
1424 4961 1481 5007 ut
1521 4953 1573 5007 in
1602 4952 1791 5023 angat

557 4951 639 5024 (2)
671 4951 944 5022 Legimus,
990 4964 1047 5007 ut
1076 4953 1218 5020 ﬁlius
1246 4962 1383 5018 tuus,
1424 4961 1481 5007 ut
1521 4953 1573 5007 in
1602 4952 1827 5024 Vulgata
1868 4970 1930 5012 ac
1960 4959 2076 5030 ple-

561 5053 634 5131 (a)
668 5055 809 5110 Editi
835 5065 1062 5131 excepto
1091 5055 1211 5131 Pa_r.
1246 5066 1301 5110 et
1349 5055 1529 5131 plures
1581 5071 1709 5111 mss.
1742 5074 1843 5131 non
1873 5060 2087 5128 sufﬁcit.

485 5126 803 5197 Retinemus
834 5127 1121 5181 lectionem
1153 5127 1276 5181 Par.
1306 5126 1427 5197 qua:
1454 5136 1538 5181 est
1561 5128 1916 5182 vetustiorum
1938 5126 2082 5187 'mss.

486 5196 623 5253 Tum
646 5198 785 5267 apud
816 5197 933 5265 Er.,
966 5197 1109 5266 Lips.
1136 5206 1190 5252 et
1217 5197 1337 5251 Par.
1368 5209 1420 5249 ut
1443 5199 1496 5251 in
1516 5199 1726 5268 liquoris
1752 5208 1955 5252 natura.
1979 5203 2085 5259 Meo

483 5268 588 5341 lius
614 5270 766 5325 abest
789 5270 845 5323 in
871 5271 937 5324 ab
966 5269 1085 5323 aliis
1130 5269 1308 5322 libris:
1343 5268 1431 5321 hic
1472 5269 1615 5323 enim
1659 5270 1871 5341 liquoris
1914 5287 2076 5329 voca-

484 5337 667 5394 bulum
696 5351 751 5396 et
771 5341 950 5395 vinum
980 5355 1207 5395 nascens
1228 5380 1241 5404 ,
1271 5348 1325 5394 et
1354 5354 1545 5410 aquam
1578 5337 1896 5411 pereuntem
1932 5348 2077 5413 pari-

484 5419 567 5465 ter
594 5413 856 5468 enuntiat.

557 5480 811 5556 (b)_Bad.,
838 5483 929 5538 Er.
962 5491 1014 5537 et
1040 5482 1186 5552 Lips.
1216 5490 1318 5535 tam
1346 5482 1779 5556 inconspicabilis.
1804 5485 2069 5544 Maluntus

482 5567 604 5625 cum
645 5553 769 5625 Par.
801 5562 857 5607 et
880 5556 1082 5610 nostris
1109 5569 1239 5609 mss.
1270 5564 1375 5608 tant
1409 5553 1784 5625 conspicabilis,
1833 5559 1915 5612 vel
1944 5574 2064 5614 cum

480 5624 664 5679 codice
690 5624 812 5679 Vat.
845 5625 983 5689 bas.,
1009 5636 1176 5697 tamen
1198 5624 1573 5697 conspicabilis.
1604 5628 1793 5682 Sermo
1811 5630 1954 5683 enim
1979 5630 2065 5686 hic

479 5706 593 5769 est,
616 5705 667 5749 ut
699 5696 1212 5769 suprapromissum
1239 5697 1476 5769 eratLde
1499 5697 1751 5769 exemplo
1770 5702 2057 5769 corporali.

480 5764 631 5824 Unde
661 5774 715 5823 ct
745 5764 800 5822 in
829 5765 1016 5823 Matth.
1047 5780 1099 5825 c.
1131 5766 1225 5838 M,
1257 5782 1314 5826 n.
1347 5766 1435 5838 12,
1480 5766 1549 5828 de
1577 5764 1771 5831 eodem
1798 5764 2063 5831 miraculo

2191 4664 2340 4731 hora,
2386 4667 2620 4737 clari/ica
2649 4666 2817 4736 ﬁlium
2855 4676 3020 4731 tuum,
3060 4667 3138 4738 (2)
3169 4678 3224 4722 ut
3249 4668 3390 4737 ﬁlius
3421 4668 3667 4736 clari/teet
3699 4678 3785 4723 te:

2188 4758 2317 4811 sicut
2348 4757 2531 4812 dedisti
2564 4759 2611 4812 ei
2635 4767 2935 4830 potestatem
2961 4760 3127 4814 omnis
3165 4760 3357 4826 carnis,
3401 4768 3457 4813 ut
3482 4775 3631 4815 omne
3650 4761 3788 4830 quod

2181 4890 2364 5018 zisqtae
2388 4892 2591 4949 Grmcis
2623 4895 2924 4952 codicibus.
2965 4896 3059 4953 Sic
3097 4904 3154 4952 et
3195 4894 3334 4951 idem
3370 4895 3604 4954 Hilarius
3645 4897 3783 4956 infra

2199 5063 2367 5137 habes
2393 5083 2405 5118 :
2439 5066 2624 5137 Agitur
2649 5070 2779 5122 enim
2805 5070 2858 5123 in
2879 5086 3030 5137 apere
3054 5070 3240 5126 visibili
3269 5070 3537 5127 invisibilis
3561 5074 3779 5129 molitio.

2269 5136 2338 5207 (c)
2359 5138 2472 5213 Er.,
2490 5136 2554 5193 Li
2563 5139 2865 5213 ps._etPar.
2887 5136 3111 5196 noctium
3133 5144 3480 5213 viqilatarum.
3506 5145 3782 5213 Expunxi—

2193 5221 2326 5292 ntus.
2356 5209 2579 5292 verbum
2617 5209 3317 5292 vigilatarmn__a_uctoritate
3360 5214 3492 5269 Bad.
3539 5209 3601 5270 et
3642 5232 3777 5275 mss.

2185 5276 2328 5348 quod
2360 5280 2613 5335 Erasmus
2633 5276 2844 5337 videtur
2872 5285 3145 5343 addidisse
3169 5287 3237 5342 de
3266 5301 3383 5340 suo.

2255 5346 2333 5419 (ά)
2363 5350 2643 5428 tfar.__post
2684 5351 2925 5428 Lipsinm
2960 5374 3027 5412 ex
3062 5357 3272 5412 Erasmi
3312 5354 3576 5428 margine,
3610 5376 3702 5428 per
3725 5376 3781 5415 se

2177 5422 2442 5496 creaverit.
2468 5421 2605 5496 litox
2646 5421 2777 5479 mss.
2810 5425 2965 5483 Colb.
2999 5439 3054 5484 et
3091 5428 3280 5496 Carn.,
3320 5421 3464 5484 astra
3501 5421 3779 5487 distrinxe-

2176 5494 2242 5544 rit
2266 5532 2281 5556 ,
2315 5509 2417 5547 non
2443 5492 2753 5551 distinxerit.

2248 5566 2321 5641 (ᾳ)
2345 5561 2587 5641 Qarnttt._
2606 5583 2708 5624 tus.
2742 5569 3067 5641 prudentiam
3099 5570 3448 5641 prudentium.

2247 5637 2316 5712 (Ι)
2359 5634 2671 5712 ιηηόυοιωε
2719 5634 2849 5695 mss.
2895 5634 3109 5712 Remigl
3155 5653 3211 5698 et
3240 5659 3348 5698 uno
3377 5645 3611 5712 Th‘eod.,
3664 5663 3766 5701 non

2168 5706 2494 5832 lquoldyznollet
2520 5724 2540 5764 :
2567 5709 2746 5767 minus
2768 5726 2913 5768 vcre.
2938 5706 3134 5769 Confer
3182 5721 3339 5771 tract.
3367 5719 3502 5788 psal.
3536 5706 3763 5786 exstitit,
