4118 6186
268 230 330 286 8i
1278 268 1283 281 ι
1484 224 1570 283 DE
1608 223 1983 284 TBINITATE
2010 224 2213 291 LIBER
2251 225 2341 283 lll.
3504 224 3576 285 82

267 347 458 404 dedisti
478 345 583 415 illi,
616 346 699 401 det
729 346 775 401 ei
800 346 957 400 vitam
983 357 1247 402 a’terutmt.
1296 346 1421 404 Hcce
1457 358 1529 402 est
1568 358 1737 403 autent
1766 349 1868 403 vita
1895 349 1952 410 Α
1975 361 2099 403 eum
2131 349 2220 420 qui
2251 347 2545 404 moriturus
2572 357 2689 403 erat
2735 346 2873 402 intra
2916 360 2974 402 sc
3005 353 3304 402 contestata
3343 360 3450 401 non
3481 360 3573 401 ca-

264 451 484 503 teterua,
517 449 569 492 ut
596 448 906 511 cognoscant
945 449 991 492 te
1019 440 1182 495 solum
1214 438 1377 494 Deum
1422 456 1613 507 rerum,
1644 450 1693 495 et
1724 456 1867 511 quem

266 534 456 588 misisti
479 530 656 587 Jesum
696 531 979 586 Christum.
1026 531 1139 604 Ego
1170 542 1217 587 te
1260 532 1542 604 clari/icavi
1570 551 1724 605 super
1762 544 1865 588 ter-

264 646 403 691 ram,
428 643 577 696 apere
598 636 952 681 consummato
976 629 1113 696 quod
1134 627 1320 681 dedisti
1340 628 1463 681 mihi
1488 638 1543 681 ut
1563 628 1772 699 faciam.
1802 626 1867 683 Et

265 737 406 801 nunc
452 718 683 789 clari/ica
731 736 810 799 me
863 716 1021 773 Pater
1073 720 1214 785 apud
1263 721 1581 792 temetipsum
1634 722 1868 776 claritate

263 833 419 887 quam
449 815 625 880 habui,
662 815 809 885 prius
836 831 989 884 quant
1031 816 1253 868 mundus
1283 826 1435 880 esset,
1466 817 1603 887 apud
1634 824 1697 868 te.
1741 812 1863 867 Ma-

264 909 506 980 nifestavi
555 924 737 962 nomen
780 917 921 961 tuum
970 907 1278 973 hominibus,
1332 924 1458 977 quos
1503 907 1691 962 dedisti
1739 908 1866 961 mihi

263 999 448 1069 (Joau.
494 1015 626 1067 xvn,
661 1000 685 1053 1
722 1008 770 1053 et
814 998 1006 1071 seqq.).
1044 999 1237 1055 Verbis
1279 1000 1532 1056 brevibus
1575 1012 1627 1054 et
1681 1001 1864 1070 paucis

263 1107 429 1147 omne
454 1107 592 1163 opus
621 1090 779 1147 ofﬁcii
820 1094 905 1147 sui
935 1102 990 1147 ct
1018 1093 1437 1160 disoensationis
1467 1092 1736 1163 exposuit,
1785 1095 1865 1147 ni-

265 1186 380 1241 hilo
413 1188 590 1242 minus
615 1185 738 1241 ﬁdei
772 1186 847 1257 (a)
878 1187 1162 1242 veritatem
1197 1187 1302 1260 55
1334 1187 1617 1242 adversum
1646 1203 1861 1244 onmem

262 1279 677 1349 inspirationem
724 1278 1008 1335 diabolicae
1050 1279 1425 1335 fraudulentiae
1463 1283 1859 1337 conmumiens.

258 1373 566 1427 Curi-amns
592 1389 716 1445 ergo
742 1388 842 1445 per
862 1372 1104 1444 singulas
1130 1376 1395 1428 sermonis
1425 1376 1506 1429 sui
1537 1376 1787 1431 virtutes.

338 1464 433 1519 {0.
467 1464 606 1532 Quid
620 1465 838 1535 postulet
862 1465 1067 1533 dicens,
1093 1466 1383 1522 CLABIFICA
1414 1465 1813 1523 Fluunt—Ait
1845 1485 1859 1521 :

260 1555 450 1622 Pater,
488 1558 616 1611 venit
637 1557 786 1625 hora,
820 1558 1053 1625 clari/ica
1078 1559 1243 1627 ﬁlium
1273 1568 1437 1626 tuum,
1486 1568 1541 1613 ut
1567 1560 1707 1630 ﬁlius
1742 1570 1861 1614 tuus

257 1651 510 1719 clari/iret
536 1659 602 1704 te.
635 1649 751 1705 Non
793 1650 963 1715 diem,
1007 1667 1114 1705 non
1149 1660 1379 1721 tempus,
1426 1653 1519 1706 sed
1551 1653 1737 1707 horam
1770 1669 1861 1708 vc-

1975 455 2122 512 pcrc.
2155 439 2422 512 Numquid
2446 449 2500 495 et
2525 441 2826 511 portionem
2850 455 3001 495 suam
3024 455 3186 510 rupes
3208 450 3266 495 et
3289 454 3415 494 saxa
3442 455 3571 495 con-

1971 533 2214 589 cedunt?
2242 532 2349 590 Sed
2380 543 2533 604 rupta
2559 534 2851 600 dissiliunt,
2900 539 2956 587 et
2989 541 3233 587 naturam
3262 547 3419 588 suam
3449 546 3573 603 per-

1971 625 2125 690 dunt,
2149 642 2453 698 cassamque
2476 642 2541 682 ex
2566 642 2625 681 se
2647 641 2825 681 arcam
2853 625 3277 683 incontinentem
3302 624 3571 681 condendi

1970 723 2216 791 corporis
2240 719 2587 775 conﬁtentur.

2045 813 2131 868 11.
2161 809 2393 866 Christus
2416 812 2655 883 prOprius
2686 820 2758 866 est
2780 810 2877 865 Dei
2898 812 3135 881 ﬁlius.—
3158 811 3295 880 Quid
3325 811 3391 866 ad
3422 800 3573 867 haec?

1970 906 2275 962 Proclamat
2303 922 2517 977 quoque
2557 907 2800 961 centurio
2844 904 3103 968 cohortis.
3139 916 3193 961 et
3233 906 3410 960 crucis
3441 921 3569 960 cus-

1970 1008 2075 1065 tos,
2126 1014 2237 1051 vere
2267 996 2365 1052 Dei
2410 997 2517 1070 56
2550 996 2594 1050 F
2595 998 2715 1052 ilius
2744 1008 2849 1051 erat
2880 997 2975 1051 iste
3014 996 3227 1067 (Matth.
3260 1012 3426 1061 xxv",
3451 996 3567 1068 54).

1966 1091 2226 1146 Creatura
2265 1090 2654 1145 intercessione
2701 1090 2857 1159 hujus
2896 1090 3092 1159 piaculi
3131 1089 3427 1153 liberatur;
3473 1087 3567 1145 ﬁr-

1968 1185 2207 1238 mitatem
2241 1194 2291 1239 et
2314 1189 2566 1238 virtutem
2596 1199 2721 1238 saxa
2763 1199 2867 1238 non
2906 1183 3158 1238 retinent.
3187 1183 3287 1250 Qui
3319 1184 3463 1238 cruci
3492 1182 3573 1238 af-

1966 1277 2215 1343 ﬁxcraut,
2249 1290 2374 1331 vere
2422 1277 2511 1331 Dei
2548 1275 2740 1331 Filium
2789 1275 3116 1330 conﬁtentur
3149 1293 3163 1330 :
3200 1275 3568 1345 pricdicationi

1965 1368 2236 1424 consentit
2256 1368 2498 1423 effectus.
2535 1369 2792 1423 Dominus
2822 1367 3032 1423 dixerat
3060 1385 3073 1421 :
3098 1366 3343 1438 Cleri/ica
3366 1364 3414 1419 F
3418 1368 3569 1421 ilium

1966 1472 2132 1517 tuum.
2168 1461 2281 1515 Non
2314 1463 2487 1516 solmn
2518 1461 2737 1515 nomine
2765 1468 3098 1516 contestatus
3136 1466 3220 1515 est
3261 1474 3381 1514 esse
3410 1474 3471 1515 se
3505 1458 3566 1512 ﬁ-

1965 1555 2119 1623 lium,
2140 1555 2233 1610 scd
2261 1566 2315 1611 et
2335 1556 2684 1627 proprietate,
2713 1572 2815 1625 qua
2843 1555 3043 1610 dicitur
3066 1565 3234 1609 tuum.
3259 1554 3407 1608 Multi
3426 1554 3568 1609 enim

1964 1665 2064 1705 nos
2092 1649 2185 1704 ﬁlii
2214 1650 2328 1714 Dei,
2355 1650 2450 1704 sed
2479 1665 2585 1704 non
2612 1650 2731 1704 talis
2762 1650 2845 1703 hic
2868 1648 3031 1703 ﬁlius.
3056 1650 3150 1703 Hic
3174 1650 3316 1704 enim
3341 1658 3573 1705 ctverus

258 1742 409 1797 uisse
435 1740 587 1795 dicit.
628 1740 687 1796 In
711 1742 839 1796 hora
870 1741 979 1797 dici
1021 1742 1199 1811 portio
1234 1751 1335 1797 est.
1361 1742 1429 1797 Et
1468 1759 1588 1815 quae
1613 1743 1729 1799 hate
1759 1745 1860 1799 erit
1892 1749 1941 1808 B
1967 1750 2021 1795 et
2040 1742 2287 1811 proprius
2304 1752 2384 1795 est
2406 1742 2566 1806 ﬁlius,
2592 1741 2823 1812 origine,
2847 1757 2951 1795 non
2975 1741 3299 1811 adoptione;
3321 1742 3567 1808 veritate,

260 1831 426 1886 hora?
450 1831 656 1901 Nempe
691 1833 801 1897 illa,
824 1836 890 1888 de
920 1850 1022 1905 qua
1058 1836 1107 1888 in
1132 1841 1379 1903 tempore
1413 1836 1681 1905 passionis
1702 1837 1863 1892 disci-

259 1924 414 1996 pulos
455 1923 790 1980 conﬁrmans
827 1926 1038 1981 locutus
1077 1936 1161 1981 est
1208 1925 1388 1981 :Ecce
1426 1929 1557 1981 venit
1600 1929 1758 1996 hora,
1809 1939 1863 1983 ut

260 2017 397 2086 ﬁlius
442 2008 668 2072 ho'minis
714 2020 1030 2091 clarificetur
1075 2018 1255 2093 (Joan.
1284 2021 1491 2094 3:11.25)
1525 2023 1689 2079 :Htec
1730 2039 1861 2093 ergo

262 2112 389 2164 hora
420 2120 527 2176 est,
560 2112 747 2181 inqua
786 2126 845 2166 se
894 2128 922 2165 a
961 2112 1122 2169 Patre
1169 2114 1451 2169 clarilicari
1492 2123 1631 2179 orat,
1675 2125 1731 2170 ut
1762 2115 1863 2170 Pa-

261 2211 390 2258 trem
424 2205 542 2274 ipse
565 2204 843 2260 clarilicet.
862 2203 967 2262 Sed
995 2205 1121 2277 quid
1151 2217 1232 2261 est
1267 2207 1409 2262 ismd
1432 2208 1454 2261 ?
1477 2206 1774 2263 Clariﬁcari
1802 2222 1861 2263 se

261 2295 653 2351 clariﬁcaturus
688 2306 988 2367 exspectat,
1030 2307 1082 2352 et
1112 2298 1372 2354 honorem
1403 2299 1713 2355 redditurus
1760 2315 1856 2356 ex-

262 2390 522 2461 postulat,
552 2399 609 2445 et
634 2401 757 2462 eget
788 2390 889 2444 hoc
918 2390 1058 2462 quod
1084 2406 1299 2446 rursum
1330 2391 1638 2461 impertiet?
1668 2391 1738 2447 Et
1774 2393 1860 2447 hic

261 2493 547 2542 occurrant
586 2486 843 2557 sophista:
893 2486 1077 2540 mundi
1114 2494 1167 2540 et
1209 2484 1480 2555 sapientes
1518 2486 1761 2551 Grrecite,
1805 2496 1860 2542 et

261 2579 594 2650 syllogismis
648 2579 763 2631 suis
819 2579 1099 2632 veritatem
1154 2576 1420 2633 irretiant.
1470 2578 1753 2644 Quomodo
1806 2588 1860 2634 et

264 2671 402 2726 unde
444 2682 500 2726 et
540 2669 667 2740 quid
703 2684 882 2724 causa:
921 2669 992 2724 sit
1026 2678 1270 2739 qumrant
1300 2687 1311 2722 :
1343 2678 1397 2724 et
1427 2684 1549 2724 cum
1582 2669 1855 2739 haeserint,

262 2765 503 2832 audiant,
532 2764 666 2832 Quia
695 2764 856 2819 stulta
898 2763 1083 2818 mundi
1115 2763 1279 2834 elegit
1312 2764 1449 2817 Deus
1473 2762 1550 2835 (b)
1582 2763 1626 2834 (Ι
1658 2761 1780 2819 Cor.
1817 2780 1853 2827 ι,

262 2853 373 2926 27).
402 2856 550 2925 Ergo
578 2870 676 2926 per
695 2855 978 2910 stultitiam
1005 2864 1242 2909 nostram
1264 2854 1622 2925 intelligamus
1645 2854 1860 2909 inintel—

262 2948 483 3019 ligibilia
520 2948 855 3017 sapientibus
882 2947 1086 3002 mundi.
1114 2946 1331 3002 Dixerat
1364 2948 1641 3014 Dominus,
1677 2946 1857 3015 Pater,

265 3045 393 3097 venit
440 3042 571 3094 hora
597 3057 615 3095 :
641 3043 828 3096 horam
884 3039 1151 3111 passionis
1193 3040 1502 3096 ostenderat
1539 3056 1703 3105 ;nam
1744 3041 1860 3095 huic

1966 1848 2072 1887 non
2114 1833 2543 1902 nuncupatione;
2587 1834 2888 1897 nativitate,
2933 1848 3041 1887 non
3081 1832 3376 1888 creatione.
3422 1832 3569 1903 Ergo

1965 1934 2089 1996 post
2115 1924 2555 1980 clariﬁcationem
2585 1926 2727 1996 ejus,
2758 1925 3040 1981 veritatem
3076 1924 3347 1981 confessio
3379 1940 3574 1981 conse-

1963 2026 2083 2072 cuta
2112 2025 2214 2071 est.
2244 2016 2376 2071 Nam
2410 2033 2593 2072 verum
2626 2018 2718 2072 Dei
2748 2018 2915 2071 tilium
2959 2021 3206 2072 centurio
3236 2019 3562 2083 conﬁtetur;

1965 2112 2168 2179 nequis
2200 2110 2536 2165 credentium
2568 2111 2888 2181 ambigeret,
2920 2110 2997 2183 (ά)
3023 2111 3164 2183 quod
3189 2111 3352 2167 homo
3383 2125 3570 2183 perse-

1962 2205 2245 2276 quentium
2276 2220 2382 2259 non
2413 2213 2679 2275 negasset.

2037 2296 2124 2351 ιε.
2161 2293 2386 2351 Claritas
2430 2295 2574 2351 Filio
2611 2297 2785 2351 danda
2828 2307 2873 2352 et
2922 2296 3068 2352 Patri
3112 2300 3175 2353 ab
3203 2316 3262 2356 eo
3303 2302 3566 2357 reddenda

1960 2389 2160 2443 virtutis
2184 2390 2238 2443 in
2280 2399 2494 2461 utroque
2520 2389 2769 2445 unitatem
2797 2390 3075 2462 signiﬁcat.
3101 2422 3174 2432 —
3202 2392 3309 2449 Sed
3334 2392 3472 2450 forte
3499 2411 3561 2451 ea

1961 2486 2349 2543 clariﬁcatione
2395 2485 2476 2558 (1)
2505 2487 2748 2542 creditur
2789 2489 3002 2558 eguisse
3050 2486 3217 2544 Filius
3245 2505 3404 2559 quam
3442 2505 3563 2545 ora-

1960 2580 2053 2637 bat
2082 2598 2096 2634 :
2122 2587 2179 2637 et
2208 2580 2455 2636 inﬁrmus
2478 2581 2802 2649 reperietur,
2831 2580 2957 2636 dum
2986 2581 3428 2639 clariﬁcationem
3469 2600 3562 2656 po-

1964 2674 2118 2730 tioris
2164 2684 2460 2745 exspectat.
2509 2673 2577 2728 Et
2618 2674 2740 2743 quis
2777 2688 2882 2728 non
2926 2674 3140 2729 Patrem
3172 2674 3245 2748 (e)
3290 2666 3594 2746 potioreml

1961 2766 2324 2830 conﬁtebitur,
2360 2774 2417 2820 ut
2438 2766 2729 2834 ingenitum
2759 2781 2788 2820 a
2814 2766 3019 2835 genito,
3048 2777 3105 2820 ut
3137 2776 3344 2838 patrem
3369 2783 3398 2822 a
3429 2768 3559 2837 ﬁlio,

1962 2872 2020 2915 ut
2050 2875 2169 2913 eum
2203 2859 2292 2928 qui
2315 2857 2521 2912 miserit
2549 2857 2617 2912 ab
2641 2873 2705 2912 eo
2731 2858 2819 2928 qui
2849 2857 3046 2913 missus
3076 2860 3165 2923 sit,
3197 2869 3253 2914 ut
3285 2860 3558 2916 volentem

1960 2955 2030 3008 ab
2065 2966 2130 3008 eo
2168 2952 2257 3020 qui
2289 2951 2549 3008 obediat?
2591 2951 2655 3006 Et
2693 2953 2808 3021 ipse
2848 2952 3006 3007 nobis
3048 2954 3151 3008 erit
3182 2955 3371 3009 testis:
3401 2952 3563 3009 Pater

1960 3048 2130 3118 major
2159 3060 2237 3097 me
2266 3053 2335 3097 est
2360 3041 2540 3113 (Joan.
2573 3059 2685 3110 xlv,
2708 3043 2824 3114 28).
2845 3045 2970 3099 Ilarc
2998 3044 3068 3099 ita
3094 3055 3152 3099 ut
3181 3056 3326 3111 sunt,
3362 3046 3561 3102 intelli-

262 3138 357 3191 sub
408 3144 688 3189 momento
725 3149 791 3189 eo
822 3134 1143 3203 loquebatur
1176 3151 1189 3185 :
1218 3131 1410 3187 deinde
1439 3132 1659 3201 adjecit,
1688 3132 1858 3188 Clari-
1882 3138 1926 3200 ο
1961 3137 2132 3209 genda
2172 3136 2453 3192 suntzsed
2495 3137 2794 3192 cavendum
2832 3148 2938 3203 est,
2982 3153 3049 3194 ne
3093 3138 3233 3209 apud
3280 3140 3561 3211 imperitos

262 3230 356 3300 ﬁca
386 3230 558 3300 ﬁliuni
588 3239 750 3283 tuum.
779 3227 885 3284 Sed
912 3227 1183 3297 quomodo
1211 3226 1587 3281 clarilicandus
1626 3236 1737 3283 erat
1766 3226 1851 3282 Fi—

262 3323 400 3378 lius?
427 3320 679 3392 Namque
736 3329 892 3374 natus
924 3334 988 3374 cx
1020 3319 1252 3390 virgine,
1292 3334 1320 3373 a
1352 3317 1506 3373 cunis
1544 3327 1598 3371 et
1635 3317 1859 3372 infantia

265 3431 430 3487 usque
472 3414 539 3469 ad
586 3420 1014 3469 consummatum
1062 3412 1233 3465 virum
1278 3420 1499 3466 venerat
1530 3425 1664 3480 :per
1714 3425 1858 3464 som-

263 3522 408 3572 num,
425 3507 652 3573 famem,
683 3506 848 3570 sitim,
872 3504 1268 3572 lassitudinem,
1294 3504 1561 3575 lacrymas
1584 3503 1858 3559 hominem

264 3611 469 3670 egerat,
502 3599 666 3653 etiam
700 3612 843 3652 nunc
873 3596 1276 3667 conspuendus,
1323 3595 1696 3665 ﬁagellandus,
1737 3609 1861 3649 cru-

263 3691 581 3763 ciligendus.
637 3689 776 3759 Quid
815 3689 990 3761 ergo?
1036 3689 1201 3743 Nobis
1263 3688 1436 3743 solum
1480 3688 1752 3742 hominem
1806 3689 1860 3741 in

264 3784 485 3839 Christo
517 3785 632 3839 hinc
678 3793 832 3838 erant
859 3790 1251 3837 contestatura.
1285 3780 1391 3836 Sed
1431 3795 1536 3835 non
1571 3779 1859 3834 confundi-
1888 3820 1895 3825 .

265 3894 382 3933 mur
408 3891 725 3938 cruce.non
766 3874 991 3945 ﬂagellis
1034 3873 1488 3944 prmdamnamur,
1534 3889 1640 3929 non
1690 3874 1861 3944 sputis

265 3970 626 4025 sordidamur.
674 3966 948 4023 Clariﬁcat
1004 3968 1163 4022 Pater
1217 3965 1435 4023 Filium.
1489 3966 1609 4034 Quo
1664 3966 1861 4021 modo?

265 4063 503 4119 Tandem
547 4062 821 4133 sufﬁgitur
846 4062 1013 4117 cruci.
1056 4061 1257 4117 Deinde
1298 4062 1423 4131 quid
1456 4062 1741 4133 sequitur?
1769 4063 1860 4118 Sol

267 4172 365 4211 non
396 4156 623 4223 occidit,
656 4155 749 4210 sed
793 4155 1005 4226 refugit.
1061 4155 1196 4221 Quid
1242 4154 1500 4225 refugisse
1538 4154 1696 4210 dico?
1742 4155 1858 4210 Non

266 4262 519 4320 receptus
547 4250 599 4303 in
630 4248 826 4303 nubem
858 4256 962 4312 est,
988 4247 1080 4301 sed
1112 4248 1179 4302 de
1205 4263 1363 4302 cursu
1403 4249 1586 4318 operis
1625 4247 1859 4304 defecit:

265 4355 309 4397 et
342 4345 626 4399 interitum
665 4359 820 4396 suum
862 4356 982 4396 cum
1020 4356 1085 4395 eo
1113 4340 1320 4411 reliqua
1366 4341 1551 4396 mundi
1596 4342 1860 4399 elementa

265 4446 552 4492 senserunt
584 4453 597 4490 :
632 4442 689 4489 et
713 4450 780 4491 ne
807 4434 929 4489 huic
950 4432 1173 4488 facinori
1203 4431 1275 4505 (c)
1303 4433 1424 4487 ullae
1452 4433 1700 4489 caelestes
1727 4451 1860 4506 ope-

1963 3229 2189 3303 gloriam
2214 3228 2335 3285 Filii
2367 3229 2538 3285 honor
2569 3228 2746 3285 Patris
2774 3229 3028 3286 inﬁrmet.
3060 3232 3168 3287 Nec
3204 3231 3270 3305 (f)
3300 3233 3562 3291 inﬁrmari

1966 3322 2044 3394 (2)
2076 3323 2274 3392 patitur
2304 3322 2418 3376 htcc
2442 3322 2555 3389 ipsa
2580 3322 2896 3377 clariﬁcatio
2927 3323 3195 3393 postulata
3216 3323 3310 3377 :ad
3338 3324 3388 3378 id
3416 3326 3558 3380 enim

1963 3417 2105 3488 quod
2128 3416 2332 3472 dictum
2364 3426 2466 3482 est,
2500 3414 2685 3481 Pater,
2708 3416 2939 3483 clari/ica
2956 3413 3152 3471 Filium
3173 3427 3356 3481 tuum;
3384 3420 3567 3488 sequi-

1965 3519 2053 3565 tur
2075 3518 2130 3565 et
2157 3509 2308 3576 illud,
2345 3520 2401 3564 ut
2430 3507 2603 3564 Filius
2622 3508 2870 3581 clari/iret
2914 3522 2980 3566 te.
3012 3510 3127 3566 Non
3157 3527 3288 3584 ergo
3318 3512 3564 3568 inﬁrmus

1965 3612 2048 3660 est
2072 3602 2261 3670 Filius,
2296 3603 2470 3658 vicem
2501 3602 2902 3659 clariﬁcationis
2930 3605 3070 3676 ipse,
3112 3619 3233 3660 cum
3260 3604 3567 3661 clariﬁcan-

1964 3700 2066 3756 dus
2087 3701 2178 3764 sit,
2205 3699 2538 3754 redditurus.
2570 3698 2675 3754 Sed
2708 3697 2753 3754 si
2777 3714 2882 3754 non
2920 3700 3184 3766 infirmus,
3219 3698 3346 3768 quid
3374 3708 3564 3769 postu-

1964 3792 2144 3849 labat?
2168 3807 2328 3846 nemo
2349 3793 2492 3846 enim
2520 3792 2619 3846 nisi
2649 3791 2752 3846 hoc
2776 3791 2918 3862 quod
2948 3791 3043 3865 (al.
3077 3790 3208 3862 quo)
3236 3803 3358 3860 eget
3382 3802 3563 3862 postu-

1963 3887 2058 3942 lat.
2089 3887 2193 3940 Aut
2225 3884 2486 3956 numquid
2526 3884 2776 3939 inﬁrmus
2814 3894 2898 3940 est
2925 3895 2980 3940 et
3003 3885 3198 3940 Pater?
3236 3884 3345 3939 Aut
3373 3898 3563 3939 eorum

1965 3994 2083 4048 quac
2107 3977 2266 4032 habet
2298 3977 2368 4031 ita
2400 3975 2651 4046 profusus
2674 3986 2776 4043 est,
2824 3985 2881 4029 ut
2922 3977 2974 4030 ei
3004 3975 3319 4031 clariﬁcatio
3347 3974 3417 4030 sit
3443 3975 3567 4031 red-

1964 4070 2139 4126 denda
2167 4084 2260 4138 per
2290 4068 2532 4124 Filium?
2573 4068 2682 4125 Sed
2716 4084 2889 4140 neque
2917 4069 3004 4124 hic
3042 4071 3212 4141 eguit,
3260 4085 3433 4139 neque
3473 4069 3568 4125 ille

1961 4162 2270 4221 desiderat:
2298 4170 2352 4217 et
2381 4171 2557 4218 tamen
2609 4162 2766 4218 alteri
2795 4164 2930 4217 alter
2969 4162 3046 4236 (g)
3093 4164 3387 4232 impertiet.
3424 4163 3567 4233 Ergo

1967 4253 2329 4327 expostulatio
2362 4253 2769 4310 clariﬁcationis
2811 4255 3025 4323 dandae,
3055 4256 3404 4328 vicissimque
3451 4257 3568 4312 red-

1966 4348 2179 4415 deudtn,
2208 4363 2309 4406 nec
2342 4349 2485 4405 Patri
2506 4349 2796 4421 quidquam
2842 4351 3049 4415 adimit,
3074 4366 3177 4407 nec
3212 4351 3449 4406 inﬁrmat
3479 4351 3569 4408 Fi—

1967 4441 2132 4507 lium;
2156 4442 2249 4498 sed
2273 4442 2521 4499 eamdem
2549 4442 2846 4499 divinitatis
2866 4445 3108 4501 ostendit
3133 4446 3186 4501 in
3213 4452 3443 4517 utroque
3463 4446 3573 4502 vir-

265 4532 507 4585 rationes
541 4530 887 4591 interessent,
920 4528 1323 4583 intercessionis
1350 4526 1508 4598 hujus
1546 4530 1867 4588 necessitate
1892 4533 1945 4594 D
1971 4542 2139 4591 tutem
2189 4551 2311 4591 cum
2361 4547 2414 4590 ct
2454 4535 2736 4593 clariﬁcari
2780 4550 2840 4592 se
2873 4536 3041 4593 Filius
3079 4552 3109 4592 a
3143 4537 3303 4594 Patre
3345 4547 3485 4602 oret,
3516 4547 3573 4593 et

265 4622 495 4689 quadam
528 4622 610 4674 sui
639 4619 936 4675 abolitione
963 4628 1275 4675 caruerunt.
1325 4617 1430 4675 Sed
1459 4628 1601 4675 terra
1630 4621 1755 4691 quid
1783 4622 1859 4679 fe-

267 4714 371 4768 cit?
409 4714 497 4770 Ad
544 4729 682 4768 onus
712 4713 922 4768 Domini
966 4713 1020 4768 in
1053 4713 1196 4783 ligno
1236 4710 1521 4783 pendentis
1562 4711 1863 4787 intremuit,

337 4857 415 4933 (I)
450 4857 770 4912 Crederetur.

335 4974 417 5045 (α)
450 4972 579 5027 Sola
602 4971 770 5045 editio
800 4970 1070 5045 Puraﬁdei
1090 4969 1424 5045 uoluntatem.

337 5041 418 5118 (b)
452 5043 803 5099 Carnutensis
846 5042 1019 5098 codex
1048 5041 1136 5097 hic
1165 5041 1333 5101 addit.
1365 5051 1420 5094 ut
1466 5042 1751 5113 confundat
1785 5059 1871 5098 sa-

319 5126 483 5170 entes.

268 5134 679 5257 ωῗῗῗηιεπιῑ,
710 5185 820 5239 illa:
857 5184 1078 5240 ctelestes
1109 5200 1126 5237 :
1159 5182 1490 5257 castigantur
1524 5198 1594 5240 ex
1626 5199 1759 5239 mss.

337 5258 427 5331 (ά)
458 5255 603 5327 Lips.
629 5266 682 5331 et
706 5257 971 5331 Par._po5t
995 5256 1110 5331 Er‘.,
1126 5255 1261 5325 quod
1281 5272 1413 5310 unus
1434 5257 1839 5327 persequentium
1855 5272 1874 5310 :

267 5329 471 5384 nullius
497 5330 697 5384 veteris
726 5329 845 5382 libri
872 5329 1209 5382 auctoritate.

345 5406 421 5471 te)
461 5401 611 5465 Sicut
639 5399 803 5454 illwsa
855 5399 956 5454 ﬁde
988 5398 1221 5452 llilarius
1262 5398 1347 5452 hic
1386 5396 1602 5452 Patrem
1635 5397 1876 5453 afﬁrmat

269 5470 417 5527 Filio
447 5473 732 5541 potiorem.
758 5485 860 5540 qua
888 5471 955 5525 de
981 5486 1039 5525 re
1069 5479 1303 5541 mentem
1336 5482 1487 5541 suam
1518 5470 1872 5541 explieansjn

270 5543 417 5613 psal.
448 5538 703 5605 cxxxvm,
738 5538 792 5596 nl
828 5542 916 5605 i7,
950 5542 1025 5595 ait
1059 5559 1071 5592 ε
1102 5538 1197 5595 Est
1222 5541 1357 5594 enim
1394 5538 1548 5594 Pater
1578 5538 1747 5611 major
1774 5539 1873 5613 Fi-

271 5612 375 5682 lio,
407 5615 496 5669 sed
523 5624 579 5668 ut
611 5624 755 5680 pater
786 5614 918 5685 ﬁlio,
950 5615 1273 5685 generatione
1301 5627 1404 5665 non
1431 5626 1628 5685 genere,
1659 5622 1715 5665 et
1740 5612 1879 5685 sicut

277 5687 328 5739 ei
357 5680 716 5742 consentiens
756 5680 1083 5739 Athanasius
1115 5682 1209 5739 0r.
1241 5698 1279 5737 ιι
1322 5680 1471 5737 cont.
1507 5680 1632 5749 Ar.,
1662 5697 1714 5752 p.
1747 5682 1877 5750 365,

276 5755 485 5813 habet:
516 5756 674 5812 Pater
695 5758 866 5827 major
890 5764 962 5810 est
989 5753 1154 5822 Filio,
1195 5768 1298 5809 non
1326 5751 1680 5823 magnitudine
1707 5754 1881 5819 aliqua

1969 4628 2410 4685 clariﬁcatiouem
2452 4630 2613 4685 Pater
2657 4644 2764 4684 non
2804 4629 3129 4701 dedignetur
3171 4646 3199 4684 a
3242 4630 3379 4686 Filio
3418 4649 3430 4685 :
3469 4629 3567 4685 sed

1971 4720 2089 4778 haec
2116 4722 2168 4776 in
2194 4721 2353 4776 Patre
2373 4730 2429 4776 et
2454 4720 2595 4776 Filio
2616 4722 2831 4779 virtutis
2859 4724 3139 4788 unitatem,
3173 4736 3270 4793 per
3297 4719 3567 4778 vicissitu-

2046 4863 2125 4935 (2)
2157 4863 2231 4920 Se
2258 4863 2476 4935 patitur.

1974 4975 2054 5050 uel
2084 4985 2325 5046 tempore,
2358 4977 2448 5050 sed
2478 4976 3097 5050 prapterf'generationem
3138 4995 3201 5034 ex
3225 4979 3337 5049 ipso
3363 4977 3524 5035 Patre
3553 4997 3572 5036 :

1975 5047 2418 5120 ita‘ctdexcusari
2442 5056 2630 5120 potest
2660 5047 2788 5104 illud
2828 5048 3099 5120 Origenis,
3132 5062 3170 5105 ι.
3206 5047 3288 5117 tu,
3321 5050 3373 5105 in
3409 5050 3570 5107 Joan.

1976 5117 2106 5172 edit.
2128 5118 2327 5185 Huetii,
2370 5134 2422 5189 p.
2452 5121 2554 5175 70:
2589 5117 2757 5174 Tertio
2799 5117 2986 5176 dicitur
3014 5121 3123 5177 hazc
3150 5122 3242 5177 luat
3281 5122 3374 5178 tua:
3401 5138 3523 5177 vera
3556 5138 3576 5178 :

1976 5206 2076 5257 qua
2101 5191 2300 5267 ratione
2332 5189 2489 5245 Pater
2520 5192 2745 5245 veritatis
2776 5190 2917 5267 Deus
2945 5196 3168 5267 amplior
3207 5204 3257 5249 et
3283 5197 3452 5267 major
3479 5204 3573 5261 est,

1976 5276 2130 5336 quam
2155 5264 2374 5336 veritas;
2396 5274 2443 5316 et
2465 5274 2609 5335 pater
2629 5280 2743 5317 cum
2770 5265 2834 5318 sit
2855 5266 3126 5336 sapientia,
3155 5264 3485 5336 prwstautior
3504 5276 3578 5320 est

1979 5333 2093 5401 ipsa
2134 5334 2389 5401 sapientia
2413 5352 2432 5389 :
2465 5333 2560 5388 hac
2589 5336 2741 5388 etiam
2779 5333 2976 5391 ratione
3003 5333 3203 5391 excellit
3241 5353 3356 5403 eum
3382 5339 3470 5405 qui
3505 5346 3579 5393 est

1930 5444 1937 5453 ,
1980 5405 2232 5479 litoream,
2259 5405 2468 5479 scilicet
2482 5407 2791 5479 _($hristum.
2819 5409 2960 5462 Idem
2986 5417 3105 5463 esto
3126 5407 3384 5479 judicium
3408 5408 3475 5464 de
3504 5409 3578 5464 si-

1982 5474 2197 5529 milibus
2228 5475 2454 5530 aliorum
2481 5477 2702 5531 Patrum
2734 5479 3035 5534 sententiis.

2056 5544 2125 5621 (ι’)
2153 5546 2205 5621 l_n
2230 5547 2480 5621 vulgatis,
2504 5549 2760 5613 inﬁrmari
2783 5565 2836 5603 se
2865 5550 3082 5621 patitur.
3110 5549 3278 5608 Abest
3298 5567 3352 5606 se
3380 5564 3410 5605 a
3442 5566 3574 5607 mss.

1982 5617 2135 5692 Cujus
2161 5618 2279 5692 loco
2307 5620 2607 5692 intelligere
2627 5631 2708 5675 est
2725 5617 2950 5692 gloriam
2978 5619 3130 5679 Filii.

2059 5687 2138 5761 (g)
2166 5687 2241 5746 Ita
2276 5704 2410 5749 mss.
2435 5687 2506 5747 Αἰ
2538 5690 2690 5758 editi,
2714 5687 2959 5761 impertit.

3552 5811 3581 5833 τ.
