4118 6186
505 258 574 309 8'5
1712 259 1790 313 SA
1803 257 1950 314 NCTI
1997 259 2246 315 lllLARll
2296 259 2595 316 EPISCOPI
3738 262 3805 315 8i

503 374 684 428 dinem
724 371 911 428 danda:
952 383 1003 428 ct
1045 374 1125 447 (l)
1170 373 1245 446 (lt)
1293 371 1652 443 rependentlte
1697 371 2100 426 clariﬁcationis
2128 371 2181 432 Α
2208 389 2382 442 pugna
2413 373 2699 427 verborum
2732 372 2849 426 cst?
2890 371 3012 427 Vita
3045 381 3126 426 est
3153 387 3336 428 verum
3381 371 3549 426 Deum
3599 386 3802 426 nosse:

503 465 818 522 ostendunt.

573 559 659 616 15.
681 557 902 614 Claritas
931 575 1084 630 quant
1111 558 1210 612 sibi
1243 556 1404 614 Pater
1435 569 1480 613 et
1512 557 1682 614 Filius
1706 557 1962 622 exhibent,
1987 575 2104 628 qua:

505 653 591 707 sit.
616 651 808 707 —Sed
851 651 1163 706 clariﬁcatio
1196 649 1312 708 haec
1339 668 1458 723 qua:
1493 652 1584 720 sit,
1613 661 1664 707 et
1687 667 1755 708 ex
1793 650 1987 723 quibus
2011 651 2100 716 sit,

506 745 841 802 noscendum
868 755 949 800 est
974 743 1123 817 (Tres
1156 761 1278 798 mss.
1322 744 1675 812 docendum).
1708 743 1848 808 Non,
1886 743 2101 814 opinor,

511 836 858 894 demutabilis
909 837 1050 892 Deus
1089 847 1192 904 cst,
1233 853 1406 908 neque
1456 837 1510 892 in
1554 837 1912 892 :eternitatem
1961 834 2105 890 cadit

504 940 595 986 aut
618 931 805 985 vitium
835 929 1272 996 autemendatio,
1291 937 1384 984 aut
1405 929 1674 998 profectus
1699 927 2062 984 autdamnum
2087 943 2102 994 ;

510 1021 605 1077 sed
629 1021 773 1092 quod
804 1033 901 1086 cst,
932 1038 1145 1092 semper
1183 1031 1287 1090 est,
1329 1022 1434 1095 57
1461 1022 1562 1076 hoc
1592 1023 1738 1078 enim
1768 1021 1875 1076 Deo
1898 1029 1982 1076 est
2010 1036 2107 1090 pe-

504 1117 725 1172 culiare.
752 1115 904 1183 Quod
943 1131 1159 1185 semper
1195 1125 1299 1180 est,
1345 1116 1548 1171 habere
1588 1115 1878 1187 aliquando
1907 1115 1960 1170 in
2008 1130 2107 1170 na-

506 1216 622 1261 tura
656 1222 760 1262 non
787 1209 983 1277 poterit
1009 1219 1063 1262 ut
1088 1225 1193 1262 non
1221 1206 1290 1262 sit
1322 1223 1469 1279 :quo
1493 1208 1654 1262 modo
1685 1223 1813 1279 ergo
1843 1206 2107 1264 clariﬁca-

506 1299 670 1360 bitttr,
703 1300 847 1370 quod
875 1315 1091 1354 suonon
1122 1315 1265 1372 eget,
1297 1317 1471 1372 neque
1491 1316 1520 1354 a
1544 1316 1603 1356 se
1639 1295 1817 1356 deﬁcit
1839 1317 1854 1366 ;
1880 1300 2104 1373 (supple,

507 1395 578 1448 ita
611 1392 693 1465 ut)
732 1409 908 1465 neque
937 1393 1226 1465 quidquam
1270 1394 1342 1449 sit
1380 1391 1524 1466 quod
1563 1393 1616 1448 in
1660 1409 1719 1450 se
1750 1394 1996 1464 recipiat,
2024 1407 2110 1448 ne-

504 1503 610 1557 que
641 1488 883 1543 amiserit
910 1498 967 1541 ttt
1014 1487 1290 1542 resumat?
1331 1486 1633 1550 Haeremus,
1671 1501 1964 1541 moramur.
2002 1483 2110 1540 Sed

505 1577 876 1647 intelligentia:
941 1587 1144 1633 nostrae
1192 1577 1560 1633 inﬁrmitatem
1610 1577 1947 1648 Evangelista
2003 1591 2110 1630 non

509 1669 734 1734 deserit,
783 1671 874 1740 qui
903 1685 1063 1739 quam
1102 1668 1544 1724 clariﬁcationem
1589 1668 1733 1724 Patri
1775 1669 1942 1723 Filius
1967 1675 2114 1724 esset

508 1762 816 1818 redditurus
847 1763 1106 1831 ostendit,
1146 1763 1334 1820 dicens
1367 1781 1378 1816 :
1409 1763 1554 1818 Sicut
1584 1762 1771 1817 dedisti
1801 1763 1848 1816 ei
1889 1772 2108 1830 potesta-
2141 1757 2190 1816 B

510 1865 608 1909 tem
637 1856 806 1910 omnis
836 1857 1029 1921 carnis,
1088 1866 1143 1908 ut
1166 1872 1314 1910 omne
1339 1855 1476 1926 qttod
1516 1854 1701 1909 dedisti
1731 1854 1832 1921 illi,
1863 1854 1946 1908 det
1974 1856 2018 1908 ei
2043 1854 2118 1908 tti-

511 1959 616 2002 tum
642 1959 908 2003 attentam.
944 1947 1068 2002 liceo
1098 1957 1170 2003 est
1207 1958 1377 2002 autent
1421 1948 1524 2000 vita
1562 1958 1774 2014 (eterna,
1816 1957 1873 2002 ut
1901 1964 2119 2019 cognos-

512 2051 633 2094 cant
679 2051 725 2094 te
768 2042 937 2094 solum
980 2057 1155 2095 verum
1210 2037 1399 2106 Deum,
1437 2049 1483 2093 et
1521 2057 1668 2110 quem
1720 2040 1902 2094 misisti
1937 2038 2117 2094 .lesum

512 2132 770 2187 Christum
821 2129 999 2204 (Joan.
1033 2147 1165 2198 xm,
1206 2131 1241 2184 2
1277 2141 1324 2185 et
1366 2131 1444 2201 5).
1486 2130 1830 2186 Clariﬁcatur
1867 2147 1996 2202 ergo
2025 2148 2121 2202 per

514 2223 711 2279 Filiutn
734 2224 917 2291 Pater,
954 2226 1006 2280 itt
1029 2240 1094 2280 eo
1123 2223 1264 2294 quod
1289 2223 1409 2278 sita
1435 2221 1592 2277 nobis
1612 2222 1688 2295 (b)
1715 2223 2114 2295 intelligendus.

515 2320 745 2375 Claritas
784 2327 962 2375 autem
997 2320 1115 2376 htec
1145 2327 1283 2387 erat,
1313 2320 1456 2392 quod
1491 2317 1559 2372 ab
1588 2335 1654 2374 eo
1687 2317 1857 2373 Filius
1887 2329 2121 2389 potesta-

517 2423 626 2468 tem
677 2414 854 2469 omnis
911 2413 1093 2470 carnis
1139 2424 1424 2487 acceperat
1460 2415 1534 2486 (c)
1581 2428 1709 2470 caro
1755 2413 1927 2470 factus
1979 2414 2118 2484 ipse,

515 2503 658 2575 quod
690 2505 811 2561 vitte
845 2509 1203 2562 aeternitatem
1247 2516 1364 2563 erat
1400 2506 1622 2562 caducis
1666 2515 1719 2561 et
1759 2505 2037 2576 corporeis
2067 2513 2122 2561 et

519 2599 840 2654 mortalibus
868 2599 1198 2656 redditurus.
1235 2600 1372 2655 Vita:
1396 2607 1576 2655 autem
1615 2607 1815 2652 nostrae
1845 2601 2123 2654 aeternitas

519 2706 630 2747 non
655 2693 983 2763 operationis
1007 2703 1143 2760 erat,
1172 2691 1268 2748 sed
1291 2692 1507 2750 virtutis
1534 2690 1760 2749 eﬂ‘ectus
1787 2707 1941 2748 :cum
1965 2703 2125 2748 reter-

521 2783 705 2839 nitatis
733 2783 960 2855 gloriam
991 2801 1097 2838 non
1124 2785 1236 2855 jam
1281 2783 1488 2839 molitio
1520 2799 1679 2849 nova,
1732 2783 1827 2838 sed
1879 2783 1991 2838 sola
2029 2783 2125 2840 Dei

521 2887 666 2932 esset
694 2879 932 2948 cognitio
960 2888 1256 2948 sumptura.
1297 2877 1440 2948 Ergo
1482 2895 1588 2932 non
1629 2877 1850 2932 claritas
1882 2878 1990 2932 Deo
2030 2878 2126 2932 ad-

521 2969 696 3032 ditur;
723 2984 897 3038 ncque
938 2969 1081 3023 enim
1113 2968 1427 3024 decesserat
1458 2979 1514 3022 ut
1543 2969 1839 3024 adderetur
1867 2988 1878 3023 ε
1916 2969 2011 3025 sed
2034 2986 2128 3040 per

524 3062 721 3117 Filiunt
754 3062 1082 3116 clariﬁcatur
1115 3061 1256 3132 apud
1289 3079 1386 3116 nos
1421 3060 1724 3130 imperitos,
1751 3061 1981 3133 refugas,
2012 3077 2127 3116 sor-

2203 463 2297 520 Sed
2331 462 2530 517 nndttm
2574 462 2675 517 hoc
2704 478 2808 516 non
2839 463 2960 518 facit
2994 462 3181 516 vitam.
3205 461 3340 531 Quid
3372 477 3502 532 ergo
3529 463 3810 518 connecti-

2207 556 2326 610 lur?
2359 554 2423 610 Et
2449 573 2598 623 quem
2629 556 2812 610 misisti
2838 555 3018 610 Jesttm
3061 554 3343 611 Christum.
3391 554 3619 610 Debitus
3659 555 3810 609 l’atri

2206 665 2234 703 a
2268 648 2405 704 Filio
2460 649 2634 704 honor
2680 647 3109 710 rcdditur,‘cum
3165 648 3296 703 dicit
3343 657 3390 702 te
3432 649 3598 703 solum
3637 663 3811 701 verum

2207 740 2392 796 Deum.
2435 740 2550 796 Non
2593 753 2768 796 tamen
2817 755 2876 795 se
2906 741 3074 796 Filius
3101 757 3129 794 a
3161 739 3254 794 Dei
3288 739 3516 794 veritate
3553 741 3812 804 secernit,

2207 849 2328 890 cum
2359 834 2597 905 adiungit
2629 845 2713 888 :et
2751 851 2897 903 quem
2931 833 3118 888 misisti
3153 831 3333 886 Iesum
3378 831 3657 886 Christum.
3696 832 3813 888 Non

2209 928 2368 984 habet
2397 928 2736 983 intervallum
2764 927 3034 982 confessio
3064 926 3528 996 credentium,qui
3571 927 3622 980 in
3664 935 3818 982 utro-

2209 1038 2312 1094 que
2338 1037 2466 1092 Spes
2494 1022 2614 1076 vita:
2645 1031 2762 1077 est:
2800 1035 2900 1075 nec
2927 1020 3070 1075 Deus
3096 1034 3256 1074 verus
3281 1020 3349 1074 ab
3377 1034 3442 1073 eo
3472 1017 3690 1082 deﬁcit,
3721 1019 3817 1089 qui

2210 1117 2264 1172 in
2303 1113 2683 1185 conjunctione
2731 1112 2992 1168 succedit.
3031 1110 3165 1167 Cum
3213 1127 3341 1182 ergo
3379 1110 3609 1166 dicitur:
3643 1111 3710 1166 Ut
3735 1129 3822 1165 co-

2210 1217 2458 1282 gnoscant
2479 1219 2525 1262 te
2547 1208 2713 1262 solum
2738 1223 2912 1261 verum
2951 1205 3138 1267 Deum,
3182 1215 3228 1260 et
3259 1222 3406 1276 quem
3435 1205 3619 1259 misisti
3639 1203 3822 1260 Jesunt

2213 1297 2495 1364 Christum;
2526 1297 2625 1352 sub
2652 1297 2762 1369 58
2789 1296 2889 1350 hac
2907 1296 3328 1367 significatione,
3354 1295 3405 1350 id
3429 1306 3532 1362 est,
3556 1295 3823 1352 mittentis

2212 1402 2266 1448 et
2286 1390 2458 1457 missi,
2476 1405 2580 1444 non
2605 1389 2778 1443 Patris
2797 1400 2850 1444 et
2875 1387 2998 1444 Filii
3022 1388 3220 1443 veritas
3247 1397 3302 1443 et
3321 1387 3578 1443 divinitas
3603 1388 3702 1443 sub
3728 1389 3826 1443 ali-

2213 1499 2316 1554 qua
2356 1494 2447 1538 aut
2476 1482 2882 1552 significationis
2911 1491 3002 1536 aut
3042 1481 3323 1536 dilationis
3353 1480 3674 1537 diversitate
3707 1482 3823 1537 dis-

2214 1576 2472 1641 cernitur,
2488 1573 2582 1630 sed
2599 1575 2665 1629 ad
2685 1574 2953 1645 gignentis
2978 1583 3032 1630 et
3060 1574 3228 1644 geniti
3255 1573 3650 1631 confessionem
3681 1575 3816 1632 ﬁdes

2216 1669 2496 1740 religionis
2528 1669 2829 1724 instruitur.

2290 1761 2378 1816 15.
2421 1759 2564 1814 Laus
2595 1758 2723 1814 Filii
2758 1761 2870 1814 laus
2893 1770 2966 1815 est
2992 1759 3264 1814 Patris.—-
3286 1758 3429 1830 Ergo
3450 1759 3697 1816 absolute
3717 1760 3821 1816 Pa-

2223 1862 2358 1908 trem
2389 1853 2557 1907 Filius
2579 1852 2842 1908 clariﬁcat
2871 1853 2919 1907 in
2941 1868 3008 1908 eo
3031 1852 3174 1924 quod
3205 1852 3480 1922 sequitur:
3507 1849 3616 1924 Ego
3647 1862 3694 1907 te
3718 1854 3831 1908 cla-

2231 1948 2430 2016 riﬁcavi
2463 1963 2619 2019 super
2661 1955 2850 2000 terram
2881 1963 3031 2020 apere
3065 1955 3437 2013 consummato,
3468 1947 3604 2018 quod
3639 1948 3830 2002 dedisti

2222 2039 2350 2091 mihi
2381 2047 2433 2090 ut
2463 2039 2674 2106 faciam.
2707 2037 2848 2092 Laus
2878 2037 3054 2093 Patris
3079 2039 3258 2093 omnis
3282 2055 3311 2093 a
3363 2037 3497 2094 Filio
3537 2047 3656 2094 est:
3703 2040 3830 2111 quia

2224 2134 2276 2188 in
2308 2133 2504 2205 quibus
2553 2132 2860 2188 laudabitur
2889 2133 3081 2199 Filius,
3123 2133 3241 2188 laus
3297 2133 3401 2188 erit
3455 2133 3649 2188 Patris.
3687 2134 3831 2188 Con—

2223 2237 2456 2282 summat
2487 2227 2630 2281 enim
2658 2228 2860 2295 omnia,
2879 2243 3000 2298 quae
3024 2227 3182 2282 Pater
3202 2226 3395 2281 voluit.
3413 2225 3506 2282 Dei
3537 2224 3702 2282 Filius
3731 2225 3824 2281 ho-

2225 2336 2314 2375 mo
2347 2319 2625 2385 nascitur;
2667 2319 2762 2376 sed
2821 2319 2916 2375 Dei
2953 2320 3005 2374 in
3048 2329 3205 2390 partu
3251 2319 3473 2390 virginis
3517 2318 3692 2374 virtus
3723 2328 3828 2375 est.

2231 2413 2325 2469 Dei
2354 2411 2523 2468 Filius
2555 2411 2718 2467 homo
2759 2413 3032 2478 cernitur;
3065 2411 3159 2467 sed
3197 2411 3338 2468 Deus
3369 2411 3422 2467 in
3449 2411 3704 2483 operibus
3735 2409 3834 2464 ho-

2233 2507 2397 2562 minis
2425 2505 2628 2561 existit.
2663 2503 2761 2560 Dei
2790 2505 2958 2561 Filius
3001 2506 3145 2560 cruci
3187 2504 3396 2577 ﬁgitur;
3439 2505 3533 2560 sed
3571 2506 3622 2559 iu
3671 2519 3836 2560 cruce

2227 2599 2462 2654 hominis
2490 2607 2719 2656 mortem
2754 2599 2896 2654 Deus
2919 2599 3100 2655 vincit.
3131 2597 3379 2654 Christus
3405 2599 3494 2655 Dei
3516 2597 3686 2654 Filius
3713 2614 3834 2652 tuo-

2229 2693 2399 2758 ritur;
2433 2691 2526 2747 sed
2550 2691 2726 2746 omnis
2756 2707 2884 2746 caro
2937 2691 3236 2747 viviﬁcatur
3274 2693 3326 2747 iu
3351 2691 3590 2748 Christo.
3622 2691 3714 2746 Dei
3746 2691 3826 2746 Fi-

2228 2784 2330 2840 lius
2357 2784 2408 2839 in
2441 2783 2629 2840 inferis
2651 2793 2768 2851 est;
2811 2783 2910 2840 sed
2935 2783 3096 2838 homo
3140 2784 3374 2840 refertur
3422 2783 3490 2839 ad
3515 2783 3736 2840 caelum.
3777 2782 3836 2839 lu

2228 2887 2485 2948 quantum
2511 2877 2625 2932 haec
2652 2876 3011 2931 laudabuntur
3040 2877 3092 2932 itt
3119 2875 3362 2941 Christo.
3396 2884 3544 2932 tanto
3568 2876 3689 2947 plus
3723 2877 3836 2930 lau-

2229 2968 2313 3024 dis
2350 2985 2377 3022 a
2409 2984 2516 3040 quo
2546 2967 2792 3024 Christus
2835 2968 2976 3023 Deus
3006 2978 3087 3023 est
3114 2981 3497 3039 consequetur.
3535 2967 3628 3022 His
3675 2968 3837 3038 igitur

2232 3061 2406 3116 modis
2428 3061 2589 3116 Pater
2617 3060 2812 3115 Filium
2837 3061 3100 3116 clat-iﬁcat
3125 3078 3288 3132 super
3315 3071 3548 3117 terram:
3593 3076 3837 3116 rursum-

525 3155 702 3221 didos,
735 3155 812 3226 (ά)
838 3155 955 3211 sine
983 3171 1079 3226 spe
1108 3164 1366 3218 mortuos,
1400 3155 1520 3210 sine
1547 3153 1666 3227 lege
1693 3157 2010 3212 tcuebrosos
2034 3175 2048 3223 ;
2075 3168 2128 3213 et
2155 3145 2200 3208 C
2237 3170 2337 3223 que
2359 3151 2528 3209 Filius
2550 3153 2869 3222 ignorationi
2890 3155 3128 3224 gentium
3157 3163 3212 3208 et
3237 3154 3477 3209 stultitize
3500 3154 3704 3219 Steculi,
3737 3171 3832 3220 per

528 3247 858 3302 clariﬁcatur
889 3263 983 3314 per
1010 3246 1082 3308 id,
1111 3245 1252 3317 quod
1280 3247 1348 3301 ab
1379 3263 1443 3302 eo
1472 3246 1640 3302 Filius
1671 3255 1991 3314 potestatem
2023 3265 2134 3304 om-

531 3341 614 3394 nis
645 3339 829 3392 rarnis
859 3337 1152 3407 acceperit,
1181 3339 1341 3392 vitam
1376 3339 1425 3393 ci
1463 3348 1720 3394 aeternam
1751 3339 1992 3396 daturus.
2031 3341 2134 3396 Per

531 3432 647 3487 haec
680 3432 840 3503 igitur
867 3432 982 3485 Filii
1011 3447 1177 3502 opera
1213 3431 1543 3488 clariticatur
1585 3433 1761 3487 Pater.
1797 3434 1980 3505 Itaque
2009 3450 2130 3489 cum

531 3523 710 3577 omnia
737 3521 900 3577 Filius
931 3524 1160 3592 accepit,
1190 3521 1514 3578 clariﬁcatus
1540 3539 1569 3577 a
1601 3519 1761 3578 Patre
1788 3533 1902 3588 cst;
1927 3535 1979 3581 et
2005 3543 2132 3581 con~

533 3621 616 3671 tra
642 3615 970 3670 clariﬁcatur
999 3617 1177 3683 Pater,
1200 3632 1322 3671 cum
1353 3616 1489 3670 ﬁunt
1509 3618 1760 3673 universa
1794 3633 1890 3688 per
1912 3618 2131 3674 Filium.

531 3708 604 3764 Et
641 3705 860 3764 claritas
886 3719 1107 3778 accepta
1140 3709 1217 3763 sic
1237 3707 1320 3780 (2)
1357 3708 1616 3774 redditur,
1654 3709 1877 3781 utquod
1914 3711 2133 3766 clarita-

533 3801 601 3855 tis
629 3801 677 3855 in
719 3799 858 3855 Filio
887 3806 988 3860 est.
1038 3799 1090 3854 id
1141 3807 1312 3856 totum
1344 3799 1562 3856 claritas
1590 3801 1764 3855 Patris
1813 3801 1884 3856 sit
1913 3821 1924 3856 :
1952 3801 2074 3873 quia
2105 3817 2137 3858 a

539 3883 701 3947 Patre
744 3892 956 3962 accepit
987 3891 1200 3957 omnia;
1244 3892 1368 3962 quia
1419 3891 1592 3946 honor
1624 3891 1933 3948 fatnulantis
1962 3893 2033 3965 (ε)
2080 3894 2132 3948 itt

537 3985 802 4040 honorem
849 3982 1114 4040 mittentis
1153 3991 1259 4051 est,
1283 3992 1342 4038 ut
1372 3983 1546 4038 honor
1572 3983 1843 4056 gignentis
1872 3986 1922 4040 in
1967 3984 2140 4042 Itono-

533 4095 648 4135 rem
679 4078 953 4134 nascentis
981 4085 1086 4134 est.

608 4170 838 4242 M.Spes
867 4171 983 4226 vita:
1003 4188 1105 4226 non
1125 4172 1178 4225 in
1198 4172 1307 4226 solo
1325 4170 1500 4240 Patre,
1523 4171 1615 4228 sed
1635 4183 1679 4226 et
1702 4171 1753 4227 in
1777 4171 1932 4229 Filio.
1959 4171 2140 4229 Missio

539 4281 642 4319 non
673 4275 932 4331 naturam,
965 4264 1053 4318 sed
1082 4279 1326 4336 personas
1350 4265 1692 4318 discriminat.
1726 4296 1797 4306 ——
1817 4265 1923 4320 Sed
1953 4267 2002 4320 in
2031 4281 2140 4338 quo

541 4355 758 4410 tandem
790 4355 1065 4410 :eternitas
1097 4353 1221 4408 vita:
1251 4355 1372 4410 est?
1397 4354 1484 4409 Ait
1517 4355 1632 4425 ipse
1659 4373 1672 4408 :
1725 4355 1794 4411 Ut
1832 4367 2138 4429 cognoscant

539 4457 585 4504 le
635 4450 803 4504 solum
853 4462 1027 4503 verum
1059 4447 1335 4513 Deum;et
1361 4463 1506 4516 quem
1533 4449 1720 4504 misisti
1758 4450 1934 4506 Iesum
1958 4449 2137 4508 Chris-

2238 3247 2305 3318 (f)
2336 3245 2590 3301 virtutum
2639 3261 2857 3300 suarum
2905 3261 3099 3315 opera,
3131 3261 3254 3301 eum
3306 3262 3372 3301 ex
3432 3262 3538 3317 quo
3594 3256 3676 3302 cst
3721 3248 3837 3316 ipse

2237 3341 2515 3396 clat'ilicat.
2550 3340 2618 3395 Et
2649 3343 2762 3395 luec
2794 3341 3012 3412 quidem
3066 3341 3470 3397 clariﬁcatiOnis
3523 3342 3835 3396 vicissitudo

2239 3448 2346 3487 non
2378 3434 2613 3503 pertinet
2634 3433 2698 3486 ad
2717 3433 3010 3488 divinitatis
3034 3432 3356 3502 profectum,
3383 3433 3475 3488 sed
3495 3434 3559 3487 ad
3577 3433 3836 3489 honorent

2239 3542 2360 3580 cum
2393 3526 2484 3596 qui
2524 3542 2589 3580 cx
2646 3524 2953 3597 cognitione
3009 3525 3369 3596 ignorantium
3420 3527 3834 3596 suscipiebatur.

2238 3619 2355 3688 Quo
2381 3621 2524 3674 enim
2556 3619 2715 3674 Pater
2743 3635 2849 3674 non
2899 3619 3228 3683 abundabat,
3255 3636 3321 3674 ex
3377 3636 3486 3690 quo
3545 3631 3670 3675 sunt
3718 3638 3836 3674 om-

2240 3713 2362 3766 nia?
2397 3711 2490 3768 Vel
2519 3712 2646 3782 quid
2672 3710 2814 3766 Filio
2836 3713 3022 3768 deerat
3041 3755 3054 3775 ,
3083 3714 3136 3767 in
3163 3728 3270 3784 quo
3300 3715 3701 3784 complacuerat
3725 3729 3841 3768 om-

2242 3820 2364 3860 nem
2412 3803 2805 3875 plenitudinem
2834 3803 3129 3860 divinitatis
3181 3806 3461 3862 habitare?
3494 3807 3634 3878 Ergo
3665 3807 3840 3862 clari-

2244 3897 2434 3952 ﬁcatur
2466 3897 2624 3953 Pater
2653 3897 2706 3952 in
2740 3906 2906 3967 terra,
2938 3897 3062 3970 quia
3096 3913 3232 3968 Opus
3261 3897 3378 3969 ejus
3403 3899 3546 3970 qttod
3570 3898 3843 3955 mandavit

2241 3988 2494 4049 efﬁcitur.

2317 4083 2402 4139 16.
2439 4082 2604 4151 Quam
2628 4082 2916 4138 claritatem
2944 4099 2975 4136 a
3006 4081 3161 4136 Patre
3180 4091 3428 4153 exspectet
3453 4079 3722 4136 Filius.—
3751 4082 3845 4138 Vi-

2242 4175 2467 4232 deamus
2489 4175 2614 4246 quid
2640 4175 2807 4230 Filius
2833 4190 2862 4229 a
2888 4175 3048 4230 Patre
3075 4173 3479 4229 clariticationis
3522 4183 3802 4246 exspectet
3827 4193 3839 4229 :

2243 4275 2299 4325 et
2323 4268 2628 4323 absolutum
2658 4277 2760 4322 est.
2783 4266 2919 4322 Nam
2950 4266 3029 4336 (5)
3062 4267 3116 4321 ἰιι
3154 4264 3559 4321 continentibus
3587 4276 3700 4322 est:
3728 4264 3844 4338 Ego

2244 4373 2290 4417 te
2319 4361 2600 4432 clari/icavi
2627 4376 2777 4433 super
2804 4370 3014 4424 terram,
3047 4375 3175 4430 opus
3205 4343 3554 4412 consummavi
3583 4361 3721 4429 quod
3750 4362 3840 4413 tle-

2243 4456 2364 4510 disti
2391 4455 2516 4510 mihi
2545 4467 2600 4510 ut
2639 4457 2859 4528 [acerem
2881 4470 2901 4509 :
2941 4466 2986 4509 et
3010 4472 3145 4508 nunc
3175 4453 3406 4522 clari/ica
3427 4471 3526 4523 me,
3552 4454 3630 4527 (4)
3658 4452 3840 4523 Pater,

539 4555 664 4599 tum.
693 4543 823 4612 Quae
853 4543 939 4599 hic
983 4542 1357 4598 difﬁcultatum
1399 4543 1726 4614 qutestiones
1768 4553 1911 4613 sunt,
1941 4555 1995 4602 et
2021 4563 2142 4619 qute
2168 4543 2220 4604 D
2247 4546 2388 4620 apud
2429 4549 2748 4620 temetipsum
2777 4563 2837 4601 ea
2879 4546 3113 4602 claritate
3143 4562 3297 4615 quam
3323 4544 3501 4616 habui,
3544 4545 3844 4616 priusquam

611 4704 691 4776 (l)
733 4701 790 4758 In
825 4716 966 4776 mss.
984 4700 1135 4772 prius
1179 4698 1489 4772 repetenda,
1541 4698 1736 4757 deinde
1774 4716 1841 4758 ex
1879 4704 2138 4760 emenda-

536 4775 706 4841 tione,
734 4775 1034 4844 referenda.

611 4848 690 4918 (2)
731 4843 799 4901 ln’
818 4855 1006 4901 nostro
1023 4843 1212 4901 codice
1234 4858 1300 4899 ex
1328 4843 1562 4914 antiquae
1588 4855 1780 4900 manus
1795 4845 2136 4904 emendatio-

606 4983 688 5053 (a)
726 4981 783 5036 lu
830 4979 1080 5053 vulgatis,
1122 4979 1396 5053 danda“
1436 4977 1746 5053 referendas.
1777 4981 1834 5036 ltt
1879 4997 1986 5038 uno
2033 4998 2134 5041 ms.

533 5049 769 5116 Sorh'on.
801 5049 988 5124 danda:
1009 5051 1407 5124 etrecipieudte.
1436 5049 1505 5124 [ιι
1526 5049 1803 5106 nonnullis
1829 5053 1973 5121 aliis,
2007 5057 2141 5110 dnuo

534 5137 615 5186 da:
641 5134 686 5180 et
709 5122 1013 5193 repetendis.
1039 5121 1314 5177 Sincerior
1337 5121 1490 5178 nobis
1514 5125 1627 5178 visa
1649 5133 1731 5178 est
1753 5124 1914 5180 lectio
1942 5125 2138 5183 vetusti

535 5197 737 5257 codicis
766 5189 1088 5250 Colbcrtint.

607 5267 680 5344 (b)
717 5266 1017 5344 ln_excusis
1051 5261 1138 5344 hic
1176 5261 1393 5318 additur
1423 5279 1524 5344 per
1561 5263 1750 5344 ﬁliuni,
1796 5261 1940 5340 quod
1986 5270 2142 5327 abest

533 5359 564 5398 a
593 5334 721 5396 titss.
751 5337 934 5406 Neque
960 5351 1089 5420 vero
1111 5335 1174 5420 iu
1211 5334 1539 5420 erattgclicis
1581 5334 1782 5408 verbis,
1815 5334 1870 5394 ut
1922 5355 2141 5420 coquos-

536 5424 653 5468 cant
683 5421 750 5474 te,
781 5419 923 5474 etc.;
967 5417 1089 5482 qua";
1111 5407 1198 5461 hic
1225 5407 1579 5482 exitlicantur,
1611 5407 1787 5468 exstat
1818 5427 1910 5482 per
1937 5407 2138 5482 filium:

536 5431 653 5468 cant
683 5431 750 5474 te,
781 5431 923 5474 διας
967 5431 1089 5478 qua:
1112 5431 1198 5461 mu
1225 5431 1579 5475 explicantur,
1611 5431 1787 5468 exsuli,
1858 5431 1910 5465 er
1937 5431 2133 5482 lmum;

535 5483 678 5553 quod
721 5497 892 5551 neque
939 5479 1005 5532 ad
1055 5477 1496 5553 scapumgllilarli
1525 5485 1778 5553 pertinet.
1813 5431 2133 5550 Gultenim,

539 5547 746 5608 tantum
776 5547 1071 5626 claritatem
1104 5547 1441 5626 Deittihil‘ei
1471 5547 1672 5609 addere
1696 5555 1837 5626 quod
1870 5557 2018 5625 prius
2043 5547 2136 5610 ca;

539 5632 712 5680 reret:
747 5623 869 5692 quia
900 5633 1027 5675 tunc
1072 5617 1452 5676 clarlllcmdus
1491 5629 1596 5686 est,
1628 5617 1751 5682 cum
1789 5642 1819 5681 a
1847 5617 2002 5682 llobis
2051 5631 2136 5682 est

538 5692 936 5763 intelligendus,
981 5706 1081 5748 nec
1128 5692 1418 5767 quidquam
1457 5695 1506 5749 ei
1533 5694 1720 5769 adjicit
1751 5697 1868 5754 htec
1897 5695 2134 5770 cognitio

543 5780 746 5824 llOSll'il.

2243 4722 2328 4766 ne.
2358 4708 2431 4762 sic
2445 4706 2690 4761 creditur.

2341 4780 2395 4850 3)
2441 4778 2504 4850 lin
2527 4778 2968 4850 consequentibus:

2342 4847 2398 4923 4)
2439 4849 2522 4905 Tu
2547 4847 2730 4915 Pater,
2764 4860 2822 4904 ut
2852 4850 2904 4904 in
2927 4847 3119 4904 Graeco
3145 4859 3292 4905 textu
3322 4857 3483 4921 atque
3524 4847 3768 4920 Vulgata.

2322 4987 2394 5060 (c)
2421 4988 2502 5042 ita
2531 4997 2685 5045 vetus
2705 4986 2876 5044 codex
2904 4985 3061 5043 Colb.
3095 4987 3378 5060 cuil‘avent
3407 4991 3610 5058 caeteri,
3645 4993 3694 5047 in
3723 4994 3845 5060 qui-

2247 5052 2511 5134 bus,'c_aro
2537 5071 2710 5134 autem
2749 5061 3064 5134 factusipse
3105 5063 3244 5128 quod
3280 5059 3359 5134 (in
3405 5061 3542 5134 Vict.
3583 5052 3693 5134 qui)
3731 5052 3848 5119 uita:

2245 5132 2604 5213 a’teruitatem.
2671 5131 2741 5188 At
2771 5133 2826 5188 iu
2856 5131 3037 5197 editis,
3086 5147 3206 5186 cara
3231 5133 3367 5188 enim
3391 5133 3556 5202 factus
3596 5131 3707 5205 ipse
3735 5147 3848 5189 uua:

2244 5211 2602 5258 teternitatem.

2318 5292 2398 5365 (d)
2442 5293 2572 5348 Bad.
2597 5304 2650 5349 ct
2687 5293 2780 5348 Er.
2811 5295 2922 5348 sine
2954 5295 3143 5365 spiritu
3172 5305 3446 5352 emortuos.
3494 5295 3551 5350 lu
3601 5314 3708 5353 uno
3741 5315 3844 5356 ms.

2245 5361 2398 5420 Colb.
2429 5367 2540 5419 sine
2562 5381 2653 5435 spe
2682 5368 2981 5421 morituros.

2239 5529 2292 5584 in
2315 5456 2390 5582 (ἕ)
2416 5456 2490 5513 Ita
2524 5427 2662 5514 unus
2693 5459 2866 5516 codex
2891 5461 3047 5518 Colb.
3081 5460 3187 5516 Alii
3210 5474 3340 5516 vero
3361 5460 3485 5517 libri
3510 5427 3598 5518 hic
3620 5470 3670 5517 et
3697 5477 3845 5528 mox,

2364 5546 2544 5584 onore.

2364 5546 2544 5585 onore.

2314 5621 2386 5694 (ί)
2431 5619 2703 5682 Vaticante
2747 5623 2983 5680 basilica:
3007 5621 3212 5692 codex,
3257 5641 3348 5693 per
3374 5625 3609 5680 virtutem
3636 5641 3848 5679 suarum

2239 5695 2856 5762 operationttm.Caruut.
2906 5712 2994 5771 per
3038 5695 3280 5752 virtutum
3325 5713 3539 5756 suarum
3592 5697 3848 5773 Operatio-

2238 5780 2351 5823 nem
2359 5805 2370 5822 .
