4118 6186
295 302 374 360 33
1421 323 1426 328 ·
1519 289 1609 350 DE
1645 289 2023 351 TRINITATE
2059 290 2268 351 LIBER
2308 291 2402 350 Ill.
3555 303 3624 360 86
3727 355 3743 372 ο

303 417 539 474 mundus
568 422 719 483 esset,
747 411 892 486 apud
922 421 990 468 te.
1008 410 1341 485 Μαντείαιαή
1367 426 1550 468 tmen
1581 419 1726 468 (tum
1749 412 1914 468 homi-
1941 411 1998 475 Α
2018 410 2277 468 rabatur?
2307 411 2422 468 Hoc
2460 409 2676 485 Moyses
2705 413 2773 469 de
2815 413 2954 472 rubo
2981 412 3211 486 audivit,
3242 416 3350 474 hoc
3397 417 3626 476 Genesis

306 511 463 566 nibus
497 508 641 583 (Job.
677 523 814 574 imi,
845 505 926 578 4).
973 503 1240 576 Operibus
1268 519 1401 576 ergo
1429 503 1554 560 Filii
1588 503 1915 562 clarillcatus

305 612 398 661 est
433 603 624 659 Pater:
653 599 784 656 dum
822 599 964 655 Dens
991 612 1114 654 esse
1151 597 1490 670 intelligitur,
1518 596 1647 652 dum
1672 597 1768 654 Dei
1791 597 1914 653 uni-

307 695 483 768 geniti
515 703 670 766 pater
696 691 1095 757 manifestatur,
1144 689 1271 746 dum
1299 689 1367 746 ad
1410 689 1640 746 salutem
1673 698 1914 746 nostram

304 791 480 848 ﬁlium
511 804 670 844 suum
695 787 859 844 etiam
905 801 973 842 ex
997 785 1204 856 virgine
1243 793 1429 841 natum
1473 799 1597 841 esse
1640 783 1913 841 hominem

303 885 504 946 voluit,
528 883 583 938 in
611 895 722 954 quo
744 881 1034 951 explentur
1059 893 1123 934 ea
1153 878 1336 934 omnia
1387 878 1443 933 in
1469 877 1743 948 passione,
1790 891 1914 947 quae

309 977 381 1032 de
415 987 573 1049 partu
603 973 828 1045 virginis
853 981 1030 1042 etepta
1061 979 1205 1026 sunt.
1251 969 1440 1040 Itaque
1475 968 1600 1040 quia
1642 968 1735 1024 Dei
1773 967 1916 1024 ﬁlius

305 1086 379 1127 ex
421 1070 566 1126 omni
620 1065 699 1140 (a)
721 1080 830 1136 qua
875 1074 961 1120 est
989 1073 1146 1135 parte
1194 1060 1486 1134 perfectus,
1518 1069 1576 1117 et
1610 1071 1735 1116 ante
1755 1075 1918 1118 omne

307 1171 522 1232 tempus
552 1160 608 1214 in
633 1155 933 1214 divinitatis
965 1153 1299 1227 plenitudine
1351 1163 1534 1220 natus,
1559 1168 1704 1208 nunc
1731 1168 1764 1208 a
1789 1168 1914 1209 car-

302 1253 392 1310 nis
437 1268 550 1308 sua
575 1251 786 1321 origine
806 1249 994 1314 homo,
1033 1247 1514 1303 eonsummabatur
1542 1244 1611 1300 ad
1641 1257 1894 1312 mortem;

302 1343 603 1401 clariﬁcari
628 1357 689 1398 se
708 1341 852 1412 apud
885 1341 1053 1398 Deum
1074 1339 1334 1412 postulat,
1364 1339 1504 1394 sicut
1538 1338 1758 1395 Patrem
1788 1339 1906 1410 ipse

301 1436 650 1493 clariﬁcabat
671 1435 724 1490 in
754 1434 946 1489 terris:
970 1433 1097 1505 quia
1120 1443 1232 1488 tum
1257 1431 1353 1487 Dei
1397 1432 1624 1488 virtutes
1655 1432 1912 1504 ignoran-

299 1533 343 1588 ti
359 1530 564 1588 smculo
577 1528 1010 1586 clariﬁcabantur
1026 1529 1079 1582 in
1093 1543 1276 1583 carne.
1295 1526 1404 1600 59
1415 1524 1567 1582 Nunc
1590 1537 1770 1582 autem
1786 1526 1912 1596 quid

300 1635 394 1682 est
425 1623 568 1697 quod
593 1622 736 1694 apud
777 1623 994 1678 Patrem
1052 1620 1128 1694 (ὁ)
1163 1618 1570 1676 clariﬁcationis
1593 1620 1914 1690 exspectet?

299 1723 516 1791 Nempe
547 1719 650 1775 hoc
674 1717 819 1790 quod
842 1715 1031 1771 habuit
1055 1713 1197 1786 apud
1221 1729 1366 1782 eum,
1403 1713 1550 1782 prius
1571 1728 1732 1784 quam
1759 1729 1911 1768 mun-

2019 505 2075 562 in
2103 505 2327 562 exordio
2379 507 2548 562 creati
2575 506 2722 564 orbis
2752 507 3041 576 nuntiavit,
3085 509 3188 566 hoc
3215 511 3306 568 lex
3351 515 3624 584 exposuit,

2018 598 2297 670 propheta:
2325 599 2696 670 praetulerunt,
2739 599 2989 657 homines
3011 601 3064 658 in
3096 602 3180 658 his
3223 605 3408 662 mundi
3440 606 3624 678 operi-

2018 690 2120 747 bus
2149 701 2467 758 senserunt,
2513 702 2704 762 gentes
2759 694 2922 749 etiam
2986 695 3300 753 mentiendo
3352 708 3622 756 venerata:

2023 791 2180 850 sunt;
2209 799 2315 840 non
2338 799 2468 857 ergo
2489 785 2838 855 ignorabatur
2860 787 2954 842 Dei
2979 803 3198 844 nomen.
3227 789 3298 863 (e)
3324 791 3431 848 Sed
3461 793 3620 864 plane

2018 879 2387 952 ignorabatur.
2435 879 2571 935 Nam
2617 880 2784 935 Deum
2813 895 2975 936 nemo
3002 881 3193 950 noscit,
3229 884 3332 939 nisi
3354 886 3616 942 conﬁtea-

2019 981 2107 1029 tur
2129 983 2183 1030 et
2204 974 2419 1030 Patrem
2449 983 2655 1044 patrem
2688 975 2946 1046 unigeniti
2971 974 3090 1044 filii,
3124 987 3180 1033 et
3198 977 3394 1034 Filium
3421 992 3528 1036 non
3551 979 3620 1037 de

2016 1065 2288 1136 portione.
2321 1065 2392 1138 (Ῑ)
2421 1075 2514 1120 aut
2550 1065 2884 1134 dilatatione,
2912 1078 3006 1123 aut
3046 1069 3379 1139 emissione;
3429 1071 3524 1128 sed
3551 1087 3620 1129 ex

2018 1172 2086 1213 eo
2123 1167 2314 1212 natum
2359 1157 2818 1226 inenarrabiliter,
2863 1158 3502 1231 incomprehensibiliter,
3561 1171 3620 1218 ut

2018 1247 2186 1304 ﬁlium
2218 1267 2247 1304 a
2289 1259 2456 1318 patre,
2499 1249 2890 1322 plenitudinem
2927 1251 3228 1310 divinitatis
3257 1271 3322 1310 ex
3349 1271 3457 1326 qua
3489 1257 3619 1312 etin

2017 1358 2123 1415 qua
2147 1353 2304 1399 natus
2329 1343 2442 1416 eo
2461 1354 2544 1399 est
2565 1344 2920 1410 obtinentem,
2951 1361 3137 1402 verum
3179 1355 3235 1402 et
3270 1347 3537 1403 infinitum
3565 1357 3624 1405 et

2021 1438 2319 1510 perfectum
2351 1440 2559 1505 Deum;
2589 1437 2708 1495 haec
2737 1439 2883 1494 enim
2928 1439 3024 1496 Dei
3049 1451 3133 1496 est
3157 1442 3451 1511 plenitudo.
3485 1441 3618 1498 Nam

2023 1529 2068 1584 si
2103 1529 2296 1584 horum
2317 1529 2516 1600 aliquid
2539 1530 2733 1597 deerit,
2747 1530 2860 1602 jam
2881 1545 2988 1586 non
3007 1531 3110 1586 erit
3133 1532 3431 1603 plenitudo,
3461 1550 3622 1605 quam

2020 1622 2075 1677 in
2099 1637 2168 1678 eo
2214 1617 2460 1678 babita're
2482 1622 3042 1695 compiacuit(Coloss.
3070 1640 3110 1693 ι,
3135 1625 3436 1695 l9).Hoc‘a
3483 1626 3625 1683 Filio

2017 1716 2359 1787 praedicatur,
2374 1717 2478 1772 hoc
2515 1718 2886 1788 ignorantibus
2912 1717 3306 1786 manifestatur;
3339 1722 3418 1776 sic
3460 1721 3624 1777 clari—

305 1817 412 1872 dus
442 1823 612 1872 esset.
650 1811 936 1884 Habuit(c)
966 1807 1356 1882 plenitudinem
1385 1805 1711 1874 divinitatis;
1743 1816 1903 1878 atque
1933 1815 1983 1876 Β
2011 1807 2201 1866 ﬁcatur
2215 1808 2516 1880 perFilium
2532 1809 2709 1876 Pater,
2727 1824 2849 1864 cum
2875 1810 3130 1880 patertilii
3149 1810 3270 1866 talis
3285 1813 3614 1883 agnoscitur.

297 1910 488 1975 habet,
536 1923 771 1978 namque
799 1906 892 1962 Dei
934 1904 1096 1960 ﬁlius.
1128 1903 1235 1959 Sed
1267 1902 1357 1974 qui
1387 1908 1506 1958 erat
1536 1902 1626 1958 Dei
1658 1901 1820 1966 ﬁlius.
1853 1910 1911 1958 et

299 2003 418 2077 (ceu
446 2000 636 2072 etiam)
686 1998 922 2055 hominis
949 2004 1192 2066 coeperat
1217 2009 1340 2051 esse
1379 1994 1554 2061 ﬁlius;
1600 2003 1718 2050 erat
1762 1995 1906 2051 enim

303 2095 546 2152 Verbum
575 2107 707 2151 caro
734 2091 958 2148 factum.
1009 2089 1127 2146 Non
1176 2089 1433 2144 amiserat
1462 2087 1606 2158 quod
1648 2097 1783 2154 erat,
1811 2088 1908 2145 sed

295 2198 540 2262 coeperat
567 2201 692 2244 esse
727 2185 873 2258 quod
901 2200 1008 2241 non
1036 2195 1189 2252 erat;
1219 2197 1324 2238 non
1355 2182 1424 2239 de
1463 2197 1565 2238 suo
1602 2182 1904 2254 destiterat,

297 2282 396 2338 sed
423 2279 570 2353 quod
623 2287 870 2334 nostrum
915 2285 1002 2334 est
1043 2283 1358 2347 acceperat:
1407 2274 1706 2346 profectum
1736 2277 1906 2346 (puta,

303 2375 562 2430 humanae
591 2371 826 2441 naturai)
850 2370 901 2426 ei
927 2368 1068 2442 quod
1108 2369 1340 2441 accepit,
1371 2369 1492 2438 ejus
1517 2369 1776 2425 claritatis
1815 2385 1909 2426 ex-

297 2468 542 2540 postulat
566 2465 712 2522 unde
739 2480 846 2522 non
873 2463 1100 2520 destitit.
1132 2463 1276 2534 Ergo
1295 2462 1418 2534 quia
1451 2460 1616 2518 Filius
1647 2461 1906 2532 Verbum,

295 2574 352 2618 et
379 2561 623 2618 Verbum
655 2573 783 2615 caro
829 2557 1051 2624 factum,
1080 2566 1134 2612 et
1159 2556 1302 2612 Deus
1332 2555 1593 2624 Verbum,
1623 2563 1678 2612 et
1704 2555 1808 2612 hoc
1852 2557 1909 2612 in

295 2652 575 2726 principio
619 2651 760 2723 apud
791 2652 982 2717 Deum,
1029 2657 1086 2706 et
1129 2647 1371 2706 Verbum
1411 2657 1538 2706 ante
1567 2651 1910 2706 conStitutio-

293 2762 426 2805 nem
453 2744 645 2802 mundi
691 2744 896 2800 Filius:
923 2743 1096 2798 Filius
1122 2757 1268 2798 nunc
1319 2756 1450 2798 caro
1493 2743 1666 2798 factus
1695 2743 1906 2813 orabat,

293 2850 358 2895 ut
397 2840 502 2896 hoc
545 2840 689 2896 Patri
716 2853 844 2895 caro
871 2836 954 2912 (ά)
1003 2837 1268 2908 inciperet
1295 2851 1420 2892 esse
1443 2835 1588 2908 quod
1631 2837 1906 2904 Verbum;

298 2942 362 2988 ut
387 2931 471 2999 id,
495 2931 641 3003 quod
671 2930 740 2986 de
777 2939 1018 3000 tempore
1059 2937 1198 2997 erat,
1227 2929 1455 3000 gloriam
1483 2929 1601 2999 ejus
1631 2943 1751 3000 quae
1793 2929 1912 2986 sine

2095 1901 2181 1958 i8.
2227 1899 2530 1956 Nativitatis
2555 1917 2668 1956 sua:
2696 1900 2855 1972 ﬁdem
2884 1898 3121 1956 Christus
3147 1903 3270 1973 fecit
3297 1904 3470 1977 gestia.
3519 1903 3622 1958 Di-

2013 1994 2130 2049 vina
2155 1994 2277 2064 quia
2297 2011 2400 2048 non
2426 1995 2638 2064 capiunt
2666 2002 2908 2066 negantes
2938 1995 3386 2067 obiu-rgantur.—
3413 1995 3617 2054 Volens

2012 2087 2194 2159 itaque
2218 2085 2388 2142 Filius
2418 2086 2578 2159 hujus
2611 2087 2907 2144 nativitatis
2932 2102 3044 2143 suae
3074 2088 3232 2144 fidem
3275 2088 3476 2157 facere,
3510 2089 3622 2147 fac-

2013 2189 2192 2236 torum
2231 2195 2452 2236 suorum
2475 2180 2631 2236 nobis
2659 2181 2738 2256 (g)
2763 2182 2947 2254 posuit
2971 2182 3280 2255 exemplum
3303 2191 3364 2238 ut
3393 2197 3487 2255 per
3509 2184 3625 2238 inc-

2013 2273 2362 2329 narrabilinm
2383 2281 2662 2344 gestorum
2688 2287 2910 2329 suorum
2933 2275 3352 2332 inenarrabilem
3381 2275 3622 2332 elﬁcien-

2013 2368 2144 2424 tiam
2173 2368 2241 2425 de
2270 2369 2466 2426 virtute
2513 2369 2814 2424 nativitatis
2841 2369 3218 2426 inenarrabilis
3257 2370 3614 2428 doceremur:

2013 2480 2136 2522 cum
2159 2480 2298 2540 aqua
2337 2464 2396 2520 fit
2443 2465 2662 2533 vinum,
2695 2479 2816 2520 cum
2865 2465 3102 2537 quinque
3143 2481 3309 2538 panes
3365 2467 3620 2522 saturatis

2013 2560 2255 2634 quinque
2303 2560 2539 2617 millibus
2583 2561 2842 2628 virorum,
2917 2569 3144 2630 excepto
3201 2575 3336 2616 sexu
3387 2569 3442 2620 et
3477 2570 3606 2616 teta-

2013 2666 2066 2714 te
2119 2658 2322 2730 reliqua
2353 2699 2368 2724 ,
2423 2658 2635 2728 replent
2704 2655 3020 2727 fragmentis
3082 2657 3346 2729 cophinos
3416 2655 3620 2712 duode-

2011 2751 2138 2808 cim.
2185 2751 2294 2808 Res
2337 2752 2596 2820 cernitur,
2645 2759 2700 2806 et
2753 2749 3027 2818 nescitur;
3080 2750 3138 2806 ﬁt
3185 2761 3240 2807 et
3291 2766 3398 2806 non
3453 2751 3617 2806 intel-

2012 2845 2226 2916 ligitur;
2279 2843 2416 2899 ratio
2445 2859 2550 2898 non
2579 2835 3022 2913 apprehenditur,
3080 2850 3135 2898 et
3187 2841 3412 2898 effectus
3463 2843 3615 2914 inge-

2010 2936 2165 2991 ritur.
2209 2934 2446 2992 Stultum
2471 2941 2556 2990 est
2593 2943 2797 3002 autem,
2847 2933 3172 2988 calumniam
3225 2932 3281 2988 in
3324 2947 3390 2988 eo
3438 2929 3616 3004 inqui-

297 3033 557 3094 tempore
597 3030 679 3078 est
725 3021 988 3078 claritatis
1015 3021 1323 3092 acciperet;
1353 3030 1412 3076 ut
1440 3020 1496 3076 in
1525 3019 1620 3078 Dei
1655 3020 1907 3078 virtutem

2019 3028 2224 3084 sitionis
2267 3027 2573 3094 intendere,
2609 3026 2751 3098 quod
2793 3025 3182 3097 comprehendi
3215 3024 3270 3080 id
3297 3025 3443 3082 unde
3467 3041 3619 3098 qua:-

295 3128 355 3174 et
391 3116 620 3188 spiritus
647 3114 1104 3186 incorruptionem
1153 3111 1540 3169 transformata
1580 3113 1760 3171 carnis
1785 3128 1908 3170 cor-
2013 3122 2172 3186 ritur,
2203 3135 2300 3192 per
2328 3129 2574 3178 naturam
2601 3134 2752 3178 suam
2784 3135 2892 3176 non
2923 3126 3120 3190 potest.
3148 3117 3381 3175 Utenim
3404 3120 3624 3180 inenar-

295 3211 488 3281 ruptio
508 3209 915 3264 absorberetur.
955 3206 1082 3263 llaec
1116 3207 1299 3279 itaque
1325 3206 1498 3264 oratio
1521 3207 1586 3262 ad
1612 3207 1780 3264 Deum
1802 3217 1908 3276 est,
1939 3215 1986 3281 C
2016 3214 2203 3270 rabilis
2239 3220 2325 3270 est
2345 3213 2506 3268 Pater
2529 3213 2580 3268 in
2611 3229 2679 3270 eo
2716 3213 2860 3284 quod
2891 3213 3162 3284 ingenitus
3183 3219 3304 3280 est;
3352 3213 3426 3270 ita
3455 3227 3622 3270 enar-

295 3305 370 3361 ad
391 3305 612 3360 Patrem
636 3304 753 3358 haec
781 3301 1052 3357 confessio
1083 3300 1203 3356 Filii
1225 3309 1329 3368 est,
1363 3300 1479 3356 haec
1506 3303 1688 3356 carnis
1714 3301 1912 3372 depre-

296 3397 446 3454 catio
467 3405 588 3452 est:
639 3396 690 3450 in
719 3409 825 3466 qua
851 3409 975 3450 eum
995 3393 1183 3466 judicii
1210 3393 1297 3449 die
1347 3405 1730 3464 compunctum
1761 3403 1816 3451 et
1843 3395 1910 3452 de

297 3505 465 3546 cruce
482 3487 820 3559 recognitum
853 3487 1092 3544 universi
1124 3485 1403 3554 videbunt,
1437 3487 1491 3543 in
1524 3503 1626 3558 qua
1656 3488 1908 3560 praeﬁgu-

301 3591 458 3638 ratas
479 3582 535 3636 in
561 3593 747 3637 monte
782 3590 884 3648 est,
911 3579 966 3634 in
1010 3595 1113 3650 qua
1143 3579 1385 3636 elevatus
1410 3580 1478 3635 ad
1523 3581 1694 3637 roelos
1717 3591 1823 3647 est,
1856 3583 1910 3637 in

301 3691 412 3748 qua
464 3674 580 3730 Deo
619 3671 824 3730 assedit
850 3687 881 3728 a
911 3671 1135 3738 dextris,
1169 3669 1248 3746 (l)
1273 3671 1324 3726 in
1355 3687 1459 3744 qua
1491 3673 1642 3730 visus
1675 3688 1705 3730 a
1742 3673 1912 3730 Paulo

303 3780 419 3840 est,
452 3769 510 3826 in
539 3785 642 3841 qua
673 3767 1064 3826 lionoriﬁcatus
1092 3767 1159 3824 ab
1182 3765 1459 3839 Stephano
1488 3775 1594 3824 est.

383 3863 469 3916 ΓΙ.
507 3859 606 3918 Dei
636 3877 822 3917 nomen
849 3871 968 3916 ante
987 3859 1250 3916 Christum
1269 3859 1562 3916 hominibus
1587 3862 1919 3935 ignotum.—

307 3954 662 4012 llanifestato
719 3961 902 4025 Itaque
941 3953 1252 4008 hominibus
1301 3956 1518 4010 nomine
1557 3953 1754 4022 Patris,
1800 3956 1919 4014 haec

305 4050 581 4120 postulat:
605 4049 702 4105 sed
724 4063 830 4122 quo
853 4047 1111 4104 nomine?
1131 4046 1400 4119 Numquid
1427 4061 1624 4104 nomen
1653 4048 1748 4105 Dei
1777 4049 1923 4122 igno-

381 4186 463 4260 (l)
497 4185 627 4242 Hzec
644 4185 832 4260 verba,
861 4184 916 4260 in
942 4201 1046 4260 qna
1066 4183 1269 4260 visaea
1291 4183 1580 4260 Pauloest,
1608 4201 1730 4258 quze
1751 4187 1916 4246 Eras-

310 4255 492 4314 miana
521 4266 682 4328 atque
708 4256 1030 4328 Parisiensis
1077 4255 1344 4312 habebant
1421 4255 1708 4325 editiones,
1743 4269 1797 4315 et
1857 4260 1912 4316 in

309 4346 372 4386 ea
406 4345 531 4402 qua:
585 4327 711 4386 huic
756 4327 1050 4385 antecessit
1101 4328 1338 4384 editione
1381 4343 1696 4400 suppressa,
1741 4331 1913 4388 nostri

2017 3307 2126 3363 rari
2149 3306 2319 3362 Filius
2341 3306 2392 3362 in
2411 3322 2476 3362 eo
2505 3307 2648 3378 quod
2674 3306 2985 3380 unigenitus
3013 3316 3099 3363 est
3125 3321 3234 3366 non
3259 3313 3469 3384 potest;
3499 3309 3624 3380 quia

2018 3400 2240 3472 ingeniti
2281 3410 2366 3455 est
2391 3399 2570 3471 imago
2595 3399 2688 3471 qui
2718 3403 2933 3472 genitus
2957 3407 3064 3458 eSt.
3095 3397 3233 3458 Cum
3269 3399 3416 3458 enim
3457 3414 3624 3459 senisu

2018 3503 2178 3566 atque
2220 3493 2404 3550 verbis
2449 3493 2742 3564 imaginem
2773 3491 3253 3564 apprehendimus,
3285 3507 3512 3552 necesse
3537 3501 3624 3550 est

2019 3588 2180 3642 etiam
2209 3601 2332 3643 eum
2360 3586 2513 3660 cujus
2542 3587 2719 3660 imago
2745 3595 2828 3642 est
2855 3601 3274 3660 consequamur.
3298 3585 3407 3644 Sed
3439 3586 3624 3646 invisi-

2018 3679 2145 3736 bilia
2196 3683 2589 3752 persequimur,
2617 3691 2673 3738 et
2696 3679 3268 3752 incomprehensibilia
3327 3688 3623 3746 tentamus.

2021 3775 2218 3846 quibus
2245 3775 2595 3846 intelligentia
2619 3776 2684 3831 ad
2713 3775 3108 3846 conspicabiles
3127 3788 3218 3830 res
3243 3783 3298 3830 et
3325 3787 3620 3844 corporeus

2022 3873 2344 3924 coarctatur.
2375 3867 2490 3924 Non
2511 3868 2882 3924 erubescimus
2911 3866 3175 3936 stultitiae,
3197 3881 3304 3922 non
3324 3865 3624 3936 nosmetip-

2021 3975 2114 4017 sos
2139 3959 2557 4031 irreligiositatis
2599 3961 2896 4034 arguimus,
2929 3961 3022 4016 Dei
3051 3957 3284 4025 arcanis,
3327 3955 3426 4014 Dei
3455 3956 3624 4020 virtu-

2027 4053 2166 4110 tibus
2195 4053 2609 4112 calumuiantes.
2639 4053 2925 4122 Quomodo
2950 4051 3145 4122 Filius,
3181 4059 3240 4112 et
3261 4049 3402 4108 unde
3422 4049 3620 4116 Filius,

2025 4205 2130 4264 ms.
2188 4191 2510 4264 auctoritate
2560 4193 2922 4264 reposuimus.
2987 4193 3066 4248 De
3098 4191 3366 4264 haesua
3402 4189 3622 4264 visione

2024 4263 2285 4319 idemmet
2319 4262 2522 4320 Paulus
2551 4265 2568 4320 Ι
2593 4262 2720 4322 Cor.
2751 4282 2841 4333 xv,
2865 4264 2922 4329 8,
2951 4264 3032 4321 sic
3059 4263 3170 4320 ait:
3196 4262 3493 4318 Novissime
3519 4279 3619 4318 au-

2023 4345 2120 4390 tem
2151 4335 2382 4390 omnium
2408 4346 2666 4410 tamquam
2703 4338 2931 4394 abortivo
2959 4337 3097 4393 visus
3125 4343 3200 4394 ett
3229 4343 3274 4392 et
3293 4335 3442 4390 mihi.

354 4473 601 4549 (a)Unus
627 4489 657 4549 e_
680 4489 812 4549 mss.
840 4472 996 4549 Qolb.
1021 4490 1138 4549 quae
1155 4485 1226 4529 est
1243 4472 1423 4530 Pater.
1439 4471 1690 4549 Carnjut.,
1712 4493 1816 4544 qua
1845 4487 1918 4549 est
1944 4480 1997 4540 D
2022 4481 2201 4538 carnis
2229 4481 2579 4537 abolitionem
2607 4477 2844 4536 sensisse
2865 4473 3415 4549 temerejudicentur.
3445 4475 3624 4549 anno

311 4545 501 4602 Pater.
531 4545 835 4602 Retinenda
863 4545 1288 4618 lectio‘vulgata,
1317 4563 1422 4618 non
1450 4547 1594 4618 quod
1625 4549 1677 4602 in
1705 4549 1796 4604 Dei
1828 4548 1916 4604 Fi-

313 4619 397 4692 lio
415 4629 545 4692 ante
571 4618 748 4692 carnis
767 4617 1191 4692 assumptionem
1223 4616 1424 4692 fuerint
1443 4616 1645 4692 partes,
1668 4620 1760 4676 sed
1775 4621 1918 4692 quod

324 4690 458 4744 nihil
491 4690 539 4745 ei
565 4687 726 4744 fuerit
757 4689 898 4744 unde
923 4687 1026 4744 non
1056 4688 1330 4756 perfectus
1351 4687 1457 4743 dici
1487 4691 1673 4760 possit.

395 4761 467 4832 (ὸ)
514 4761 678 4826 Editi,
702 4760 1097 4828 clariﬁcationis
1117 4760 1427 4833 profectum,
1459 4775 1523 4815 ac
1543 4759 1738 4818 deinde
1767 4761 1915 4833 Lips.

314 4840 374 4888 et
402 4836 524 4888 Par.
555 4841 793 4902 expetat:
819 4832 1212 4901 refragantibus
1235 4847 1363 4886 mss.
1398 4847 1624 4901 quorum
1653 4834 1814 4889 lectio
1837 4832 1922 4891 sic

315 4904 618 5010 ordinanda;
641 4919 655 4957 :
697 4903 823 4976 quid
845 4903 1232 4974 clariﬁcationis
1255 4912 1351 4971 est,
1382 4904 1520 4968 quod
1544 4904 1685 4974 apud
1711 4903 1920 4961 Patrem

315 4985 574 5029 exspectet
591 4985 604 5028 Ξ

650 5045 797 5116 prius
827 5061 986 5118 quam
1017 5043 1249 5118 mundus
1275 5053 1446 5113 esset;
1479 5055 1629 5118 atque
1649 5047 1800 5106 etiam
1825 5047 1924 5106 Ita-

321 5116 425 5183 bet,
454 5127 574 5188 post
595 5133 756 5187 quam
784 5118 898 5188 ipse
928 5117 1098 5188 factus
1129 5124 1213 5172 est
1240 5116 1420 5188 homo.

395 5187 476 5260 (ἀ)
519 5190 610 5244 Sic
651 5188 746 5244 lib.
779 5187 846 5244 de
876 5187 1081 5260 Synod.
1116 5206 1169 5242 n.
1211 5187 1311 5244 48:
1348 5187 1562 5243 Verbum
1587 5205 1706 5260 caro
1735 5194 1925 5260 factum

318 5259 533 5324 θερμαί
569 5277 692 5315 caro
729 5259 1030 5328 potius’hoc
1072 5260 1314 5329 inciperet
1353 5276 1460 5315 esse
1485 5259 1624 5330 quod
1671 5259 1926 5318 Verbum:

313 5331 467 5400 quod
491 5347 596 5386 non
633 5335 800 5386 sentit
831 5331 1061 5386 Hilarius
1095 5331 1208 5386 ﬁeri
1258 5331 1552 5386 mutatione
1583 5333 1922 5399 substantiae,

316 5401 420 5458 sed
442 5402 736 5473 qualitatis,
769 5417 874 5457 non
903 5414 955 5458 ut
988 5419 1114 5459 caro
1150 5417 1268 5458 esse
1295 5402 1506 5458 desinat
1531 5403 1670 5473 quod
1692 5412 1796 5468 est,
1827 5404 1924 5462 sed

316 5483 384 5560 ut
419 5474 674 5542 absorpta
696 5475 1069 5560 ‘cqrruptione
1117 5474 1168 5528 in
1225 5475 1681 5558 incorruptionem
1723 5475 1926 5532 aliasve

317 5544 501 5617 dotes,
529 5561 649 5616 qum
678 5543 872 5602 divina:
898 5543 1062 5602 Verbi
1092 5555 1296 5600 natura:
1319 5549 1548 5617 propria}
1575 5556 1719 5612 sunt,
1751 5554 1928 5601 trans-

321 5615 610 5688 formetur,
641 5617 717 5673 ttti
746 5633 872 5674 mox
893 5617 1200 5688 exponitur,
1229 5625 1284 5688 et
1303 5615 1520 5686 copiose
1539 5623 1814 5672 ostensum
1842 5625 1926 5674 est

323 5689 380 5760 in
431 5687 750 5760 praefatione
796 5689 1034 5760 generali
1089 5687 1202 5760 §5.
1234 5687 1388 5760 Quod
1417 5687 1702 5758 diligenter
1748 5698 1927 5746 atten-

319 5757 590 5828 dendum,
637 5775 708 5816 ne
760 5759 847 5817 ubi
893 5757 1324 5828 Patres'antiqui
1368 5757 1585 5816 carnem
1623 5769 1862 5815 nostram
1893 5774 1926 5816 a

319 5829 546 5890 Christo
589 5840 711 5904 post
756 5833 1206 5893 resurrectionem
1238 5830 1529 5904 dei/iculum
1587 5830 1923 5906 praedicant,

2023 4567 2211 4610 errore
2227 4568 2350 4608 sese
2377 4553 2613 4608 alienum
2637 4551 2724 4605 hic
2753 4542 3260 4610 ostenditllilarius,
3289 4559 3412 4600 cum
3441 4542 3628 4598 Chriso

2023 4632 2135 4678 tum
2181 4623 2372 4695 judicii
2397 4625 2484 4680 die
2519 4625 2662 4695 inea
2694 4623 2806 4691 ipsa
2835 4633 2999 4676 carne
3037 4616 3328 4675 videndum
3357 4614 3538 4684 docet,
3569 4615 3625 4671 in

2023 4711 2125 4766 qua
2159 4693 2570 4764 transﬁguratus
2600 4693 2654 4747 in
2679 4699 2863 4748 monte
2887 4701 2994 4746 est.

2095 4787 2166 4860 (e)
2208 4788 2263 4843 In
2288 4788 2540 4864 vulgatis,
2585 4785 2674 4840 sed
2703 4784 2840 4864 Dens
2884 4784 3067 4864 plane.
3091 4783 3370 4864 Exputicta
3397 4791 3486 4864 est
3518 4796 3628 4837 vox

2025 4852 2165 4912 Deus
2195 4852 2531 4914 auctoritate
2563 4872 2695 4912 mss.
2729 4855 2916 4910 Hilarii
2953 4852 3218 4909 sententia
3244 4852 3499 4922 liquidius
3529 4867 3626 4922 pa-

2025 4938 2104 4985 tet
2131 4947 2194 4985 ex
2227 4931 2308 4984 his
2334 4930 2426 4984 lib.
2453 4947 2504 4994 v,
2547 4945 2697 4983 num.
2722 4927 2826 4979 ‘27:
2875 4924 2943 4979 Et
2967 4939 3142 4993 quaero
3182 4924 3420 4994 an‘Deue
3475 4938 3626 4977 verna

2027 5017 2128 5056 non
2169 5002 2255 5067 sit,
2310 5002 2397 5070 qui
2442 4992 2547 5054 tum
2589 4997 2869 5070 secundum
2905 4992 3198 5070 opinionem
3237 4992 3541 5049 Iudaeorum
3575 5003 3624 5048 et

2027 5066 2415 5143 benedicebatttr
2437 5081 2480 5127 et
2499 5069 2794 5143 jurabatur.
2815 5066 2846 5120 ,1
2854 5067 2991 5143 adrui
3020 5083 3236 5143 namque
3242 5074 3624 5143 sacramentum

2025 5145 2250 5214 mysterii
2279 5142 2375 5197 Dei
2400 5136 2694 5206 nescientes,
2724 5147 2773 5193 et
2791 5155 2882 5214 per
2923 5136 3023 5192 hoc
3049 5136 3144 5192 Dei
3176 5138 3343 5214 [ilium
3370 5139 3624 5214 ignoran-

2028 5207 2122 5280 te},
2158 5215 2316 5270 Deum
2347 5224 2562 5277 tantum,
2601 5228 2702 5267 non
2734 5207 3022 5266 et‘Patrem
3065 5207 3456 5280 venerabantur.
3489 5207 3630 5262 Nam

2027 5279 2198 5356 utique
2228 5295 2523 5342 venerantes
2556 5284 2786 5350 Patrem,
2813 5288 3177 5336 venerarentur
3213 5287 3260 5336 et
3287 5279 3506 5334 Filium.

2103 5378 2174 5452 (ο
2249 5380 2304 5435 in
2341 5380 2609 5449 vulgatis,
2648 5387 2736 5452 aut
2767 5377 3048 5432 dilatione:
3075 5375 3236 5452 male.
3285 5373 3396 5452 Nec
3433 5371 3632 5452 melius

2033 5443 2229 5508 deinde
2271 5453 2410 5522 apud
2435 5443 2531 5513 Er.
2571 5443 2624 5505 et
2663 5450 2810 5519 Lips.
2851 5456 2940 5502 aut
2970 5447 3294 5522 remissione.
3323 5443 3633 5522 Verbisaat

2033 5514 2332 5577 dilatatione
2375 5532 2463 5576 aut
2513 5514 2781 5577 entissione
2833 5527 3054 5573 cavetur
3101 5517 3326 5574 haeresis
3379 5514 3628 5585 Sabellii,

2031 5609 2192 5666 quam
2216 5594 2307 5648 lib.
2335 5610 2372 5659 ι,
2403 5609 2554 5650 num.
2587 5592 2672 5658 l6,
2701 5589 3074 5663 explicuimus.

2103 5684 2182 5756 (g)
2218 5684 2345 5756 Vat.
2386 5685 2506 5741 bas.
2548 5701 2652 5740 ms.
2679 5697 2802 5756 cum
2823 5696 2932 5756 uno
2957 5681 3109 5738 Colb.
3143 5690 3200 5738 et
3232 5681 3442 5756 Remig.
3473 5697 3632 5756 expe-

2029 5752 2305 5840 suit'.'altix
2327 5772 2515 5814 vocem
2542 5752 2966 5814 inenarrabilium
2996 5763 3154 5812 antea
3185 5755 3442 5812 omissam
3469 5752 3630 5810 resn-

2026 5837 2231 5884 luimus
2257 5843 2286 5884 θ
2313 5843 2443 5886 [1188.
