4118 6186
435 206 503 262 87

1641 194 1889 261 SANCTI
1940 193 2197 251 HILARII
2249 193 2555 253 EPISCOPI

3671 195 3739 252 83

433 333 490 381 et
513 338 622 397 quo
671 322 871 379 damno
902 321 1095 387 Patris,
1129 320 1219 377 vel
1239 334 1308 377 ex
1335 333 1441 391 qua
1466 319 1718 392 portione
1739 316 1810 373 sit
1847 323 2027 383 natus,
2058 320 2113 381 Α
2136 321 2245 371 tem
2273 315 2673 383 accommodat,
2695 323 2749 372 et
2795 316 3121 371 dubitationi
3175 315 3470 372 infidelium
3500 314 3745 373 satisfac-

437 410 781 483 inquirimus.
806 407 885 482 (a)
934 407 1212 465 Habueras
1250 407 1305 463 in
1345 407 1601 478 exemplo
1635 404 2030 476 operationum,

437 515 499 563 ut
519 506 769 562 crederes
796 505 965 560 Deum
1002 502 1218 559 efficere
1254 515 1434 573 posse,
1476 514 1701 572 quorum
1736 497 2037 567 intelligere

440 598 786 656 efﬁcientiam
819 611 924 651 non
949 596 1142 665 possis.

515 689 966 746 19.Provocantur
977 697 1030 742 ut
1057 687 1313 759 explicent
1341 684 1531 741 Christi
1544 685 1726 758 januis
1746 685 1935 740 clausis
1959 684 2041 739 in-

443 801 775 858 gressum.—
798 782 1008 850 Qumris
1033 781 1304 852 quomodo
1332 779 1628 836 secundum
1659 779 1920 849 Spiritum
1948 791 2046 832 na-

443 886 530 932 tus
558 876 627 931 sit
652 858 831 930 Filius
856 893 869 929 :
901 889 1003 944 ego
1032 883 1085 928 te
1110 872 1178 928 de
1216 872 1495 943 corporeis
1525 871 1687 927 rebus
1745 872 2040 940 interrogo.

444 968 561 1025 Non
592 968 667 1039 (b)
690 981 875 1039 quaero
903 965 1176 1037 quomodo
1206 973 1360 1021 natus
1381 981 1448 1021 ex
1476 964 1684 1036 virgine
1711 965 1810 1030 sit;
1851 979 1920 1018 an
1952 962 2048 1018 de-

448 1059 762 1116 trimentum
790 1060 873 1113 sui
890 1072 1017 1113 caro
1042 1056 1334 1128 perfectam
1356 1073 1424 1113 ex
1449 1073 1508 1112 se
1536 1071 1755 1112 carnem
1780 1068 2049 1126 generans

447 1166 706 1224 perpessa
728 1151 817 1207 sit.
861 1151 925 1206 Et
944 1151 1051 1223 61
1094 1158 1243 1205 certe
1279 1165 1384 1204 non
1425 1144 1755 1220 suscepit(c)
1776 1146 1915 1217 quod
1937 1146 2051 1202 edi—

453 1245 553 1313 dit,
582 1245 678 1300 sed
725 1258 854 1300 caro
897 1258 1116 1299 carnem
1148 1246 1268 1297 sine
1304 1242 1696 1298 elementorum
1743 1248 2050 1295 nostrorum

452 1340 659 1412 pudore
700 1337 966 1410 provexit,
1009 1346 1064 1393 et
1113 1337 1410 1408 perfectum
1442 1336 1556 1407 ipsa
1591 1335 1662 1391 de
1690 1335 1802 1390 suis
1835 1332 1916 1407 (ά)
1944 1348 2050 1388 non

456 1434 739 1488 imminuta
787 1432 1088 1502 generavit.
1132 1431 1200 1486 Et
1229 1430 1447 1502 quidem
1489 1429 1567 1483 fas
1619 1438 1785 1496 esset,
1827 1444 1934 1483 non
1956 1427 2058 1482 im-

457 1525 720 1597 possibile
747 1525 798 1579 in
825 1525 935 1580 Deo
957 1522 1191 1594 opinari,
1214 1522 1358 1592 quod
1382 1537 1478 1591 per
1505 1521 1759 1576 virtutem
1788 1519 1908 1591 ejus
1933 1533 2059 1589 pos-

458 1619 617 1675 sibile
649 1617 815 1674 fuisse
839 1619 891 1673 in
915 1617 1131 1672 homine
1157 1618 1551 1688 cognoscimus.

2138 417 2310 474 turus,
2346 423 2602 465 arcanum
2628 408 2909 465 invisibilis
2934 410 3145 464 virtutis
3173 421 3428 480 operatur
3457 429 3471 463 :
3502 408 3626 465 facti
3650 425 3744 464 ra-

2142 501 2365 567 tionem,
2391 502 2635 573 quisquis
2658 502 2770 558 eris
2799 504 3096 560 caelestium
3122 519 3304 559 rerum
3335 510 3625 570 scrutator,
3654 518 3749 558 ex-

2146 609 2306 664 pone.
2361 595 2526 649 Erant
2577 594 2827 666 discipuli
2867 595 2935 667 (f)
2987 597 3038 650 in
3067 597 3274 661 clauso,
3304 603 3359 651 et
3390 604 3601 652 secreto
3628 605 3750 666 post

2143 686 2453 757 passionem
2487 687 2695 742 Domini
2725 690 3034 759 congregati
3080 689 3458 744 consederant.
3491 689 3751 743 Dominus

2143 782 2475 855 62Tliomcc
2492 782 2648 837 fidem
2668 783 2956 853 propositis
2979 782 3380 837 conditionibus
3396 782 3748 837 confirmatu-

2146 890 2240 930 rus
2256 876 2478 942 assistit,
2495 875 2744 946 palpandi
2773 876 3017 946 corporis
3035 885 3089 931 et
3115 890 3216 930 con
3226 883 3391 930 trecta
3400 875 3489 930 ndi
3515 874 3753 929 vulneris

2148 966 2343 1023 obtulit
2373 966 2680 1022 facultatem
2714 976 2807 1023 :et
2847 968 3028 1037 utique
3058 966 3137 1039 (2)
3170 968 3258 1037 qui
3287 976 3643 1037 compunctus
3668 981 3756 1023 re-

2153 1059 2564 1130 cognoscendus
2585 1059 2678 1126 sit,
2696 1074 2918 1116 necesse
2942 1068 3025 1114 est
3052 1074 3249 1129 corpus
3280 1059 3333 1113 in
3359 1072 3467 1129 quo
3496 1069 3579 1114 est
3607 1074 3757 1114 com-

2157 1161 2391 1223 punctus
2440 1153 2704 1207 attulerit.
2760 1152 2956 1221 Quaero
3001 1168 3129 1223 ergo
3152 1168 3248 1222 per
3277 1167 3411 1222 quas
3436 1152 3639 1208 clausa:
3662 1151 3760 1207 do-

2160 1258 2280 1298 mus
2311 1252 2494 1314 partes
2521 1258 2643 1299 sese
2670 1257 2967 1314 corporeus
2999 1244 3259 1299 intulerit.
3294 1244 3590 1313 Diligenter
3613 1245 3758 1299 enim

2159 1337 2498 1407 Evangelista
2531 1353 2597 1393 ex
2610 1337 3045 1408 pressitdicens:
3075 1337 3219 1393 Venit
3246 1337 3394 1392 Jesus
3407 1339 3590 1412 januis
3607 1339 3754 1392 clau-

2159 1429 2254 1494 sis,
2272 1438 2318 1484 et
2334 1430 2471 1483 stetit
2488 1430 2540 1482 in
2557 1429 2725 1483 medio
2743 1428 2822 1502 (g)
2855 1428 2988 1500 (1b.,
3006 1429 3121 1502 9.6).
3138 1430 3222 1485 An
3239 1439 3548 1485 constructa
3572 1430 3751 1499 parie-

2165 1532 2275 1577 tum
2309 1531 2598 1592 penetraus
2629 1520 2708 1594 (Ιι)
2737 1532 2794 1578 et
2844 1522 3015 1578 solida
3066 1522 3353 1594 lignorum,
3399 1531 3645 1577 naturam
3672 1538 3766 1579 eo-

2163 1631 2283 1672 rum
2335 1616 2803 1686 impenetrabilem
2856 1617 3291 1673 transcucurrit?
3323 1616 3486 1674 Stetit
3539 1631 3771 1688 namque

533 1712 625 1766 “20.
656 1711 762 1768 Sed
785 1719 859 1775 te,
887 1710 1130 1781 quisquis
1152 1725 1233 1777 es,
1252 1709 1640 1780 investigabilia
1665 1715 1982 1772 sectantem,
2008 1716 2064 1762 et
2094 1716 2140 1776 Β
2167 1725 2492 1780 corporeus,
2524 1726 2633 1765 non
2665 1710 2954 1766 simulatus
2987 1720 3077 1765 aut
3106 1710 3290 1765 fallax.
3312 1709 3619 1779 Sequantur
3641 1725 3773 1780 ergo

460 1806 767 1862 divinorum
794 1812 1128 1860 secretorum
1171 1812 1332 1872 atque
1381 1802 1635 1857 virtutum
1675 1815 1890 1872 gravem
1913 1799 2061 1854 arbi-

461 1907 605 1954 trum
627 1898 876 1963 consulo,
906 1906 965 1951 ut
1003 1898 1133 1952 mihi
1162 1897 1433 1965 imperito,
1464 1904 1521 1951 et
1563 1904 1767 1950 tantum
1796 1894 1863 1950 de
1890 1894 2065 1948 omni-

467 1990 568 2045 bus
599 1990 711 2043 Deo
738 1997 797 2043 ut
842 1997 967 2042 sunt
1011 1987 1081 2042 ab
1123 2002 1190 2044 eo
1216 1986 1356 2043 dicta
1384 1985 1646 2054 credenti,
1671 1984 1934 2040 rationem
1961 1984 2065 2038 sal-

467 2091 576 2139 tem
604 2081 727 2136 facti
772 2081 927 2136 istius
954 2078 1169 2135 afferas.
1218 2079 1504 2135 Dominum
1536 2076 1716 2141 audio.
1741 2085 1798 2133 et
1825 2076 1951 2148 quia
1983 2076 2068 2130 his

468 2174 634 2231 credo
661 2188 783 2245 quae
828 2173 1025 2243 scripta
1057 2181 1202 2239 sunt,
1247 2171 1362 2237 scio
1400 2171 1512 2242 jam
1563 2178 1684 2241 post
1714 2169 2071 2225 resurrectio-

470 2281 598 2323 nem
649 2265 961 2337 frequenter
998 2264 1290 2321 videndum
1332 2278 1392 2320 se
1439 2265 1491 2319 in
1514 2277 1741 2334 corpore
1770 2262 2073 2334 prmbuisse

474 2359 660 2415 multis
682 2373 789 2414 non
835 2357 1184 2414 credentibus
1214 2374 1229 2423 ;
1256 2366 1404 2414 certe
1420 2354 1665 2423 Thomaa,
1689 2372 1796 2410 non
1817 2356 1918 2411 nisi
1944 2370 2073 2411 con-

476 2454 720 2509 trectatis
739 2451 856 2523 ejus
879 2450 1189 2507 vulneribus
1218 2449 1512 2516 credituro,
1542 2450 1682 2505 sicut
1710 2450 1785 2504 ait
1816 2467 1831 2503 :
1857 2448 1981 2504 Nisi
2004 2451 2079 2503 vi-

480 2545 601 2600 dero
621 2543 693 2617 (e)
715 2544 768 2598 in
793 2543 1028 2598 manibus
1049 2542 1252 2615 ejus“)
1277 2543 1499 2612 ﬁxuram
1519 2541 1800 2615 clavorum,
1823 2551 1871 2597 et
1893 2543 2079 2597 misero

479 2636 699 2708 digitum
726 2652 895 2691 meum
942 2636 996 2690 in
1029 2634 1199 2689 locum
1242 2636 1526 2699 clavorum,
1553 2644 1600 2689 et
1640 2634 1839 2689 mittant
1871 2651 2081 2688 manum

477 2744 647 2784 meam
669 2729 723 2783 in
745 2729 879 2783 latus
919 2731 1052 2802 ejus,
1094 2744 1196 2783 non
1235 2727 1438 2782 credam
1466 2725 1671 2799 (Joan.,
1704 2743 1797 2795 xx,
1828 2725 1946 2798 25).
1973 2727 2082 2782 Do-

482 2823 665 2878 minus
684 2822 748 2877 ad
767 2837 985 2877 omnem
1013 2836 1075 2877 se
1113 2820 1489 2891 intelligentia:
1520 2831 1723 2876 nostras
1744 2819 2085 2877 imbecillita-

484 2942 523 3008 ,Ξ
558 2939 638 3009 (l)
659 2937 973 2995 Anteriores
994 2936 1279 3003 editiones,
1302 2940 1545 3011 ﬁguram.

544 3051 642 3181 δᾳ)
691 3052 822 3133 Bad.
871 3061 925 3107 et
964 3052 1084 3116 Εν..
1118 3053 1334 3137 Itwreas.
1383 3054 1532 3125 Lips.
1562 3062 1618 3109 et
1653 3053 1801 3120 Par.,
1843 3054 2087 3109 haerebas.

491 3126 556 3184 Vi
600 3132 641 3179 it
672 3124 887 3184 quidem
934 3124 1192 3180 Erasmus
1242 3141 1295 3180 in
1338 3140 1469 3180 mss.
1500 3124 1769 3180 hebueras.
1819 3124 1974 3181 Unde
2025 3127 2087 3181 ad

600 3124 641 3179 it
672 3124 887 3194 quidem
934 3124 1192 3180 Erasmus
1242 3126 1295 3180 in
1338 3124 1469 3180 mss.
1500 3124 1769 3180 hebueras.
1819 3124 1974 3181 Unde
2025 3127 2090 3181 ad
2119 3125 2163 3187 C
2196 3124 2439 3184 Culh.ae

491 3213 643 3280 oram
677 3196 796 3280 libri
820 3195 1126 3280 adscripsit,
1145 3195 1255 3280 Ego
1285 3195 2089 3280 legendum.arbitror-hebueras,

495 3270 592 3324 hoc
633 3275 705 3321 est
739 3268 1066 3321 cwcutieras:
1117 3276 1276 3337 atque
1323 3267 1564 3336 opinioni
1611 3268 1754 3322 illius
1788 3267 2093 3323 Ludovicus

494 3340 727 3421 myrteos
770 3353 1050 3421 perperam
1074 3339 1422 3408 subscripsit;
1455 3354 1577 3421 cum
1610 3354 1719 3421 non_
1751 3339 2096 3421 ambiguasit

494 3408 657 3466 lectio
688 3424 817 3462 mss.
867 3408 1119 3465 habueras
1150 3419 1224 3477 ut,
1266 3425 1361 3464 seu
1402 3410 1567 3476 unde,
1599 3411 1848 3465 crederes.
1878 3411 1968 3466 Sic
1998 3412 2090 3466 lib.

496 3497 594 3545 vn,
621 3497 675 3535 n.
708 3479 807 3534 51:
842 3478 1111 3535 Habueras
1136 3482 1191 3535 in
1235 3483 1555 3551 confessione
1579 3498 1774 3547 eorum,
1800 3483 1979 3553 quibus
2008 3484 2096 3536 de-

496 3553 733 3625 swvientg
774 3561 1011 3625 verita...
1048 3563 1155 3608 erat
1200 3553 1433 3607 restituta
1471 3554 1840 3625 tranquillitas,
1874 3563 1928 3607 ut
1972 3564 2016 3608 et
2043 3564 2096 3609 tu

496 3639 671 3695 verum
692 3621 792 3695 Dei
821 3622 985 3695 ﬁlium
1016 3625 1352 3695 conﬁtereris,
1379 3635 1486 3681 etc.

572 3691 648 3767 (b)
691 3691 1015 3767 Particulam
1048 3691 1354 3766 negantem,
1384 3711 1543 3767 quam
1571 3695 1768 3751 frustra
1800 3694 2093 3751 sustulerat

499 3764 740 3837 Lipsius,
768 3764 853 3837 hic
884 3764 1240 3822 restituimus.

574 3835 648 3910 (ς)
674 3835 890 3892 Scilicet
920 3852 991 3891 ex
1018 3838 1135 3893 viro
1165 3859 1178 3893 :
1215 3838 1302 3892 sed
1351 3853 1471 3891 caro
1517 3853 1723 3910 carnem
1776 3835 2094 3907 perfectam,

498 3924 596 3965 seu
613 3909 883 3981 hominem
901 3923 1086 3963 verum
1106 3919 1157 3963 et
1173 3910 1465 3981 perfectum
1484 3910 1594 3963 sine
1610 3909 1967 3963 elementorum
1981 3926 2101 3963 nos-

500 3989 698 4035 trorum
721 3978 917 4047 pudore
942 3978 1217 4049 provexit:
1243 3981 1365 4050 quia
1399 3980 1649 4035 nimirum
1676 3996 1865 4034 omnes
1894 3995 1960 4034 ex
1986 3981 2101 4036 viro

504 4061 558 4107 et
580 4050 777 4106 femina
806 4053 985 4106 carnis
1019 4052 1164 4106 initia
1201 4052 1487 4107 trahimus.
1521 4050 1640 4106 Vid.
1670 4052 1763 4107 lib.
1788 4051 2023 4118 x,n.'55,
2048 4063 2129 4107 et.

500 4121 599 4176 lib.
650 4138 743 4184 xu,
794 4138 848 4175 n.
879 4121 968 4176 49.
1005 4123 1155 4177 llunc
1181 4132 1358 4178 autem
1384 4123 1561 4177 locum
1589 4137 1710 4178 cum
1742 4123 1912 4177 altero
1942 4131 2098 4177 tract.

504 4194 644 4264 p8:tl.
673 4208 837 4271 vau,
868 4194 1277 4249 conciliavimus
1324 4194 1378 4248 in
1406 4193 1549 4247 notis
1588 4194 1657 4247 ad
1683 4193 1933 4249 eumdem
1964 4204 2105 4249 trac-

503 4273 695 4319 latum.

578 4332 657 4405 (d)
692 4333 825 4388 Illud
856 4334 920 4388 de
938 4334 1045 4388 suis
1070 4335 1139 4390 ita
1172 4333 1446 4389 Hilariano
1472 4347 1624 4387 more
1652 4333 1885 4403 positum
1912 4344 2017 4399 est,
2048 4345 2106 4391 ut

505 4405 572 4461 ad
606 4406 907 4475 proximum
959 4407 1183 4461 verbum
1233 4420 1333 4458 non
1378 4405 1669 4469 imminuta,
1714 4414 1768 4459 et
1796 4406 1862 4460 ad
1912 4407 2101 4463 subse-

510 4491 681 4548 quens
721 4477 979 4548 generavit
1005 4492 1159 4547 aeque
1189 4475 1529 4548 referendum
1559 4477 1648 4542 sit,
1677 4477 1829 4548 quasi
1878 4476 2097 4533 habere-

503 4547 613 4611 πυτ.
642 4549 758 4618 ipsa
779 4547 842 4601 de
870 4549 978 4601 suis
1006 4547 1263 4618 generavit
1281 4547 1555 4618 ,7qnamris
1600 4562 1700 4600 non
1739 4547 2007 4603 imminuta
2036 4550 2100 4603 de

504 4620 634 4675 suis.
667 4617 757 4674 Sic
778 4628 955 4674 autem
986 4616 1162 4690 potest
1180 4616 1409 4690 intelligi
1433 4616 1502 4690 de
1519 4617 1632 4672 suis
1661 4632 1767 4672 non
1792 4619 2094 4682 imminuta,

503 4693 626 4763 quia
664 4690 783 4745 scil.
804 4688 1020 4763 integra
1049 4702 1103 4744 et
1134 4689 1335 4763 illibata
1360 4688 1661 4763 virginitate
1707 4690 2004 4763 generavit.
2029 4693 2099 4747 At

503 4759 665 4834 quod,
706 4778 770 4816 ex
804 4760 906 4834 hac
934 4759 996 4816 B.
1046 4761 1281 4832 Virginis
1328 4759 1679 4834 generatione
1706 4761 2010 4834 deducitur,
2040 4774 2098 4816 ut

502 4831 779 4890 credibilis
825 4831 915 4887 fiat
958 4831 1371 4890 Patrisizcterni
1427 4832 1702 4902 generatio
1748 4833 1950 4903 absque
1990 4835 2096 4888 ullo

504 4907 672 4975 ipsius
700 4906 923 4971 dautno,
954 4919 1237 4975 perperam
1263 4904 1477 4975 quidam
1502 4904 1717 4970 rapiunt
1742 4905 1806 4957 ad
1842 4905 2098 4959 infaman-

505 4974 628 5033 dam
662 4976 849 5031 Hilarii
900 4977 969 5031 de
996 4974 1191 5031 Christi
1231 4974 1586 5044 conceptione
1615 4977 1956 5038 sententiam,
1983 4978 2097 5044 jac-

507 5058 732 5119 tantque
758 5063 881 5119 eum
908 5048 1143 5102 sensisse
1171 5045 1447 5119 Christum
1477 5061 1541 5101 ex
1575 5045 1734 5119 maria
1765 5046 1891 5119 nihil
1920 5062 2101 5104 susce-

507 5116 675 5190 pisse.
711 5117 875 5186 Quasi
920 5134 1049 5173 vero
1102 5134 1208 5172 non
1237 5117 1312 5190 _in
1340 5116 1458 5190 hoc
1497 5117 1728 5190 maxime
1770 5118 2009 5190 instituta
2033 5120 2103 5174 sit

510 5185 681 5260 ipsius
726 5185 1078 5258 Comparatio,
1109 5187 1251 5260 quod
1308 5188 1447 5242 sicut
1500 5185 1745 5242 Christus
1804 5203 1868 5243 ex
1921 5189 2101 5246 Mariae

512 5259 807 5318 substantia
830 5260 999 5316 illaesa
1046 5259 1212 5331 ipsius
1235 5259 1537 5331 integritate
1567 5268 1722 5312 natus
1747 5268 1846 5321 est.
1878 5261 1945 5315 ita
1974 5261 2098 5317 abs-

510 5349 615 5401 que
645 5334 817 5403 Patris
844 5333 1043 5387 damno
1068 5330 1145 5385 ex
1184 5330 1360 5403 ipsius
1389 5330 1687 5403 substantia
1735 5334 1981 5400 generari
2001 5347 2100 5403 po-

507 5404 611 5457 tuit
634 5420 647 5464 ;
673 5401 942 5458 Chrismm
975 5421 1039 5458 ex
1066 5402 1244 5456 Maria:
1267 5401 1561 5456 substantia
1592 5410 1903 5471 generatum
1933 5405 1975 5458 si
2002 5401 2099 5459 ne-

509 5481 680 5545 garet.
710 5476 852 5529 nulla
909 5489 1125 5543 prorsus
1155 5485 1296 5527 esset
1350 5472 1519 5545 ipsius
1568 5472 1724 5545 ratio.
1776 5473 1889 5529 Hoc
1934 5490 2096 5544 porro

509 5544 632 5599 eum
659 5546 961 5599 nullatenus
993 5561 1189 5615 negare
1215 5544 1631 5599 evidentissimis
1653 5548 1985 5615 argumentis
2010 5561 2097 5602 os-

507 5624 719 5671 tensum
743 5624 827 5671 est
854 5617 905 5670 in
930 5616 1238 5686 prml‘atione
1257 5615 1491 5685 generali

586 5631 719 5668 rsum
743 5624 827 5671 est
854 5617 905 5670 in
930 5614 1238 5686 prml‘atione
1257 5615 1491 5685 generali
1501 5614 1546 5741 ᾗ
1576 5614 1628 5667 1.
1724 5614 1735 5615 “

583 5687 653 5757 (e)
677 5686 866 5743 Plures
890 5702 1020 5742 mss.
1050 5689 1102 5742 in
1136 5701 1317 5741 manus
1340 5689 1472 5759 ejus.
1551 5699 1641 5742 um
1663 5700 1783 5743 cum
1814 5686 1939 5743 Par.
1965 5690 2095 5745 reti-

2130 4521 2185 4582 D

2169 1804 2311 1859 oculi
2345 1803 2544 1858 mentis
2592 1812 2697 1857 tuae
2729 1804 3062 1873 penetrantis
3113 1805 3439 1873 ingressum,
3473 1809 3676 1857 etcum
3703 1817 3769 1857 eo

2170 1897 2411 1953 clausam
2441 1896 2661 1951 domum
2695 1895 3062 1966 intelligentiae
3096 1903 3201 1949 tum
3230 1896 3377 1949 visus
3403 1894 3651 1949 introeat.
3693 1892 3779 1948 ln-

2174 1999 2321 2061 tegra
2364 1998 2491 2045 sunt
2538 1988 2719 2044 omnia
2766 1998 2822 2044 et
2846 1988 3094 2044 obserata
3127 2006 3139 2041 :
3175 1986 3269 2043 sed
3296 2001 3417 2043 esse
3443 1987 3645 2041 assistit
3668 2000 3780 2040 me-

2172 2083 2316 2147 dius,
2340 2082 2427 2137 cui
2458 2098 2551 2154 per
2576 2083 2831 2138 virtutem
2857 2097 3007 2137 suam
3041 2082 3289 2136 universa
3320 2090 3443 2136 sunt
3465 2080 3672 2152 pervia.
3700 2077 3782 2131 lu-

2174 2175 2480 2233 visibilibns
2508 2175 2857 2232 calum‘niaris
2884 2192 2898 2228 :
2927 2188 3029 2245 ego
3054 2188 3085 2229 a
3113 2183 3164 2229 te
3195 2173 3489 2229 visibilium
3545 2184 3782 2241 exposco

2180 2270 2471 2325 rationem.
2525 2267 2667 2324 Nihil
2696 2267 2842 2324 cedit
2869 2282 2937 2322 ex
2975 2265 3171 2332 solido,
3215 2281 3391 2336 neque
3417 2278 3513 2335 per
3539 2273 3783 2318 naturam

2186 2380 2340 2421 suam
2388 2362 2590 2434 aliquid
2624 2372 2895 2433 tamquam
2925 2361 3078 2431 lapsu
3110 2358 3415 2415 insensibili
3453 2358 3594 2429 ligna
3625 2367 3675 2411 et
3704 2357 3783 2409 la-

2185 2457 2339 2528 pides
2368 2456 2678 2512 admittunt.
2712 2455 2922 2525 Corpus
2950 2454 3161 2509 Domini
3191 2469 3220 2508 a
3266 2467 3389 2507 sese
3439 2466 3547 2505 non
3578 2448 3784 2514 deﬁcit,

2187 2560 2248 2606 ut
2298 2564 2419 2606 sese
2472 2557 2714 2605 resumat
2758 2563 2826 2603 ex
2879 2546 3160 2601 nihilozet
3186 2545 3328 2600 unde
3358 2544 3448 2615 qui
3494 2543 3702 2598 assistit
3734 2542 3790 2596 in

2189 2643 2371 2700 medio
2393 2652 2477 2698 est
2504 2643 2527 2696 Ἰ
2555 2639 2712 2697 Cedit
2738 2641 2805 2696 ad
2837 2640 2955 2696 haec
2985 2649 3040 2696 et
3089 2652 3284 2695 sensus
3312 2648 3368 2693 et
3389 2652 3595 2703 sermo,
3625 2642 3680 2690 et
3697 2649 3794 2690 ex-

2191 2743 2273 2789 tra
2296 2734 2561 2789 rationem
2594 2732 2885 2787 humanam
2909 2741 2993 2787 est
3019 2733 3217 2785 veritas
3246 2730 3394 2785 facti.
3428 2727 3637 2783 idcirco
3661 2740 3793 2796 ergo

2193 2834 2251 2881 ut
2278 2825 2346 2881 de
2400 2825 2681 2880 nativitate
2724 2822 2788 2896 (i)
2837 2822 3094 2890 fallimus,
3123 2822 3193 2877 ita
3215 2829 3271 2879 et
3294 2820 3364 2878 de
3390 2819 3794 2892 ingressus-Dm

2263 2940 2345 3014 (2)
2374 2940 2509 3008 Quia
2535 2949 2892 3011 compunctus.

2201 3071 2393 3112 nemus
2433 3057 2652 3126 ﬁguram
2683 3057 2947 3111 clavorum
2975 3055 3350 3111 consentiente
3374 3061 3589 3109 vetusto
3613 3053 3798 3111 codice

2517 3144 2651 3183 erm.
2699 3130 2849 3199 juxta
2898 3142 3058 3196 graec.
3090 3128 3174 3182 τὸν
3220 3129 3535 3199 τύπονψτῶν
3565 3126 3795 3185 ἥλων.1η

2197 3200 2321 3254 aliis
2347 3211 2527 3255 autem
2559 3196 2732 3261 libris.
2769 3201 3010 3270 ﬁxuram.
3036 3199 3154 3254 Mox
3179 3201 3231 3252 in
3256 3213 3358 3253 ms.
3382 3196 3546 3252 Carn.
3577 3215 3667 3268 per
3683 3199 3797 3252 locu

2197 3272 2484 3340 clavorum,
2515 3285 2612 3340 pro
2634 3272 2688 3324 in
2708 3272 2895 3325 locum.

2275 3343 2344 3415 (Γ)
2378 3338 2541 3415 Εόὶιῖ,
2572 3343 2776 3415 inclusi.
2808 3343 2880 3397 At
2915 3355 3050 3415 mss.
3074 3340 3179 3415 hic,
3210 3342 3262 3394 in
3291 3341 3488 3415 clauso,
3513 3349 3567 3395 et
3594 3338 3660 3393 ad
3687 3340 3801 3415 cal-

2198 3410 2334 3469 ccni'
2362 3414 2483 3468 libri
2540 3414 2592 3468 in
2646 3412 3042 3478 (lenstantium,
3094 3413 3147 3466 in
3191 3427 3348 3481 quem
3379 3411 3495 3466 haec
3536 3410 3798 3467 translata

2198 3496 2346 3547 sunt,
2382 3499 2520 3539 unus
2557 3482 2715 3538 Colb.
2761 3485 3000 3538 inclausi.
3049 3483 3164 3538 Jam
3216 3483 3268 3538 in
3299 3498 3421 3553 cap.
3449 3482 3505 3543 4,
3536 3482 3587 3537 in
3612 3483 3799 3539 Matth.

2201 3573 2256 3611 [ι.
2292 3558 2383 3621 15,
2439 3572 2504 3611 ex
2538 3570 2671 3609 mss.
2706 3557 3011 3610 restitutum
3044 3563 3143 3617 est,
3182 3554 3279 3620 Qui
3302 3558 3503 3624 fructus
3526 3565 3599 3608 est
3623 3553 3800 3608 clauso

2180 3628 2484 3695 impensam
2508 3627 2718 3681 luminis
2750 3625 3053 3680 continere?

2275 3694 2350 3771 (g)
2381 3699 2589 3771 Excusi
2640 3697 2727 3753 hic
2777 3697 3066 3765 subjiciunt
3118 3694 3491 3771 discipulorum
3553 3711 3797 3749 suorum:

2202 3768 2345 3841 quod
2379 3786 2551 3840 neque
2580 3768 2632 3823 in
2661 3784 2817 3841 sacro
2839 3777 2985 3824 textu
3008 3776 3410 3841 exstat,neque
3442 3768 3495 3820 in
3520 3781 3651 3822 mss.

2275 3841 2355 3913 (Ιι)
2382 3838 2479 3897 Ιι³“
2509 3855 2644 3913 mss.
2667 3840 2817 3913 lflditi
2872 3855 3018 3901 vero,
3049 3848 3097 3913 et
3123 3838 3345 3893 solidam
3372 3838 3626 3908 lignorum
3647 3847 3800 3891 natu-

2202 3910 2317 3968 ram
2340 3910 2777 3979 impenetrabile»:
2807 3911 3135 3965 transcurrit.

2278 3985 2343 4053 (ἱ)
2380 3977 2543 4049 E‘diti,
2579 3983 2827 4052 fallimur.
2862 3982 3082 4053 Rectius
3103 3979 3337 4053 potiores
3364 3991 3494 4032 mss.
3521 3977 3753 4053 fallimus
3780 3996 3799 4033 :

2205 4049 2365 4111 Carn.
2391 4049 2691 4127 fefellimus.
2725 4053 2851 4109 Hice
2877 4054 3020 4109 enim
3072 4051 3451 4127 haereticorum
3480 4049 3696 4127 nomine
3720 4051 3797 4127 in-

2205 4119 2510 4189 sinuantur,
2545 4126 2826 4179 veritatem
2877 4140 3037 4192 quam
3081 4138 3185 4178 non
3217 4119 3684 4189 comprehendunt
3710 4122 3801 4176 de-

2209 4198 2571 4251 trectantium.
2630 4198 2953 4250 Arianorum
2995 4194 3222 4249 infirmae
3277 4192 3468 4247 rationi
3496 4206 3611 4246 sum
3643 4194 3802 4247 nimis

2207 4267 2541 4322 credentium
2570 4267 2806 4321 imitator
2833 4266 3108 4333 Calvinus,
3145 4266 3209 4319 iis
3242 4266 3341 4318 hac
3370 4272 3523 4333 parte
3548 4263 3803 4317 audacior

2208 4338 2327 4408 fuit,
2378 4338 2519 4408 quod
2568 4338 2620 4391 in
2671 4337 2974 4404 Juan.,xx,
3025 4338 3110 4402 i9,
3145 4350 3339 4408 negare
3389 4351 3495 4408 non
3538 4334 3795 4408 dubitarit

2208 4406 2480 4477 Christum
2515 4410 2815 4478 perjanuas
2846 4410 3058 4463 clausas
3087 4408 3150 4461 ad
3180 4406 3473 4476 discipulos
3501 4406 3760 4478 transisse
3786 4424 3797 4459 :

2209 4476 2457 4535 Concedit
2504 4476 2683 4535 tamen
2708 4481 2889 4550 januis
2926 4496 3048 4534 eum
3078 4495 3144 4535 eo
3179 4493 3339 4550 sensu
3367 4476 3571 4550 clausis
3585 4478 3799 4550 ingrcs-

2209 4568 2327 4606 sum
2354 4566 2474 4606 esse
2506 4569 2519 4615 ;
2549 4551 2693 4619 quod
2710 4546 2846 4606 'cum
2886 4551 3081 4606 clausae
3104 4546 3306 4613 esseni,
3338 4549 3512 4602 aditus
3542 4547 3614 4601 illi
3648 4556 3794 4619 pate-

2209 4623 2377 4677 factus
2410 4638 2513 4677 uon
2549 4616 2707 4677 fuerit
2750 4640 2905 4676 manu
2945 4622 3185 4684 hominis,
3219 4619 3665 4690 quemadmodum
3693 4616 3799 4673 Pe-

2196 4704 2324 4749 trus
2345 4710 2375 4749 e
2396 4709 2616 4749 carcere
2642 4694 2913 4759 obserato,
2944 4694 3036 4748 sed
3059 4691 3236 4763 angeli
3262 4690 3560 4763 ministerio
3588 4699 3797 4763 aperto,

2207 4779 2458 4835 egressus
2502 4777 2599 4819 est.
2635 4764 2770 4819 Tum
2803 4760 3153 4832 papistarumﬁ
3177 4764 3394 4835 nomine
3441 4760 3801 4815 calumniatur

2205 4833 2505 4901 catholicis,
2536 4836 2678 4903 ideo,
2703 4837 2892 4906 inquit,
2924 4837 3079 4889 aliter
3118 4833 3493 4906 sentientibus,
3520 4841 3581 4906 ut
3614 4848 3800 4906 corpus

2205 4908 2485 4979 gloriosum
2536 4925 2638 4961 non
2680 4903 2828 4961 modo
2856 4906 3074 4979 reddant
3110 4905 3275 4979 simile
3313 4904 3548 4979 spiritui,
3579 4903 3670 4955 sed
3698 4905 3794 4954 im-

2204 4975 2439 5049 mensum
2484 4995 2610 5037 esse.
2642 4979 2880 5049 nulloque
2930 4977 3044 5030 loco
3074 4975 3608 5049 contineriobtineant
3632 4988 3798 5049 :‘cutu

2204 5048 2328 5103 ideo
2357 5060 2561 5104 tantum
2589 5049 2745 5104 aliter
2770 5044 3022 5111 sentiant,
3048 5049 3171 5117 quia
3203 5046 3473 5101 luculenta
3504 5055 3627 5099 sunt
3655 5044 3785 5100 Scri-

2203 5129 2375 5189 pturze
2396 5122 2579 5181 verba.
2614 5129 2669 5176 et
2698 5134 2804 5173 uno
2855 5119 3070 5173 Patrum
3113 5133 3383 5172 consensu
3421 5126 3577 5189 prout
3605 5125 3800 5170 sonant

2203 5188 2496 5246 intellecta.
2539 5190 2681 5246 Sane
2720 5191 2914 5245 frustra
2948 5200 3030 5244 est
3069 5190 3364 5252 Scultctus,
3394 5188 3515 5241 cum
3557 5190 3797 5242 animum

2205 5261 2461 5317 inducere
2488 5271 2731 5325 conatur.
2767 5262 3025 5315 llilarium
3062 5277 3090 5315 a
3120 5263 3342 5315 Calvino
3383 5274 3481 5313 suo
3512 5272 3617 5312 non
3640 5258 3799 5313 dissi-

2207 5332 2353 5389 dere.
2382 5332 2512 5400 Quis
2543 5333 2683 5387 cnint
2728 5348 2835 5387 non
2860 5332 3060 5398 videat,
3086 5333 3155 5387 ita
3198 5331 3345 5385 ilhun
3381 5328 3539 5384 verba
3570 5344 3800 5399 evange-

2206 5404 2307 5460 lica
2359 5404 2709 5470 intellexisse,
2743 5415 2799 5458 ut
2826 5404 3099 5459 Christum
3152 5402 3334 5471 januis
3362 5400 3582 5465 clausis,
3627 5401 3798 5471 iisque

2206 5491 2312 5530 non
2343 5492 2501 5532 manu
2530 5476 2702 5546 angeli
2727 5484 2819 5529 aut
2843 5476 3020 5544 aliqua
3049 5474 3666 5546 nmnipotentimdivina;
3690 5473 3799 5546 vir-

2206 5556 2317 5601 tute
2349 5542 2625 5612 reseratis,
2659 5546 2753 5603 sed
2783 5563 2903 5601 cum
2936 5542 3132 5600 clausa:
3161 5542 3563 5614 permanerent,
3592 5542 3799 5614 addis-

2203 5618 2411 5687 cipulos
2442 5618 2699 5673 transisse
2724 5616 3036 5671 crediderit.
3067 5612 3184 5671 Non
3233 5618 3389 5671 aliter
3411 5630 3490 5687 ea
3525 5612 3799 5669 intellexit

2202 5684 2552 5761 Augustinus,
2580 5705 2682 5745 ser.
2715 5701 2945 5753 ccxuu,
2994 5704 3048 5744 ιι.
3096 5687 3153 5754 2,
3204 5686 3295 5743 ubi
3343 5684 3625 5743 Calvinum
3673 5700 3792 5742 cum
