4118 6186
349 269 429 328 89
1584 265 1672 322 DE
1711 261 2085 321 TRINITATE
2126 261 2332 319 LIBER
2370 262 2458 320 lll.
3593 269 3664 325 90

348 385 610 458 minisa
632 384 978 440 mentiamur.
1005 383 1254 441 Dicamus
1277 383 1472 440 factum
1496 396 1602 438 non
1626 382 1810 451 fuisse,
1837 382 1962 452 quia
1992 391 2046 449 Α
2069 380 2204 437 tium
2238 380 2628 449 inhiberemus,
2668 391 2723 437 et
2753 381 2828 454 (ε)
2868 369 3088 438 naturas
3117 381 3398 440 ﬂuminum
3429 382 3662 441 referre-

347 477 767 550 intelligentiam
814 477 940 532 facti
967 491 1076 532 non
1104 475 1560 547 apprehendimus
1585 492 1598 530 :
1628 483 1685 532 et
1707 485 1955 532 cessante

349 585 520 628 scnsu
558 585 772 635 nosnro,
803 568 926 625 facti
959 569 1128 638 ipsius
1157 577 1334 624 cesset
1381 567 1624 624 effectus.
1657 567 1764 624 Sed
1805 581 1956 622 men-

350 663 571 718 dacinm
618 671 866 718 nostrum
895 662 1019 717 facti
1066 660 1200 716 ﬁdes
1228 661 1410 716 vincit.
1446 661 1666 716 Adstitit
1695 660 1955 715 Dominus

349 755 536 811 clausa
591 755 758 810 domo
811 756 866 810 in
915 754 1092 811 medio
1143 754 1652 824 discipulorumzet
1687 753 1854 808 Filius
1873 761 1960 808 est

351 857 516 904 natus
539 865 605 904 ex
637 848 818 905 Patre.
855 848 974 904 Noli
1030 863 1228 920 negare
1249 848 1390 918 quod
1444 849 1676 914 steterit,
1705 849 1828 919 quia
1863 863 1957 918 per

350 941 728 1012 intelligentiae
751 940 1144 1006 infirmitatem,
1165 941 1515 998 consistentis
1532 957 1637 996 non
1661 955 1957 1011 consequa-

351 1036 437 1093 ris
463 1036 747 1092 introitum
771 1055 784 1090 :
808 1035 920 1091 noli
966 1036 1176 1091 nescire
1199 1034 1345 1106 quod
1385 1035 1453 1089 ab
1479 1035 1718 1105 ingenito
1745 1042 1800 1089 et
1831 1048 1954 1102 per-

355 1127 500 1186 lecto
526 1129 640 1184 Deo
663 1138 814 1198 patre
835 1129 1146 1199 unigenitus
1167 1135 1220 1186 ct
1249 1124 1520 1198 perlectus
1543 1125 1619 1198 (a)
1641 1125 1784 1181 ﬁlius
1816 1127 1957 1182 Deus

351 1233 520 1280 natus
547 1223 780 1293 sit,quia
809 1236 1030 1277 sensum
1063 1231 1119 1277 et
1146 1235 1454 1277 sermonem
1483 1218 1732 1274 humanae
1749 1227 1955 1274 naturae

349 1316 532 1370 virtus
552 1313 920 1385 generationis
949 1313 1202 1369 excedat.

427 1408 524 1464 21.
551 1407 612 1464 Si
627 1418 846 1478 possent,
872 1407 962 1464 Dei
980 1425 1136 1476 opera
1149 1409 1321 1463 omnia
1335 1405 1758 1463 turbarent.—-Et
1776 1407 1956 1462 omnia

348 1501 578 1572 quidem
607 1500 828 1571 insuper
849 1499 1216 1570 mundiopera
1245 1499 1437 1556 adesse
1462 1499 1616 1555 nobis
1643 1499 1693 1553 in
1717 1499 1956 1553 testimo-

346 1593 508 1648 nium
537 1599 779 1662 possent,
813 1607 880 1648 ne
907 1592 1184 1663 ambigere
1203 1592 1272 1648 de
1305 1593 1396 1647 Dei
1419 1591 1582 1648 rebus
1603 1604 1766 1661 atque
1791 1589 1958 1645 virtu-

345 1687 496 1743 tibus
523 1686 604 1742 l‘as
629 1685 999 1742 crederemus.
1033 1685 1138 1742 Sed
1165 1685 1216 1742 in
1247 1687 1419 1755 ipsam
1449 1686 1728 1741 veritatem
1761 1684 1958 1740 inflde~

2056 491 2178 531 mus
2210 517 2226 542 ,
2267 483 2692 531 conenteremus
2735 474 3080 532 fundamenta
3138 486 3316 545 terrae,
3365 489 3418 533 et
3466 485 3578 533 toto
3607 478 3660 534 in

2057 567 2173 623 haec
2224 581 2390 638 opera
2443 567 2536 622 Dei
2575 567 2864 638 parricidio
2900 569 3308 626 desreviremus.
3338 568 3446 626 Sed
3499 569 3661 639 bene,

2058 661 2200 733 quod
2247 676 2346 717 nos
2383 661 2522 717 intra
2574 661 2716 718 hanc
2745 661 3023 719 modestia:
3061 665 3440 720 necessitatem
3475 673 3660 721 natura

2058 773 2345 830 corporum
2379 758 2602 815 detinet.
2639 757 2799 814 Certe
2827 775 2932 814 non
2963 749 3222 825 fallimus,
3253 761 3404 832 quid,
3437 761 3481 816 si
3524 761 3661 817 lice-

2057 862 2163 918 ret,
2184 866 2429 908 essemus
2459 851 2538 924 (l)
2573 851 2782 908 facturi.
2819 853 3061 924 Namque
3089 853 3168 926 (ά)
3190 853 3312 924 quia
3343 869 3658 924 possumus,

2059 947 2296 1016 profanae
2325 944 2617 1000 voluntatis
2645 943 2864 1000 audacia
2893 955 3138 1000 naturam
3168 947 3412 1001 veritatis
3441 945 3662 1002 convel-

2057 1039 2240 1105 limus,
2265 1047 2321 1092 et
2340 1037 2538 1092 bellum
2559 1037 2718 1093 dictis
2745 1037 2836 1093 Dei
2867 1053 3262 1108 comparamus.

2130 1131 2222 1186 22.
2253 1130 2491 1186 Christus
2507 1127 2873 1185 Patremnobis
2897 1131 3241 1203 manifestarit
3259 1141 3312 1186 ut
3331 1141 3661 1199 patrem,non

2058 1233 2113 1279 ut
2140 1223 2688 1279 creatorem—Filius
2711 1223 2878 1278 dixit:
2914 1223 3096 1290 Pater,
3126 1225 3456 1295 manifestaoi
3476 1240 3662 1278 nomen

2061 1327 2203 1373 tuum
2231 1319 2516 1373 hominibus
2533 1317 2710 1392 (Joan.
2757 1334 2886 1380 xvu.
2921 1320 3000 1386 6).
3034 1316 3176 1387 Quid
3204 1319 3272 1372 ad
3313 1319 3431 1374 haec
3459 1318 3664 1372 calum-

2061 1411 2278 1466 niamur
2303 1409 2478 1480 ‘tquid
2511 1421 2802 1465 teStuamus
2830 1410 2854 1464 ?
2883 1409 3100 1464 Patrem
3132 1417 3188 1464 tu
3217 1408 3431 1478 negas?
3461 1408 3533 1480 (e)
3561 1407 3660 1464 At-

2059 1505 2189 1574 quin
2217 1503 2318 1558 hoc
2347 1504 2638 1558 maximum
2665 1518 2809 1574 opus
2830 1501 2956 1558 Filii
2982 1502 3104 1570 fuit,
3134 1510 3192 1557 ut
3222 1503 3436 1563 Patrem
3463 1516 3666 1572 cogno-

2061 1609 2355 1651 sceremus.
2385 1595 2561 1666 Negas
2608 1595 2786 1664 plane,
2816 1593 3031 1662 quando
3059 1593 3356 1650 secundum
3403 1603 3455 1650 te
3497 1593 3664 1650 Filius

2063 1703 2168 1744 non
2191 1702 2258 1743 ex
2287 1702 2353 1742 eo
2383 1696 2542 1742 natus
2572 1697 2672 1742 est.
2704 1685 2775 1757 (ί)
2813 1685 2880 1741 Ει
2919 1702 3016 1740 cur
3049 1685 3190 1741 ﬁlius
3221 1686 3452 1752 dicetur,
3489 1686 3663 1742 factus

341 1781 475 1837 litas
506 1791 694 1836 nostra
751 1781 1041 1850 procurrit,
1097 1791 1151 1836 et
1179 1779 1399 1835 violenti
1465 1780 1517 1833 in
1558 1779 1825 1833 excidium
1863 1779 1953 1836 Dei
1987 1794 2033 1854 Β
2061 1796 2159 1852 pro
2189 1781 2471 1836 voluntate
2499 1779 2650 1849 quasi
2680 1786 2880 1834 ra-tera
2899 1779 2922 1831 ‘I
2941 1777 3216 1834 Admirari
3251 1780 3418 1835 Deum
3445 1794 3662 1849 possum

341 1873 634 1944 potestatis
663 1871 1032 1942 irrumpimus.
1063 1871 1117 1928 Si
1149 1873 1356 1938 liceret,
1385 1885 1612 1941 corpora
1657 1879 1712 1924 et
1758 1886 1949 1926 manus

339 1965 414 2020 ad
464 1965 670 2022 caelum
717 1966 1078 2032 elevaremus,
1123 1966 1294 2020 solem
1345 1973 1599 2034 astraque
1627 1972 1821 2017 czetcra
1849 1978 1948 2018 an-

341 2060 470 2115 nuis
487 2059 562 2132 (b)
577 2075 772 2115 cursus
791 2059 875 2115 sui
898 2058 1158 2114 limitibus
1177 2059 1636 2130 proturbaremus,
1661 2058 1952 2126 permisce-

337 2167 532 2208 remus
545 2149 1014 2208 decessusOceani
1037 2162 1092 2206 et
1117 2162 1388 2212 accessus,
1417 2146 1618 2204 fluenta
1643 2147 1805 2204 etiam
1830 2146 1954 2204 fon.

424 2285 508 2357 (1)
533 2285 712 2340 Acturi
732 2301 751 2340 :
781 2299 906 2340 mox
939 2285 1158 2357 profane
1197 2297 1298 2354 pro
1339 2286 1591 2356 profante.

340 2423 466 2480 Suis
517 2423 666 2478 velut
721 2423 774 2476 in
826 2431 1169 2480 antecessum
1238 2421 1608 2486 refutaturus,
1660 2422 1956 2479 nativitatis

342 2495 608 2561 exemplo
653 2494 850 2550 factum
906 2494 1046 2549 idem
1114 2494 1417 2550 conﬁrmat.
1489 2493 1648 2564 l'irg_o
1681 2534 1696 2558 ,
1755 2493 1952 2562 inquit,

343 2569 644 2638 peperit,et
686 2567 826 2635 virgo
877 2567 1156 2638 permansit
1205 2583 1225 2620 :
1245 2567 1360 2637 jam
1415 2574 1534 2618 tunc
1585 2561 1844 2638 Dominus
1867 2561 1956 2638 per

342 2634 486 2692 ostia
541 2637 717 2691 clausa
763 2634 920 2691 natus
965 2645 1061 2692 est.
1118 2637 1186 2692 At
1231 2634 1501 2705 quomodo
1531 2650 1714 2690 verum
1754 2634 1956 2692 Christi

341 2723 552 2778 corpus
581 2709 1042 2776 impenetrabilem
1095 2707 1358 2778 parietum
1399 2721 1462 2761 ac
1507 2706 1770 2777 lignorum
1803 2718 1959 2762 natu-

343 2797 467 2835 ram
495 2782 818 2834 transcurrit
845 2780 868 2832 ?
903 2781 1211 2843 ltespondet
1239 2779 1334 2834 tibi
1372 2778 1623 2842 Hilarius,
1660 2778 1784 2834 facti
1815 2781 1959 2833 veri-

345 2861 436 2905 tas
465 2867 537 2906 ex
566 2853 744 2907 verbis
771 2850 1098 2922 evangelicis
1121 2859 1355 2922 constat,
1379 2851 1620 2922 quamvis
1639 2850 1830 2905 modus
1863 2865 1951 2904 ra-

342 2925 559 2978 tionem
617 2920 930 2977 humanam'
963 2923 1184 2977 omnino
1226 2920 1430 2992 fugiat:
1479 2921 1572 2974 sed
1616 2937 1721 2974 non
1774 2923 1951 2977 minus

343 3003 570 3049 coiistat
601 2997 717 3063 plus
751 2995 916 3050 Deum
955 3009 1132 3063 posse,
1163 3009 1323 3063 quam
1353 2994 1527 3047 valeat
1557 2992 1788 3046 humana
1812 2993 1952 3048 ratio

341 3079 572 3134 capere.
603 3065 784 3135 Neque
826 3066 931 3134 alia
983 3073 1067 3120 est
1115 3065 1396 3134 resnonsio
1443 3064 1752 3134 Augustini,
1784 3079 1950 3119 serui.

340 3152 590 3203 ccxnvu,
624 3155 676 3190 ιι.
707 3138 763 3201 2,
787 3148 840 3192 et
869 3139 1029 3198 epist.
1059 3151 1304 3197 cxxn'u.
1341 3152 1391 3190 ιι.
1426 3136 1478 3197 8.
1499 3147 1551 3188 et
1573 3135 1758 3203 Cyrilli
1795 3139 1948 3191 Alex.

340 3209 448 3263 lib.
475 3224 574 3272 xu,
607 3209 660 3264 in
684 3207 839 3262 Joan.
875 3207 950 3262 Ita
982 3219 1200 3276 possent
1228 3208 1431 3262 absolvi
1458 3207 1638 3260 multa:
1666 3205 1952 3262 difﬁculta-

342 3287 433 3335 tes
462 3321 478 3343 ,
529 3296 662 3350 quas
704 3282 844 3336 circa
901 3289 1306 3334 sacrosanctum
1371 3278 1719 3350 Eucliaiisda:
1765 3295 1947 3333 sacra-

341 3349 596 3405 mentum
620 3353 821 3405 (Zalvini
854 3353 1068 3405 sectarii
1117 3351 1444 3420 excogitant.
1472 3349 1754 3417 Quomodo
1783 3365 1948 3404 unum

339 3430 404 3475 et
435 3421 580 3476 idem
611 3420 813 3477 Chri-ti
865 3437 1066 3491 corpus
1115 3424 1163 3476 in
1205 3425 1346 3477 coelo
1391 3428 1446 3476 et
1493 3423 1545 3474 in
1575 3431 1738 3488 terra,
1769 3432 1823 3475 et
1847 3422 1950 3477 alia

342 3492 702 3563 hujusmodi?
726 3493 842 3548 Noli
893 3494 1158 3548 sollicitus
1203 3509 1324 3548 esse
1345 3493 1412 3546 de
1443 3492 1603 3563 modo
1627 3509 1642 3554 ;
1670 3507 1792 3546 cum
1826 3501 1949 3546 tan-

341 3561 464 3620 tum
519 3576 569 3620 te
625 3577 830 3620 certum
873 3566 1110 3619 voluerit
1147 3563 1396 3620 Christus
1453 3564 1521 3618 de
1563 3561 1726 3618 facto.
1779 3563 1952 3618 Erunt

339 3635 514 3701 forte,
544 3639 630 3705 qui
679 3637 841 3690 etiam
889 3637 1077 3691 modos
1125 3636 1470 3692 exnlicabunt
1501 3643 1589 3688 :ut
1636 3635 1796 3689 modo
1843 3650 1947 3690 non

339 3707 542 3761 desunt
575 3709 899 3778 pliiIOSophi,
934 3708 1022 3777 qui
1057 3707 1200 3762 hunc
1229 3705 1436 3760 Domini
1463 3706 1527 3760 ad
1551 3705 1844 3775 disoipulos
1868 3708 1951 3772 ja-

339 3783 474 3832 nu's
500 3781 700 3834 clamis
731 3790 784 3833 et
833 3779 985 3834 nullo
1016 3789 1172 3847 pacto
1217 3779 1420 3848 apertis
1447 3779 1746 3846 ingressum
1775 3777 1948 3848 expli-

338 3864 474 3904 Care
501 3865 564 3904 ste
587 3862 790 3917 putant.
825 3850 958 3906 Cum
989 3851 1155 3916 enim,
1195 3851 1462 3911 inquiunt,
1495 3854 1834 3903 conservatio
1880 3850 1950 3902 sit

338 3922 656 3976 euntimtata
687 3921 1048 3986 creatio,“tam
1082 3921 1236 3976 facile
1263 3921 1358 3974 luit
1383 3922 1491 3974 Deo
1517 3919 1762 3988 corporis
1788 3919 1946 3974 Chri-

341 3994 766 4046 stiereationem
799 3994 1038 4047 immotis
1085 3992 1404 4062 corporibus
1453 3991 1792 4044 iutermediis
1818 4006 1948 4046 eon-

339 4065 878 4120 tinuaieindi-tanti
935 4064 1076 4126 loco.
1104 4079 1264 4134 quam
1297 4063 1348 4116 in
1392 4061 1943 4134 proximorlicetse-

336 4137 579 4190 cundum
627 4151 948 4190 communes
976 4133 1180 4190 natura:
1231 4137 1396 4204 leges.
1421 4149 1525 4187 neu
1559 4133 1838 4186 continuet
1869 4133 1948 4186 ιιΙο

337 4206 447 4261 lius
480 4209 727 4276 corporis
769 4209 1120 4262 creationem.
1157 4207 1256 4260 nisi
1315 4216 1406 4259 aut
1451 4205 1503 4258 in
1549 4204 1739 4276 eodem
1760 4215 1857 4276 aut
1893 4204 1944 4258 in

339 4275 598 4347 proximo
631 4279 768 4345 loco,
816 4290 866 4332 et
924 4293 990 4333 eo
1020 4278 1234 4349 quidem
1282 4291 1530 4349 corpore,
1573 4275 1714 4346 quod
1757 4275 1946 4349 in_illo

337 4350 748 4409 crintincbatur.
784 4349 932 4417 prius
977 4365 1009 4404 e
1037 4347 1134 4404 suo
1179 4350 1282 4402 situ
1331 4347 1580 4414 depulso.
1609 4351 1716 4400 er
1745 4347 1943 4416 quippe

335 4419 664 4474 facillimum
699 4421 814 4488 fuit,
845 4431 902 4475 ut
949 4434 1167 4489 Corpus,
1198 4419 1337 4490 quod
1385 4435 1490 4472 uno
1517 4419 1776 4488 temporis
1814 4418 1945 4471 arti-

334 4492 469 4546 culo
497 4493 716 4546 volebat
761 4507 884 4547 esse
940 4501 1089 4546 extra
1137 4491 1474 4554 cubiculum,
1521 4505 1624 4558 qua
1672 4490 1945 4543 voluntate

337 4574 502 4618 extra
533 4565 839 4618 cubiculum
867 4563 1176 4626 creabatur,
1203 4563 1550 4628 subsequenti
1578 4561 1943 4630 volueritesse

338 4633 482 4688 intra
519 4635 846 4698 Cubiculum,
872 4650 979 4701 quo
1022 4644 1144 4689 actu
1176 4647 1400 4688 necesse
1429 4642 1533 4698 est,
1567 4631 1750 4684 illaasis
1778 4632 1940 4684 etiam

2057 1871 2395 1928 conditorem
2424 1869 2538 1944 δή.
2566 1871 2749 1926 mundi
2775 1871 3050 1926 Christum
3079 1879 3387 1926 creantem:
3417 1880 3472 1926 et
3494 1871 3661 1942 digna

2060 1966 2359 2022 Deovirtns
2389 1976 2492 2030 est,
2519 1976 2574 2018 ut
2597 1963 2912 2018 effectorem
2943 1963 3391 2034 archangelorum
3417 1973 3474 2018 et
3502 1977 3666 2034 ange-

2057 2059 2254 2126 lorum,
2287 2059 2582 2115 visibilium
2604 2057 3044 2124 etinvisibilium,
3071 2058 3195 2114 caeli
3219 2066 3378 2128 atque
3399 2065 3580 2121 teme,
3609 2063 3664 2111 et

2059 2153 2331 2210 universa:
2374 2152 2532 2224 hujus
2561 2152 2852 2208 creationis
2878 2149 3140 2208 eﬁ'ecerit.
3171 2149 3278 2208 Sed
3322 2165 3431 2207 non
3472 2149 3560 2206 hic
3587 2149 3666 2205 la-

2061 2423 2170 2496 alio
2227 2421 2386 2479 modo
2438 2422 2613 2496 factus
2656 2421 2818 2496 fuerit
2877 2422 2964 2479 hic
2992 2423 3192 2480 Cbrisﬁ
3237 2424 3416 2496 januis
3466 2427 3666 2484 clausis

2061 2495 2336 2570 ingressus
2369 2511 2382 2548 :
2418 2494 2568 2570 quiod
2590 2493 2818 2570 inﬁrnne
2845 2496 3062 2570 _rationi
3090 2512 3203 2552 sua:
3231 2493 3351 2566 plus
3378 2514 3532 2570 teque
3551 2516 3667 2557 cre-

2060 2565 2314 2640 dentibus
2342 2575 2498 2640 antea
2521 2566 2820 2640 videbatur.
2837 2565 2946 2640 jam
2975 2583 3078 2620 nnu
3103 2565 3314 2623 videtur
3336 2565 3660 2640 repugnare.

2060 2635 2135 2691 lta
2168 2637 2330 2711 etiam
2377 2637 2486 2711 erit
2543 2635 2933 2711 fortassepquib
2971 2640 3322 2711 ratiunculas,
3367 2635 3666 2711 aitt'potius

2062 2709 2338 2781 tenebras,
2367 2709 2564 2781 quibus
2597 2709 2755 2781 iidem
2787 2708 2994 2781 Calvini
3042 2709 3294 2778 discipuli
3335 2708 3580 2781 corporis
3610 2724 3666 2768 et

2061 2778 2340 2849 sanguinis
2369 2778 2565 2833 Christi
2595 2779 2648 2831 in
2703 2777 3060 2832 Eucharistitn
3100 2777 3666 2838 sac’raniento'verita-

2063 2859 2170 2904 tem
2200 2849 2494 2904 obscurare
2541 2863 2602 2904 se
2653 2860 2866 2920 putant.
2916 2849 3166 2919 depellet.
3203 2851 3392 2906 Tutius
3445 2853 3661 2910 interim

2059 2921 2165 2997 erit
2201 2936 2322 2997 cum
2355 2929 2464 2997 tota
2487 2921 2728 2997 Ecclesia
2761 2921 2883 2974 facti
2927 2924 3210 2977 veritatem
3243 2934 3448 2988 tenere,
3473 2940 3658 2997 quam-

2061 2992 2142 3046 vis
2168 2992 2303 3046 ratio
2319 3007 2422 3062 qua
2452 2991 2502 3048 id
2529 2994 2623 3045 fiat
2644 2993 2939 3062 ignoretur.

2132 3062 2214 3134 (a)
2236 3063 2490 3138 ItaBadﬂ
2523 3064 2612 3117 Er.
2638 3076 2693 3118 et
2726 3079 2856 3138 mss.
2885 3079 2981 3117 nec
3011 3073 3122 3118 etat
3144 3080 3242 3120 cur
3263 3065 3476 3138 Lipsius
3501 3083 3660 3138 repo-

2061 3131 2234 3200 neret,
2265 3135 2403 3200 [ilius
2428 3131 2570 3188 Deus
2599 3144 2746 3187 natus
2788 3137 2872 3189 sit.

2135 3206 2210 3278 (ὁ)
2233 3205 2394 3264 Editi,
2428 3205 2590 3260 annui
2631 3221 2815 3260 cursus
2856 3207 2938 3260 sui
2979 3205 3243 3278 limitibus.
3276 3206 3436 3262 Vetus
3491 3209 3660 3266 codex

2060 3275 2214 3331 Colb.
2281 3293 2446 3331 annos
2501 3293 2682 3331 cursus
2731 3278 2838 3330 suis
2869 3275 3133 3332 limitibus.
3164 3279 3318 3332 Alius
3347 3278 3501 3334 Colb.
3535 3297 3658 3336 cum

2057 3345 2313 3413 Sorbnn.,
2337 3359 2381 3402 et
2404 3353 2611 3402 'annuos
2631 3364 2804 3400 eorum
2823 3365 3000 3402 rursus
3028 3351 3132 3403 suis
3160 3351 3426 3406 limitibus.
3452 3351 3656 3417 Lectio,

2058 3435 2218 3488 quant
2273 3419 2607 3482 exhibemus,
2663 3428 2744 3472 est
2808 3420 3191 3490 plerorumque
3248 3437 3378 3476 mss.
3435 3421 3654 3479 Confer.

2055 3499 2212 3544 tract.
2249 3491 2382 3558 psal.
2415 3506 2633 3554 cxxrtv,
2665 3505 2720 3544 ιι.
2777 3491 2864 3556 Η,
2895 3492 2984 3544 ubi
3019 3491 3254 3546 Hilarius
3306 3503 3660 3562 repraisentat

2051 3563 2466 3616 indemutabiletn
2511 3563 2622 3615 caeli
2651 3562 2965 3629 ﬁrmitatem,
2997 3563 3154 3615 solem
3203 3565 3390 3617 annuis
3421 3565 3658 3619 cursibus

2053 3632 2424 3704 indefessisque
2471 3633 2808 3698 moderatum,
2841 3634 3068 3702 vicesque
3087 3635 3212 3688 anni
3232 3635 3459 3702 deﬁnitis
3481 3637 3658 3690 limiti-

2053 3703 2144 3756 bus
2177 3703 2567 3776 temperantem,
2591 3715 2700 3776 etc.

2129 3778 2203 3845 (ο)
2236 3774 2499 3840 Dunjnss.
2530 3775 2687 3830 Colb.
2722 3789 2841 3828 cum
2883 3774 3096 3840 Germ.,
3121 3785 3332 3830 naturas
3361 3774 3648 3833 hominum.

2051 3845 2186 3901 Tum
2211 3847 2336 3901 editi
2367 3861 2491 3901 cum
2521 3845 2734 3900 duobus
2765 3862 2896 3900 mss.
2933 3847 3344 3906 recentioribus.
3369 3848 3658 3915 refrenari:-

2052 3934 2184 3983 ntus,
2214 3928 2269 3972 et
2321 3919 2372 3972 in
2418 3933 2524 3972 uno
2570 3917 2830 3972 mendose
2859 3916 3275 3984 rc/fo'ruaremus.
3310 3915 3654 3975 Prtel'erimus

2051 4003 2173 4043 cum
2203 3991 2436 4050 cmteris.
2469 3988 2774 4060 referremus
2805 4005 2824 4042 :
2845 3989 2986 4058 quod
3042 3989 3262 4060 verbum
3310 3991 3479 4060 magis
3509 3991 3653 4046 Hila-

2052 4059 2262 4112 rianum
2292 4068 2394 4122 est,
2422 4070 2478 4112 ut
2517 4059 2860 4113 observatum
2887 4068 2972 4113 est
3002 4061 3052 4112 in
3087 4059 3288 4114 Adnot.
3316 4062 3366 4113 iu
3394 4075 3474 4130 ps.
3501 4077 3646 4130 calx,

2051 4139 2164 4184 unt.
2191 4131 2245 4185 5.
3630 4145 3639 4152 ’

2125 4203 2201 4270 (d)
2227 4199 2388 4259 Editi,
2439 4201 2560 4271 quia
2589 4217 2689 4254 non
2719 4217 3013 4272 possumus,
3049 4199 3227 4256 addita
3264 4203 3522 4272 particula
3553 4219 3652 4260 ne-

2047 4284 2208 4342 gante
2235 4281 2421 4326 contra
2476 4273 2632 4326 ﬁdem
2689 4287 2818 4342 mss.
2853 4283 2903 4328 et
2954 4283 3186 4326 mentem
3251 4274 3454 4340 llilarii,
3491 4291 3557 4330 ex
3589 4275 3654 4332 iis

2048 4341 2168 4413 qua:
2197 4355 2382 4398 contra
2404 4345 2684 4398 veritatem
2710 4341 3192 4416 facitttitli:erctici,
3217 4347 3348 4414 quia
3369 4345 3418 4399 id
3454 4361 3550 4416 pro
3571 4347 3654 4401 in-

2047 4418 2192 4485 genii
2217 4417 2296 4469 sui
2318 4415 2566 4469 libertate
2586 4415 2974 4484 possuni,quid
3001 4414 3236 4470 facerent
3259 4414 3650 4472 contra'rerum

2048 4497 2292 4559 naturas,
2329 4488 2373 4540 si
2403 4489 2604 4554 pariter
2624 4500 2783 4559 posse
2805 4485 2988 4541 datum
3021 4491 3100 4559 eis
3127 4499 3289 4559 esset,
3324 4489 3648 4559 colligentis.

2124 4557 2196 4630 (e)
2231 4558 2304 4630 ita
2335 4559 2622 4612 scribimus
2653 4558 2792 4630 Itane
2821 4558 3104 4630 vocemad
3161 4557 3517 4614 imitationem
3560 4577 3652 4615 ve-

2049 4629 2220 4682 terum
2257 4629 2512 4683 libroruin
2549 4629 2726 4700 :quod
2753 4638 2810 4683 et
2847 4629 2983 4698 apud
3018 4629 3412 4686 Tertttllianum
3443 4631 3652 4702 pretati-

337 4719 394 4759 ει
420 4707 661 4760 inunozis
690 4705 983 4776 parietibus
1005 4722 1067 4759 ac
1096 4703 1324 4771 furibus,
1343 4703 1576 4776 sitbintra
1607 4703 1934 4776 cubiculum.
1966 4704 2021 4764 D
2048 4710 2158 4754 tum
2181 4710 2284 4776 est.

341 4776 418 4832 Ea
449 4778 668 4844 quidem
691 4773 905 4832 ratione
931 4777 1069 4830 vidit
1099 4776 1330 4830 Hilarius
1373 4773 1568 4830 Chri~ti
1619 4774 1814 4827 factum
1843 4788 1942 4827 ex-

343 4849 534 4918 plicari
591 4864 770 4918 posse.
803 4849 907 4904 Sed
946 4848 1032 4902 hic
1079 4847 1304 4902 illudere
1345 4846 1523 4918 solent
1551 4845 1940 4912 phantasmata.

337 4917 540 4989 quibus
570 4917 815 4986 corporis
845 4923 978 4974 intra
1009 4920 1241 4989 parietes
1275 4918 1472 4989 ilhesos
1504 4917 1802 4989 ingressum
1845 4931 1943 4970 cx-

337 4986 590 5061 engiare
639 5009 746 5045 non
801 4986 1022 5053 sinitur,
1050 4992 1150 5044 nisi
1185 5003 1380 5061 corpus
1412 4986 1542 5042 illud
1599 4986 1743 5054 prius
1789 4995 1941 5061 extra

339 5058 568 5128 prorsus
597 5063 824 5126 aboleri,
851 5077 913 5118 ac
940 5063 1137 5117 deinde
1169 5063 1309 5116 intra
1348 5060 1416 5114 de
1449 5073 1586 5128 novo
1631 5058 1802 5128 creari
1851 5073 1946 5126 po-

338 5126 525 5187 natur.
579 5133 734 5190 [inde
784 5143 966 5188 noster
1017 5132 1250 5187 Hilarius
1293 5130 1400 5190 hic.
1433 5127 1632 5190 Corpus
1675 5126 1884 5182 Domini
1914 5145 1946 5182 α

333 5222 448 5260 sese
485 5222 586 5258 non
635 5205 827 5280 deficit,
856 5215 912 5258 ut
935 5220 1042 5259 sese
1087 5212 1315 5280 resumat
1363 5217 1428 5256 ea:
1478 5200 1663 5256 nihilo.
1690 5199 1942 5254 Attamen

334 5275 713 5346 cunnisnnn'c
735 5287 909 5341 extra,
963 5290 1026 5330 ac
1079 5275 1485 5346 proximepost
1515 5287 1610 5340 per
1630 5279 1937 5346 creantem,

335 5343 644 5416 ant'potins
667 5359 1102 5409 eonservantem,
1137 5347 1229 5400 Dei
1267 5345 1593 5398 voluntatem
1627 5344 1764 5396 intra
1794 5343 1942 5396 euhi-

335 5415 526 5474 culum
575 5435 605 5471 a
639 5435 759 5474 sese
815 5435 918 5473 non
955 5419 1158 5480 deﬁcit,
1189 5433 1309 5469 cum
1353 5415 1500 5470 nullo
1532 5416 1792 5482 temporis
1823 5428 1940 5468 mo-

335 5501 533 5546 mento
585 5491 852 5546 exsiStere
899 5490 1154 5546 desinat;
1197 5498 1284 5541 aut
1326 5497 1550 5542 eatenus
1580 5485 1812 5540 dellcere
1837 5485 1942 5540 dici

334 5573 529 5633 queat.
563 5573 832 5630 quatenus
858 5578 921 5616 ex
983 5572 1170 5614 natura
1218 5573 1312 5633 sua
1371 5558 1571 5628 indiget
1599 5566 1658 5610 ut
1705 5557 1942 5633 quolibet

335 5627 610 5702 {corporis
657 5643 932 5688 momento
975 5642 1232 5686 creetur:
1269 5630 1410 5684 sicut
1455 5627 1548 5697 per
1590 5636 1791 5702 motum
1836 5627 1938 5681 dici

329 5698 509 5775 passu
539 5705 779 5760 deﬁcere
809 5705 863 5760 in
896 5705 1016 5760 loco
1071 5705 1125 5757 in
1164 5719 1270 5770 quo
1320 5717 1426 5755 non
1457 5698 1685 5775 aii-mlius
1705 5708 1937 5775 creatur,

327 5767 394 5831 ἐι
445 5778 619 5830 errari
647 5779 703 5830 in
735 5791 801 5831 eo
829 5778 884 5831 in
917 5787 1024 5846 quo
1068 5767 1442 5830 ‘eonéervntur.
1479 5767 1602 5827 Sive
1643 5767 1766 5832 hoc,
1823 5771 1936 5824 sive

2119 4775 2186 4844 (fi
2219 4772 2274 4826 lu
2306 4769 2556 4844 vulgatis,
2580 4780 2625 4824 et
2657 4787 2772 4824 cum
2799 4771 2944 4840 [ilius
2966 4771 3194 4844 id_icitur.
3230 4771 3470 4827 Subinde
3508 4772 3648 4841 apud

2046 4841 2192 4910 Lips.
2243 4842 2465 4910 qttt'aﬁt'c
2494 4851 2676 4896 uetera
2701 4858 2718 4904 ;
2745 4852 2794 4896 et
2836 4843 2976 4910 apud
3005 4841 3152 4898 Par..
3179 4845 3298 4912 quia
3327 4843 3391 4896 sit
3421 4853 3601 4898 caetera
3632 4863 3644 4896 :

2051 4915 2556 4985 Iectiobdepravaia,
2584 4927 2741 4980 quam
2771 4913 3075 4985 excipiebat
3106 4915 3296 4985 vitiosa
3329 4913 3648 4985 interpunc-

2047 4985 2146 5046 tio,
2177 4983 2313 5038 adeo
2346 4997 2400 5038 ιιι
2454 4985 2752 5052 argumenti
2781 4985 2862 5034 vis
2889 4983 3000 5056 jam
3047 4983 3187 5036 nulla
3231 4999 3453 5054 prorsus
3479 4983 3647 5056 appa-

2052 5067 2214 5112 reret.
2257 5056 2612 5110 Restauratnr
2662 5069 2766 5123 ope
2795 5068 2926 5107 mss.
2960 5054 3072 5108 Hoc
3114 5055 3258 5108 enim
3291 5056 3390 5111 sibi
3417 5054 3564 5120 vult,
3591 5065 3650 5111 ut

2052 5129 2140 5196 qui
2175 5125 2366 5181 Filium
2400 5138 2719 5180 ί-ωιειοι·ιιιιι
2775 5127 2946 5178 instar
3001 5140 3097 5196 pro
3141 5128 3418 5182 voluntate
3450 5128 3648 5183 factum

2055 5195 2268 5270 asserit.
2299 5211 2450 5268 neget
2481 5214 2536 5249 re
2569 5199 2678 5266 ipsa
2718 5195 2882 5250 ﬁlium
2902 5214 2930 5270 ;A
2951 5195 3038 5266 qui
3069 5209 3223 5266 negat
3255 5197 3470 5270 Filium,
3493 5209 3649 5270 neget

2055 5280 2108 5341 et
2136 5269 2346 5341 Patrem
2375 5287 2390 5332 ;
2418 5270 2506 5341 qui
2555 5284 2684 5322 vero
2719 5277 2877 5338 negat
2917 5268 3152 5332 Patrem,
3197 5281 3354 5341 neget
3401 5269 3451 5322 id
3505 5268 3647 5341 quod

2056 5339 2298 5395 Christus
2327 5340 2412 5394 hic
2452 5339 2649 5394 docere
2694 5341 2926 5398 tnaxime
2969 5341 3190 5393 studuit.
3223 5340 3334 5393 Non
3367 5339 3642 5394 enim‘ad-

2055 5413 2272 5466 modum
2299 5411 2348 5466 ei
2385 5425 2528 5464 cura:
2577 5411 2693 5474 fuit,
2728 5417 2786 5464 nt
2808 5425 2930 5464 eum
2964 5413 3119 5463 nobis
3154 5413 3320 5464 lteum
3369 5422 3419 5466 et
3445 5411 3647 5469 Christi

2051 5483 2289 5538 omnium
2319 5481 2620 5536 conditoris
2644 5492 2945 5536 creatorem
2971 5482 3287 5546 inculcaret,
3318 5496 3439 5537 cum
3467 5495 3646 5540 tamen

2054 5555 2178 5608 hinc
2207 5553 2436 5608 multum
2464 5553 2604 5623 apud
2639 5567 2735 5606 uos
2776 5569 2898 5605 eum
2926 5552 3307 5607 cotnmi-ndare
3333 5564 3389 5608 et
3413 5555 3647 5610 admira-

2053 5626 2250 5679 tionem
2279 5623 2328 5679 ei
2367 5635 2606 5678 nostrain
2639 5623 2878 5678 excitare
2909 5623 3205 5678 valuisset:
3251 5625 3345 5680 sed
3379 5635 3438 5680 ut
3477 5629 3648 5681 inani-

2049 5695 2274 5752 l‘eslaret
2317 5711 2441 5764 eum
2476 5709 2658 5750 verum
2683 5709 2803 5749 esse
2827 5704 3056 5764 patrem,
3081 5695 3170 5764 qui
3203 5710 3389 5752 verum
3417 5695 3644 5754 haberet

2051 5765 2236 5824 tilium.
2268 5765 2384 5822 Hoc
2410 5763 2608 5823 Christi
2633 5780 2788 5837 opus,
2820 5763 2905 5820 hic
2928 5763 3076 5820 labor
3099 5763 3236 5821 erat.
