4118 6186
438 249 499 305 9t
1614 250 1858 308 SANC'l'l
1904 249 2163 309 tumuti
2218 252 2522 313 EPISCOPI
2806 210 2815 219 ’
3672 264 3741 323 εη

439 365 541 421 bor
564 362 778 421 Domini
797 371 904 431 est,
932 371 991 420 ut
1018 362 1197 420 omnia
1247 365 1298 420 in
1357 364 1607 422 creandis
1650 367 1813 423 rebus
1871 368 2035 425 Deum
2065 372 2115 433 Α
2140 377 2267 425 sunt
2293 370 2382 440 qui
2407 370 2593 441 genuit
2620 379 2673 426 et
2696 373 2788 443 qui
2841 371 3057 443 genittts
3094 382 3199 430 est.
3230 374 3342 431 Cur
3370 386 3619 433 naturam
3648 395 3745 435 ex-

441 472 603 531 posse
648 467 703 513 tu
729 456 970 525 sentias;
1002 456 1099 513 sed
1143 466 1199 512 ut
1252 456 1392 514 scias
1444 457 1612 513 Deum
1659 468 1866 531 patrem
1921 460 2039 530 ejus

440 566 565 613 esse
607 551 703 607 ﬁlii
731 552 821 622 qui
865 551 1121 623 loquitur.
1155 550 1396 608 Virtutes
1434 552 1488 608 in
1519 553 1658 611 caelo
1690 555 1867 625 plures
1892 564 2037 623 sunt,

443 657 499 704 et
528 646 848 712 efficientes,
872 654 928 702 et
954 644 1030 718 (ιι)
1060 655 1280 702 aeternae
1305 663 1319 701 :
1347 647 1442 703 sed
1467 664 1605 702 unus
1626 649 1934 719 unigenitus
1958 658 2042 705 est

444 741 609 807 filius,
636 758 741 797 non
773 756 802 796 a
826 739 1039 797 caeteris
1061 741 1175 796 sola
1203 740 1461 798 differens
1481 754 1767 813 potestate,
1800 745 1921 816 quia
1948 761 2042 817 per

444 854 565 894 enm
608 846 805 893 cuncta
856 847 1001 893 sunt.
1050 837 1156 895 Sed
1203 840 1326 910 quia
1377 854 1538 895 verus
1578 854 1719 895 unus
1752 848 1838 897 est
1875 840 2036 907 illius,

445 947 551 986 non
580 932 654 1003 (b)
686 932 778 986 fiat
824 931 1062 1002 degener
1090 973 1105 998 ,
1156 941 1215 987 ut
1262 941 1417 987 natus
1464 947 1532 988 ex
1586 932 1755 989 nihilo
1795 935 1883 988 sit.
1928 935 2044 990 Au-

445 1024 528 1080 dis
551 1023 796 1080 Filium:
844 1023 1007 1080 crede
1056 1025 1182 1096 quia
1230 1024 1372 1081 filius
1416 1034 1519 1081 est.
1567 1025 1738 1080 Audis
1787 1027 2040 1083 Patrem:

447 1128 719 1173 memento
783 1119 906 1188 quia
978 1127 1129 1188 pater
1202 1128 1306 1174 est.
1353 1118 1490 1187 Quid
1542 1118 1658 1173 istis
1738 1118 2045 1175 nominibus

446 1211 833 1284 suspicionem,
865 1212 1149 1280 malitiam,
1181 1211 1460 1267 audaciam
1485 1213 1806 1268 interseris?
1842 1213 2047 1269 Secun-

448 1307 577 1362 dum
625 1317 834 1361 natura:
891 1306 1303 1378 intelligentiam
1350 1308 1569 1362 nomina
1620 1306 1817 1363 divinis
1885 1308 2047 1363 rebus

449 1410 627 1472 aptata
676 1411 801 1456 sunt
836 1398 931 1473 (ε).
982 1400 1120 1467 Quid
1149 1400 1309 1455 affers
1339 1400 1447 1454 vim
1476 1400 1764 1455 verborum
1794 1401 2047 1456 veritati?

449 1495 617 1550 Audis
642 1504 846 1562 patrem
873 1505 927 1549 et
957 1494 1124 1550 lilium
1155 1512 1167 1549 :
1201 1512 1265 1549 ne
1303 1494 1545 1565 ambigas
1569 1509 1691 1551 esse
1726 1494 1868 1565 quod
1907 1509 2045 1550 nun-

448 1597 737 1659 cupantur.
767 1588 987 1645 Summa
1018 1587 1437 1658 disiiensationis
1458 1597 1541 1643 est
1567 1585 1727 1651 Filio,
1753 1596 1809 1642 ut
1831 1588 2048 1643 noveris

449 1684 663 1740 Patrem
688 1700 702 1738 :
730 1682 857 1754 quid
886 1683 1098 1738 irritum
1124 1682 1255 1738 facis
1280 1695 1416 1753 opus
1444 1681 1850 1753 prephetarum,
1886 1681 2046 1737 Verbi

2139 463 2310 519 cludis
2329 465 2354 517 ?
2377 478 2473 519 cur
2492 468 2772 522 veritatem
2803 467 3110 525 interimis?
3139 469 3333 526 Audis:
3375 471 3533 527 Pater
3559 475 3614 529 in
3641 493 3740 544 me,

2140 567 2188 612 et
2210 574 2303 629 ego
2322 558 2377 613 in
2406 558 2565 616 Patre
2588 559 2781 633 (Ibid,
2821 562 2911 635 38)
2946 580 2960 618 :
2992 572 3050 619 et
3098 569 3198 621 hoc
3233 566 3304 623 de
3332 566 3492 623 Patre
3520 580 3574 625 et
3605 570 3745 628 Filio

2142 650 2265 707 Filii
2295 667 2459 722 opera
2490 662 2773 711 testantur.
2806 655 2922 711 Non
2952 672 3149 728 corpus
3178 658 3270 731 (al.
3302 669 3357 715 ut
3389 661 3610 734 corpus)
3646 679 3742 733 per

2144 745 2554 817 intelligentiam
2584 757 2822 805 nostram
2853 752 3067 821 corpori
3098 752 3458 823 immittimus,
3483 771 3659 828 neque
3688 769 3747 814 ut

2146 851 2340 906 aquam
2371 839 2499 893 vino
2528 841 2860 897 inlundimus
2890 862 2901 897 :
2933 843 3029 900 sed
3059 846 3305 901 eamdem
3352 849 3405 902 in
3443 859 3671 921 utroque
3694 858 3749 907 et

2145 932 2361 987 virtutis
2385 934 2791 991 similitudinem
2823 946 2879 992 et
2908 937 3125 993 deitatis
3147 939 3538 1009 plenitudinem
3571 944 3746 998 conli-

2144 1036 2342 1081 temur.
2371 1025 2562 1082 Omnia
2586 1028 2731 1084 enim
2782 1029 2947 1085 Filius
2971 1031 3181 1102 accepit
3207 1047 3235 1085 a
3263 1033 3441 1101 Patre,
3461 1043 3516 1089 et
3540 1045 3621 1090 est
3652 1035 3746 1091 Dei

2145 1120 2339 1185 forma,
2367 1132 2422 1177 et
2446 1122 2621 1195 imago
2666 1124 2978 1180 substantiae
3008 1126 3143 1196 ejus.
3197 1126 3278 1201 (5)
3325 1126 3400 1201 (g)
3432 1130 3562 1183 Eum
3601 1132 3747 1184 enim

2147 1216 2214 1272 ab
2239 1232 2305 1271 eo
2332 1216 2423 1287 qui
2448 1227 2527 1272 est
2555 1235 2569 1271 :
2598 1220 2770 1289 imago
2783 1219 3082 1275 substantia:
3104 1228 3310 1275 tantum
3332 1222 3397 1276 ad
3421 1223 3749 1280 subsiste-udi

2149 1312 2330 1378 ﬁdem,
2367 1328 2471 1367 non
2502 1313 2665 1368 etiam
2702 1313 2768 1368 ad
2811 1315 3042 1384 aliquam
3093 1322 3299 1370 naturae
3346 1315 3747 1373 dissimilitudi-

2150 1423 2272 1462 nem
2300 1406 2699 1479 intelligendam
2730 1407 3006 1464 discernit.
3036 1409 3252 1464 Patrem
3292 1420 3470 1465 autem
3503 1410 3557 1465 in
3589 1411 3746 1479 Filio,

2150 1510 2205 1556 et
2242 1501 2433 1556 Filium
2461 1502 2511 1555 in
2529 1501 2689 1557 Patre
2714 1516 2859 1570 esse,
2892 1502 3168 1572 plenitudo
3199 1502 3251 1557 in
3283 1517 3511 1574 utroque
3541 1503 3734 1558 divini-

2152 1595 2274 1650 tatis
2291 1593 2525 1664 perfecta
2541 1602 2640 1650 est.
2658 1594 2773 1650 Non
2797 1595 2938 1650 enim
2954 1595 3244 1651 diminutio
3263 1595 3434 1651 Patris
3450 1608 3533 1653 est
3551 1596 3740 1663 Filius,

2150 1702 2250 1744 nec
2270 1687 2440 1743 Filius
2461 1688 2805 1759 imperfectus
2830 1705 2859 1744 a
2883 1690 3038 1745 Patre
3061 1699 3161 1746 est.
3184 1690 3363 1762 linago
3393 1691 3503 1747 sola
3530 1690 3650 1766 (hac
3677 1699 3753 1748 est

447 1779 897 1845 incarnationem,
922 1777 1148 1849 virginis
1198 1787 1431 1847 partum,
1478 1776 1732 1831 virtutem
1768 1776 2043 1845 operatio-
2082 1788 2123 1846 Β
2151 1779 2525 1851 solitaria)non
2544 1789 2648 1848 est,
2673 1791 2728 1838 et
2746 1782 3043 1838 similitudo
3065 1800 3171 1839 non
3195 1785 3295 1839 sibi
3308 1794 3414 1841 est.
3440 1785 3552 1841 Deo
3574 1796 3751 1841 autem

448 1888 599 1940 num,
632 1886 846 1927 crucem
883 1871 1082 1926 Christi
1108 1871 1131 1923 ?
1156 1870 1279 1926 Tibi
1306 1870 1422 1926 haec
1444 1870 1624 1925 omnia
1655 1870 1920 1940 impensa,
1957 1870 2049 1924 tibi

450 1965 686 2037 praestita
728 1974 854 2020 sunt
887 1973 982 2019 :ut
1014 1979 1110 2034 per
1152 1963 1269 2019 hmo
1315 1963 1632 2019 manifestus
1692 1963 1785 2019 tibi
1812 1971 1869 2018 et
1893 1963 2052 2018 Pater

448 2066 596 2113 esset
615 2067 671 2113 et
715 2057 902 2113 Filius.
944 2056 1217 2127 Supponis
1245 2071 1384 2111 nunc
1418 2054 1498 2127 (d)
1521 2055 1875 2123 voluntatem,
1899 2069 2053 2111 crea-

450 2152 674 2218 tionem,
715 2149 1059 2219 adoptionem
1090 2148 1337 2218 :inspice
1381 2156 1436 2203 et
1462 2147 1710 2202 militiam
1752 2155 1807 2202 ct
1848 2149 2055 2218 stipen-

452 2243 599 2297 dium
646 2241 871 2296 Christi.
921 2240 1126 2311 Nempe
1167 2239 1501 2311 proclamat:
1533 2238 1707 2305 Pater,
1732 2239 2055 2310 manifeslavi

450 2353 635 2391 nomen
661 2346 806 2391 tuum
853 2336 1143 2425 homigibus
1168 2353 1186 2402 ;
1212 2350 1318 2389 non
1365 2333 1539 2397 audis,
1573 2341 1874 2389 creatorem
1899 2333 2057 2389 coale-

451 2431 613 2487 stium
642 2431 876 2495 creasti;
902 2444 1005 2484 non
1034 2428 1211 2496 audis,
1234 2428 1544 2483 effectorem
1569 2426 1902 2481 terrestrium
1926 2426 2056 2481 clie-

459 2526 579 2584 cisti
608 2543 622 2591 ;
654 2525 749 2583 sed
795 2523 979 2581 audis:
1010 2522 1187 2591 Pater,
1231 2522 1550 2595 manifestavi
1590 2538 1772 2577 nomen
1800 2530 1943 2576 tuum
1963 2521 2058 2575 ho-

459 2620 701 2674 minibus.
734 2620 900 2678 Utere
931 2618 1009 2691 (l)
1036 2616 1333 2675 Salvatoris
1385 2617 1461 2672 tui
1501 2630 1726 2672 munere
1757 2634 1770 2671 :
1801 2616 1940 2672 scito
1967 2631 2058 2685 pa-

460 2725 593 2771 trem
624 2727 749 2770 esse
793 2713 884 2785 qui
922 2712 1128 2784 genuit,
1160 2711 1329 2767 lilium
1361 2725 1483 2768 esse
1513 2712 1601 2782 qui
1631 2718 1790 2765 natus
1812 2716 1938 2777 est;
1964 2724 2059 2765 na-

458 2816 569 2864 tum
601 2823 667 2863 ex
691 2821 756 2863 eo
788 2817 960 2878 patre,
991 2804 1061 2879 (e)
1083 2806 1170 2877 qui
1201 2816 1304 2871 est,
1331 2804 1409 2879 ('2)
1440 2804 1665 2861 veritate
1691 2814 1914 2860 natum.
1946 2803 2058 2860 Με-

459 2910 642 2957 mento
693 2916 798 2956 non
853 2900 951 2955 tibi
1016 2909 1223 2970 patrem
1288 2897 1689 2954 manifestatum
1747 2911 1868 2953 esse
1914 2897 2059 2966 quod

459 2992 603 3047 Deus
650 3000 756 3059 est,
790 2989 885 3046 sed
920 2990 1087 3045 Deum
1113 2988 1514 3045 manifestatum
1538 3002 1663 3045 esse
1714 2986 1854 3058 quod
1907 2998 2060 3059 pater

452 3092 554 3141 est.
1148 3088 1155 3099 ‘

2153 1872 2329 1928 simile
2354 1873 2554 1943 aliquid
2585 1889 2727 1942 esse,
2762 1875 2866 1929 nisi
2899 1876 3040 1946 quod
3071 1892 3133 1931 ex
3164 1892 3224 1933 se
3250 1877 3376 1943 erit,
3408 1894 3515 1933 non
3551 1886 3748 1949 potest.

2152 1966 2269 2022 Non
2300 1967 2443 2021 enim
2486 1967 2704 2022 aliunde
2742 1978 2846 2036 est,
2880 1970 3021 2040 quod
3051 1970 3103 2024 in
3144 1971 3394 2027 omnibus
3426 1972 3599 2027 simile
3624 1982 3705 2027 est
3740 1989 3752 2026 :

2154 2075 2329 2131 neque
2354 2060 2724 2117 diversitatem
2755 2062 2967 2117 duobus
3008 2062 3296 2119 admisceri
3326 2064 3548 2120 alterius
3574 2064 3638 2119 ad
3678 2063 3757 2120 al-

2154 2161 2327 2208 terum
2359 2152 2656 2209 similitudo
2702 2154 2981 2225 permittit.
3013 2154 3090 2211 Ne
3118 2155 3312 2211 similia
3336 2164 3631 2227 permutes,
3661 2173 3758 2211 ne-

2155 2261 2259 2314 que
2289 2245 2392 2300 sibi
2420 2261 2485 2300 ex
2545 2246 2771 2302 veritate
2817 2247 3112 2305 indiscreta
3166 2248 3446 2320 disjungas
3479 2250 3641 2320 :quia
3668 2250 3758 2321 qui

2155 2339 2329 2394 dixit:
2358 2338 2637 2394 Faciamus
2676 2339 2935 2396 hominem
2964 2343 3033 2396 ad
3067 2342 3338 2411 imaginem
3380 2354 3425 2398 et
3466 2343 3763 2398 similitudi-

2156 2449 2271 2488 nem
2296 2441 2525 2487 nostram
2548 2432 2698 2505 (Gen.
2725 2449 2765 2501 ι,
2797 2432 2894 2507 26)
2930 2476 2946 2503 ,
3008 2434 3239 2491 invicem
3272 2451 3393 2492 esse
3418 2437 3499 2491 sui
3530 2436 3760 2504 similes,

2158 2526 2212 2581 in
2240 2540 2305 2581 eo
2326 2525 2465 2596 quod
2492 2527 2880 2583 similitudinem
2924 2538 3150 2584 nostram
3197 2527 3362 2593 dicat,
3393 2530 3647 2584 ostendit.
3684 2528 3763 2585 Ne

2158 2619 2469 2689 contigeris,
2530 2635 2598 2675 ne
2647 2623 3097 2688 contrectaveris,
3141 2636 3208 2678 ne
3257 2623 3585 2693 corruperis.
3616 2604 3764 2678 'l‘ene

2160 2720 2366 2767 natura:
2392 2712 2633 2779 nomina,
2669 2722 2790 2768 tene
2815 2712 2938 2768 Filii
2961 2714 3377 2785 professionem.
3409 2714 3545 2770 Nolo
3574 2716 3762 2771 adule-

2161 2803 2259 2869 ris,
2289 2814 2342 2859 ut
2368 2803 2560 2861 Filium
2589 2804 2657 2861 de
2682 2814 2773 2861 tuo
2803 2805 2991 2864 laudes
3025 2825 3037 2861 :
3072 2807 3211 2863 bene
3253 2807 3437 2876 habet,
3466 2817 3522 2864 ut
3548 2807 3612 2863 iis
3643 2824 3763 2881 quas

2162 2907 2288 2953 sunt
2316 2898 2516 2969 scripta
2544 2907 2831 2954 contentus
2858 2899 2953 2954 sis.

2232 2989 2324 3045 24.
2364 2990 2647 3045 Prudentia
2670 2991 2896 3046 humana
2922 2993 2975 3046 in
3005 2991 3100 3046 Dei
3143 2992 3291 3048 rebus
3319 2992 3511 3063 deﬁcit.
3563 2992 3761 3067 Desipit

2163 3083 2285 3137 dum
2314 3100 2367 3138 se
2394 3093 2539 3153 putat
2572 3088 2852 3157 perfectum
2884 3102 3081 3153 sapere.
3106 3116 3176 3127 —
3206 3085 3327 3141 an
3355 3096 3439 3141 est
3483 3096 3662 3142 autem
3711 3090 3764 3145 in

529 3176 859 3234 ‘25.Filiusa
881 3176 1039 3233 Patre
1059 3177 1384 3233 subsistentia
1405 3193 1506 3233 non
1528 3185 1713 3232 natura
1729 3178 2056 3235 discernitur.
2088 3188 2133 3253 ο
2166 3184 2372 3232 tantum
2419 3176 2799 3234 confidendum
2853 3178 3135 3248 prudentia
3182 3178 3437 3245 humana,
3467 3190 3523 3234 ut
3554 3180 3764 3249 perfec-

465 3271 532 3328 Ut
556 3274 750 3343 imago,
780 3273 953 3325 omnia
983 3271 1133 3326 habet
1169 3287 1283 3342 qua:
1346 3270 1521 3327 Pater.
1552 3300 1624 3312 —-
1646 3270 1816 3326 Audis
1840 3287 1855 3325 :
1877 3269 1990 3341 Ego
2019 3281 2068 3327 et

463 3364 621 3420 Pater
637 3381 798 3419 unum
824 3381 1000 3419 sumus
1024 3362 1200 3436 (Joan.
1230 3380 1257 3418 ιι
1276 3363 1419 3435 ,50).
1434 3362 1571 3432 Quid
1588 3362 1850 3419 discindis
1875 3371 1929 3418 et
1947 3362 2062 3418 dis-

464 3459 631 3515 trahis
664 3457 856 3514 Filium
886 3459 1266 3534 al’atre?65
1289 3458 1463 3516 Unum
1494 3467 1619 3514 sunt
1652 3476 1663 3513 :
1693 3458 1900 3515 scilicet
1920 3457 1988 3531 (f)
2020 3460 2063 3515 is

463 3552 553 3622 qui
579 3559 685 3619 est,
720 3550 849 3606 nihil
880 3551 1082 3607 habens
1111 3551 1253 3621 quod
1293 3566 1401 3605 non
1419 3550 1489 3605 sit
1509 3551 1668 3605 etiam
1712 3550 1766 3605 in
1795 3564 1863 3607 eo
1890 3565 1919 3604 a
1955 3566 2065 3621 quo

462 3653 566 3699 est.
586 3642 722 3699 Cum
765 3644 921 3705 audis
948 3643 1143 3699 Filium
1167 3642 1437 3699 dicentem
1466 3658 1479 3696 :
1511 3640 1623 3713 Ego
1645 3652 1693 3697 et
1715 3640 1875 3698 Pater
1904 3658 2064 3695 unum

460 3756 636 3794 sumus
652 3757 673 3807 ;
718 3740 969 3810 personis
993 3753 1109 3793 rem
1136 3735 1508 3804 accommoda,
1530 3736 1769 3807 gignenti
1798 3746 1852 3791 et
1879 3735 2063 3806 genito

462 3833 815 3905 professionis
839 3848 953 3889 sua:
983 3832 1235 3904 permitte
1259 3830 1603 3888 sententiam.
1636 3830 1757 3887 Sint
1784 3845 1971 3896 unum,
2004 3836 2064 3884 ut

532 3970 612 4041 (1)
645 3970 925 4026 Salutaris.

532 4041 612 4111 (ἓ)
648 4041 732 4098 Ea:
760 4044 989 4100 veritate.

557 4158 882 4229 a)Virtntiun
902 4159 1201 4216 caelestium
1217 4156 1436 4214 nomine
1449 4155 1667 4229 angelos
1681 4153 1962 4210 abililario
1976 4155 2061 4209 in-

463 4227 628 4298 telligi
641 4229 820 4285 solere
834 4234 1031 4301 saepius
1047 4227 1583 4287 observavimus.Has
1597 4228 1819 4301 virtutes
1834 4236 2063 4301 aeternas

420 4310 445 4323 ‘
465 4297 755 4372 nuneupat,
783 4318 886 4373 non
909 4297 1051 4373 quod
1070 4316 1163 4357 eas
1189 4303 1255 4354 ab
1275 4310 1500 4373 interno,
1522 4297 1776 4373 sedquod
1798 4312 1903 4352 non
1927 4298 2058 4373 inte-

463 4368 663 4428 rituras
708 4368 1073 4439 credatXQua
1105 4373 1312 4427 ratione
1348 4371 1398 4424 in
1432 4369 1566 4439 psal.
1601 4384 1782 4433 cunt,
1833 4368 2058 4439 num.76,

466 4445 630 4500 homo
675 4438 995 4499 secundum
1023 4444 1256 4498 animam
1304 4451 1527 4497 a’ternus
1576 4440 1919 4510 insidientur.
1967 4438 2064 4494 Hic

463 4515 786 4573 Arianorum
802 4516 1122 4570 sententiam
1152 4523 1322 4579 notat,
1343 4509 1635 4568 volentium
1662 4509 1933 4565 Christum
1961 4510 2063 4566 hoc

467 4596 676 4643 tantum
732 4587 798 4641 ab
826 4584 932 4640 illis
958 4585 1242 4641 virtutibus
1285 4583 1527 4646 dill‘erre,
1560 4582 1700 4652 quod
1746 4581 1831 4637 hae
1883 4582 2060 4652 aliqua

465 4657 740 4713 dumtaxat
770 4656 1025 4722 efficiant,
1044 4673 1163 4713 eum
1186 4656 1443 4727 perilhnn
1472 4662 1663 4709 cuncta
1691 4654 1817 4707 sint.
1849 4653 1925 4708 Ex
1948 4669 2063 4720 quo

465 4739 632 4802 patet,
665 4729 805 4802 male
833 4729 883 4783 iu
918 4729 1065 4798 prius
1088 4728 1316 4802 vulgatis
1338 4727 1633 4781 obtinuisse
1656 4742 1743 4795 per
1756 4742 1872 4780 eum
1893 4735 2064 4778 creata

466 4801 605 4864 sunt,
640 4801 728 4856 ubi
780 4816 845 4856 ex
897 4816 1031 4856 mss.
1066 4801 1396 4855 restituimus
1421 4815 1509 4869 per
1536 4815 1647 4852 eum
1676 4807 1860 4852 cuncta
1887 4807 2025 4851 sunt.

566 4873 617 4945 b)
632 4871 838 4942 Lips.et
853 4871 1085 4928 Par.nou
1106 4873 1226 4945 quia
1243 4871 1486 4943 degener;
1508 4871 1709 4940 absque
1720 4871 2058 4925 auctoritate.

566 4945 615 5011 c)
647 4945 722 4999 Ita
745 4960 875 5000 mss.
908 4948 974 4999 At
997 4946 1148 5009 editi,
1178 4954 1300 5011 apta
1327 4954 1468 4999 sunt.

568 5011 627 5088 α’)
657 5017 709 5069 In
732 5016 1073 5072 ms.Carnut.
1092 5018 1382 5072 voluntate:
1401 5016 1488 5071 cui
1519 5013 1736 5088 lectioni
1759 5011 1903 5088 favet
1922 5011 2066 5083 quod

472 5085 626 5145 initio
654 5088 811 5154 huius
840 5089 1052 5144 numeri
1110 5088 1251 5143 filius
1281 5104 1349 5142 ex
1379 5086 1644 5143 sententia
1688 5085 2068 5141 bmreticorum

472 5164 642 5233 [actus
670 5179 763 5234 pro
785 5160 1040 5234 uoluntate
1068 5161 1289 5234 dicatur.

544 5236 613 5303 (e)
640 5229 697 5288 lit
730 5233 976 5301 vulgatis,
1006 5233 1095 5303 qui
1124 5242 1285 5286 estea:
1312 5231 1520 5284 veritate
1567 5240 1787 5286 naturas.
1819 5229 1987 5284 Abest
2008 5245 2073 5285 ex

472 5321 499 5357 a
533 5322 663 5359 mss.
699 5304 898 5360 Horum
929 5304 1217 5358 verborum
1247 5304 1459 5357 nativus
1478 5303 1613 5357 ordo
1642 5317 1705 5357 ac
1732 5316 1924 5357 sensus
1948 5310 2068 5356 est:

470 5386 651 5431 natum
673 5378 880 5431 veritate
899 5385 1118 5437 natura}.
1151 5389 1246 5431 sou
1271 5391 1394 5429 vera
1428 5376 1704 5430 nativitate
1725 5390 1846 5429 eum
1881 5385 2071 5432 natura

474 5449 591 5517 ejus
616 5463 681 5503 ex
714 5464 816 5518 quo
849 5447 1115 5513 nascitur,
1145 5447 1208 5501 ab
1234 5464 1292 5502 eo
1314 5457 1461 5519 patre
1488 5450 1687 5515 quiest,
1725 5448 1828 5503 hoc
1849 5455 1952 5509 est,
1981 5462 2075 5501 cu-

469 5520 557 5591 jus
586 5521 863 5591 proprium
884 5530 960 5574 est
987 5535 1016 5572 a
1045 5534 1105 5575 se
1126 5535 1270 5586 esse,
1303 5530 1355 5572 et
1379 5536 1483 5573 non
1513 5520 1582 5574 ab
1612 5521 1741 5585 alio,
1768 5521 1848 5575 vel
1880 5521 1968 5591 qui
1992 5528 2078 5575 est

474 5590 797 5659 principium
847 5590 1247 5645 universorum.
1298 5591 1387 5647 Sic
1442 5591 1533 5645 lib.
1567 5607 1627 5658 ιι,
1660 5608 1716 5645 ιι.
1752 5593 1838 5658 Η,
1867 5590 2074 5649 habes:

475 5661 570 5716 Est
598 5659 769 5716 Filius
790 5661 852 5716 ab
876 5677 938 5715 eo
967 5659 1123 5717 Patre
1142 5664 1228 5729 qui
1253 5674 1359 5729 est;
1395 5662 1482 5719 hic
1519 5680 1669 5727 vero,
1700 5675 1757 5719 ut
1780 5681 1900 5721 mox
1935 5664 2083 5720 vide-

480 5734 688 5791 bimus:
720 5731 892 5790 Unum
914 5731 1261 5802 sunt,scilicet
1291 5735 1333 5788 is
1353 5736 1441 5806 qui
1471 5746 1566 5801 est,
1591 5735 1720 5791 nihil
1741 5736 2082 5806 liabensquod

480 5823 583 5863 non
620 5808 686 5863 sit
729 5807 881 5861 etiam
910 5806 961 5860 in
1004 5822 1065 5863 ea
1095 5822 1125 5862 tl
1146 5821 1247 5878 quo
1274 5816 1391 5874 est;
1429 5806 1521 5866 ubi
1542 5808 1586 5865 is
1607 5808 1695 5880 qui
1724 5816 1820 5879 est,
1842 5808 2080 5883 Patrem,

542 4874 563 5091 ἒ

2171 3279 2281 3323 ιιιιιι
2314 3283 2373 3323 se
2400 3268 2520 3338 quis
2551 3277 2701 3339 putet
2728 3284 2921 3339 sapere
2948 3270 3090 3341 quod
3119 3272 3291 3341 sapiat
3320 3289 3332 3324 :
3366 3279 3420 3326 ct
3448 3272 3500 3325 in
3525 3286 3591 3327 eo
3617 3272 3765 3327 arbi-

2172 3346 2343 3416 tretur
2362 3361 2622 3416 absoluta:
2650 3363 2877 3417 rationis
2894 3365 3457 3431 sunitnamcnntineri,
3485 3366 3625 3435 quod
3654 3365 3767 3435 ipsa

2171 3464 2353 3511 mente
2388 3464 2741 3525 pertractans,
2767 3456 3016 3526 aequabili
3049 3456 3286 3527 undique
3312 3457 3454 3528 apud
3483 3475 3544 3516 se
3572 3459 3733 3515 existi
3754 3492 3766 3500 -

2168 3558 2280 3604 met
2319 3547 2564 3602 veritatis
2610 3548 2866 3619 opinione
2910 3557 3182 3605 constare.
3230 3549 3347 3605 Non
3388 3553 3534 3607 enim
3581 3552 3767 3607 conci.

2167 3641 2319 3711 piunt
2348 3640 2659 3711 imperfecta
2691 3639 3023 3710 perfectum,
3071 3656 3243 3711 neque
3281 3642 3425 3714 quod
3463 3659 3529 3698 ex
3554 3641 3633 3712 (It)
3659 3643 3768 3698 alio

2166 3733 2446 3799 subsistit,
2489 3733 2736 3789 absolute
2765 3733 2853 3789 vel
2881 3732 3119 3789 auctoris
3147 3734 3231 3791 sui
3258 3745 3435 3805 potest
3465 3736 3767 3805 intelligen-

2167 3828 2294 3882 tiam
2332 3827 2610 3893 obtinere,
2653 3827 2740 3883 vel
2779 3829 3053 3898 propriam
3083 3846 3097 3882 :
3129 3842 3189 3885 se
3216 3829 3432 3901 quidem
3465 3831 3518 3885 in
3546 3845 3613 3886 eo
3654 3838 3770 3884 tan-

2243 3963 2323 4035 (5)
2358 3962 2494 4019 Eum
2517 3966 2650 4022 enim
2679 3966 2767 4037 qui
2792 3975 2862 4022 est
2890 3966 2953 4023 ab
2980 3983 3038 4021 eo
3066 3969 3154 4037 qui
3176 3978 3249 4023 est
3273 3968 3463 4041 imago.

2173 4154 2215 4226 is
2239 4171 2269 4208 a
2291 4170 2392 4224 quo
2414 4164 2506 4220 est,
2534 4154 2730 4211 Filium
2756 4155 3036 4225 significat.
3060 4134 3577 4226 Quamquamlihm,
3594 4173 3646 4211 ιι.
3675 4158 3769 4226 5:2,

2171 4224 2339 4297 Filius
2390 4238 2634 4296 respeCtu
2675 4224 2907 4295 Spiritus
2952 4230 3122 4284 sancti
3176 4224 3372 4283 dicitur
3408 4229 3451 4282 is
3477 4230 3687 4297 quiest,
3718 4224 3772 4286 et

2172 4296 2288 4379 ejus
2319 4308 2567 4424 respetitu
2614 4298 2842 4370 Spiritus
2896 4310 3135 4367 sanctus,
3167 4301 3209 4355 is
3245 4303 3397 4373 cujus
3427 4296 3522 4368 est,
3551 4303 3700 4373 quasi
3727 4302 3772 4357 is

2172 4383 2259 4424 aut
2285 4384 2402 4424 eius
2427 4384 2485 4424 es
2518 4410 2531 4423 .

2172 4383 2267 4438 qut
2285 4384 2402 4438 ejus
2427 4383 2531 4424 est.

2249 4436 2319 4512 (ί)
2349 4440 2405 4515 ln
2447 4456 2555 4496 uno
2588 4440 2775 4497 codice
2806 4441 3015 4515 Remig.
3066 4459 3164 4499 nec
3199 4458 3306 4499 non
3334 4442 3567 4509 Theod.,
3611 4445 3655 4498 is
3686 4444 3771 4513 qui

2171 4522 2265 4577 est,
2289 4520 2335 4565 et
2353 4512 2414 4566 de
2438 4524 2653 4586 quaest,
2670 4513 2822 4586 ﬁuiltil
2851 4512 3063 4580 habens,
3088 4524 3220 4582 etc.,
3242 4515 3535 4586 glossema.
3560 4515 3771 4584 Quippe

2089 4598 2265 4669 Dcur
2304 4600 2469 4667 unum
2518 4585 2828 4669 sint.Pater
2872 4596 2925 4641 et
2977 4586 3162 4668 Filius,
3205 4585 3297 4669 hic
3324 4587 3461 4642 ratio
3490 4588 3767 4669 redditur;

2168 4654 2301 4729 quia
2339 4656 2588 4711 nimirum
2639 4657 2682 4712 is
2724 4658 2814 4729 qui
2870 4668 2941 4712 est
2993 4658 3312 4727 principium
3373 4658 3765 4728 generationis,

2168 4725 2546 4800 nihilhabeat
2591 4725 2747 4798 quod
2785 4745 2889 4784 non
2919 4729 2989 4784 sit
3028 4730 3080 4782 in
3125 4725 3182 4783 eo
3212 4747 3242 4783 a
3269 4725 3503 4800 quo'est,
3538 4729 3639 4782 hoc
3664 4740 3770 4795 est,

2169 4798 2260 4872 qui
2286 4798 2445 4872 abeo
2467 4809 2572 4867 est,
2601 4816 2695 4856 seu
2727 4801 2815 4872 qui
2846 4801 2912 4855 ab
2938 4815 3006 4855 eo
3036 4798 3298 4872 originem
3328 4801 3493 4856 ducit.

2242 4869 2317 4943 (g)
2345 4869 2402 4924 ln
2434 4873 2663 4942 vulgatis
2706 4869 2760 4926 et
2803 4873 3007 4938 aliquot
3038 4869 3167 4926 mss.
3198 4889 3210 4924 :
3245 4870 3382 4926 Eum
3423 4872 3558 4932 enim
3584 4870 3672 4938 qui
3699 4878 3776 4943 est

2169 4939 2231 4994 ab
2252 4939 2320 5024 eo
2341 4945 2427 5013 qui
2456 4939 2727 5016 est'imago
2757 4943 3091 5028 substantin
3118 4942 3773 5028 aliudnglossema,‘gnpd

2170 5012 2462 5083 castigatur
2487 5012 2733 5076 οιιειιιέε.
2760 5015 3009 5078 Carnut.,
3042 5013 3221 5078 Colli.,
3255 5012 3568 5079 Vindorin.,
3595 5012 3771 5069 Vatic.

2174 5094 2229 5139 et
2263 5084 2397 5139 Vict.
2439 5087 2650 5155 Quippe
2694 5102 2810 5139 eum
2847 5086 2983 5138 enim
3026 5083 3258 5155 refertur
3282 5086 3346 5141 ad
3379 5087 3572 5141 Filium
3614 5102 3625 5137 :
3663 5095 3773 5136 tuin

2174 5155 2237 5228 ab
2267 5173 2325 5210 eo
2354 5157 2441 5225 qui
2466 5167 2537 5211 est
2559 5158 2755 5212 dicitur
2783 5156 2851 5213 de
2873 5155 3054 5210 Patre.
3080 5154 3319 5212 Subinde
3350 5158 3519 5228 imago
3543 5157 3779 5228 substan—

2175 5227 2269 5301 tia:
2315 5228 2432 5301 _(ubi
2462 5228 2515 5283 in
2550 5244 2656 5301 uno
2687 5228 2976 5301 ms.__(_lolb.
3013 5229 3179 5301 imago
3207 5225 3624 5301 consubstantiw)
3658 5244 3773 5301 tua-

2177 5299 2433 5354 terialiter
2476 5300 2755 5368 accipitur.
2792 5298 2923 5353 Ilinc
2957 5297 3175 5369 pra'slttt
3220 5315 3341 5354 mox
3391 5297 3779 5369 intelligendam

2182 5371 2421 5424 discernit
2440 5372 2591 5441 juxta
2620 5370 2902 5441 pleroSquc
2931 5367 2992 5427 ac
3018 5373 3251 5441 potiores
3279 5387 3409 5425 mss.
3441 5367 3603 5441 quain
3634 5367 3776 5439 quod

2183 5442 2323 5516 apud
2353 5441 2499 5516 Lips.
2532 5451 2587 5499 et
2616 5442 2765 5509 Pan,
2790 5443 3134 5516 intelligentia
3150 5442 3413 5516 discernit.

2257 5513 2335 5587 (li)
2372 5510 2483 5571 llOc
2511 5526 2614 5581 est,
2643 5530 2708 5572 ex
2733 5515 2835 5570 alia
2876 5510 3173 5571 substantia
3205 5533 3217 5568 :
3251 5514 3335 5569 cui
3379 5510 3636 5587 locutioni
3685 5526 3781 5580 op-

2189 5584 2402 5657 ponitur
2451 5604 2514 5642 es:
2559 5604 2612 5643 se
2643 5588 2694 5642 in
2730 5587 2812 5643 his
2845 5589 3054 5643 numeri
3082 5586 3417 5656 superioris:
3467 5584 3577 5640 Deo
3606 5594 3781 5637 autent

2185 5660 2352 5715 simile
2392 5660 2590 5731 aliquid
2628 5675 2756 5731 esse,
2788 5660 2885 5713 nisi
2931 5657 3069 5731 quod
3097 5672 3161 5711 ea:
3186 5675 3240 5713 se
3285 5658 3405 5731 erit,
3449 5673 3551 5711 non
3593 5663 3779 5731 potest.

2191 5731 2325 5787 Tum
2358 5724 2616 5787 duo'mss.
2650 5724 2804 5785 Colb.
2848 5724 2967 5802 cum
2990 5730 3220 5802 Carnut.
3249 5724 3514 5788 substitit:
3540 5724 3784 5802 et'pauio

2190 5813 2314 5881 post
2338 5804 2384 5862 si
2408 5802 2632 5880 quidem,
2658 5817 2766 5861 non
2796 5817 2849 5861 se
2875 5799 3099 5876 quidem.
