4118 6186
342 291 413 348 l3
1613 286 1698 342 DF.
1737 276 2113 341 TRINITATE
2154 280 2358 338 LIBER
2404 281 2488 340 Ill.
3576 278 3643 333 ﬁl

343 421 452 468 tum
483 410 728 482 quodest
761 410 1019 476 sentiens,
1050 417 1303 464 czetertnn
1330 405 1552 464 ulterius
1583 403 1695 476 66
1727 415 1947 458 sensum
1978 407 2032 470 Α
2056 406 2343 471 saperent;
2392 407 2447 454 et
2491 413 2611 454 cum
2646 396 2775 453 nihil
2823 396 2922 453 nisi
2976 396 3113 453 intra
3168 395 3495 452 inﬁrmitatis
3537 410 3648 449 sine

339 521 496 562 suum
544 522 706 577 quam
751 506 853 561 sibi
889 503 1182 561 constituta
1220 502 1290 559 sit
1339 512 1526 557 natura
1556 514 1663 555 non
1692 495 1940 552 tendens.

338 599 539 655 Motum
568 599 713 655 enim
740 614 897 654 suum
927 612 1035 653 non
1085 596 1185 652 sibi
1230 595 1412 662 debet,
1458 592 1555 650 sed
1604 589 1809 648 auctori
1844 605 1858 644 :
1892 597 1947 644 et

338 695 540 750 idcirco
563 692 800 765 id,quod
826 692 902 763 (α)
937 692 988 746 in
1021 690 1169 747 aliud
1198 706 1267 746 ex
1296 700 1516 745 auctore
1544 684 1810 750 subsistit,
1839 684 1944 738 im-

343 786 641 859 perfectum
669 786 772 841 sibi
818 792 924 852 est,
950 782 1076 839 dum
1111 791 1325 838 constat
1352 780 1599 847 aliunde;
1627 789 1682 835 et
1720 791 1944 833 necesse

338 887 455 941 est,
499 887 557 932 ut
591 878 641 933 in
668 892 777 946 quo
797 892 857 932 se
890 874 1187 948 perlectum
1219 882 1367 945 putet
1394 887 1586 944 sapere
1611 912 1626 937 ,
1666 869 1895 941 desipiat
1926 885 1940 922 :

338 971 460 1043 quia
485 981 695 1026 natum
720 985 836 1027 suae
864 985 971 1025 non
1002 969 1290 1026 moderans
1317 968 1716 1032 necessitatem,
1746 973 1801 1020 et
1826 978 1944 1018 om-

339 1066 426 1120 nia
462 1064 838 1121 iuﬁrmitatum
870 1076 1089 1118 suarum
1139 1062 1462 1119 existimans
1489 1060 1732 1116 terminis
1772 1056 1946 1114 conti-

336 1158 477 1223 neri,
509 1158 779 1227 lalsojam
803 1156 1082 1227 sapientia:
1108 1157 1328 1212 nomine
1355 1155 1616 1227 gloriatur
1649 1170 1662 1207 :
1704 1152 1826 1222 quia
1858 1165 1943 1207 sa-

334 1266 494 1323 pere,
526 1250 631 1306 sibi
664 1250 803 1305 ultra
828 1264 1023 1305 sensus
1053 1253 1135 1306 sui
1167 1265 1274 1306 non
1301 1248 1462 1304 liceat
1489 1255 1807 1316 potestatem
1832 1287 1846 1311 ,
1889 1252 1945 1299 et

333 1358 499 1414 quam
547 1342 817 1399 inﬁrmum
867 1341 1192 1397 subsistendi
1231 1354 1313 1397 eat
1343 1341 1578 1407 virtute,
1612 1351 1719 1393 tam
1749 1352 1944 1394 sensus

334 1437 429 1495 sit.
466 1438 640 1508 Atque
666 1436 735 1491 ob
773 1437 826 1492 id
856 1435 1187 1507 imperfectae
1213 1444 1417 1491 naturte
1439 1433 1772 1499 substitutio,
1817 1448 1940 1503 per-

336 1528 466 1586 fecti
510 1545 701 1587 sensus
725 1530 1046 1601 sapientiam
1089 1529 1334 1586 obtinere
1372 1545 1431 1585 se
1457 1529 1728 1600 glorians,
1762 1525 1944 1582 stultas

337 1623 628 1694 sapientiae
646 1624 904 1680 irridetur
919 1622 1231 1695 opprobrio,
1253 1621 1513 1692 Apostolo
1541 1619 1787 1675 dicente:
1819 1615 1942 1672 Non

335 1714 471 1769 enim
494 1714 635 1769 misit
662 1731 742 1770 me
765 1713 1003 1771 Christus
1026 1716 1307 1788 baptizare,
1331 1715 1420 1770 sed
1449 1713 1816 1784 evangelieare,
1837 1727 1940 1766 non

2049 499 2305 561 saperent
2350 500 2619 558 naturam,
2665 504 2807 556 eam,
2864 504 2982 559 qua:
3013 488 3124 543 Sola
3170 487 3261 542 Dei
3296 485 3526 558 perlecta
3558 501 3649 540 sa-

2048 584 2247 655 pientia
2292 595 2397 650 est,
2450 592 2698 653 putarent
2745 597 2865 638 esse
2905 580 3220 649 stultitiam;
3265 596 3360 651 per
3396 579 3537 652 quod
3593 580 3643 635 in

2046 672 2214 747 (d)ea
2262 674 2373 744 ipsa
2416 673 2642 729 inﬁrmis
2688 672 2969 743 sapientia:
2996 690 3106 727 sua:
3148 673 3399 743 opinione
3430 670 3645 741 desipe-

2048 776 2190 822 rent.
2245 765 2388 838 Ergo
2435 765 2693 838 quidquid
2742 765 3089 836 pereuntibus
3131 764 3359 820 Stultitia
3391 776 3494 831 e5t,
3545 762 3648 820 hoc

2047 858 2114 913 iis
2142 859 2231 930 qui
2263 859 2543 914 salvantur
2572 858 2662 913 Dei
2692 857 2862 911 virtus
2891 866 2973 911 est
3002 875 3014 911 :
3050 857 3174 925 quia
3221 855 3352 910 nihil
3386 856 3645 911 naturalis

2046 965 2237 1006 sensus
2261 949 2331 1024 (ε)
2390 950 2473 1005 sui
2522 949 2831 1005 inﬁrmitate
2885 947 3255 1014 moderantur,
3306 947 3398 1003 sed
3449 944 3645 1002 divina:

2048 1046 2329 1117 potestatis
2360 1044 2701 1101 efﬁcientiam
2734 1042 3032 1099 secundum
3065 1041 3382 1097 inﬁnitatem
3404 1041 3642 1098 emleslis

2047 1139 2258 1194 virtutis
2305 1139 2635 1210 expendunt.
2689 1136 2758 1192 Et
2818 1137 3019 1192 idcirco
3066 1136 3379 1208 sapientiam
3432 1137 3644 1207 sapien-

2045 1234 2201 1298 tium,
2232 1242 2285 1288 et
2316 1230 2722 1303 intelligentiam
2754 1228 3165 1300 intelligentiam
3196 1229 3332 1281 Deus
3357 1227 3641 1297 improbat,

2045 1327 2171 1398 quia
2221 1342 2314 1397 per
2360 1326 2669 1397 opinionem
2714 1312 2957 1379 stultitiae
3008 1324 3254 1376 humanae
3300 1320 3645 1375 credentibus

2044 1421 2193 1477 salus
2224 1421 2474 1476 tribuitur
2501 1437 2514 1473 :
2546 1418 2674 1474 dum
2704 1426 2758 1473 et
2795 1416 3058 1483 inﬁdeles,
3094 1430 3215 1484 qua:
3243 1424 3393 1468 extra
3424 1428 3641 1468 sensum

2047 1530 2205 1570 suum
2236 1522 2380 1581 sunt,
2412 1512 2576 1568 stulta
2605 1527 2725 1567 esse
2753 1510 3074 1574 decernunt,
3098 1514 3153 1565 et
3179 1506 3364 1562 lideles
3395 1505 3643 1576 potestati

2045 1625 2108 1663 ac
2140 1609 2319 1663 virtuti
2366 1607 2457 1661 Dei
2491 1606 2667 1661 omnia
2696 1603 2764 1677 (f)
2809 1604 3099 1674 largienda:
3149 1602 3249 1657 sibi
3300 1602 3488 1655 salutis
3533 1615 3645 1655 sua:

2045 1713 2384 1757 sacramenta
2435 1702 2771 1771 permittunt.
2823 1699 2940 1753 Non
2985 1713 3114 1768 ergo
3155 1707 3278 1750 sunt
3329 1697 3489 1751 stulta
3521 1711 3641 1766 quae

330 1806 388 1861 in
416 1823 657 1863 sermone
690 1809 977 1877 sapientia,
1006 1825 1068 1862 ne
1091 1786 1262 1864 inanis
1288 1810 1380 1879 ﬁat
1405 1823 1534 1862 crux
1558 1805 1791 1860 Christi:
1825 1821 1938 1859 eer-
1972 1807 2019 1867 Β
2050 1797 2145 1852 Dei
2173 1806 2327 1862 sunt;
2370 1795 2462 1850 sed
2513 1795 2759 1848 humanm
2808 1801 3015 1846 naturae
3063 1790 3321 1861 insipiens
3361 1786 3642 1857 prudentia

331 1902 448 1956 bum
480 1901 620 1958 enim
654 1904 820 1957 crucis
848 1903 1070 1959 stultitia
1099 1913 1172 1959 est
1200 1902 1283 1957 his
1309 1903 1397 1974 qui
1422 1911 1654 1973 pereunt,
1678 1900 1741 1953 iis
1768 1908 1939 1952 autent

330 1996 415 2065 qui
442 1994 739 2063 salvantur,
770 1997 931 2052 virtus
959 1995 1054 2050 Dei
1076 2010 1167 2052 est.
1209 1996 1472 2062 Scriptum
1517 2005 1591 2048 est
1611 1994 1740 2047 enim
1766 2010 1784 2047 :
1811 1990 1939 2046 Per-

332 2087 456 2140 dant
488 2089 801 2156 sapientiam
848 2090 1173 2158 sapientium,
1224 2101 1272 2144 et
1296 2089 1610 2143 intellectum
1639 2086 1935 2157 intelligen-

329 2179 460 2233 tium
479 2179 781 2251 reprobabo.
809 2179 908 2236 Ubi
928 2182 1166 2250 sapiens?
1186 2181 1274 2236 ubi
1290 2182 1457 2236 scriba
1473 2182 1499 2235 ?
1519 2180 1606 2236 ubi
1627 2181 1940 2251 conquisitor

328 2268 492 2345 hujus
540 2272 760 2327 seaculi?
807 2271 997 2329 Nonne
1039 2275 1250 2328 stultam
1290 2274 1409 2344 fecit
1453 2272 1590 2329 Deus
1631 2274 1936 2344 sapientiam

326 2361 492 2429 huius
518 2365 734 2419 mundi?
766 2364 1021 2431 Quoniam
1067 2366 1271 2439 quidem
1313 2367 1367 2420 in
1410 2366 1664 2437 sapientia
1692 2363 1791 2420 Dei
1833 2381 1937 2420 non

328 2456 571 2524 cognorit
598 2454 672 2528 (b)
712 2456 932 2511 mundus
979 2473 1071 2528 per
1112 2458 1422 2528 sapientiam
1479 2457 1667 2518 Deum,
1718 2456 1935 2512 decrevit

326 2544 473 2601 Deus
521 2564 615 2616 per
658 2547 932 2604 stultitiam
975 2550 1356 2617 praedicationis
1394 2550 1594 2605 salvere
1636 2550 1930 2605 credentes:

325 2639 574 2704 quoniam
600 2638 776 2694 Judtvi
801 2641 948 2712 signa
972 2650 1171 2711 petunt,
1197 2653 1243 2696 et
1274 2640 1442 2698 (ἐτ’ωεὶ
1466 2642 1769 2713 sapientiam
1796 2657 1934 2713 qua!-

325 2741 493 2789 runt:
523 2751 618 2788 nos
660 2745 832 2789 autem
871 2735 1211 2807 prwdiramus
1248 2735 1508 2792 Christum
1544 2737 1723 2792 Iesum
1763 2738 1934 2790 cruci-

329 2825 523 2896 ﬁxum,
580 2825 789 2883 Jndteis
836 2830 1043 2898 quidem
1088 2829 1415 2896 scandalum,
1483 2829 1715 2903 gentibus
1768 2838 1935 2884 autem

328 2921 634 2987 stultitiam,
662 2922 790 2993 ipsis
819 2934 993 2977 autem
1034 2924 1225 2979 vocatis
1261 2923 1460 2979 Judatis
1489 2936 1535 2981 et
1566 2923 1759 2980 Graecis
1785 2924 1940 2980 Chri-

326 3023 464 3068 stum
512 3013 615 3070 Dei
656 3017 887 3072 virtutem
934 3027 981 3072 et
1015 3017 1110 3071 Dei
1139 3019 1443 3092 sapientiam
1485 3034 1501 3075 :
1542 3020 1665 3090 quia
1690 3019 1828 3084 quod
1851 3021 1937 3074 in-

326 3108 543 3179 ﬁrmum
573 3119 649 3165 est
676 3110 793 3178 Dei,
822 3113 1011 3182 {artius
1040 3124 1116 3168 est
1145 3114 1472 3180 hominibus;
1496 3125 1544 3170 et
1565 3116 1701 3186 quod
1725 3116 1936 3170 stultum

326 3177 404 3259 est
434 3203 558 3269 Dei,
593 3177 873 3276 sapientius
888 3217 962 3261 est
981 3205 1272 3263 hominibus
1289 3206 1331 3281 (Ι
1353 3177 1474 3263 Cor“.
1508 3224 1547 3274 t,
1572 3177 1639 3265 l7
1669 3219 1715 3263 et
1742 3212 1929 3281 seqq.).
1962 3177 2007 3239 Ο

334 3295 533 3352 Omnis
560 3297 747 3370 itaque
792 3298 1186 3373 inﬁdelitas(l)
1230 3301 1463 3357 stultitia
1503 3310 1625 3358 est:
1657 3304 1777 3373 quia
1828 3304 1933 3358 im-

324 3389 560 3461 perlecti
588 3407 780 3448 sensus
806 3394 888 3449 sui
929 3408 1023 3449 usa
1060 3395 1346 3464 sapientia,
1394 3395 1522 3451 dum
1561 3398 1741 3453 omnia
1782 3396 1930 3457 inﬁr-

326 3485 538 3541 mitatis
584 3500 699 3541 sua:
744 3488 1001 3558 Opinione
1042 3488 1374 3556 moderatur,
1434 3500 1586 3560 putat
1629 3490 1768 3546 elﬁci
1824 3505 1932 3546 non

326 3592 493 3645 posse
519 3577 663 3646 quod
687 3594 793 3634 non
816 3581 978 3653 sapit.
1021 3580 1196 3637 Causa
1240 3582 1385 3638 enim
1408 3581 1739 3639 inﬁdelitatis
1764 3582 1834 3657 (c)
1865 3584 1933 3640 de

323 3670 606 3724 sententia
627 3678 714 3725 est
735 3670 1084 3740 inﬁrmitatis,
1115 3673 1240 3729 dum
1268 3685 1482 3745 gestum
1509 3690 1630 3731 esse
1659 3677 1780 3747 quis
1825 3692 1930 3733 non

323 3771 503 3832 putat,
537 3764 683 3823 quod
728 3767 842 3837 geri
865 3781 973 3822 non
1003 3782 1161 3838 posse
1186 3767 1426 3824 deﬁniat.

394 3855 494 3910 25.
524 3855 767 3913 Stultitia
793 3858 996 3932 sapiens
1045 3860 1299 3930 ﬁdelium.
1328 3889 1403 3902 --
1442 3861 1510 3917 Et
1547 3861 1749 3918 idcirco
1788 3865 1935 3935 Apo-

322 3947 505 4002 stolus
529 3948 709 4004 sciens
741 3959 946 4006 natura;
974 3949 1227 4006 humanae
1260 3951 1632 4024 imperfectam
1653 3956 1934 4026 cogitatio-

322 4055 450 4097 nem
503 4041 609 4098 hoc
651 4043 829 4099 solum
882 4058 1070 4115 putare
1110 4045 1164 4100 in
1211 4046 1322 4103 veri
1370 4047 1581 4103 ratione
1625 4062 1747 4106 esse
1787 4049 1934 4121 quod

329 4142 577 4205 saperet,
606 4133 684 4190 ait
712 4151 821 4191 non
852 4135 908 4192 in
940 4152 1194 4194 sermone
1222 4153 1281 4194 se
1304 4138 1584 4211 sapientiae
1615 4141 1930 4211 praedicare,

318 4240 390 4281 ne
430 4225 840 4296 praedicationis
880 4243 994 4285 suae
1037 4230 1213 4286 inanis
1260 4240 1405 4289 esset
1448 4234 1699 4290 assertio.
1742 4234 1822 4291 Ac
1867 4252 1936 4293 ne

317 4320 574 4375 stultitiae
632 4334 755 4377 esse
828 4323 1152 4393 praedicator
1200 4325 1641 4389 existimaretur,
1710 4328 1931 4401 adjecit,

317 4414 554 4470 verbum
585 4416 763 4470 erucis
788 4416 1073 4472 stultitiam
1099 4417 1206 4490 67
1234 4432 1357 4474 esse
1387 4420 1735 4488 pereuntibus
1761 4439 1775 4477 :
1809 4423 1932 4493 quia

2042 1900 2147 1957 est,
2180 1905 2299 1961 qua:
2328 1903 2357 1943 a
2388 1888 2500 1944 Deo
2527 1901 2629 1942 suo
2658 1896 2749 1941 aut
2794 1886 2943 1956 signa
2983 1890 3077 1938 aut
3116 1881 3435 1954 sapientiam
3478 1880 3542 1935 ad
3576 1879 3641 1934 ﬁ-

2042 1986 2163 2041 dem
2209 1984 2464 2056 postulet.
2515 1982 2582 2036 Et
2620 1979 2931 2037 Judaeorum
2979 1977 3198 2050 quidem
3245 1986 3329 2031 est
3373 1974 3644 2045 postulare

2042 2080 2236 2152 signa;
2267 2080 2393 2151 quia
2424 2077 2473 2131 in
2522 2075 2614 2130 Dei
2648 2074 2865 2130 nomine
2909 2088 3004 2144 per
3050 2072 3183 2143 legis
3225 2069 3641 2124 familiaritatem

2042 2189 2149 2229 non
2178 2170 2467 2228 admodum
2510 2168 2689 2233 rudes,
2722 2166 2900 2222 crucis
2931 2163 3187 2221 seandalo
3209 2171 3640 2219 commoventur.

2043 2266 2357 2324 Gl‘iECOl'llm
2388 2272 2566 2318 autem
2596 2271 2674 2316 est
2722 2259 3042 2332 sapientiam
3072 2271 3318 2329 poscere,
3352 2256 3474 2327 quia
3512 2271 3644 2326 gen-

2048 2361 2124 2416 tili
2174 2358 2373 2430 ineptia
2428 2356 2769 2425 humanaque
2820 2351 3101 2423 prudentia
3135 2351 3400 2407 rationem
3445 2347 3643 2404 sublati

2044 2455 2098 2513 in
2128 2469 2342 2511 crucem
2382 2450 2474 2506 Dei
2504 2457 2768 2521 quatraut.
2800 2446 2930 2517 Quae
2958 2445 3080 2517 quia
3103 2442 3394 2499 secundum
3422 2456 3640 2497 sensum

2043 2556 2252 2603 natura:
2282 2542 2508 2600 inﬁrmis
2537 2540 2744 2597 occulta
2776 2539 2829 2594 in
2860 2546 3201 2593 sacramento
3248 2535 3347 2599 sit;
3403 2532 3463 2588 ﬁt
3510 2532 3643 2587 stul-

2045 2640 2154 2695 titia
2180 2636 2255 2711 (g)
2285 2634 2516 2691 inﬁdelis
2544 2654 2557 2687 :
2591 2649 2710 2689 cum
2736 2630 2880 2704 quod
2909 2629 3226 2685 naturaliter
3255 2643 3409 2682 mens
3434 2626 3637 2699 imper-

2045 2732 2180 2787 lecta
2207 2748 2311 2786 non
2336 2729 2596 2796 concipit,
2634 2728 2684 2782 id
2716 2739 2866 2782 extra
2912 2721 3209 2795 prudentiae
3256 2737 3472 2777 causam
3518 2736 3641 2778 esse

2042 2826 2321 2881 decernat.
2354 2823 2461 2881 Sed
2493 2821 2562 2877 ob
2592 2821 2730 2875 hanc
2767 2817 3163 2889 imprudentem
3197 2815 3379 2870 mundi
3428 2815 3641 2885 sapien-

2045 2918 2195 2984 tiatn,
2228 2931 2349 2986 qua:
2376 2914 2492 2987 68
2517 2928 2613 2983 per
2643 2911 2734 2967 Dei
2765 2910 3080 2981 sapientiam
3115 2908 3283 2963 Deum
3312 2914 3437 2961 ante
3467 2906 3643 2963 nesri-

2042 3010 2142 3076 vit,
2173 3009 2223 3064 id
2267 3017 2373 3071 est,
2409 3022 2506 3079 per
2551 3004 2691 3060 hanc
2717 3002 3170 3075 magniﬁcentiam
3223 3001 3406 3056 mundi
3444 3015 3507 3056 ac
3533 3007 3641 3055 tam

2045 3100 2319 3174 sapienter
2348 3097 2578 3155 instituti
2609 3097 2807 3169 opiﬁeii
2839 3106 3111 3161 ornatum,
3144 3095 3403 3151 creatoris
3427 3095 3508 3149 sui
3535 3110 3639 3150 non

2041 3207 2126 3253 est
2169 3206 2426 3251 venerata
2472 3194 2825 3263 sapientiam;
2873 3190 3073 3262 placuit
3105 3190 3214 3245 Deo
3257 3188 3640 3260 praedicatione

2042 3289 2287 3345 stultitiae
2317 3287 2497 3343 salvos
2530 3287 2705 3340 facere
2736 3284 3047 3347 credentes,
3078 3282 3132 3338 id
3173 3288 3278 3348 est,
3308 3282 3488 3338 crucis
3538 3281 3642 3337 ﬁde

2042 3383 2398 3438 aeternitatem
2432 3377 2745 3433 mortalibus
2790 3375 3076 3448 provenire
3120 3395 3131 3431 :
3186 3384 3242 3429 ut
3273 3373 3495 3430 cettfusa
3541 3373 3641 3428 lut-

2042 3489 2215 3529 tuante
2241 3470 2323 3547 (h)
2346 3471 2633 3529 sententia:
2660 3470 2938 3540 opinione,
2969 3467 3039 3522 ibi
3081 3468 3231 3522 salus
3278 3466 3631 3537 reperiretur,

2042 3567 2130 3622 ubi
2158 3567 2398 3622 creditur
2426 3581 2548 3621 esse
2573 3566 2821 3619 stultitia.
2852 3561 3104 3618 Christus
3125 3561 3268 3616 enim
3297 3560 3385 3631 qui
3415 3563 3638 3616 stultitia

2040 3662 2292 3733 gentibus
2322 3671 2375 3715 et
2402 3659 2605 3716 ludatis
2633 3658 2946 3714 scandalum
2978 3667 3079 3723 eat,
3115 3656 3208 3712 Dei
3241 3655 3409 3710 virtus
3439 3655 3639 3724 Deique
3700 3674 3704 3678 '

2037 3755 2302 3826 sapientia
2348 3763 2432 3809 est
2475 3773 2488 3807 :
2533 3753 2655 3823 quia
2698 3767 2820 3823 qua:
2862 3766 3025 3806 sensu
3078 3749 3316 3804 humano
3348 3748 3555 3804 inﬁrma
3586 3749 3637 3802 in

2038 3846 2135 3902 Dei
2183 3845 2344 3901 rebus
2387 3853 2442 3900 et
2486 3844 2648 3899 stulta
2698 3843 3101 3906 existimantur,
3162 3841 3277 3896 haec
3339 3839 3638 3910 prudentia:

2040 3939 2334 4010 virtutique
2366 3946 2617 4006 terrenas,
2651 3947 2707 3993 et
2733 3935 3014 4009 sapientim
3054 3944 3108 3990 et
3162 3933 3444 4007 potestatis
3493 3933 3638 3986 veri—

2039 4038 2149 4086 tate
2177 4030 2506 4101 praecellant.

2107 4144 2201 4200 26.
2233 4143 2313 4201 De
2339 4143 2440 4199 Dei
2469 4143 2621 4199 rebus
2645 4158 2748 4199 non
2777 4157 2872 4198 suo
2896 4156 3069 4208 sensu,
3109 4138 3199 4194 sed
3244 4138 3346 4208 [ide
3366 4138 3641 4192 decernen-

2038 4238 2273 4293 dum.-—
2318 4236 2466 4294 Nihil
2507 4236 2668 4308 igitur
2719 4236 2775 4292 in
2825 4234 3022 4290 divinis
3063 4230 3346 4289 eﬁ‘ectibus
3392 4230 3640 4286 humana:

2038 4332 2238 4388 mentis
2269 4332 2528 4400 Opinione
2556 4329 2895 4386 tractandum
2924 4336 3031 4395 est,
3063 4340 3239 4397 neque
3285 4324 3354 4379 de
3396 4333 3642 4380 creatore

2038 4438 2137 4479 suo
2163 4423 2362 4495 opiﬁcii
2410 4425 2577 4494 ipsius
2615 4422 2841 4478 materia
2865 4419 3143 4477 decernat.
3177 4415 3511 4473 Assumenda
3542 4430 3641 4470 au-

316 4517 441 4560 eam
477 4506 648 4561 solam
677 4505 924 4565 inﬁdeles
954 4508 1294 4580 prudentiam
1316 4509 1936 4587 crederentesse,quam
1961 4505 2017 4570 D
2044 4527 2152 4577 tem
2186 4519 2343 4577 nobis
2371 4527 2457 4577 est
2476 4516 2729 4584 stultitia,
2765 4524 2824 4572 ut
2850 4513 3170 4587 sapientiam
3201 4524 3501 4577 sumamus,
3532 4523 3636 4564 non

387 4660 481 4737 (1)
506 4660 683 4719 Stulta
708 4673 803 4720 est.

392 4799 482 4874 (a)
525 4800 698 4858 Abest
730 4799 787 4856 in
832 4802 978 4859 aliud
1006 4819 1035 4859 a
1084 4803 1472 4862 vetustioribus
1504 4820 1635 4862 mss.
1681 4804 1839 4863 Colb.
1870 4815 1927 4863 et

318 4871 537 4943 Bemig.
571 4874 712 4941 quod
745 4873 799 4929 in
825 4874 985 4930 Corb.
1019 4875 1261 4931 additum
1291 4884 1425 4932 esta
1454 4876 1689 4933 secunda
1739 4894 1921 4935 manu.

315 4940 572 5017 Lips.'el
588 4940 710 5017 Par.
748 4946 999 5015 particula
1024 4947 1079 5001 in
1106 4957 1390 5017 expuncta,
1426 4955 1631 5005 tantum
1656 4949 1927 5006 retinuere

314 5014 495 5069 aliud.
531 5013 610 5070 Ex
642 5013 890 5089 hoc'loco
928 5013 1333 5089 intelligendum
1360 5031 1443 5073 est
1480 5021 1608 5074 illud
1652 5030 1805 5075 tract.
1842 5038 1922 5089 ps.

314 5101 544 5150 cxxxrv,
575 5104 627 5159 u.
664 5086 773 5143 ωε
823 5087 925 5153 Qui
979 5086 1181 5144 uou'se
1225 5091 1323 5145 sibi
1370 5089 1557 5159 debet,
1612 5108 1713 5146 non
1758 5086 1930 5148 omnia

316 5168 529 5227 potest,
547 5157 670 5212 dum
696 5175 727 5211 a
751 5162 953 5225 potiore
971 5160 1217 5216 subsistit.

388 5227 474 5304 (ὑ)
503 5226 853 5304 Carnutensis
896 5233 1088 5295 codex,
1113 5234 1209 5304 hic
1239 5232 1483 5299 mundus,
1515 5233 1696 5290 addito
1726 5250 1924 5304 prono-

315 5298 473 5372 mine
501 5300 606 5372 hic,
653 5303 898 5372 quodet
944 5303 1191 5371 superius
1221 5320 1370 5358 num.
1413 5298 1475 5366 6,
1499 5298 1737 5361 addebat
1770 5314 1925 5363 vetus

308 5369 483 5426 Colla.
517 5369 750 5448 _Mox'in
796 5371 943 5448 dicto
988 5369 1211 5430 Carnut.
1242 5376 1468 5447 aliisque
1514 5379 1683 5432 salvos
1732 5382 1920 5448 facere,

314 5456 422 5511 pro
450 5444 690 5525 satrapa;
714 5453 771 5501 et
812 5445 972 5513 paulo
1001 5455 1141 5525 post,
1183 5448 1319 5525 sicut
1348 5444 1403 5503 ei
1430 5448 1483 5503 in
1502 5444 1741 5525 _vetusto
1764 5448 1919 5525 Colb.

312 5513 462 5581 quod
480 5514 737 5588 inﬁrmius
755 5526 927 5588 est...
958 5513 1096 5588 quod
1123 5519 1326 5574 stultius
1356 5529 1449 5573 est.
1493 5518 1610 5575 Jam
1639 5520 1923 5575 admonui-

313 5598 448 5639 mus
486 5586 704 5662 eosdem
746 5585 1040 5662 Scriptura:
1095 5588 1245 5662 locos
1297 5589 1365 5645 ab
1410 5588 1615 5646 Hilario
1661 5591 1919 5662 repetitos

311 5669 434 5709 non
464 5655 652 5711 eadem
680 5655 890 5715 ratione
920 5657 1130 5715 referri.

377 5727 479 5808 .(c)
506 5726 567 5808 In
592 5742 693 5783 ms.
717 5728 1060 5808 Qarnut._,_de
1084 5734 1333 5808 sententia
1361 5742 1433 5788 est
1457 5733 1878 5808 impossibilitatis
1898 5750 1919 5791 :

306 5798 509 5859 minus
530 5798 689 5857 bene.
721 5800 860 5872 Quid
887 5803 989 5860 sibi
1017 5804 1149 5861 velit
1189 5805 1253 5861 de
1286 5798 1540 5865 sententia
1580 5807 1914 5886 inﬁrmitatis,

2032 4808 2312 4891 declarant
2341 4811 2583 4891 proxime
2607 4810 2772 4879 dicta,
2803 4812 2927 4891 dum
2970 4813 3143 4866 ontnia
3185 4812 3499 4881 inﬁrmitatis
3525 4826 3635 4867 stlte

2034 4881 2272 4952 opinione
2300 4881 2594 4936 moderatur
2616 4898 2680 4937 ac
2705 4884 2944 4939 metitur.

2108 4952 2187 5022 (d)
2238 4952 2679 5021 Praepositionem
2730 4955 2784 5007 in
2827 4953 3084 5008 omittunt
3130 4952 3280 5008 editi.
3331 4953 3465 5008 Tum
3512 4954 3628 5018 Er.,

2036 5022 2273 5097 Lips.et
2294 5025 2413 5079 Par.
2446 5024 2759 5095 subjiciunt,
2810 5041 2870 5078 ea
2912 5025 3023 5097 ipsa
3053 5023 3289 5095 inﬁrmi:
3320 5025 3630 5081 reluctantio

2039 5096 2137 5150 bus
2167 5095 2297 5150 Bad.
2322 5107 2375 5151 et
2404 5110 2535 5150 mss.

2109 5169 2184 5235 (ε)
2226 5168 2485 5222 Additnus
2523 5167 2607 5221 sui
2651 5181 2719 5223 ex
2763 5182 2893 5223 mss.
2926 5166 3076 5223 Haud
3113 5169 3294 5236 procul
3320 5169 3388 5223 ab
3438 5167 3627 5223 Hilarii

2035 5246 2256 5311 mente;
2289 5237 2581 5311 Gregorius
2627 5239 2663 5292 l.
2694 5256 2767 5306 ut,
2815 5238 3002 5294 Moral.
3037 5256 3087 5296 c.
3134 5238 3210 5293 8:
3262 5241 3362 5306 Qui
3408 5256 3525 5311 ergo
3574 5242 3629 5294 in

2033 5308 2186 5378 factis
2215 5306 2312 5363 Dei
2338 5306 2585 5363 rationem
2614 5328 2716 5365 non
2741 5311 2898 5375 videt,
2928 5311 3278 5381 infirmitatem
3316 5306 3480 5365 suanr
3501 5328 3627 5366 cou-

2030 5380 2284 5449 siderans,
2308 5397 2401 5435 cur
2417 5397 2518 5436 non
2542 5382 2707 5436 videat
2733 5380 2991 5437 rationem
3006 5383 3158 5436 videt.

2105 5450 2176 5525 ([)
2210 5452 2325 5506 Vat.
2353 5454 2465 5525 bas.
2502 5467 2604 5525 mra.
2638 5469 2847 5510 necnon
2876 5455 2969 5510 alii
3021 5464 3152 5518 tres,
3202 5452 3491 5525 largienda.
3528 5452 3621 5508 Er.

2031 5532 2085 5597 et
2125 5523 2274 5597 Lips.
2325 5524 2611 5597 largiendo.
2654 5525 3010 5581 Retinendum
3069 5523 3299 5579 omnino
3335 5541 3459 5581 cum
3504 5525 3626 5581 aliis

2030 5593 2181 5668 libris
2208 5593 2504 5668 lgrgt'endw.

2098 5664 2177 5739 (g)
2211 5664 2427 5731 Exi'usi,
2454 5667 2749 5739 inﬁdelibus
2790 5685 2809 5723 :
2839 5665 3198 5724 emendantur
3235 5683 3299 5724 ex
3354 5681 3484 5724 mss.
3530 5682 3627 5738 ορη

2034 5735 2178 5793 ama:
2209 5748 2349 5794 notte
2376 5735 2667 5807 Vatibus”
2687 5738 2868 5804 Colb.,
2900 5749 3006 5796 etc.

2098 5809 2177 5883 (It)
2201 5809 2365 5878 Edili,
2398 5812 2664 5884 sapientia:
2691 5812 2932 5886 Opinione
2995 5810 3392 5884 relragnotittus
3418 5826 3551 5869 mss.
