4118 6186
447 235 517 297 95

452 455 510 502 ut
536 446 679 519 quod
711 447 1058 520 cogitationis
1089 457 1320 504 terrenae
1357 447 1497 504 ratio
1540 464 1648 505 non
1694 450 1951 521 concipit,
1999 450 2050 506 id

452 540 611 597 nobis
655 557 869 596 rursum
916 542 1054 597 ratio
1096 541 1294 597 divina:
1342 542 1555 597 virtutis
1612 542 1865 599 insinuet.
1913 543 2085 604 Cum.

452 634 598 690 enim
630 635 901 705 recognita
930 634 1178 690 stultitiae
1221 645 1422 691 nostrae
1463 636 1837 708 intelligentia,
1882 637 2052 709 impe-

452 727 633 784 ritiam
659 729 920 784 naturalis
965 728 1019 784 in
1070 728 1224 785 nobis
1272 729 1651 797 imprudentiae
1697 732 2049 801 senserimus,

455 828 568 874 tum
602 833 699 889 per
723 819 923 874 divina:
954 819 1235 889 sapientiai
1258 821 1595 892 prudentiam
1625 822 1691 877 ad
1725 822 1820 877 Dei
1848 824 2054 894 sapien-

453 911 583 966 tiam
635 912 942 968 imbuemnr
991 931 1003 967 :
1050 928 1172 968 cum
1219 915 1337 969 sine
1382 914 1544 970 modo
1588 916 1811 971 virtutes
1852 916 1948 972 Dei
1991 932 2054 972 ac

456 1014 778 1077 potestatem
826 1007 1134 1074 metiamur,
1183 1023 1304 1063 cum
1354 1017 1561 1063 naturae
1610 1008 1897 1064 Dominum
1944 1025 2051 1065 non

456 1096 595 1153 intra
649 1099 921 1154 naturales
971 1099 1117 1171 leges
1162 1100 1530 1168 cohibeamus,
1581 1117 1705 1158 cum
1747 1102 1849 1158 hoc
1877 1104 2053 1160 solum

454 1188 523 1246 de
557 1190 668 1246 Deo
695 1191 832 1247 bene
872 1191 1023 1247 credi
1068 1192 1447 1263 intelligamus,
1483 1195 1547 1249 ad
1576 1196 1718 1266 quod
1747 1196 1815 1253 de
1852 1212 1911 1252 se
1937 1212 2058 1253 cre-

454 1281 690 1338 dendum
737 1283 855 1355 ipse
899 1284 999 1340 sibi
1048 1286 1327 1343 nobiscum
1378 1296 1432 1342 et
1464 1287 1617 1345 testis
1653 1298 1709 1345 et
1745 1296 1935 1346 auctor
1957 1304 2055 1345 ex-

454 1376 629 1433 sistat.

806 1515 1060 1588 3970
1096 1514 1304 1572 LIBER
1330 1516 1678 1584 QUARTUS.

457 1656 839 1715 Catholicorum
865 1662 1247 1731 simplicitatem
1290 1664 1533 1719 adversus
1559 1665 1871 1720 Arianorum
1914 1674 2058 1721 astus

528 1754 732 1808 munire
784 1756 1098 1826 aggreditur.
1159 1755 1290 1810 Eam
1337 1757 1400 1811 ob
1450 1774 1561 1811 rem
1603 1774 1718 1829 qua:
1758 1758 1966 1813 illorum
1997 1758 2059 1813 de
2092 1756 2135 1815 Β

530 1845 731 1901 Christo
762 1849 829 1903 sit
876 1850 1125 1903 sententia
1168 1851 1396 1922 exponit.
1431 1848 1567 1905 Tum
1604 1852 1842 1923 defendit.
1860 1850 2056 1906 Filium

530 1939 686 1996 Patri
712 1942 1032 1999 ltomousion
1057 1961 1118 1998 ac
1136 1958 1351 2014 semper
1379 1943 1561 2007 fuisse,
1589 1954 1637 2000 et
1672 1963 1705 2000 a
1740 1946 1910 2017 pravis
1938 1961 2059 2000 sen-

530 2037 693 2103 sibus,
729 2036 915 2108 quibus
945 2036 1262 2092 necessarias
1290 2036 1410 2091 illas
1438 2053 1581 2092 voces
1602 2040 1921 2109 supprimere
1947 2048 2060 2093 ten-

531 2139 675 2194 tant,
728 2127 1017 2183 Ecclesium
1059 2128 1335 2183 abhorrere
1382 2130 1630 2185 declarat.
1663 2130 1850 2185 Alla‘tis
1880 2131 2064 2186 deinde

533 2222 693 2276 variis
724 2220 1015 2292 Scriptura:
1041 2221 1365 2289 testimoniis,
1387 2221 1573 2293 quibus
1595 2220 1789 2277 Filium
1810 2240 1842 2277 a
1864 2234 2065 2278 natura:

534 2317 722 2371 divina:
739 2316 1058 2385 possessione
1074 2317 1342 2371 exclusum
1353 2332 1462 2372 esse
1472 2318 1766 2372 ueteratorie
1781 2318 2062 2386 insinuant,

533 2412 785 2478 integram
832 2406 1033 2461 exhibet
1080 2408 1201 2477 fidei
1251 2409 1658 2480 professionem,
1711 2426 1863 2481 quam
1913 2412 2066 2466 Arius

534 2501 854 2556 Alexandria
884 2503 1063 2568 pulsus
1091 2500 1283 2571 aliique
1311 2502 1473 2574 ipsius
1504 2504 1738 2573 partibus
1768 2503 1962 2557 addicti
1998 2504 2067 2557 ad

535 2594 891 2650 Alexandrum
916 2595 1193 2649 antistitem
1215 2593 1671 2666 miseruntﬂujus
1696 2595 1933 2663 deinceps
1954 2597 2064 2663 pri-

518 2679 670 2743 mam
699 2700 916 2759 partem,
950 2689 1030 2743 his
1055 2692 1279 2744 maxime
1299 2691 1471 2745 nixam
1498 2691 1679 2756 verbis,
1706 2692 1843 2746 Audi
1874 2691 2063 2759 Israel,

535 2782 799 2837 Dominus
849 2782 989 2838 Deus
1018 2789 1142 2838 tuus
1200 2797 1339 2838 unus
1368 2792 1491 2853 est,
1550 2786 1699 2853 quasi
1732 2786 1975 2839 nimirum
2002 2786 2066 2839 iis

540 2875 746 2946 Moyses
798 2874 963 2930 Deum
1014 2892 1115 2929 non
1164 2876 1316 2930 modo
1356 2885 1542 2931 natura
1572 2921 1587 2946 ,
1644 2879 1734 2933 sed
1772 2889 1815 2933 et
1848 2896 2066 2949 persona

538 2985 700 3024 unum
730 2968 1024 3039 prtedicarit
1047 3008 1062 3033 ,
1111 2968 1286 3022 multis
1326 2973 1515 3040 refutat
1547 2986 1566 3023 :
1612 2972 1928 3040 ostenditque
1956 2985 2065 3026 tum

542 3078 605 3117 ex
624 3062 878 3116 creatione
906 3060 1106 3125 mundi,
1132 3069 1236 3113 tum
1259 3077 1321 3114 ex
1342 3062 1573 3130 pluribus
1586 3063 1705 3116 visis
1723 3063 1875 3131 factis
1899 3064 2063 3137 Agar,

546 3153 785 3214 Abrahae,
812 3152 975 3206 Iacob
1006 3162 1050 3206 et
1081 3150 1272 3224 Moysi,
1297 3160 1403 3206 tum
1427 3155 1577 3208 etiam
1604 3171 1667 3209 ex
1693 3134 2068 3227 Prophetarum
2095 3134 2139 3197 Ο

546 3248 883 3314 testimoniis,
935 3263 997 3300 ac
1042 3248 1345 3301 nominatim
1388 3247 1599 3319 Moysi,
1630 3249 2066 3322 Psalmographi,

548 3341 717 3407 Oscae,
747 3338 923 3395 Esaia:
947 3356 1007 3393 ac
1036 3339 1243 3394 Baruch
1268 3381 1281 3405 ,
1314 3341 1417 3394 sive
1451 3352 1505 3394 ut
1557 3352 1702 3396 uocat
1728 3384 1742 3407 ,
1789 3341 2028 3398 Jeremia’
2054 3386 2069 3411 ,

546 3433 710 3488 Deum
740 3433 835 3487 etsi
860 3442 1050 3486 natura
1082 3449 1258 3497 unum,
1287 3450 1387 3486 non
1421 3443 1590 3489 tamen
1621 3451 1730 3488 esse
1756 3434 2067 3499 solitarium,

546 3524 637 3578 sed
666 3523 829 3593 filium
878 3523 1082 3589 habere,
1112 3524 1201 3595 qui
1226 3539 1342 3578 cum
1367 3525 1480 3597 ipso
1506 3525 1787 3580 divinitatis
1816 3536 1862 3581 et
1892 3542 2075 3580 nomen

549 3618 770 3674 obtineat
790 3627 839 3671 et
866 3627 1127 3672 naturam.

479 3712 555 3768 De
584 3713 713 3767 visis
745 3713 796 3766 iu
825 3727 892 3767 eo
918 3711 1433 3783 expositisquazdam
1460 3711 1819 3767 observanda.
1839 3734 1921 3753 -·
1945 3710 2079 3779 Quia

549 3820 668 3859 vero
700 3805 857 3878 hujus
886 3820 948 3857 ac
974 3804 1324 3873 subsequentis
1352 3803 1469 3858 libri
1510 3813 1811 3875 argumenta
1844 3806 2082 3875 pleraque

551 3899 789 3951 nituntur
834 3896 953 3951 visis
1013 3897 1465 3968 patriarcharum;
1517 3913 1688 3967 opera:
1732 3899 1952 3968 pretium
2006 3908 2091 3967 est

552 3990 802 4043 nonnulla
824 3988 887 4042 de
910 3989 975 4042 iis
1004 3990 1233 4061 pra'fari.
1264 3988 1517 4044 Constans
1545 3991 1688 4060 apud
1728 3997 1916 4045 ueteres
1945 3990 2085 4045 vide—

556 4092 641 4137 tur
671 4082 864 4153 opinio,
902 4080 1098 4137 Filium
1129 4084 1193 4138 ab
1221 4083 1368 4138 initio
1414 4083 1593 4138 mundi
1637 4085 1793 4139 uariis
1822 4100 1877 4139 se
1919 4085 2085 4139 modis

556 4175 845 4229 hominibus
879 4176 1204 4245 spectabilem
1253 4176 1548 4246 praebuisse.
1613 4176 1722 4231 Hoc
1763 4178 1950 4231 diserte
1987 4178 2085 4231 do-

556 4276 669 4321 cent
715 4265 953 4320 Justinus
978 4282 1196 4337 martyr,
1238 4265 1488 4332 Irenteus,
1525 4268 1794 4338 Origenes,
1826 4268 2088 4340 Theophi-

557 4362 638 4414 lus
670 4359 935 4425 Antioch.,
964 4358 1199 4413 Clemens
1246 4359 1552 4420 Alexandr..
1580 4359 1954 4425 Tertullianus,
1987 4357 2088 4431 Cy-

526 4452 796 4524 ‘prianus,
842 4450 1024 4505 Patres
1067 4450 1372 4505 Antiocheni
1398 4451 1600 4505 concilii
1640 4460 1819 4506 contra
1860 4449 2084 4507 Paulum

562 4520 851 4609 Samosat.,
871 4554 925 4597 ut
944 4545 1209 4598 mittamus
1228 4542 1537 4598 Faustinum
1562 4542 1945 4614 Presbyterum,
1961 4544 2084 4598 Am—
2112 4520 2164 4580 D

559 4638 805 4703 brosium,
837 4634 1055 4689 Leonem
1079 4678 1094 4702 ,
1141 4637 1367 4704 aliosque
1414 4636 1686 4707 plurimos.
1721 4634 1827 4692 Sed
1856 4652 1919 4691 ne
1940 4636 2003 4691 ab
2022 4637 2086 4691 iis

559 4732 764 4802 quidem
790 4731 884 4784 hoc
913 4740 1149 4802 negatum
1172 4741 1267 4796 est,
1293 4731 1379 4799 qui
1410 4730 1530 4784 Ario
1552 4731 1809 4800 favebant.
1844 4730 2085 4801 ldipsum

561 4824 751 4895 passim
783 4824 1030 4893 prtedicat
1058 4822 1312 4877 Eusebius
1334 4824 1389 4877 in
1435 4823 1523 4877 lib.
1561 4822 1709 4880 Dem.
1740 4822 1864 4891 Eu,
1896 4832 1944 4879 et
1971 4823 2086 4880 Sir-

562 4920 751 4972 miense
798 4916 1071 4972 concilium
1115 4926 1296 4972 contra
1326 4916 1607 4971 Photinum
1636 4933 1724 4972 eos
1766 4917 2091 4973 anathemate

564 5011 774 5065 damnat
796 5012 880 5081 qui
908 5012 1058 5066 aliter
1082 5011 1351 5065 senserint.

495 5101 601 5156 Sed
627 5118 741 5155 cum
762 5103 816 5156 in
839 5103 935 5155 hac
956 5102 1190 5155 doctrina
1215 5101 1450 5172 frondent
1480 5101 1646 5156 moliti
1672 5103 1775 5156 sint
1813 5102 2013 5168 Ariani,
2035 5111 2091 5157 ut

569 5193 785 5259 Filium,
818 5195 907 5263 qui
949 5194 1163 5247 visibilis
1203 5210 1264 5246 ac
1292 5194 1429 5245 visus
1462 5194 1550 5259 sit,
1583 5211 1615 5246 a
1650 5192 1807 5247 Patre
1849 5193 2093 5250 inuisibili

568 5299 754 5341 natura
803 5287 1101 5341 dissimilem
1148 5286 1519 5354 prtrdicarent;
1570 5287 1672 5339 alte
1718 5286 2043 5340 retinendum
2070 5326 2087 5353 ,

567 5393 772 5435 sanctos
820 5379 1005 5434 Patres
1032 5380 1105 5433 ita
1134 5377 1301 5432 Deum
1348 5378 1507 5432 visunt
1556 5381 1854 5447 asseruisse,
1886 5391 1940 5434 ut
1977 5398 2091 5436 cum

570 5473 856 5545 Augustino
878 5474 970 5529 lib.
998 5489 1035 5528 ιι
1065 5482 1244 5528 contra
1266 5470 1631 5536 Maximinum,
1671 5490 1786 5545 cap.
1810 5472 1904 5540 26,
1922 5491 1976 5528 n.
2003 5475 2093 5543 η,

570 5570 853 5635 senserint,
882 5568 1217 5623 divinitatem
1246 5583 1352 5622 non
1396 5582 1494 5639 per
1519 5567 1874 5623 substantiam
1915 5584 2088 5636 suam,

576 5661 629 5713 in
688 5674 792 5730 qua
851 5660 1134 5715 invisibilis
1199 5668 1256 5714 et
1308 5659 1656 5713 immutabilis
1679 5670 1801 5724 est,
1851 5658 1945 5715 sed
1999 5674 2097 5730 per

574 5764 875 5807 creaturam
904 5751 1003 5806 sibi
1037 5752 1334 5819 subiectam
1379 5750 1685 5806 mortalium
1734 5751 1907 5808 oculis
1934 5765 2098 5822 appa-

1652 239 1896 299 SANCTI
1936 238 2192 301 HILARII
2232 242 2535 303 EPISCOPI
3687 254 3754 314 90

450 350 829 424 imprudentiae
857 365 1047 419 sensu,
1081 352 1177 409 sed
1209 360 1415 409 naturae
1445 362 1645 410 nostra:
1672 355 2003 411 conscientia
2035 357 2129 431 gA

2228 359 2403 415 ruisse
2431 376 2552 415 eum
2575 361 2762 417 voluit.
2786 362 2859 417 Ac
2882 379 2945 417 ne
2966 363 3236 436 peregrina
3265 365 3363 422 huc
3380 366 3752 435 adsciscamus,

2226 450 2457 522 locuples
2500 452 2655 523 hujus
2684 455 2757 508 rei
2785 456 2928 510 testis
2966 466 3041 510 est
3074 455 3333 522 Hilarius,
3359 459 3450 514 lib.
3483 464 3579 527 xu,
3608 478 3662 517 n.
3684 461 3755 516 45

2227 552 2275 596 et
2302 541 2396 598 46.
2429 540 2611 612 Certe,
2654 545 2840 612 inquit,
2869 547 2960 617 qui
2992 556 3117 603 aute
3149 550 3396 620 angelus,
3429 568 3572 607 nunc
3592 554 3755 610 etiam

2228 634 2391 692 homo
2419 647 2498 691 est
2545 653 2655 695 :ne
2685 641 2987 696 naturalem
3037 641 3176 697 hanc
3205 657 3327 700 esse
3369 644 3466 699 Dei
3519 646 3754 716 speciem

2230 729 2517 786 diversitas
2548 731 2708 798 hujus
2750 732 2920 801 ipsius
2950 745 3240 804 assumpta:
3284 739 3579 793 creationis
3610 752 3759 810 pate-

2229 831 2379 877 retur
2409 822 2655 893 intelligi.
2689 823 2857 880 Adest
2882 835 3060 879 autem
3106 827 3272 883 Jacob
3301 829 3461 884 etiam
3490 847 3659 902 usque
3690 833 3759 888 ad

2230 918 2389 973 lucta:
2418 919 2760 990 complexum
2809 921 2861 975 in
2916 920 3098 977 habitu
3133 922 3441 977 humano...
3473 926 3579 980 Sed
3616 927 3756 982 idem

2230 1019 2415 1079 postea
2445 1018 2498 1065 et
2539 1010 2709 1083 Moysi
2741 1028 2862 1067 esse
2905 1014 3044 1083 ignis
3075 1014 3380 1071 ostenditur
3415 1035 3426 1070 :
3459 1027 3519 1072 ut
3548 1029 3757 1075 naturae

2231 1111 2431 1157 creatae
2462 1112 2571 1157 tum
2602 1104 2780 1174 potius
2810 1104 2873 1158 ad
2906 1106 3144 1174 speciem
3168 1149 3181 1173 ,
3220 1124 3380 1177 quam
3414 1111 3480 1165 ad
3508 1111 3762 1168 substan-

2232 1196 2361 1251 tiam
2407 1206 2652 1263 naturae,
2710 1198 2870 1253 iidem
2925 1199 3188 1256 disceres.
3240 1204 3400 1257 Acule
3440 1205 3762 1277 Augustinus

2230 1292 2380 1358 epist.
2415 1290 2549 1343 alias
2569 1306 2699 1353 CXII,
2722 1309 2857 1347 nunc
2881 1308 3084 1360 CXLVII,
3110 1311 3250 1348 num.
3271 1294 3365 1361 20,
3396 1297 3448 1351 in
3473 1298 3565 1351 illa
3589 1298 3763 1371 Moysi

2232 1381 2401 1447 verba,
2431 1383 2486 1437 Si
2516 1382 2690 1437 inveni
2730 1384 2957 1454 gratiam
2990 1394 3113 1440 ante
3150 1398 3221 1453 te,
3253 1386 3478 1455 ostende
3506 1389 3635 1445 mihi
3684 1403 3761 1446 te-

2234 1475 2542 1545 metipsum.
2586 1473 2725 1543 Quid
2754 1490 2886 1547 ergo
2907 1518 2921 1540 ,
2955 1477 3165 1547 inquit?
3198 1476 3296 1533 Ille
3323 1495 3428 1533 non
3457 1490 3574 1535 erat
3603 1482 3763 1552 ipse?

2231 1569 2286 1626 Si
2320 1586 2430 1643 non.
2456 1580 2600 1627 esset
2629 1572 2765 1641 ipse,
2796 1588 2901 1625 non
2934 1572 2983 1627 ei
3013 1572 3237 1640 diceret,
3267 1574 3496 1631 ostende
3528 1576 3661 1631 mihi
3685 1586 3764 1632 tc~

2234 1664 2521 1735 metipsum
2548 1707 2561 1729 ,
2610 1666 2726 1729 sed,
2755 1664 2983 1721 ostende
3014 1666 3180 1721 Deum
3214 1684 3226 1722 :
3260 1679 3315 1722 et
3363 1677 3539 1725 tamen
3568 1672 3613 1725 si
3644 1670 3764 1741 ejus

2234 1766 2482 1811 naturam
2510 1757 2973 1829 substantiamque
2995 1760 3351 1829 conspiceret,
3385 1761 3557 1815 multo
3584 1764 3763 1821 minus

2233 1846 2460 1913 diceret,
2504 1848 2731 1905 ostende
2770 1849 2900 1904 mihi
2932 1852 3297 1921 temetipsum.
3331 1852 3450 1922 Ipse
3477 1870 3605 1925 ergo
3645 1865 3765 1913 erat

2234 1941 2286 1996 in
2308 1955 2371 1996 ea
2390 1942 2591 2011 specie,
2607 1957 2707 2012 qua
2727 1957 2987 2012 apparere
3010 1944 3254 2000 voluerat
3279 1964 3290 1998 :
3318 1961 3421 2001 non
3441 1957 3618 2003 autem
3649 1949 3763 2019 ipse

2236 2036 2533 2106 apparebat
2564 2036 2616 2090 in
2646 2043 2833 2091 natura
2861 2038 3078 2107 propria
3098 2081 3113 2101 ,
3146 2053 3305 2108 quam
3338 2039 3552 2111 Moyses
3576 2041 3764 2098 videre

2237 2128 2506 2198 cupiebat.

2171 2224 2233 2281 Si
2261 2241 2326 2280 ex
2354 2224 2606 2295 proximis
2632 2222 2921 2291 Scriptum
2945 2223 3109 2279 verbis
3135 2225 3302 2294 ipsum
3336 2224 3500 2281 Deum
3529 2243 3561 2281 a
3584 2226 3767 2299 Moyse

2237 2317 2401 2373 visum
2430 2315 2748 2387 Augustinus
2788 2325 2925 2371 recte
2956 2318 3217 2382 asseruit;
3264 2318 3379 2390 pari
3415 2319 3614 2372 ratione
3642 2337 3765 2376 con-

2239 2410 2521 2464 cedendum
2570 2419 2642 2463 est
2682 2410 2852 2475 ipsum
2897 2408 3063 2463 Deum
3103 2411 3265 2465 eidem
3321 2409 3492 2482 Moysi
3532 2413 3587 2466 in
3638 2414 3766 2467 rubo

2239 2503 2468 2557 dixisse:
2500 2501 2614 2571 Ego
2644 2516 2762 2555 sum
2807 2502 2946 2557 Deus
2976 2502 3247 2557 Abraham
3274 2543 3287 2566 ,
3340 2513 3462 2569 etc.,
3493 2520 3766 2577 verumque

2242 2595 2409 2651 Deum
2437 2595 2578 2668 Agar
2599 2596 2879 2650 allocutam
2909 2613 3036 2663 esse,
3065 2597 3149 2651 cui
3176 2597 3414 2651 clamauit
3445 2614 3463 2653 :
3488 2599 3568 2654 'l‘u
3596 2599 3762 2667 Deus,

2239 2686 2328 2757 qui
2352 2687 2642 2753 adsuexiSIi
2678 2704 2780 2743 me.
2806 2686 2986 2757 Neque
3015 2689 3112 2742 hoc
3128 2690 3280 2743 etiam
3306 2691 3547 2761 negantii
3560 2690 3764 2759 Patres,

2238 2783 2324 2852 qui
2346 2781 2400 2835 in
2429 2781 2548 2835 visis
2576 2780 2682 2834 illis
2710 2796 2850 2835 veros
2876 2781 3095 2850 Angelos
3126 2782 3386 2837 adstitisse
3414 2783 3763 2839 arbitrantur.

2242 2871 2367 2926 Non
2398 2873 2533 2926 enim
2576 2872 2870 2927 existimant
2910 2875 3120 2944 angelos
3166 2873 3284 2928 illos
3332 2873 3429 2928 Dei
3472 2892 3533 2928 ac
3564 2874 3769 2929 Domini

2241 2981 2425 3020 nomen
2451 2966 2550 3019 sibi
2577 2966 2891 3031 attribuisse,
2921 2967 3043 3034 quia
3074 2975 3126 3021 ut
3154 2968 3306 3039 legati
3336 2966 3429 3021 Dei
3467 2985 3528 3022 ac
3559 2966 3770 3022 Domini

2240 3060 2447 3113 nomine
2474 3059 2848 3128 loquebantur;
2877 3062 2989 3129 quis
3017 3061 3149 3113 enim
3190 3060 3389 3129 legatus
3416 3062 3573 3131 regis,
3607 3062 3768 3133 impe-

2242 3152 2452 3216 ratoris,
2484 3160 2572 3205 aut
2601 3152 2856 3221 principis
2882 3152 2977 3205 sibi
3001 3164 3201 3224 arroget
3229 3170 3411 3207 nomen
3431 3197 3443 3215 ,
3475 3155 3623 3226 cujus
3653 3171 3765 3225 pere

2244 3259 2421 3296 sonam
2441 3244 2800 3314 repraesentat"
2820 3243 2909 3297 sed
2934 3245 3049 3298 ideo
3063 3247 3254 3315 potius,
3270 3247 3406 3313 quod
3436 3245 3570 3299 Deus
3589 3246 3698 3315 ipse
3718 3245 3772 3299 in

2244 3335 2351 3391 illis
2378 3334 2941 3408 loquebatur.7llloc
2968 3338 3151 3392 diserte
3179 3337 3323 3392 docet
3338 3339 3647 3391 Athanasius
3677 3336 3771 3392 0r.

2248 3442 2301 3482 tv
2324 3436 2460 3482 cont.
2484 3428 2690 3495 Arian.,
2717 3445 2835 3499 pag.
2860 3427 2968 3483 467
2992 3445 3005 3482 :
3040 3428 3088 3483 Is
3114 3430 3354 3501 quidem,
3387 3432 3475 3501 qui
3509 3431 3775 3485 sentieba-

2252 3530 2337 3576 tur
2367 3520 2556 3586 oculis,
2592 3521 2815 3592 angelus
2837 3532 2974 3587 erat,
2999 3522 3092 3577 sed
3129 3523 3340 3579 Deusin
3368 3525 3558 3595 angelo
3586 3523 3774 3592 loque-

2249 3612 2428 3668 batur.
2450 3612 2584 3667 Nam
2608 3612 3059 3682 quemadmodum
3082 3612 3135 3668 iu
3162 3617 3412 3670 columna
3438 3616 3593 3671 nubis
3615 3616 3776 3670 verba

2252 3705 2319 3761 ad
2352 3704 2574 3778 Moysen
2602 3701 2653 3760 iu
2684 3705 3032 3761 tabernaculo
3065 3705 3294 3762 iaciebat
3326 3750 3337 3772 ,
3370 3709 3441 3762 ita
3472 3722 3684 3778 quoque
3723 3707 3776 3762 in

2252 3803 2459 3873 angelis
2487 3803 2785 3873 apparebat
2814 3804 3041 3873 loquens
3080 3804 3243 3859 Deus.
3296 3801 3379 3856 Ita
3430 3812 3477 3856 et
3521 3801 3779 3872 Hierony-

2255 3913 2388 3959 mus,
2420 3913 2537 3967 cap.
2578 3912 2635 3950 ιιι
2661 3939 2675 3961 ,
2718 3898 2785 3950 ad
2814 3896 2931 3951 Gal.
2969 3916 2983 3950 :
3010 3896 3160 3965 Quod
3191 3907 3394 3961 autem,
3427 3896 3518 3962 ait,
3554 3895 3660 3951 Lex
3693 3911 3780 3949 or-

2257 3989 2440 4044 dinata
2494 4004 2587 4058 per
2625 3990 2883 4059 Angelos,
2918 3988 3020 4045 hoc
3070 3989 3182 4044 vult
3233 3988 3478 4058 intelligi,
3525 3986 3667 4058 quod
3727 3988 3780 4041 in

2258 4082 2403 4136 outni
2437 4082 2604 4137 veteri
2633 4081 3006 4144 Testamento.
3027 4082 3115 4135 ubi
3144 4080 3366 4151 angelus
3380 4079 3610 4148 primum
3636 4077 3781 4134 visus

2257 4174 2513 4239 refertur,
2546 4187 2595 4227 et
2627 4184 2810 4243 postea
2855 4174 3005 4243 quasi
3049 4176 3187 4228 Deus
3218 4172 3443 4243 loquens
3472 4169 3745 4224 inducitur
3766 4212 3780 4235 ,

2258 4267 2481 4337 angelus
2531 4265 2747 4334 quidem
2796 4281 2923 4322 vere
2972 4282 3038 4322 ex
3085 4263 3344 4320 ministris
3394 4263 3641 4334 pluribus
3671 4262 3785 4333 qui-

2259 4373 2491 4429 cumque
2516 4359 2587 4414 sit
2611 4361 2758 4415 visus
2783 4403 2797 4424 ,
2850 4362 2944 4415 sed
2977 4362 3028 4414 in
3070 4361 3163 4415 illo
3199 4360 3461 4415 mediator
3492 4359 3743 4430 loquatur
3765 4399 3782 4421 ,

2263 4452 2353 4522 qui
2384 4451 2524 4506 dicat
2558 4469 2570 4504 :
2611 4452 2756 4523 «Ego
2785 4467 2905 4507 sum
2937 4453 3076 4508 Deus
3102 4452 3430 4508 Abraham.)
3465 4449 3565 4505 His
3593 4451 3785 4505 accedit

2263 4543 2575 4615 Augustinus
2599 4588 2612 4610 ,
2642 4543 2679 4598 ι.
2716 4560 2750 4598 ιι
2779 4554 2955 4599 contra
3002 4543 3301 4607 Maximin.,
3322 4532 3450 4613 'rap.
3492 4541 3585 4606 26,
3615 4559 3667 4595 n.
3694 4541 3784 4595 H.

2261 4635 2458 4703 Quzero
2492 4677 2506 4702 ,
2564 4636 2767 4705 inquit,
2815 4637 2936 4706 quis
2989 4634 3297 4705 apparuerit
3344 4634 3512 4705 Moysi
3561 4634 3612 4687 in
3666 4631 3787 4701 igne

2261 4728 2474 4799 quando
2518 4728 2685 4784 rubus
2727 4727 3193 4794 inﬂamtnahatur,
3250 4736 3305 4781 et
3351 4740 3455 4780 non
3509 4724 3783 4778 urebatur.

2261 4822 2596 4894 Quamquam
2652 4832 2707 4878 et
2761 4821 2871 4878 illic
2919 4822 3167 4893 angelum
3230 4820 3546 4890 apparuisse
3607 4816 3790 4893 Scrip-

2266 4924 2383 4969 tura
2417 4915 2529 4986 ipsa
2557 4914 2892 4971 declarat....
2926 4913 2983 4968 ln
3007 4913 3201 4984 angelo
3230 4922 3409 4968 autem
3437 4911 3603 4965 Deum
3625 4907 3790 4964 fuisse

2263 5008 2390 5080 quis
2424 5008 2679 5065 dubitet?
2724 5008 2891 5062 Juxta
2934 5009 3027 5062 hos
3057 5008 3335 5077 Gregorius
3367 5021 3519 5074 papa,
3556 5003 3706 5073 praef.
3737 5004 3789 5056 in

2266 5101 2388 5168 Job,
2417 5120 2463 5156 c.
2487 5102 2523 5156 2
2557 5121 2570 5157 :
2602 5102 2859 5173 Angelus,
2887 5102 2977 5170 qui
3011 5100 3179 5170 Moysi
3210 5100 3524 5169 apparuisse
3553 5096 3746 5152 dicitur
3774 5137 3789 5160 ,

2267 5193 2429 5248 modo
2466 5194 2706 5263 angelus,
2759 5193 2920 5247 modo
2966 5192 3108 5247 Deus
3154 5201 3505 5247 memoratur.
3556 5188 3794 5260 Angelus

2270 5286 2520 5341 videlicet
2547 5295 2766 5356 propter
2792 5284 2896 5340 hoc
2921 5286 3061 5356 quod
3092 5286 3329 5340 exterius
3372 5283 3644 5353 loquendo
3674 5296 3790 5336 ser-

2271 5377 2488 5442 viebat;
2527 5377 2784 5433 Dominus
2809 5388 2990 5432 autem
3020 5378 3236 5446 dicitur,
3262 5378 3384 5446 quia
3410 5376 3635 5431 interius
3660 5390 3796 5447 przr-

2272 5467 2479 5533 sidens,
2510 5469 2764 5539 loquendi
2794 5469 3087 5525 ellieacium
3120 5466 3477 5523 ministrabat.
3507 5464 3641 5520 Cum
3668 5479 3797 5536 ergo

2275 5564 2499 5634 loquens
2536 5563 2774 5620 exterius
2802 5564 2869 5619 ab
2894 5563 3141 5619 interiori
3178 5563 3402 5632 regitur,
3430 5570 3481 5615 et
3523 5578 3619 5631 per
3643 5561 3801 5614 obse-

2276 5657 2459 5727 quium
2486 5657 2815 5729 angelus,.et
2852 5671 2946 5727 per
2976 5655 3385 5724 inspirationem
3423 5653 3678 5710 Dominus
3700 5669 3800 5707 no-

2274 5751 2528 5807 minatur.
