4118 6186
299 314 372 372 οι
1586 313 1673 369 DE
1714 310 2090 369 TBINITATE
2129 309 2340 368 LIBER
2378 309 2468 366 IV.
3547 308 3622 366 98

302 431 548 487 Concetlit
577 437 826 503 prazteroa
857 427 1202 500 Augustinus,
1238 428 1327 484 lib.
1374 445 1410 484 tt
1452 439 1630 484 contra
1661 427 1909 484 Maximi-
1936 430 1988 490 A
2016 428 2098 484 bis
2127 433 2552 484 commemorata
2601 434 2757 489 sunt,
2794 431 2851 480 ut
2889 439 3011 480 cum
3041 423 3242 496 aliquid
3277 439 3342 481 ex
3372 423 3624 484 humanis

375 538 522 588 num,
553 537 603 574 c.
625 521 722 587 26,
748 538 802 575 n.
836 519 892 586 9,
922 521 1118 591 angelis
1145 520 1251 575 illis
1276 520 1483 576 licuisse
1507 519 1602 576 Dei
1621 538 1681 575 ac
1705 519 1919 576 Domini

379 633 434 673 se
462 616 670 672 nomine
703 615 1064 669 commendare
1092 624 1311 686 propter
1351 613 1693 686 prephetiam
1743 614 1918 670 futura

383 711 724 768 nuntiantem
746 751 762 778 ,
809 709 931 782 quia
960 709 1203 764 nimirum
1241 707 1501 776 Christus,
1554 709 1642 778 qui
1672 707 1814 764 Deus
1859 723 1920 763 ac

379 802 638 858 Dominus
673 812 766 865 est,
796 802 850 856 in
889 801 996 856 illis
1025 802 1280 873 ﬁguratus
1321 803 1405 856 sit.
1456 801 1548 857 Sic
1574 812 1622 857 et
1644 801 1877 856 lrenwus
1901 842 1918 870 ,

379 895 470 952 lib.
495 911 549 960 ν,
573 911 621 949 c.
654 895 681 950 1
718 911 731 948 :
763 893 1121 948 Praediximus
1153 893 1408 964 quoniam
1459 893 1730 949 Abraham
1755 902 1809 948 et
1834 907 1923 948 re-

381 988 514 1060 liqui
546 987 832 1059 propheta:
874 986 1190 1057 prophetice
1220 986 1475 1042 videbant
1509 1001 1653 1051 eum,
1691 987 1743 1042 id
1775 984 1922 1056 quod

382 1083 626 1139 futurum
667 1092 785 1138 erat
814 1096 908 1152 per
930 1081 1190 1136 visionem
1221 1081 1630 1152 prophetantes.
1665 1079 1770 1137 Sed
1791 1097 1922 1150 quo-

379 1177 454 1232 vis
483 1174 639 1230 modo
669 1174 1026 1246 intelligantur
1045 1173 1140 1228 illa
1160 1175 1287 1241 visa,
1324 1183 1425 1228 stat
1453 1189 1614 1245 prope
1643 1173 1824 1229 eadem
1847 1173 1923 1230 vis

378 1279 825 1342 argumentorum,
853 1283 970 1338 qua:
995 1283 1058 1324 ea:
1081 1267 1188 1322 illis
1219 1266 1458 1322 Hilarius
1498 1267 1726 1337 conﬁcit.

389 1442 443 1497 1.
463 1440 590 1497 Tria
616 1441 671 1496 in
701 1440 968 1496 lttereticos
995 1440 1352 1510 prtemitlenda
1381 1440 1607 1495 veritatis
1628 1441 1919 1496 assertioni.

307 1567 391 1577 -—
411 1537 745 1607 Quamquam
778 1535 1140 1591 anterioribus
1166 1535 1382 1604 libellis,
1415 1551 1550 1607 quos
1573 1537 1684 1605 jam
1713 1535 1922 1607 pridem

311 1628 760 1699 conscripsimus,
791 1610 1040 1682 absolute
1069 1628 1342 1696 cognitum
1383 1627 1764 1685 existimemus
1785 1670 1800 1694 ,
1859 1627 1923 1682 ﬁ-

303 1721 434 1776 dem
479 1737 578 1777 nos
624 1729 680 1777 et
707 1720 1105 1778 confessionem
1139 1721 1313 1777 Patris
1357 1731 1412 1777 et
1453 1721 1572 1777 Filii
1604 1730 1658 1777 et
1688 1721 1924 1792 Spiritus

2021 520 2521 593 comparationibus
2550 518 2628 592 (l)
2662 517 3020 589 proferimus,
3055 533 3160 573 non
3203 519 3500 574 secundum
3529 535 3627 574 na-

2023 623 2172 670 turas
2225 613 2539 684 corporales
2610 611 2679 668 de
2729 612 2839 668 Deo
2887 611 3088 667 sentire
3129 611 3458 680 credemur,
3525 625 3627 668 nec

2023 708 2366 780 passionibus
2397 707 2596 762 nostris
2640 704 2900 775 Spiritalia
2942 720 3280 774 comparare,
3313 703 3408 761 sed
3439 705 3622 777 potius

2021 814 2203 855 rerum
2236 796 2524 853 visibilium
2554 797 2790 868 speciem
2827 795 2896 852 ad
2942 794 3354 868 intelligentiam
3385 795 3628 853 invisibi-

2023 892 2153 948 lium
2183 891 2502 964 protulisse.
3595 887 3606 900 ’

2095 986 2148 1042 3.
2188 984 2566 1041 Htereticorum
2611 985 2879 1054 Opiniones
2925 984 2990 1038 de
3037 982 3133 1038 Dei
3179 985 3308 1054 filio.
3351 1015 3424 1027 —
3462 984 3629 1041 Aiunt

2024 1093 2257 1150 namque
2284 1077 2546 1146 ha:retici,
2583 1093 2692 1133 non
2715 1092 2782 1133 ex
2823 1076 2933 1132 Deo
2963 1091 3086 1133 esse
3113 1075 3412 1140 Christum,
3445 1075 3496 1131 id
3519 1085 3623 1144 est,

2023 1169 2218 1226 Filium
2261 1186 2370 1226 non
2403 1186 2471 1228 ex
2505 1169 2666 1226 Patre
2688 1180 2896 1236 natum,
2931 1185 3105 1241 neque
3129 1170 3296 1224 Deum
3324 1187 3388 1224 ex
3413 1179 3624 1236 natura,

2027 1264 2122 1319 sed
2153 1281 2216 1320 ex
2242 1264 2630 1320 constitutione
2647 1279 2804 1331 esse;
2831 1263 3179 1335 adoptionem
3203 1265 3407 1322 scilicet
3435 1265 3552 1337 ejus
3575 1265 3628 1320 in

2028 1355 2106 1429 (b)
2129 1357 2371 1424 nomine,
2401 1356 2525 1428 quia
2557 1358 2695 1414 sicut
2721 1357 2906 1428 plures
2929 1357 3040 1413 Deo
3071 1358 3190 1425 ﬁlii,
3210 1359 3279 1413 ita
3307 1367 3362 1414 et
3383 1359 3468 1414 hic
3490 1359 3632 1415 ﬁlius

2027 1449 2135 1514 sit;
2166 1448 2364 1504 dehinc
2405 1449 2784 1506 liberalitatem
2816 1449 2866 1506 in
2915 1451 3177 1521 dignitate
3197 1492 3213 1520 ,
3243 1453 3366 1522 quia
3394 1451 3530 1507 sicut
3557 1451 3630 1508 dii

2025 1543 2210 1612 plures
2259 1550 2405 1606 sunt,
2441 1544 2512 1598 ita
2557 1553 2612 1598 et
2651 1542 2738 1598 hic
2782 1544 2922 1600 Deus
2951 1543 3066 1599 sit:
3118 1543 3516 1615 indulgentiore
3549 1553 3631 1599 ta-

2026 1650 2150 1691 men
2181 1636 2232 1691 in
2264 1651 2331 1692 eo
2361 1645 2415 1691 et
2448 1635 2758 1707 adoptionis
2786 1646 2842 1692 et
2872 1638 3290 1707 nuncnpationis
3309 1637 3506 1692 all'eelu
3533 1679 3547 1704 ,
3573 1645 3633 1694 ut

2026 1736 2083 1783 et
2110 1744 2218 1798 prte
2247 1730 2458 1785 caeteris
2486 1730 2556 1784 sit
2583 1729 2894 1800 adoptatus,
2929 1741 2984 1786 et
3010 1731 3279 1801 adoptivis
3306 1731 3429 1787 aliis
3457 1731 3633 1806 major

301 1815 485 1872 sancti
511 1831 582 1870 ex
618 1815 950 1886 evangelicis
979 1824 1140 1885 atque
1169 1815 1482 1886 apostolicis
1529 1815 1791 1870 inStitutis
1821 1814 1920 1870 ob-
1953 1815 1999 1875 B
2029 1821 2145 1891 ipse
2183 1821 2252 1876 sit
2279 1821 2424 1887 ﬁliis,
2459 1830 2515 1876 et
2535 1821 2890 1877 excellentius
2915 1821 3126 1878 cunctis
3151 1823 3360 1878 naturis
3389 1833 3628 1891 creatus,

305 1910 510 1974 linere,
553 1923 731 1978 neque
775 1907 1068 1978 quidquam
1099 1906 1256 1964 nobis
1295 1923 1418 1962 cum
1466 1906 1737 1963 hatreticis
1765 1922 1925 1979 posse

305 2015 431 2058 esse
479 2015 794 2065 commune,
818 2000 1017 2071 quippe
1047 1999 1150 2054 illis
1176 1999 1517 2055 divinitatem
1552 2000 1765 2055 Domini
1798 2015 1926 2056 nos-

308 2095 378 2148 tri
400 2093 532 2149 Jesu
561 2091 764 2148 Christi
793 2093 913 2148 sine
964 2091 1126 2148 modo
1173 2099 1229 2146 et
1258 2093 1470 2148 ratione
1495 2101 1552 2150 et
1583 2102 1730 2150 metu
1759 2093 1925 2149 abne-

304 2185 564 2258 gantibus
590 2202 604 2238 ε
635 2195 816 2238 tamen
845 2185 1008 2240 etiam
1041 2183 1124 2239 his
1151 2183 1348 2240 libellis
1375 2183 1622 2256 quiedam
1673 2199 1926 2240 necessa-

304 2281 392 2334 rio
428 2278 651 2334 fuerunt
695 2277 1238 2350 comprehendenda,
1287 2287 1348 2334 ut
1393 2279 1645 2335 munibus
1698 2279 1924 2335 fallaciis

306 2386 500 2427 eorum
528 2371 964 2442 etimpietatibus
983 2369 1165 2438 editis,
1185 2371 1483 2427 absolutior
1505 2372 1662 2428 ﬁeret
1687 2375 1926 2442 cognitio

306 2465 580 2520 veritatis.
602 2465 664 2519 Et
686 2465 917 2535 primum
939 2463 1371 2534 ceguoscendum
1394 2474 1497 2532 est,
1523 2481 1642 2537 quae
1663 2467 1926 2523 doctrinae

308 2573 501 2613 eorum
525 2557 805 2613 temeritas
835 2558 924 2620 sit,
944 2555 1158 2627 quodve
1179 2557 1554 2628 irreligiositas
1581 2559 1880 2628 perieulum
1908 2577 1922 2614 :

309 2652 515 2707 dehinc
551 2650 683 2722 quid
727 2651 1014 2706 adversum
1058 2650 1217 2706 ﬁdem
1269 2651 1663 2721 apostolicam,
1695 2653 1782 2707 cui
1827 2667 1928 2709 nos

309 2746 701 2817 congruimus,
737 2743 974 2800 habeant
1025 2745 1328 2812 sententiae,
1383 2745 1581 2817 quidve
1631 2746 1812 2802 dicere
1841 2762 1930 2802 so-

315 2839 471 2896 leant
499 2855 530 2894 e
562 2839 859 2903 contrario,
901 2853 1074 2908 quave
1101 2838 1392 2894 verborum
1417 2838 1768 2910 ambiguitate
1799 2839 1931 2894 sim-

314 2935 544 3006 plicitati
567 2932 906 2989 audientium
930 2931 1188 2988 illudant:
1225 2945 1504 3002 posuemo
1533 2947 1637 3003 qua
1663 2933 1928 3003 interpre-

313 3030 586 3085 tationem
612 3035 830 3086 suarum
862 3036 978 3082 arte
1017 3028 1300 3084 veritatem
1329 3027 1632 3083 divinorum
1660 3026 1930 3085 dictorum

313 3124 688 3194 virtutemque
714 3131 1085 3191 corrumpant.

2027 1914 2292 1970 creaturis
2341 1915 2458 1985 ipse
2489 1913 2702 1969 caeteris
2734 1923 2974 1984 praestet.
3014 1913 3181 1970 Aiunt
3211 1913 3372 1970 etiam
3411 1913 3628 1986 quidam

2027 2026 2214 2066 eorum
2251 2010 2345 2065 Dei
2373 2010 2824 2082 omnipotentiam
2862 2008 3206 2076 conﬁtentes,
3239 2010 3293 2064 in
3323 2007 3634 2065 similitudi-

2027 2118 2152 2160 nem
2191 2119 2314 2158 eum
2349 2102 2448 2158 Dei
2477 2109 2740 2168 creatum,
2766 2111 2823 2159 et
2865 2119 2932 2158 ex
2983 2101 3152 2158 nihilo
3182 2101 3288 2175 73
3334 2111 3391 2157 ut
3435 2110 3629 2158 caetera

2027 2195 2080 2252 in
2109 2195 2302 2252 mterni
2333 2197 2479 2252 illius
2506 2195 2780 2253 Creatoris
2832 2195 2914 2250 sui
2949 2197 3235 2267 imaginem
3283 2195 3629 2252 constitisse:

2025 2291 2196 2347 verbo
2254 2290 2506 2346 videlicet
2557 2289 2625 2346 de
2698 2305 2804 2344 non
2870 2289 3207 2346 exstantibus
3249 2289 3459 2361 jussum
3510 2303 3632 2345 esse

2027 2382 2344 2447 subsistere,
2385 2382 2496 2438 Deo
2524 2389 2747 2453 potente
2773 2379 3184 2436 similitudinem
3222 2382 3304 2436 sui
3345 2395 3419 2436 ex
3461 2379 3632 2436 nihilo

2028 2481 2306 2542 coaptare.

2097 2563 2154 2618 4.
2187 2561 2508 2618 Homousion
2539 2563 2602 2618 ob
2623 2556 2803 2619 sensus
2828 2579 3015 2637 pravos
3055 2579 3297 2636 respuere
3331 2579 3386 2619 se
3428 2564 3630 2634 conﬁn-

2028 2666 2177 2728 gunt.
2207 2656 2309 2723 Qui
2335 2657 2416 2711 illi
2435 2673 2637 2712 sensus.
2662 2687 2736 2698 —-
2761 2657 2902 2724 Quin
2929 2659 3090 2712 etiam
3117 2657 3172 2713 id
3197 2657 3480 2728 adjiciunt,
3506 2674 3630 2715 cum

2031 2753 2190 2808 unius
2229 2751 2544 2812 substantiae
2575 2751 2791 2806 Patrem
2833 2759 2888 2806 ct
2923 2750 3114 2806 Filium
3147 2765 3269 2808 esse
3303 2751 3530 2808 audiunt
3564 2753 3634 2808 ab

2029 2842 2396 2899 anterioribus
2413 2840 2484 2915 (c)
2511 2842 2782 2914 episcopis
2803 2842 3176 2914 praedicatum,
3206 2852 3266 2898 ιιι
3283 2841 3339 2898 id
3365 2843 3634 2900 subtiliter

2031 2951 2129 3008 per
2155 2935 2391 3006 speciem
2433 2935 2702 2992 haeretica:
2733 2934 3005 3005 opinionis
3049 2934 3324 2992 inﬁrment
3350 2951 3364 2990 :
3391 2935 3634 2993 dicentes

2031 3045 2126 3085 eos
2149 3027 2298 3084 verbi
2329 3026 2490 3097 hujus
2518 3027 2966 3099 signiﬁcationem
2995 3070 3008 3094 ,
3055 3027 3108 3083 id
3155 3037 3274 3095 est,
3317 3029 3476 3084 unius
3501 3029 3632 3084 sul)-

2033 3119 2266 3184 stantite,
2285 3120 2425 3191 quod
2449 3134 2623 3190 graece
2634 3119 2902 3193 ὁμοούσιον
2917 3119 3136 3188 dicitur,
3165 3121 3267 3176 hoc
3291 3135 3454 3176 sensu
3483 3136 3638 3177 usur-

387 3217 447 3270 2.
497 3214 678 3270 Verbis
709 3214 944 3269 Immanis
965 3229 1044 3268 res
1072 3214 1272 3268 divinas
1302 3231 1404 3268 non
1430 3215 1554 3268 bene
1578 3214 1926 3284 explicari.—
1951 3211 1996 3272 C
2030 3229 2160 3286 pare
2189 3221 2356 3284 atque
2386 3211 2604 3284 eloqui,
2636 3223 2908 3284 tamquam
2939 3213 3058 3282 ipse
3087 3213 3159 3268 sit
3185 3223 3338 3284 pater
3365 3211 3461 3284 qui
3488 3223 3544 3267 et
3574 3211 3636 3267 li-

313 3306 438 3364 Non
471 3307 784 3378 ignoramus
827 3317 1029 3370 autem,
1058 3305 1125 3360 ad
1165 3319 1254 3361 res
1299 3306 1510 3362 divinas
1539 3307 1924 3376 explicandas,

319 3417 504 3472 neque
531 3399 810 3454 hominum
833 3399 1216 3466 elocutionem,
1247 3413 1424 3470 neque
1446 3409 1652 3454 naturae
1681 3399 1928 3456 humanae

319 3490 788 3562 comparationem
816 3507 978 3561 posse
1002 3489 1275 3547 sufﬁcere.
1301 3489 1454 3558 Quod
1481 3491 1626 3546 enim
1654 3491 1934 3548 inenarra-

317 3584 429 3641 bile
461 3595 571 3652 est,
605 3583 979 3654 signiﬁcantia:
1025 3583 1256 3654 alicujus
1284 3583 1444 3639 fidem
1496 3593 1548 3640 et
1577 3588 1794 3640 modum
1825 3603 1930 3642 non

321 3676 489 3732 habet
514 3693 528 3729 :
561 3675 780 3743 etquod
813 3675 1056 3742 Spiritale
1077 3684 1182 3742 est,
1212 3675 1264 3730 id
1289 3692 1317 3728 ιι
1349 3676 1532 3745 specie
1561 3677 1927 3748 corporalium

323 3770 693 3839 exetnploque
713 3767 987 3822 diversum
1011 3776 1114 3822 est.
1139 3766 1342 3822 Tamen
1367 3767 1475 3840 72
1493 3784 1614 3824 cum
1636 3768 1704 3826 de
1727 3772 1935 3826 naturis

326 3860 651 3917 caelestibus
677 3874 859 3916 sermo
892 3871 997 3924 est,
1030 3859 1119 3913 illa
1148 3859 1284 3930 ipsa,
1317 3875 1436 3930 qua:
1477 3875 1640 3916 sensu
1673 3861 1932 3917 mentium

329 3953 704 4018 continentur,
736 3967 836 4006 usu
863 3950 941 4024 (ιι)
965 3954 1268 4006 communis
1289 3959 1343 4006 et
1365 3961 1571 4006 naturae
1595 3961 1651 4008 et
1671 3953 1938 4009 sermonis

330 4058 458 4104 sunt
487 4047 815 4120 eloquenda,
849 4061 954 4102 non
1003 4047 1188 4117 utique
1226 4045 1473 4118 dignitati
1521 4047 1616 4102 Dei
1654 4061 1892 4118 congrua
1919 4089 1936 4117 ,

333 4147 429 4205 sed
488 4146 695 4217 ingenii
744 4143 913 4200 nostri
971 4143 1328 4200 imbecillitati
1379 4141 1728 4209 necessaria;
1779 4143 1940 4198 rebus

333 4240 545 4298 scilicet
571 4237 861 4308 verbisque
900 4236 1102 4292 nostris
1129 4250 1195 4292 ea
1221 4250 1341 4306 qua:
1369 4243 1424 4290 et
1465 4235 1732 4291 sentimus
1775 4246 1827 4292 et
1855 4236 1940 4290 in-

336 4329 915 4404 telligimuslocnturi.
967 4330 1146 4398 Atque
1183 4325 1299 4382 haec
1347 4327 1488 4382 sicut
1533 4327 1709 4398 primo
1759 4326 1944 4383 libello

339 4427 510 4498 (nam.
537 4424 629 4493 l9)
660 4423 840 4479 testati
871 4437 1082 4488 sumus,
1111 4434 1253 4476 nunc
1298 4434 1514 4491 quoque
1559 4419 1763 4476 idcirco
1791 4435 1821 4475 a
1849 4434 1946 4476 no-

413 4517 500 4592 (1)
536 4517 889 4588 Proferemus.

413 4599 498 4670 (τι)
531 4598 688 4670 ltain
722 4611 853 4652 mss.
868 4595 950 4670 At
979 4596 1031 4651 in
1055 4595 1307 4670 vulgatis,
1331 4596 1610 4651 communi.

416 4665 497 4744 (ὁ)
529 4669 695 4744 Editi,
722 4685 841 4744 esse
859 4669 911 4722 in
933 4665 1165 4744 nomine;
1189 4665 1359 4744 Abest
1383 4681 1694 4744 emeatuss.
1718 4681 1944 4744 quorum

345 4735 511 4810 aliqui
543 4740 868 4810 subjiciunt,
896 4739 1021 4810 quia
1049 4740 1176 4793 sicut
1203 4737 1376 4811 plures
1401 4735 1502 4794 Dei
1529 4738 1648 4808 ﬁlii,
1677 4737 1750 4792 ita
1785 4745 1835 4792 et
1864 4737 1946 4792 hic

348 4814 494 4883 filius
524 4811 622 4866 Dei
646 4813 733 4867 sit.

424 4883 498 4956 (c)
528 4883 585 4938 lu
613 4880 1323 4956 excusis,rab_anterioribu_s
1365 4880 1772 4956 es_se_epis_c0pis
1795 4920 1811 4946 ,
1857 4895 1945 4956 _re~

348 4951 560 5011 dundat
585 4971 711 5013 esse.
745 4969 847 5010 nec
877 4953 1074 5008 habent
1106 4965 1234 5006 mss.
1261 4951 1598 5008 Vocabulum
1621 4951 1942 5007 homousion

349 5028 422 5082 ab
461 5025 828 5080 anterioribns
855 5023 1124 5092 episcopis
1169 5023 1513 5092 praedicatum
1563 5033 1790 5080 teStatur
1834 5023 1950 5089 epi-

350 5100 495 5154 stola
515 5098 581 5153 ad
611 5096 830 5152 Paulum
869 5097 1165 5157 Samosat.,
1191 5105 1323 5149 tom.
1355 5111 1372 5148 ι
1399 5136 1414 5160 ,
1462 5095 1657 5150 concil.
1695 5095 1949 5164 Dionysio

353 5167 728 5225 Alexandrino
751 5167 1051 5236 adscripta,
1082 5166 1198 5236 ipse
1226 5165 1422 5220 fatetur
1450 5166 1714 5222 Eusebius
1742 5164 1946 5221 Caesar.

352 5239 500 5311 apud
531 5240 743 5296 Soerat.
796 5241 830 5292 I.
858 5238 912 5302 l,
936 5235 996 5292 fc.
1025 5237 1060 5292 5
1087 5257 1110 5311 :_
1133 5235 1428 5311 Nonnullos
1453 5279 1466 5301 ,
1515 5237 1720 5308 inquit,
1765 5247 1951 5311 veteres

356 5308 626 5383 episcopos
648 5321 696 5383 et
721 5313 995 5380 scriptores
1021 5309 1198 5383 ,Aoiros
1225 5325 1348 5383 sane
1373 5309 1590 5383 disertos
1628 5319 1777 5380 atque
1800 5308 1948 5362 illus-

357 5379 462 5439 tres
488 5423 504 5448 ,
531 5379 586 5436 in
610 5382 876 5436 divinitate
914 5379 1220 5451 explicanda
1247 5379 1358 5451 hoc
1395 5379 1544 5435 verba
1587 5379 1953 5436 CONSUBSTAN-

357 5469 510 5511 τιιιι
535 5469 654 5508 usos
675 5455 833 5525 fuisse
861 5449 1208 5525 cognovimus.
1237 5449 1383 5525 Inter
1412 5466 1542 5525 eos,
1579 5451 1670 5525 qui
1699 5455 1780 5525 nsi
1811 5451 1948 5525 sint,

356 5526 499 5582 duos
531 5521 817 5596 Dion'ysios
847 5521 1096 5579 recenset
1122 5523 1452 5596 Athanasius
1482 5523 1575 5576 lib.
1605 5523 1674 5578 de
1697 5521 1910 5596 ASynod.
1933 5563 1951 5590 ,

361 5613 486 5669 pag.
515 5595 620 5669 9_18
645 5593 688 5669 ι’
707 5596 1361 5669 Tertulliamgdquoque
1383 5593 1642 5669 adversus
1694 5593 1952 5669 Praxeam

362 5665 603 5734 intimi,
653 5668 868 5724 Patrem
921 5676 975 5722 et
1021 5665 1216 5722 Filium
1271 5666 1422 5720 unius
1462 5665 1758 5720 substanlitc
1809 5679 1954 5734 prte-

361 5740 530 5796 dicat.

437 5809 673 5892 ((1)3155.
702 5811 768 5869 de
815 5810 1138 5901 ltomousion.
1171 5809 1234 5870 lu
1261 5808 1368 5872 hoc
1406 5809 1628 5870 nomine
1668 5806 1958 5868 scribendo

1969 4521 2026 4583 D

2035 3306 2182 3376 lius,
2215 3321 2281 3362 ex
2323 3306 2591 3361 inﬁnitate
2639 3305 2894 3362 videlicet
2913 3321 3009 3361 sua
3041 3314 3330 3376 proteusus
3371 3305 3424 3360 in
3459 3305 3636 3374 Virgi-

2037 3414 2183 3464 nem,
2216 3413 2285 3453 ex
2316 3413 2420 3468 qua
2457 3413 2656 3469 corpus
2685 3411 3002 3464 assumens,
3047 3398 3149 3453 sibi
3181 3399 3233 3454 in
3272 3412 3339 3453 eo
3367 3412 3599 3469 corpore
3621 3439 3638 3466 ,

2037 3492 2179 3564 quod
2209 3491 2502 3563 assumpsit
2529 3533 2543 3557 ,
2578 3490 2673 3546 ﬁlii
2697 3507 2892 3547 nomen
2940 3491 3229 3548 addiderit.
3281 3492 3344 3547 Et
3377 3490 3492 3546 luce
3521 3490 3640 3562 qui-

2039 3587 2164 3643 dem
2190 3586 2271 3659 (ά)
2304 3585 2372 3642 de
2399 3585 2686 3641 limuousio
2716 3601 2902 3642 eorum
2950 3585 3160 3642 falsitas
3197 3576 3368 3655 prima
3398 3593 3504 3640 est.
3547 3582 3642 3641 Se-

2039 3695 2212 3752 quens
2244 3680 2331 3735 illa
2361 3689 2446 3736 est
2467 3721 2483 3746 ,
2512 3681 2655 3752 quod
2697 3679 2966 3736 afﬁrmeul
3000 3679 3049 3734 id
3080 3679 3506 3736 enuntiationem
3545 3677 3645 3735 ho-

2043 3753 2238 3829 monsii
2265 3771 2592 3844 signiﬁcare,
2621 3771 2766 3842 quod
2807 3771 2886 3828 rei
2913 3772 3202 3828 anterioris
3229 3781 3390 3842 atque
3418 3770 3644 3826 alterius

2041 3864 2350 3921 communio
2381 3863 2715 3931 sitduobus,
2755 3872 2808 3918 et
2837 3873 3108 3934 tamquam
3153 3863 3298 3934 prior
3343 3861 3643 3918 substantia

2047 3957 2129 4011 vel
2159 3957 2275 4010 usia
2296 3955 2537 4010 materias
2579 3953 2809 4025 alicujus
2843 3953 3150 4018 exstiterit,
3183 3968 3304 4024 qua:
3329 3953 3645 4026 participata

2047 4048 2279 4115 duobus,
2310 4057 2364 4104 et
2395 4049 2446 4102 in
2479 4057 2710 4118 utroque
2739 4057 3082 4118 consumpta,
3111 4056 3396 4118 utrumque
3417 4047 3570 4103 illum
3591 4054 3648 4102 ct

2048 4149 2256 4196 natura:
2275 4140 2602 4208 anterioris,
2636 4149 2692 4195 et
2719 4139 2797 4196 rei
2832 4154 2953 4195 esse
2993 4148 3222 4196 testetur
3260 4139 3438 4195 unius.
3469 4139 3647 4211 Atque

2049 4233 2253 4291 idcirco
2283 4233 2588 4306 improbare
2627 4251 2686 4290 se
2731 4235 2997 4290 homonsii
3035 4235 3184 4291 aiunt
3213 4234 3642 4304 confessionem,

2051 4329 2193 4400 quod
2215 4329 2514 4386 enuntiatio
2537 4327 2658 4399 ejus
2681 4343 2856 4399 neque
2876 4328 3070 4385 Filium
3096 4345 3126 4384 a
3149 4329 3310 4385 Patre
3333 4328 3646 4400 distinguat,

2052 4431 2107 4479 et
2129 4421 2202 4496 (e)
2231 4421 2586 4494 pOSteriorem
2619 4421 2835 4478 Patrem
2863 4423 3112 4490 materia,
3144 4419 3214 4496 (ι’)
3245 4437 3364 4494 qua:
3394 4421 3496 4480 sibi
3521 4435 3646 4478 cum

2054 4609 2160 4651 non
2203 4594 2308 4652 sibi
2353 4603 2597 4660 consrat,
2629 4593 2757 4650 illud
2789 4593 3114 4665 quandoque
3145 4611 3240 4664 per
3268 4608 3427 4650 casus
3455 4593 3644 4650 inﬂec-

2057 4673 2249 4730 tentes,
2284 4666 2484 4737 saepius
2512 4682 2642 4720 non.
2675 4665 2788 4722 lloc
2810 4665 3126 4721 vocabulum
3156 4668 3337 4737 priore
3367 4667 3458 4722 illo
3479 4680 3646 4722 sensu

2053 4753 2082 4792 a
2114 4737 2283 4792 Paulo
2312 4737 2678 4793 Satuosatensi
2709 4737 3082 4806 praedicatum,
3109 4746 3163 4791 et
3191 4739 3260 4791 ah
3291 4737 3642 4792 Antioeheuis

2053 4808 2300 4865 Patribus
2328 4808 2588 4879 rejectum
2614 4807 2885 4862 indicabat
2907 4807 3506 4879 epistolaAOrientalimn
3535 4807 3649 4879 Sir-

2052 4879 2216 5006 lllg‘tlltl]
2245 4877 2418 5006 degtitta
2439 4921 2455 4948 ,
2485 4878 2637 4950 cujus
2667 4888 3044 4948 argumentum
3074 4877 3306 4934 refertur
3333 4877 3427 4933 lib.
3443 4877 3513 4934 de
3540 4878 3644 4951 Sy-

2053 4967 2086 5006 n
2167 4991 2182 5006 .
2210 4968 2262 5004 ιι.
2375 4992 2384 5002 .

2053 4967 2182 5006 11011.
2210 4968 2262 5004 ιι.
2297 4967 2384 5006 61.

2123 5022 2193 5094 (c)
2226 5021 2378 5078 Unus
2406 5020 2578 5094 codex
2613 5018 2768 5076 Colb.
2815 5019 3130 5094 camelli-ct.
3170 5019 3505 5094 etUSorbon.
3553 5039 3648 5094 po-

2123 5039 2193 5094 (ε)
2231 5039 2378 5078 unus
2406 5039 2578 5077 οοαοι
2613 5039 2768 5076 υοιυ.
2815 5039 2960 5076 Cllll].
3001 5039 3130 5075 YICI.
3170 5039 3228 5075 ει
3271 5039 3505 5076 δοτυοιι.
3592 5039 3648 5076 ο-

2053 5093 2234 5150 tiorem
2267 5109 2286 5148 :
2316 5109 2424 5148 uolt
2448 5093 2588 5148 malo
2615 5105 2804 5156 sensu,
2828 5091 2872 5146 si
2902 5089 3100 5146 deinde
3125 5091 3510 5161 suhjiceretur,
3541 5039 3650 5148 βα-

2053 5173 2130 5219 tre
2149 5166 2434 5220 materiam.
2472 5163 2661 5219 Verius
2694 5172 2874 5218 tamen
2903 5163 2991 5217 alii
3034 5162 3235 5218 habent
3269 5163 3602 5232 posteriorem
3627 5205 3643 5232 ,

2055 5237 2132 5291 uti
2153 5245 2363 5291 constat
2387 5251 2454 5292 ex
2481 5233 2673 5306 libade
2698 5233 2931 5306 Synodis
2953 5251 3100 5290 nutu.
3125 5234 3217 5291 68.
3243 5233 3392 5306 Hunc
3418 5235 3648 5290 alterum

2056 5321 2278 5363 sensum
2305 5349 2319 5373 ,
2349 5322 2474 5363 cum
2519 5321 2550 5362 a
2581 5305 2750 5361 Paulo
2777 5315 2982 5377 tantum
3011 5322 3106 5377 per
3135 5305 3532 5377 cavillationem
3563 5306 3649 5361 in-

2056 5389 2239 5450 gestus
2267 5388 2444 5446 esset,
2482 5379 2670 5450 statim
2703 5378 2772 5433 ab
2803 5375 3169 5450 Antiochenis
3185 5375 3433 5450 Patribus
3462 5377 3652 5450 explo-

2059 5447 2177 5505 sum
2198 5448 2364 5506 fuisse
2377 5449 2540 5504 tradit
2561 5450 2886 5520 Athanasius
2913 5450 3008 5502 lib.
3045 5449 3114 5520 de
3139 5447 3344 5518 Synod.
3371 5462 3490 5520 pag.
3523 5447 3651 5513 920,

2061 5521 2206 5592 quod
2247 5537 2371 5579 cum
2419 5519 2772 5576 Orientalium
2825 5519 3093 5592 sententia
3152 5521 3395 5592 proxime
3440 5519 3468 5572 a
3499 5520 3656 5576 nobis

2063 5591 2358 5650 memorata
2385 5603 2688 5663 numstare
2727 5591 2930 5663 possit,
2959 5604 3058 5647 suo
3085 5591 3204 5654 loco
3245 5591 3312 5647 ad
3343 5591 3540 5650 librum
3585 5593 3655 5648 de

2062 5663 2301 5736 Synodis
2329 5662 2718 5734 expendentes.

2136 5735 2208 5808 (f)
2251 5736 2369 5791 Par.
2400 5730 2528 5808 cum
2575 5743 2758 5808 vetere
2784 5747 2885 5790 ms.
2929 5730 3087 5792 Colb.
3132 5749 3248 5807 quae
3289 5733 3386 5794 sibi
3431 5734 3496 5790 de
3522 5733 3653 5806 ﬁlio.

2065 5808 2249 5878 Forte,
2275 5822 2392 5882 qua
2417 5807 2518 5866 sibi
2535 5815 2584 5864 et
2603 5807 2734 5880 ﬁlio.
