4118 6186
490 248 559 307 99
1725 238 1971 301 SANCTI
2011 216 2264 307 tttLAutt
2305 201 2611 301 urtscort

3692 238 3791 297 100

491 364 604 419 tilio
628 363 697 418 sit
722 362 1050 428 communis,
1077 360 1344 416 ostendat.
1377 358 1563 415 Tertio
1590 373 1803 430 qunque
1826 358 1963 412 hanc
1987 356 2088 411 im-
2117 363 2161 424 Α
2190 356 2349 410 Novit
2378 372 2542 413 unum
2573 348 2950 411 innascibilem
2990 354 3160 410 Deum
3188 354 3372 410 :novit
3402 362 3456 412 et
3486 369 3652 410 unum
3679 355 3797 409 uui-

493 454 752 525 proliandi
795 452 1067 510 bomousii
1105 467 1320 507 causam
1377 448 1899 514 comminiscuntur,
1947 446 2091 520 quod

489 546 785 600 secundum
814 545 963 601 verbi
995 543 1155 615 hujus
1195 541 1640 611 signiﬁcationem
1668 584 1683 607 ,
1725 556 1790 596 ex
1819 539 2091 595 divisione

491 652 728 709 paterna:
749 638 1064 692 substantiae
1091 651 1212 692 esse
1250 633 1416 690 Filius
1444 633 1523 707 (ιι)
1554 632 1926 697 existimetur;
1956 641 2092 686 tam-

488 750 646 803 quam
673 732 922 788 desectus
953 745 1019 786 ex
1042 744 1108 784 eo
1137 727 1333 794 fuerit,
1366 729 1434 782 ita
1470 739 1525 782 ut
1560 727 1636 799 (Ι)
1663 729 1715 781 in
1747 726 1881 781 duos
1907 725 1975 780 sit
2003 739 2090 780 res

489 843 588 879 una
614 824 819 890 divisa;
867 834 922 879 et
961 822 1085 879 ideo
1126 820 1441 877 substantia:
1468 818 1717 875 dicantur
1747 819 1933 883 unius,
1966 816 2088 887 quia

486 921 663 991 portio
691 914 906 975 desecta
938 917 1008 973 de
1036 925 1172 983 toto,
1202 916 1253 970 in
1292 925 1477 969 natura
1521 930 1585 969 ea
1612 914 1683 969 sit
1707 912 1851 968 unde
1871 910 2086 967 desecta

487 1023 569 1068 est
602 1031 614 1067 :
641 1027 742 1069 nec
776 1027 933 1082 posse
957 1012 1008 1065 in
1039 1011 1206 1066 Detnn
1240 1009 1438 1064 cadere
1459 1006 1739 1064 divisionis
1757 1006 2083 1078 passionem,

485 1108 608 1178 quia
633 1116 688 1162 et
707 1104 1052 1162 demutabilis
1073 1104 1195 1168 erit,
1216 1106 1257 1159 si
1279 1101 1637 1158 imminutioni
1655 1115 1748 1172 per
1766 1098 2085 1155 divisionem

488 1200 579 1254 ﬁat
615 1198 882 1254 obnoxius
917 1215 929 1249 :
962 1207 1018 1252 et
1050 1193 1395 1266 imperfectus
1422 1192 1708 1255 efﬁcietur,
1738 1189 2086 1262 perfectionis

484 1306 597 1347 sure
639 1293 690 1345 in
745 1291 1043 1362 portionem
1076 1288 1303 1343 alteram
1329 1286 1411 1360 (2)
1440 1285 1733 1341 decedente
1761 1282 2080 1339 substantia.

557 1382 610 1437 5.
645 1380 695 1435 F
698 1382 845 1435 ilium
872 1397 1069 1452 semper
1099 1396 1207 1435 esse
1235 1394 1328 1434 cur
1357 1387 1640 1448 negent.—
1654 1373 1765 1432 Nec
1796 1392 1903 1431 non
1932 1377 1984 1429 in
2018 1388 2084 1431 eo

484 1492 543 1532 se
566 1477 842 1547 eleganter
868 1474 1127 1530 doctrina:
1162 1473 1490 1542 preplieticae
1511 1514 1527 1538 ,
1550 1469 1645 1527 sed
1678 1478 1731 1525 et
1750 1468 2084 1541 evangelicae

484 1578 645 1637 atque
671 1566 981 1638 apostolica:
1012 1563 1122 1639 74
1148 1579 1309 1636 posse
1336 1560 1414 1635 (ὃ)
1439 1563 1751 1619 existimant
1777 1562 2048 1618 contraire
2065 1601 2083 1629 ,

486 1673 541 1713 ut
589 1659 708 1713 Filii
754 1657 1084 1712 nativitatem
1137 1655 1276 1711 intra
1316 1665 1556 1724 tempora
1606 1654 1919 1725 pra-dicent.
1946 1652 2080 1708 Cum

2195 449 2433 520 genitum
2486 448 2579 504 Dei
2632 449 2819 502 ﬁlimn.
2855 446 3160 504 Conﬁtetur
3200 448 3416 505 Patrem
3447 459 3710 504 aeternum
3742 457 3798 504 et

2194 543 2262 597 ab
2301 543 2511 615 origine
2555 542 2782 599 liberum
2819 560 2833 597 :
2864 543 3154 601 conﬁtetur
3183 554 3238 599 et
3285 542 3407 599 Filii
3431 545 3694 616 originem
3724 547 3796 602 ab

2193 644 2398 691 aeterno
2426 654 2439 689 :
2472 652 2580 692 non
2612 637 2783 707 ipsum
2807 637 2875 692 ab
2897 636 3064 701 initio,
3093 635 3187 691 sed
3225 636 3295 692 ab
3319 636 3623 692 ininitiabili
3647 655 3660 690 :
3687 654 3795 693 non

2195 743 2290 798 per
2310 744 2370 784 se
2398 728 2571 798 ipsum
2592 771 2607 796 ,
2644 729 2740 785 sed
2771 728 2838 784 ab
2864 746 2928 784 eo
2950 771 2963 795 ,
2995 729 3084 801 qui
3116 746 3143 781 a
3178 731 3395 785 nemine
3429 736 3648 801 semper
3671 741 3756 787 est
3776 774 3792 800 ,

2193 832 2373 878 natum
2423 824 2491 879 ab
2530 832 2735 879 teterno
2763 866 2776 890 ,
2807 824 3141 878 nativitatem
3190 822 3445 880 videlicet
3470 840 3535 878 ex
3570 833 3789 894 paterna

2192 916 2491 971 mternitate
2517 926 2843 973 sumentem.
2871 916 3036 972 Caret
3065 931 3193 986 ergo
3230 915 3362 971 ﬁdes
3394 926 3578 971 nostra
3620 915 3795 972 haere-

2192 1008 2312 1064 lica)
2344 1008 2629 1081 pravitatis
2655 1009 2929 1082 opinione.
2963 1009 3115 1065 Edita
3152 1009 3259 1083 75
3289 1025 3520 1081 namque
3546 1022 3628 1065 est
3651 1025 3781 1068 sen-

2190 1116 2283 1157 sns
2311 1103 2480 1157 nostri
2521 1101 2788 1174 professio
2814 1144 2830 1171 ,
2862 1103 2987 1159 licet
3017 1101 3254 1158 nondum
3300 1104 3370 1158 sit
3417 1101 3556 1157 ratio
3586 1100 3790 1173 profes-

2189 1193 2357 1250 sionis
2383 1195 2646 1265 exposita.
2681 1195 2882 1250 Tamen
2922 1210 2991 1251 ne
3035 1194 3161 1265 quid
3189 1237 3202 1261 ,
3249 1195 3302 1249 in
3327 1195 3597 1250 ltomousii
3626 1211 3654 1249 a
3680 1194 3786 1250 Pa-

2193 1286 2363 1342 tribtts
2393 1287 2683 1357 nuncnpati
2713 1287 3116 1354 enuntiatione,
3144 1297 3198 1343 et
3235 1287 3287 1341 in
3317 1301 3378 1342 ea
3405 1286 3547 1357 quod
3574 1302 3792 1358 semper

2189 1376 2354 1434 fuerit
2399 1379 2777 1447 confessione,
2835 1380 3160 1450 suspicionis
3210 1379 3636 1451 relinqueretur;
3689 1382 3790 1437 ista

2191 1482 2485 1526 memorata
2516 1482 2662 1537 sunt,
2684 1471 2886 1542 quibus
2919 1481 2974 1528 et
3004 1470 3305 1527 subsistere
3348 1470 3540 1526 Filium
3573 1473 3628 1527 in
3656 1474 3789 1529 sub-

2187 1562 2389 1618 stantia
2432 1578 2533 1633 qua
2575 1563 2786 1634 genitus
2817 1579 2883 1619 ex
2916 1563 3077 1619 Patre
3119 1575 3203 1620 est
3232 1577 3650 1636 cognosceretur
3674 1608 3688 1633 ,
3737 1577 3793 1623 et

2189 1653 2333 1708 Patri
2361 1656 2427 1709 de
2449 1655 2743 1711 substantia
2767 1672 2868 1727 qua
2900 1657 3150 1713 manebat
3179 1672 3275 1728 per
3301 1657 3424 1712 Filii
3452 1660 3787 1716 nativitatem

484 1751 626 1805 enim
655 1751 844 1805 vitiose
899 1766 929 1804 a
961 1749 1115 1803 nobis
1164 1758 1411 1803 asserunt
1440 1747 1544 1803 diei
1571 1788 1585 1813 ,
1636 1745 1831 1803 Filium
1867 1761 2082 1817 semper
2112 1757 2161 1818 Β
2189 1746 2321 1802 nihil
2349 1764 2471 1805 esse
2494 1749 2832 1818 decerptum,
2866 1760 2919 1807 et
2949 1749 3269 1807 homonsion
3293 1752 3437 1808 Patri
3463 1752 3655 1811 Filium
3682 1772 3788 1811 non

481 1844 684 1911 fniSse;
718 1858 941 1900 necesse
962 1852 1064 1908 est,
1092 1841 1431 1897 excludenda
1461 1840 1604 1912 quod
1632 1856 1846 1910 semper
1886 1839 2043 1895 fuerit
2064 1881 2080 1906 ,

482 1940 816 1994 nativitatem
845 1939 964 2007 ejus
1007 1937 1363 1992 conﬁteantur
1409 1950 1473 1990 ex
1524 1943 1785 2006 tempore.
1834 1934 1890 1990 Si
1939 1933 2082 1988 enim

482 2049 586 2086 non
627 2046 843 2101 semper
887 2030 1016 2097 fuit,
1043 2028 1145 2084 erit
1178 2039 1387 2098 tempus
1418 2042 1650 2097 quonon
1681 2027 1798 2080 fuit.
1832 2025 1899 2080 Et
1931 2027 1974 2080 si
2002 2034 2084 2081 est

483 2137 693 2196 tempus
738 2141 845 2197 quo
890 2140 996 2179 non
1039 2123 1170 2189 fuit,
1205 2122 1311 2177 erit
1340 2131 1467 2177 ante
1504 2136 1627 2176 eum
1677 2131 1884 2190 tempus
1917 2137 1930 2173 :
1959 2119 2081 2189 quia

478 2222 566 2290 qui
594 2237 698 2273 non
729 2234 942 2288 semper
967 2226 1085 2284 est,
1110 2232 1230 2272 esse
1252 2214 1418 2287 coepit
1450 2230 1516 2270 ex
1553 2224 1813 2283 tempore.
1849 2211 1946 2281 Qui
1982 2226 2080 2265 au-

480 2322 586 2367 tent
618 2320 768 2367 caret
798 2320 1062 2380 tempore,
1097 2324 1204 2363 non
1237 2319 1415 2378 potest
1444 2320 1512 2362 eo
1543 2321 1730 2361 carere
1759 2306 1901 2377 quod
1932 2319 2079 2360 sem-

476 2422 571 2476 per
602 2414 703 2460 est.
752 2402 1033 2473 Respuere
1076 2418 1136 2464 se
1177 2410 1357 2456 autem
1388 2401 1437 2455 id
1463 2441 1479 2466 ,
1524 2399 1665 2470 quod
1696 2413 1910 2470 semper
1939 2396 2082 2453 ﬁlius

476 2501 656 2567 fuerit,
673 2500 746 2556 ob
764 2515 882 2554 eam
898 2514 1116 2554 causam
1131 2499 1423 2565 afﬁrmant,
1450 2512 1517 2552 ne
1532 2511 1623 2564 per
1640 2496 1690 2551 id
1708 2495 1849 2567 quod
1863 2510 2081 2566 semper

476 2596 601 2658 luit,
650 2595 766 2650 sine
793 2593 1071 2649 nativitate
1093 2607 1214 2647 esse
1236 2590 1489 2646 credatur
1518 2607 1531 2643 :
1560 2599 1834 2659 tamquam
1868 2603 1963 2657 per
1991 2587 2076 2654 id,

472 2689 613 2762 quod
645 2705 861 2760 semper
889 2687 1055 2743 fuisse
1098 2686 1325 2753 dicitur,
1355 2681 1686 2740 innascibilis
1734 2682 2074 2753 przrdieetnr.

545 2783 597 2838 6.
635 2781 745 2837 Nec
770 2782 1080 2836 homonsion
1129 2796 1220 2833 nec
1260 2794 1456 2845 semper
1480 2792 1587 2831 esse
1626 2773 1825 2831 Filium
1853 2774 2078 2830 sensibus

468 2875 647 2930 relatis
696 2874 920 2928 admittit
970 2870 1224 2926 Ecclesia.
1253 2900 1321 2913 —-
1351 2868 1396 2926 Ο
1437 2870 1632 2925 stultos
1677 2880 1838 2940 atque
1882 2867 2078 2938 impios

471 2979 668 3036 metus,
698 2977 753 3023 et
782 2966 1136 3037 irreligiosam
1166 2964 1233 3020 de
1268 2963 1379 3019 Deo
1416 2961 1868 3018 sollicitudinem!
1913 2959 2070 3027 ":I‘C,

468 3080 585 3132 qum
620 3062 673 3117 in
705 3060 978 3116 ltomousii
1010 3057 1404 3131 signiﬁcatione
1432 3068 1485 3112 et
1513 3056 1565 3110 in
1595 3071 1661 3111 eo
1693 3052 1836 3124 quod
1861 3067 2076 3122 semper

2188 1837 2257 1894 de
2286 1843 2725 1899 commemoratis
2765 1842 3016 1911 superius
3041 1843 3188 1899 vitiis
3218 1847 3504 1918 causisque
3530 1863 3559 1901 a
3587 1847 3791 1906 sanctis

2189 1941 2243 1986 et
2269 1929 2349 2006 (tl)
2374 1933 2618 1989 doctrina
2647 1935 2740 1990 Dei
2768 1936 3070 1992 calentibus
3100 1937 3229 1992 viris
3249 1954 3368 1993 esse
3395 1950 3786 2011 memoratum;

2188 2040 2257 2081 ne
2283 2029 2404 2097 quis
2434 2027 2571 2083 forte
2601 2029 2941 2086 existimaret
2960 2029 3127 2086 adimi
3151 2047 3247 2102 per
3265 2033 3435 2088 nsiam
3459 2033 3790 2091 nativitatem

2189 2116 2447 2189 unigeniti
2472 2119 2626 2188 Filii,
2656 2120 2801 2192 quod
2831 2121 2974 2179 Patri
3009 2122 3327 2179 liomousios
3347 2124 3643 2182 diceretur.

2258 2210 2312 2263 7.
2351 2208 2468 2266 Vox
2496 2227 2798 2269 nonoosrou
2828 2230 2930 2285 qua
2960 2217 3261 2270 necessitate
3308 2229 3561 2290 suscepta.
3587 2249 3659 2260 -—
3680 2220 3790 2277 Sed

2187 2312 2244 2357 nt
2269 2303 2512 2375 suscepti
2548 2304 2707 2376 hujus
2741 2312 3025 2379 utriusque
3054 2308 3126 2381 (ρ)
3164 2309 3316 2366 verbi
3357 2313 3733 2369 necessitatem
3762 2357 3777 2383 ,

2185 2402 2238 2448 et
2259 2404 2445 2450 contra
2477 2395 2873 2454 debacchantes
2921 2410 3031 2454 tum
3076 2401 3362 2457 luereticos
3402 2402 3469 2457 ad
3498 2406 3786 2462 maximam

2183 2484 2306 2541 ﬁdei
2324 2487 2670 2545 securitatem
2696 2489 2958 2560 usurpati,
2983 2489 3054 2563 (Γ)
3089 2492 3353 2549 rationem
3382 2495 3741 2568 intelligamus
3766 2516 3780 2552 :

2183 2581 2620 2649 respondendum
2652 2599 2773 2639 esse
2810 2585 3062 2640 existimo
3101 2584 3479 2642 haereticorum
3519 2593 3787 2659 perversi-

2184 2672 2308 2739 tati,
2343 2684 2398 2730 et
2428 2688 2617 2731 omnes
2648 2692 2835 2732 eorum
2868 2680 3060 2734 stultas
3110 2694 3174 2735 ac
3224 2683 3531 2737 mortiferas
3571 2684 3786 2739 institu-

2184 2766 2360 2823 tiones
2390 2768 2714 2841 evangelieis
2740 2780 2903 2841 atque
2926 2772 3243 2841 apostolicis
3271 2775 3595 2831 testimoniis
3623 2790 3784 2832 coar-

2180 2859 2443 2929 guendas.
2477 2861 2743 2918 Videntur
2764 2864 2909 2919 enim
2950 2864 3051 2920 sibi
3084 2864 3154 2921 de
3189 2867 3449 2938 singulis,
3490 2884 3609 2939 qua:
3634 2884 3785 2925 asse—

2182 2962 2341 3019 runt,
2374 2963 2635 3024 praestare
2666 2956 2932 3011 rationem
2953 2974 2964 3009 :
2985 2958 3111 3028 quia
3140 2957 3367 3030 singulis
3392 2961 3783 3023 assertionibus

2179 3044 2291 3099 suis
2321 3046 2566 3114 quaedam
2595 3064 2660 3103 ex
2696 3048 2892 3104 divinis
2920 3050 3285 3106 voluminibus
3319 3050 3623 3108 testimonia
3655 3055 3786 3109 sub-

467 3153 637 3210 Filius
666 3168 786 3209 esse
817 3151 1012 3208 dicitur
1055 3160 1394 3222 arguuntur,
1428 3146 1665 3203 Ecclesia
1697 3144 2072 3209 abominatur,
2103 3136 2469 3223 C'diderunt,
2531 3156 2652 3211 qua:
2704 3153 2960 3213 corrupto
3006 3144 3382 3216 intelligentia:
3440 3162 3604 3204 sensu
3654 3149 3785 3205 solis

466 3245 706 3323 respuit,
758 3244 999 3299 damnat.
1048 3241 1211 3297 Novit
1253 3240 1398 3296 enim
1457 3255 1621 3295 unum
1679 3237 1848 3293 Deum
1877 3252 1942 3292 ex
1971 3250 2075 3306 quo

468 3339 650 3394 omnia
693 3337 888 3395 :novit
934 3347 989 3391 et
1042 3351 1205 3390 unum
1260 3334 1545 3389 Dominum
1604 3340 1846 3388 nostrum
1888 3328 2073 3385 Jesum

466 3428 741 3485 Clu-istum
778 3444 872 3497 per
900 3444 1057 3498 quem
1096 3426 1307 3490 omnia,
1344 3441 1505 3479 unutn
1538 3438 1606 3480 ex
1637 3439 1779 3495 quo,
1820 3431 1874 3478 et
1909 3436 2072 3476 unum

469 3539 564 3594 per
584 3537 781 3593 quem;
812 3522 878 3576 ab
904 3535 1013 3576 uno
1043 3519 1422 3575 universorum
1455 3517 1752 3588 originem,
1785 3530 1881 3587 per
1905 3529 2070 3570 unum

467 3624 782 3672 Cunctorum
816 3613 891 3687 (b)
920 3614 1272 3670 creationem.
1301 3611 1358 3667 ltt
1381 3628 1489 3667 uno
1510 3626 1577 3666 ex
1610 3625 1747 3681 quo,
1779 3608 2074 3687 auctorita-

470 3720 576 3766 tem
606 3684 1040 3764 innaseibilitatis
1081 3704 1366 3776 intelligit;
1400 3704 1456 3759 in
1488 3718 1596 3759 uno
1636 3717 1733 3773 per
1756 3716 1914 3773 quem
1941 3741 1956 3766 ,
1987 3684 2072 3770 pti-

469 3810 718 3858 testatem
744 3797 874 3855 nihil
891 3794 1233 3854 differentem
1261 3796 1330 3851 ab
1357 3804 1577 3850 auctore
1598 3803 1887 3850 veneratur
1912 3807 1924 3844 :
1947 3805 2067 3846 cum

466 3912 532 3951 ex
561 3910 667 3966 quo
698 3904 752 3949 et
774 3908 871 3963 per
898 3906 1058 3963 quem
1084 3929 1102 3957 ,
1125 3889 1194 3944 ad
1237 3888 1289 3944 id
1329 3887 1471 3959 quod
1505 3897 1750 3952 creatur,
1783 3882 1854 3959 (c)
1884 3884 1946 3957 diu
1983 3881 2069 3940 bis

465 4001 585 4055 qua:
609 3992 793 4040 creata
830 3992 955 4039 sunt
991 3980 1071 4056 (4)
1105 3981 1409 4038 communis
1446 3978 1739 4034 auctoritas
1775 3977 1864 4032 sit.
1910 3976 2068 4031 Novit

463 4079 516 4134 in
547 4077 749 4150 Spiritu
785 4076 953 4132 Deum
989 4074 1246 4145 Spiritum
1281 4072 1667 4143 impassibilem
1694 4081 1747 4126 et
1785 4070 2065 4127 indeseca—

464 4171 662 4238 bilem;
694 4168 882 4225 didicit
923 4170 1064 4224 enim
1115 4184 1144 4221 a
1187 4167 1454 4235 Domino,
1501 4165 1711 4237 spiritui
1751 4181 1966 4220 carnem
2012 4171 2067 4219 et

465 4280 586 4319 ossa
618 4280 723 4318 non
761 4277 881 4317 esse
927 4258 1080 4332 (Luc.
1129 4276 1277 4326 xxiv,
1305 4258 1396 4330 59)
1431 4277 1444 4313 :
1475 4272 1544 4313 ne
1588 4257 1726 4313 forte
1764 4258 1962 4313 cadere
2010 4256 2063 4312 itt

467 4374 588 4413 eum
630 4352 993 4426 corporalium
1045 4352 1356 4423 passionum
1396 4349 1717 4407 detrimenta
1750 4349 2062 4405 credantur.

539 4492 620 4639 (ιζ
653 4492 718 4546 1η
741 4492 960 4547 duobus.

539 4566 596 4639 (2
656 4564 957 4620 Decidente.

538 4564 620 4641 (2)
656 4564 957 4620 Decidente.

461 4745 631 4824 liquet
681 4769 749 4810 ex
797 4768 853 4808 n.
898 4751 1013 4824 12ἱ
1061 4758 1287 4824 testatur
1339 4745 1608 4824 Eusebius
1657 4745 2056 4824 apud_Soerat.

462 4819 555 4882 lib.
589 4843 642 4890 ι,
675 4840 798 4895 cap.
854 4824 888 4879 5
912 4866 928 4889 ,
980 4820 1396 4895 Constantinum
1449 4822 1620 4895 ipsum
1653 4819 1926 4889 respuisse
1952 4859 1966 4884 ,
1993 4825 2062 4895 _et

462 4889 895 4952 consubstm'ttiale
920 4895 983 4949 de
1011 4894 1273 4963 corporeis
1295 4889 1650 4959 a/fectionibus
1678 4906 1777 4963 non
1812 4904 1962 4963 posse
1987 4889 2059 4941 in-

463 4970 621 5040 telligi
645 5011 660 5035 ,
701 4983 861 5039 neque
885 4962 1215 5022 FiliumDei
1238 4966 1316 5040 vel
1343 4964 1592 5018 divisione
1632 4962 2057 5040 vel_d_esectior_te_,

461 5050 516 5094 ut
545 5030 616 5093 iia
641 5030 828 5100 dicam.
862 5049 1115 5104 constare,
1138 5046 1246 5091 etc.
1277 5036 1391 5090 Huc
1412 5048 1581 5103 usque
1611 5047 1674 5088 ac
1695 5032 1952 5102 deinceps
1970 5030 2058 5085 lti-

465 5113 630 5166 larius
658 5111 855 5166 Filium
890 5107 1405 5165 consubstantialem
1450 5105 1598 5161 Patri
1635 5106 1705 5159 ita
1733 5113 1890 5159 caute
1922 5115 2064 5173 prte-

462 5183 638 5250 dicat,
670 5194 728 5237 ut
763 5196 979 5236 onmem
1011 5182 1203 5233 borum
1235 5192 1523 5249 pravorum
1576 5190 1834 5232 sensuum
1879 5173 2062 5245 suspi-

462 5256 672 5309 cionem
710 5252 893 5324 procul
912 5261 1188 5324 atnoveat.

535 5325 611 5396 (ὁ)
634 5317 803 5382 νεείιιε
825 5321 995 5379 codex
1027 5322 1181 5396 Colb.
1210 5334 1331 5396 enm
1357 5317 1483 5396 Par.
1515 5318 1712 5396 cunctis
1734 5317 2062 5396 creationem.

465 5388 875 5464 Uttivcrsorum,
909 5406 966 5451 ut
996 5402 1123 5465 pote
1153 5390 1324 5464 ipsius
1345 5391 1509 5448 etiam
1540 5389 1661 5446 Filii
1683 5432 1699 5457 ,
1727 5405 1756 5445 a
1786 5388 1947 5446 Patre
1978 5402 2062 5449 est

466 5484 641 5522 01⁵120.

778 5538 1019 5611 hastas.
1036 5537 1091 5611 ei
1117 5537 1168 5591 in
1194 5533 1276 5590 his
1294 5551 1315 5603 ;
1336 5533 1433 5611 alii
1442 5533 1804 5611 recentiores,
1818 5542 1866 5589 et
1888 5534 1943 5588 in
1963 5532 2062 5611 his.

468 5605 712 5665 ilo'c'sibi
740 5610 876 5675 vult,
902 5609 1046 5664 Patri
1069 5625 1134 5664 ex
1164 5624 1271 5677 quo
1294 5615 1350 5663 et
1378 5605 1515 5661 Filio
1540 5620 1637 5677 per
1667 5620 1825 5676 quem
1858 5607 2062 5674 omnia,

466 5690 723 5752 quantum
744 5683 813 5736 ad
834 5682 1086 5736 virtutem
1111 5678 1332 5737 creandi
1351 5687 1404 5734 et
1432 5687 1681 5746 respectu
1710 5690 1893 5735 rerum
1916 5691 2066 5735 crea-

469 5751 666 5822 turam,
689 5766 1028 5811 communem
1046 5764 1170 5808 esse
1195 5751 1593 5808 auctoritatem.
1785 5763 1792 5771 ι

2180 3239 2384 3286 tantum
2419 3232 2792 3304 ignorantibus
2840 3236 3187 3293 blandiantur
3209 3279 3225 3305 ,
3262 3240 3497 3309 speciem
3541 3241 3784 3298 veritatis

2178 3326 2475 3383 secundum
2509 3330 2829 3398 pravitatem
2854 3331 3325 3403 interpretantium
3350 3340 3694 3405 praestatura.

2249 3423 2303 3475 8.
2338 3419 2627 3491 Scriptura
2666 3423 2850 3494 quibus
2887 3426 3146 3499 simplices
3176 3428 3440 3498 decipiunt
3482 3430 3680 3486 Ariani.
3713 3462 3785 3474 —

2177 3512 2452 3569 Conantur
2473 3516 2643 3586 enim,
2674 3519 2790 3572 sola
2826 3516 2918 3573 Dei
2951 3518 3125 3575 Patris
3152 3520 3436 3577 divinitate
3469 3522 3784 3596 celebrata,

2176 3603 2314 3660 Filio
2342 3604 2555 3661 auferre
2578 3607 2722 3677 quod
2754 3608 2897 3664 Deus
2918 3618 3030 3679 est;
3064 3612 3186 3683 quia
3215 3614 3477 3686 scriptum
3501 3616 3571 3671 sit
3589 3633 3604 3670 :
3622 3616 3781 3684 Audi,

2177 3693 2380 3766 Israel,
2407 3697 2663 3757 Dominus
2696 3700 2834 3756 Deus
2858 3711 2976 3758 tuus
3001 3702 3079 3776 (g)
3107 3720 3239 3761 unus
3260 3716 3334 3761 est
3363 3703 3544 3778 (Deut.
3575 3724 3627 3765 vt
3651 3750 3666 3777 ,
3698 3709 3779 3781 4).

2176 3792 2243 3849 Et
2270 3793 2321 3849 id
2354 3794 2529 3865 ipsum
2571 3796 2638 3851 ad
2685 3795 2819 3868 legis
2847 3796 3128 3855 doctorem
3149 3841 3165 3866 ,
3192 3800 3615 3872 interrogantem
3637 3802 3781 3875 quod

2175 3898 2501 3960 praeceptum
2534 3892 2828 3947 maximum
2852 3901 3002 3949 esset
3022 3891 3077 3949 in
3104 3893 3246 3966 tege,
3273 3895 3502 3951 Domino
3523 3896 3739 3954 dicente
3762 3915 3781 3954 :

2173 3981 2332 4052 Audi,
2364 3980 2566 4053 Israel,
2589 3981 2848 4040 Dominus
2871 3984 3012 4042 Deus
3039 3997 3157 4041 tuus
3187 4003 3320 4042 unus
3361 3998 3434 4042 est
3461 3986 3657 4060 (Marci
3679 4006 3781 4058 xu,

2168 4074 2302 4147 29).
2349 4077 2417 4133 Et
2448 4094 2661 4134 rursum
2708 4079 2878 4136 Paulo
2923 4080 2999 4136 ita
3038 4081 3366 4152 praedicante
3413 4100 3428 4137 :
3464 4081 3608 4139 Unus
3642 4086 3785 4140 enim

2168 4165 2333 4236 Deus,
2360 4180 2405 4224 et
2427 4187 2558 4224 unus
2584 4170 2844 4226 Mediator
2873 4170 2967 4228 Dei
2995 4183 3043 4228 et
3071 4173 3334 4228 hominum
3364 4173 3408 4247 (Ι
3434 4173 3573 4229 Tim.
3600 4191 3663 4245 ιι,
3698 4176 3777 4249 ες).

2170 4259 2251 4329 (Ιι)
2301 4261 2437 4316 Tum
2483 4262 2627 4334 quod
2669 4264 2820 4320 solus
2862 4266 3080 4336 sapiens
3110 4268 3215 4334 sit,
3246 4282 3313 4323 ne
3342 4267 3469 4339 quid
3500 4270 3781 4341 sapientiae

2168 4350 2313 4408 Filio
2369 4353 2742 4426 relinquatur,
2789 4358 3088 4415 secundum
3136 4360 3381 4431 Apostoli
3423 4361 3631 4419 dictum
3666 4379 3680 4417 :
3711 4360 3779 4417 Ei

2240 4486 2320 4634 (5;
2352 4489 2407 4544 In
2431 4493 2719 4559 anteriori,
2750 4511 2806 4550 se
2841 4496 3158 4553 eaistimant.

2240 4565 2291 4634 (4
2354 4559 2770 4621 Commuaiom's.
2990 4632 2993 4633 ν

2240 4559 2320 4634 (4)
2354 4559 2770 4621 Commuaiom's.

535 4680 613 4756 (a)
643 4681 883 4738 Tertium
906 4679 1067 4756 lianc
1107 4690 1557 4756 sensuquuem
1588 4671 1877 4756 Manieltmi
1900 4671 2065 4756 fuisse
2091 4687 2143 4747 D
2243 4675 2323 4749 (ιι)
2352 4679 2470 4756 Er.,
2521 4678 2671 4756 Lips.
2705 4690 2761 4737 et
2786 4680 2909 4739 Par.
2935 4683 3232 4756 doctrinam
3284 4683 3381 4740 Dei
3421 4684 3729 4742 callentibus
3756 4702 3777 4744 :

2174 4763 2280 4804 non
2307 4753 2469 4817 male,
2490 4751 2537 4806 si
2563 4752 2683 4823 quis
2714 4766 2870 4809 vetus
2892 4754 3030 4810 liber
3056 4754 3463 4828 sum-ageretur.

2242 4842 2317 4915 (ε)
2349 4844 2569 4902 Scilicet
2595 4846 2873 4921 Filiumet
2901 4863 3119 4919 semper
3138 4864 3283 4917 esse,
3305 4862 3362 4906 et
3380 4853 3625 4921 ejusdem
3649 4868 3774 4909 curn

2168 4914 2329 4970 Patre
2376 4930 2496 4972 esse
2543 4918 2883 4975 substantiae.
2924 4914 3096 4986 Quam
3139 4914 3320 4977 autem
3350 4914 3659 4980 necessario
3705 4924 3774 4980 ad

2172 4986 2304 5060 ﬁdei
2329 4990 2675 5060 securitatem
2716 5004 2821 5046 vox
2864 4992 3185 5047 homonsion
3234 4995 3453 5050 inventa
3500 4995 3611 5060 sit,
3654 4996 3774 5052 vide

2168 5058 2309 5137 apud
2330 5057 2692 5137 .QAthanasium
2714 5062 2791 5137 _|t_b
2831 5061 2902 5118 de
2947 5061 3155 5134 Synod.
3190 5079 3246 5136 p.
3281 5064 3426 5133 921,
3459 5076 3516 5125 et
3540 5057 3771 5137 Gregor.

2168 5127 2299 5184 Naz.
2322 5130 2418 5186 0r.
2450 5147 2579 5199 XXI,
2616 5149 2672 5186 ιι.
2701 5131 2794 5187 25.

2245 5222 2313 5292 (f)
2361 5221 2671 5292 Perantiqni
2723 5236 2855 5278 mss.
2895 5223 3016 5280 Vat.
3065 5225 3183 5281 bas.
3230 5237 3287 5283 et
3329 5227 3486 5284 Colb.
3518 5231 3720 5286 ratione
3749 5246 3771 5286 :

2171 5308 2290 5363 quae
2310 5307 2415 5348 vox
2447 5292 2652 5349 Hilario
2682 5293 2968 5353 familiaris
2994 5312 3093 5368 pro
3116 5301 3239 5369 jure
3259 5316 3322 5354 ac
3348 5302 3551 5356 merito.

2228 5383 2324 5469 .(g)
2364 5384 2439 5440 Ita
2482 5385 2737 5470 meliores
2782 5402 2915 5444 mss.
2972 5400 3332 5470 constanter,_
3366 5408 3770 5470 nonnumquam

2171 5461 2332 5512 etiam
2360 5461 2825 5536 consentientibus
2857 5464 3111 5536 excusis,
3142 5464 3195 5517 in
3223 5463 3419 5536 quibus
3447 5466 3557 5535 hic,
3603 5461 3728 5523 mox
3750 5505 3768 5535 ,

2170 5540 2226 5585 et
2253 5530 2450 5601 saepius
2480 5530 2608 5587 alibi
2631 5534 2893 5604 repetitur
2922 5548 3031 5590 vox
3058 5534 3220 5593 Deus.

2246 5620 2327 5695 (li)
2348 5622 2528 5699 Verba
2556 5627 2838 5695 sequentia
2871 5626 2923 5679 in
2950 5627 3171 5685 excusis
3195 5643 3298 5687 suo
3321 5626 3443 5688 loco
3464 5637 3610 5687 mota
3633 5670 3652 5699 .
3679 5643 3772 5687 re-

2173 5694 2445 5752 stituimns
2464 5696 2531 5750 ad
2561 5694 2806 5752 normam
2830 5712 2962 5753 mss.
