4118 6186
301 237 401 292 {Ol

1534 222 1627 288 DE
1666 224 2042 289 TRI‘NITATE
2094 222 2304 287 LIBER
2330 229 2424 288 IV.

3512 230 3617 288 11ξὲ

297 361 473 405 autem
503 390 519 415 ,
550 346 640 417 qui
667 357 844 418 potens
865 354 940 401 est
967 346 1276 418 conﬁrmare
1298 360 1390 401 vos
1417 346 1700 402 secundum
1742 345 1915 401 Evan-
1940 346 1993 409 Α
2019 361 2129 412 me,
2160 354 2207 400 et
2252 345 2438 401 tenebit
2476 360 2556 401 me
2603 344 2811 400 dextera
2860 353 2951 399 tua
2979 343 3156 417 (Psal.
3195 359 3432 401 cxxxviu
3453 387 3467 411 ,
3506 346 3537 400 Ἱ
3568 356 3616 399 et

297 441 491 513 getiam
536 455 705 492 meum
751 448 799 493 et
825 438 1244 507 medicationem
1286 437 1414 494 Iesu
1460 438 1687 505 Christi,
1730 455 1913 493 secun-

299 535 427 588 dum
471 532 832 588 reuelationem
875 533 1185 587 sacramenti
1231 532 1542 604 temporibus
1583 532 1915 586 swcularibus

302 627 485 692 taciti,
519 625 838 696 manifestati
869 634 1044 679 autem
1068 641 1201 680 nunc
1235 640 1327 698 per
1364 625 1666 696 Scripturas
1695 625 1917 697 prophe-

302 722 433 777 ticas
456 719 743 775 secundum
766 728 1077 790 prteceptum
1120 719 1300 773 (sterni
1336 716 1463 785 Dei,
1494 720 1548 772 in
1579 718 1915 773 obedientiam

303 814 428 883 ﬁdei
454 814 509 866 in
546 828 721 867 omnes
743 822 918 885 gentes
943 812 1133 883 cogniti
1154 854 1170 877 ,
1205 814 1303 867 soli
1327 812 1543 884 sapienti
1578 810 1686 865 Deo
1712 828 1802 884 per
1825 811 1919 866 Je-

303 924 420 962 sum
444 904 712 961 Christum
739 946 753 969 ,
777 907 861 959 cui
892 905 1058 978 gloria
1085 907 1141 960 in
1178 906 1366 961 stecula
1391 906 1695 961 saculorum
1718 906 1736 964 (
1760 904 1913 962 Rom.

305 1016 430 1067 xvi,
465 999 540 1055 25
576 1011 623 1054 et
644 998 831 1071 seqq.).
860 998 997 1053 Tum
1040 996 1186 1069 quod
1238 1000 1386 1055 solus
1438 998 1773 1054 iunaseibilis
1796 1047 1811 1071 ,
1865 1005 1919 1053 et

307 1095 453 1166 quod
493 1094 647 1148 solus
668 1108 830 1149 verus
865 1091 977 1163 76
1010 1092 1111 1155 sit,
1140 1091 1267 1161 quia
1296 1090 1482 1147 Esaias
1527 1090 1726 1147 dixerit
1751 1091 1879 1163 (va
1900 1131 1915 1157 ,

309 1189 404 1258 16)
428 1205 442 1241 :
470 1184 779 1241 Benedich
819 1183 900 1255 (a)
933 1195 980 1240 te
1008 1184 1176 1239 Deum
1205 1199 1399 1239 omni.
1432 1183 1693 1255 Quodque
1741 1183 1794 1239 id
1845 1184 1921 1254 ip-

308 1295 432 1335 sum
462 1287 807 1334 contestatus
847 1277 917 1331 sit
966 1276 1225 1332 Dominus
1268 1276 1322 1331 in
1349 1275 1659 1347 Evangeliis
1684 1276 1871 1331 dicens
1902 1295 1916 1329 :

312 1372 366 1426 Η
374 1388 447 1426 trc
471 1380 544 1426 est
567 1382 730 1425 autem
753 1370 859 1424 vita
885 1378 1106 1434 (eterna,
1132 1378 1187 1423 ut
1220 1378 1529 1440 cognoscant
1572 1378 1619 1422 te
1645 1367 1809 1423 solum
1837 1383 1921 1423 ue-

310 1480 437 1518 rum
484 1461 683 1528 Deum,
715 1471 762 1516 et
791 1478 942 1532 quem
985 1462 1168 1518 misisti
1206 1460 1385 1516 Iesum
1432 1460 1694 1516 Christum
1722 1461 1916 1534 (Joan.

318 1571 434 1613 xvu
452 1598 467 1621 ,
498 1555 578 1629 ὃ).
612 1557 747 1611 Tum
770 1555 894 1627 quia
925 1555 1072 1610 solus
1098 1556 1293 1624 bonus,
1319 1571 1387 1613 ne
1415 1556 1542 1628 quid
1569 1560 1640 1612 sit
1665 1557 1921 1613 bonitatis

312 1651 370 1704 iu
402 1649 575 1715 Filio,
612 1649 738 1719 quia
784 1662 880 1719 per
908 1662 1032 1705 eum
1061 1648 1266 1704 dictum
1299 1650 1369 1704 sit
1400 1666 1414 1703 :
1448 1648 1615 1705 Nemo
1654 1660 1731 1705 est
1760 1650 1921 1706 bonus

2016 455 2134 510 seqq
2160 437 2204 511 ).
2236 438 2390 494 Hunc
2413 454 2628 509 quoque
2656 438 3057 509 incorporeum,
3086 438 3211 509 quia
3242 439 3443 492 dictum
3495 438 3567 492 sit
3602 456 3617 494 :

2018 530 2251 602 Spiritus
2274 532 2409 585 enim
2443 530 2583 585 Deus
2614 541 2686 585 est
2710 573 2722 593 ,
2750 540 2798 585 et
2833 530 3108 584 adorantes
3139 545 3252 584 eum
3276 569 3292 596 ,
3331 529 3385 582 in
3419 527 3621 598 Spiritu

2016 633 2065 680 et
2091 626 2302 680 veritate
2344 625 2566 679 adorare
2606 635 2804 695 oportet
2833 624 3015 698 (Joan.
3058 640 3142 691 tv,
3171 624 3286 694 24).
3335 624 3487 679 lluuc
3521 623 3625 678 ini-
3694 660 3709 665 -

2020 720 2400 775 mortalitatem
2457 718 2742 774 habentem
2799 727 2851 773 et
2901 717 3261 777 invisibilem.
3314 716 3482 772 Paulo
3532 716 3621 772 di-

2018 822 2175 867 cente
2202 830 2215 868 :
2245 812 2348 876 Qui
2368 814 2509 867 solus
2546 811 2693 868 habet
2726 811 3165 865 immortalitatem
3187 852 3202 878 ,
3244 819 3291 863 et
3331 810 3493 864 lucem
3524 809 3621 864 ha-

2020 903 2145 958 bitat
2187 903 2588 959 inaccessibllem
2615 945 2629 969 ,
2667 919 2815 974 quem
2860 919 3008 957 nemo
3048 903 3311 957 hominum
3340 901 3466 957 vidit
3490 943 3504 969 ,
3534 918 3625 958 nec

2018 996 2189 1050 videre
2218 1004 2382 1067 potest
2415 995 2470 1065 (ι
2498 993 2635 1049 Tim.
2667 1008 2718 1049 vs
2742 1037 2757 1061 ,
2790 992 2880 1066 16)
2911 1011 2926 1060 ;
2962 1004 3019 1050 et
3048 993 3343 1049 secundum
3377 993 3623 1064 Evange-

2019 1090 2151 1146 lium
2184 1106 2198 1145 :
2231 1089 2400 1144 Deum
2426 1105 2575 1143 nemo
2614 1089 2740 1143 ridit
2766 1104 3008 1158 umquam
3032 1129 3047 1154 ,
3081 1087 3181 1142 nisi
3209 1088 3501 1160 untgenitus
3530 1084 3626 1141 Fi-

2024 1186 2160 1253 lius,
2193 1186 2281 1256 qui
2311 1194 2385 1240 est
2410 1185 2465 1239 in
2493 1186 2609 1240 sinu
2641 1182 2821 1238 Patris
2865 1182 3044 1255 (Joan.
3076 1196 3127 1247 ι,
3158 1181 3269 1253 18).
3312 1181 3465 1236 Hunc
3493 1194 3626 1252 quo-

2021 1293 2127 1350 que
2175 1278 2351 1334 solum
2380 1287 2691 1335 manentem
2743 1277 2850 1349 77
2893 1276 2963 1348 (e)
3016 1277 3391 1333 innascibilem
3423 1318 3437 1343 ,
3492 1275 3623 1347 quia

2023 1372 2226 1428 dictum
2271 1373 2343 1427 sit
2375 1389 2387 1425 :
2420 1370 2532 1445 Ego
2581 1387 2696 1427 sum
2725 1372 2813 1442 qui
2842 1386 2956 1424 sum
3004 1369 3201 1442 (Exod.
3234 1386 3295 1427 tu
3317 1412 3331 1437 ,
3387 1368 3483 1441 14)
3515 1385 3530 1436 ;
3573 1377 3630 1425 et

2024 1480 2236 1520 rursum
2272 1482 2285 1518 :
2321 1463 2412 1520 Sic
2432 1464 2569 1518 dices
2587 1464 2712 1535 ﬁliis
2732 1462 2900 1519 Israel
2923 1479 2942 1518 :
2972 1463 3116 1518 Misit
3145 1481 3227 1520 me
3256 1464 3323 1518 ad
3357 1480 3444 1519 eos
3469 1465 3514 1519 is
3543 1463 3632 1534 qui

2025 1564 2098 1611 est
2124 1554 2346 1629 (Ibid);
2368 1565 2423 1612 et
2444 1569 2540 1627 per
2561 1555 2852 1612 Jeremiam
2878 1573 2891 1610 :
2926 1555 2992 1629 (ί)
3017 1556 3117 1624 Qui
3139 1574 3192 1612 es
3221 1554 3495 1623 Dominus,
3522 1555 3631 1611 Do-

2026 1647 2161 1701 mine
2187 1645 2403 1715 (Jerem.
2431 1662 2469 1713 ι,
2511 1646 2587 1719 6).

309 1745 417 1798 nisi
438 1760 574 1798 unus
606 1742 747 1798 Deus
776 1740 967 1814 (Marci
991 1757 1045 1809 x,
1072 1743 1186 1814 18).
1216 1742 1352 1798 Tum
1384 1743 1524 1813 quod
1552 1745 1700 1800 solus
1731 1757 1922 1814 petens
1952 1744 2001 1805 B
2098 1730 2152 1785 9-
2202 1726 2375 1783 FW“
2420 1729 2475 1783 ίη
2515 1728 2777 1799 l’m‘v’dic‘i8
2823 1728 2986 1783 (δίεπε
3034 1729 3298 1801 relegati".
3343 1760 3417 1771 -
3459 1732 3636 1801 Nque

313 1839 423 1903 sit;
450 1838 579 1907 quia
631 1838 827 1892 Paulus
854 1836 1052 1892 dixerit
1082 1854 1095 1890 :
1123 1836 1284 1904 Quem
1332 1838 1641 1907 temporibus
1680 1837 1788 1891 suis
1837 1852 1923 1891 oso

315 1931 489 1985 tendet
526 1929 675 1984 nobis
707 1930 882 1983 beatus
926 1939 970 1984 et
1009 1929 1148 1983 solus
1182 1938 1361 1998 potens
1407 1944 1426 1983 :
1473 1929 1585 1983 Rea:
1630 1945 1838 2001 regum,
1880 1938 1927 1982 et

318 2022 575 2077 Dominus
626 2022 1007 2077 dominantium
1055 2021 1269 2093 (lTim.
1298 2037 1352 2078 Vl
1388 2065 1402 2089 ,
1451 2020 1565 2095 15).
1595 2021 1731 2076 Tum
1780 2020 1927 2092 quod

319 2117 466 2170 hunc
528 2114 783 2170 noverint
826 2113 1289 2169 inconvertibilem
1332 2123 1387 2170 et
1445 2113 1924 2179 iudemutabilem;

319 2209 441 2278 quin
475 2223 573 2281 per
602 2206 923 2278 prapltetam
949 2206 1150 2262 dixerit
1176 2224 1188 2259 :
1225 2205 1337 2279 Ego
1358 2224 1473 2262 sum
1505 2206 1758 2261 Dominus
1788 2204 1929 2261 Deus

320 2312 507 2365 tester,
540 2310 589 2353 et
629 2316 731 2354 non
753 2300 984 2353 demutor
1015 2298 1271 2371 (Malach.
1302 2316 1357 2354 Ill
1380 2341 1392 2365 ,
1423 2298 1485 2372 6)
1514 2315 1529 2366 ;
1598 2308 1653 2354 et
1696 2298 1929 2355 Jacobus

321 2391 606 2462 apostolus
633 2390 829 2446 dixerit
860 2390 932 2463 (ι,
969 2390 1058 2460 17)
1097 2391 1290 2460 :Apud
1329 2408 1474 2460 quem
1517 2408 1617 2446 non
1652 2401 1727 2445 est
1755 2392 1933 2447 dentu-

325 2486 472 2539 tatio.
511 2484 666 2539 Hunc
690 2485 891 2552 justum
915 2482 1154 2552 judicem
1177 2482 1384 2553 (supple
1405 2483 1487 2539 hic
1512 2493 1559 2537 et
1583 2485 1741 2555 infra,
1773 2500 1933 2541 nove-

324 2575 459 2648 n'nt)
480 2614 498 2642 ,
522 2576 649 2646 quia
673 2574 929 2645 scriptum
952 2582 1036 2629 est
1060 2590 1074 2626 :
1106 2572 1245 2628 Deus
1276 2574 1445 2647 judex
1466 2576 1643 2644 justus
1669 2617 1682 2643 ,
1711 2576 1860 2646 fortis
1885 2586 1933 2631 et

324 2672 527 2740 patiens
557 2666 735 2740 (Psal.
774 2666 1031 2737 vu,12).
1068 2666 1219 2722 Hunc
1263 2666 1472 2722 cunctis
1513 2678 1891 2739 procurantem
1913 2709 1929 2735 ,

326 2764 452 2833 quin
488 2762 749 2817 Dominus
770 2762 986 2829 dixerit,
1020 2777 1141 2817 cum
1164 2762 1215 2817 ei
1236 2762 1301 2818 de
1322 2763 1509 2818 avibus
1536 2778 1717 2819 sermo
1745 2772 1890 2820 esset
1915 2780 1931 2819 :

330 2853 401 2908 Et
432 2854 592 2909 Pater
614 2866 775 2909 vester
796 2855 1010 2910 scelestis
1047 2857 1210 2926 pascit
1242 2855 1320 2927 (1)
1356 2855 1429 2928 (b)
1456 2856 1578 2911 illas
1608 2856 1824 2928 (Matth.
1857 2872 1933 2924 νι,

325 2950 423 3021 9.6)
449 2968 469 3017 ;
492 2958 548 3005 ct
572 2965 784 3005 rursum
820 2967 833 3002 :
872 2948 1060 3005 Nonne
1081 2951 1182 3004 duo
1204 2967 1432 3021 passeres
1462 2967 1576 3006 asse
1610 2961 1853 3018 veneunt,
1889 2960 1937 3006 et

329 3059 466 3097 unus
503 3060 567 3097 ea:
604 3041 710 3097 illis
738 3042 821 3115 (2)
849 3057 958 3097 non‘
978 3042 1115 3097 cadit
1138 3060 1292 3116 super
1316 3054 1503 3097 terram
1532 3043 1641 3098 sine
1681 3045 1938 3099 uoluntate

2029 1820 2144 1875 haec
2173 1821 2294 1891 quis
2321 1835 2429 1875 non
2474 1821 2739 1892 intelligat
2780 1822 2935 1891 plena
2978 1822 3181 1877 fraudis
3207 1837 3332 1879 esse
3380 1830 3436 1879 et
3475 1822 3637 1894 plena

2029 1914 2293 1970 fallaciae?
2320 1929 2443 1986 quin
2471 1928 2799 1985 quamquam
2845 1915 2954 1970 sint
2980 1914 3253 1971 subtiliter
3288 1914 3517 1971 confusa
3555 1925 3639 1972 at-

2027 2019 2134 2076 que
2178 2006 2477 2074 permixta,
2509 2014 2691 2061 tamen
2733 2007 2983 2062 absolute
3021 2006 3371 2063 artiﬁciosam
3416 2008 3641 2064 malitia:

2028 2108 2085 2155 et
2106 2099 2355 2155 stultitia:
2395 2100 2746 2156 calliditatem
2775 2109 2829 2156 et
2860 2101 3118 2173 ineptiam
3163 2111 3447 2158 testantur.
3493 2102 3641 2158 Inter

2028 2200 2227 2247 extera
2260 2191 2405 2246 enim
2434 2191 2783 2259 addiderunt,
2814 2191 2992 2248 solum
3021 2207 3081 2249 se
3101 2192 3319 2250 Patrem
3351 2194 3642 2251 innascibi-

2031 2288 2137 2343 leni
2156 2286 2485 2358 cognovisse
2512 2303 2525 2341 :
2549 2298 2820 2359 tamquam
2846 2287 2974 2343 hinc
3008 2288 3293 2359 quisquam
3329 2290 3500 2359 possit
3523 2303 3644 2345 am-

2031 2381 2242 2451 bigere,
2272 2395 2419 2446 eum,
2450 2395 2518 2436 ex
2549 2396 2656 2452 quo
2689 2381 2781 2436 ille
2803 2382 3016 2453 genitus
3045 2383 3118 2438 sit
3149 2396 3428 2454 perquem
3458 2383 3643 2439 omnia

2032 2482 2179 2543 sunt,
2212 2474 2262 2530 id
2288 2473 2431 2545 quod
2456 2475 2573 2546 ipse
2600 2484 2686 2532 est
2714 2489 2744 2529 a
2776 2475 2994 2531 nemine
3027 2487 3405 2531 consecutum.
3439 2475 3496 2531 In
3526 2476 3645 2547 ipso

2034 2566 2180 2620 enim
2206 2608 2221 2633 ,
2254 2565 2398 2635 quod
2438 2574 2592 2635 pater
2616 2563 2815 2620 dicitur
2835 2606 2851 2630 ,
2881 2566 3000 2635 ejus
3034 2582 3196 2637 quem
3240 2567 3427 2638 genuit
3453 2580 3646 2625 auctor

2037 2662 2379 2729 ostenditur;
2406 2662 2457 2717 id
2486 2661 2691 2716 habens
2717 2676 2914 2717 nomen
2940 2661 3084 2732 quod
3116 2676 3293 2731 neque
3342 2661 3647 2733 profectum

2037 2771 2105 2810 ex
2132 2756 2237 2809 alio
2265 2754 2616 2824 intelligatur,
2650 2762 2704 2809 et
2732 2770 2795 2809 ex
2832 2768 2941 2825 quo
2972 2754 3018 2810 is
3048 2756 3135 2825 qui
3161 2756 3377 2826 genitus
3405 2766 3488 2812 est
3515 2756 3647 2811 sub-

2038 2850 2242 2905 stitisse
2269 2849 2547 2905 doceatur.
2582 2850 2747 2920 Igitur
2773 2850 2847 2915 id,
2883 2850 3027 2921 quod
3064 2852 3172 2906 Deo
3195 2852 3332 2921 patri
3364 2853 3649 2922 proprium

2041 2951 2146 3010 est,
2178 2942 2454 3013 preprium
2482 2942 2532 2997 ei
2564 2957 2627 2997 ac
2657 2950 2928 2998 secretum
2956 2941 3345 3013 relinquamus,
3378 2945 3648 3000 contiten-

2044 3046 2124 3092 tes
2165 3038 2217 3091 in
2268 3051 2334 3090 eo
2363 3042 2579 3090 aeterna:
2612 3034 2830 3092 virtutis
2877 3035 3251 3091 innascibilem
3296 3044 3643 3106 potestatem.

333 3136 517 3192 Patris
544 3138 697 3192 uestri
715 3138 859 3192 ?Sed
880 3147 926 3192 et
950 3138 1126 3207 capilli
1153 3139 1336 3209 capitis
1366 3140 1517 3192 vestri
1543 3140 1796 3193 numerati
1816 3149 1933 3193 sunt
1962 3130 2007 3192 C
2040 3130 2253 3187 Nemini
2283 3142 2461 3186 autem
2484 3129 2708 3186 dubium
2734 3146 2856 3187 esse
2882 3131 3153 3198 existimo,
3192 3131 3263 3185 ob
3289 3146 3408 3187 eam
3434 3147 3653 3187 causam

330 3230 556 3305 (Matth.
580 3247 637 3298 x,
666 3229 784 3302 29).
815 3230 969 3286 lluuc
988 3229 1171 3286 omnia
1193 3230 1589 3300 prmidenlem,
1620 3234 1756 3287 sicut
1782 3234 1937 3287 beata

335 3323 589 3380 Susun’ua
613 3323 745 3378 dicit
770 3340 782 3375 :
818 3321 954 3377 Deus
984 3331 1223 3389 internus,
1250 3321 1662 3378 absconditorum
1685 3325 1937 3396 cognitor,

332 3415 505 3469 sciens
528 3414 707 3469 omnia
735 3424 853 3468 ante
881 3415 1259 3485 generationem
1285 3431 1459 3469 eorum
1483 3413 1646 3486 (Dan.
1678 3431 1793 3481 χιιι,
1819 3415 1938 3489 42).

337 3510 495 3565 llunc
539 3509 704 3564 etiam
752 3509 824 3579 (e)
873 3508 1343 3580 inconceptibilem
1378 3550 1392 3575 ,
1442 3507 1739 3564 secundum
1790 3507 1935 3579 quod

337 3601 541 3656 dictum
565 3605 653 3654 est
677 3616 689 3652 :
729 3597 923 3655 Caelum
948 3598 1077 3653 mihi
1108 3598 1321 3654 thronus
1346 3609 1442 3665 est,
1471 3610 1606 3654 terra
1632 3609 1804 3654 autem
1832 3617 1947 3655 sca-

337 3693 531 3748 bellnm
556 3691 640 3765 (5)
673 3692 862 3762 pedum
903 3708 1152 3747 meorunt.
1184 3692 1353 3759 Quam
1378 3690 1586 3746 domum
1624 3692 1948 3761 tediﬁcabitis

341 3790 470 3842 mihi
492 3830 507 3853 ,
533 3797 625 3842 aut
649 3788 763 3859 quis
791 3789 934 3842 locus
965 3787 1292 3857 requietionis
1329 3801 1453 3841 mea:
1475 3787 1501 3841 ?
1541 3785 1670 3841 Herc
1695 3788 1830 3841 enim
1869 3789 1950 3858 [e-

341 3879 410 3933 cit
431 3895 622 3933 manus
650 3894 782 3947 mea,
815 3887 861 3932 et
881 3886 1000 3933 sunt
1026 3877 1202 3932 omnia
1225 3875 1336 3933 hate
1360 3892 1470 3933 mea
1500 3875 1650 3949 (Esa.
1675 3892 1801 3933 LxVI
1819 3919 1832 3944 ,
1871 3875 1946 3948 1).

345 3973 500 4029 llunc
527 3954 1063 4043 quoqud'capieutem
1084 3972 1288 4040 omnia,
1315 3971 1485 4027 Paulo
1509 3979 1777 4027 testante:
1810 3969 1954 4036 Quo-

342 4066 485 4119 niam
516 4064 569 4118 in
594 4064 710 4135 ipso
734 4063 969 4131 uicimus,
995 4073 1040 4118 et
1068 4078 1350 4131 movemur,
1380 4072 1427 4118 et
1450 4078 1628 4117 sumus
1650 4061 1788 4133 (Act.
1820 4076 1950 4129 xvtt,

342 4158 473 4229 ‘28);
506 4167 564 4213 et
593 4155 1020 4228 Psalmographo
1044 4156 1258 4214 dicente
1290 4174 1302 4212 :
1334 4156 1414 4232 (ἀ)
1449 4156 1564 4224 Quo
1586 4157 1734 4212 abibo
1758 4155 1821 4211 ab
1847 4157 1958 4227 spi-

346 4252 450 4305 ritu
475 4260 588 4318 tno,
617 4259 663 4304 et
699 4268 732 4304 a
759 4249 895 4320 [acie
920 4259 1007 4303 tua
1032 4267 1131 4320 quo
1167 4250 1400 4321 fugiam?
1442 4248 1504 4306 Si
1541 4247 1853 4305 adscendere
1902 4254 1956 4305 in

348 4344 558 4408 mlum,
579 4352 637 4395 tu
656 4342 763 4397 illic
790 4359 877 4409 es;
905 4343 950 4397 si
967 4342 1277 4398 descendere
1302 4342 1381 4415 (4)
1404 4344 1474 4398 ad
1494 4343 1777 4415 infernum,
1801 4345 1954 4412 ades;

346 4438 394 4491 si
420 4452 693 4505 sumpsero
722 4451 917 4507 pennas
947 4451 1086 4490 meas
1111 4445 1231 4491 ante
1257 4436 1423 4490 lucem
1444 4476 1458 4503 ,
1502 4445 1548 4490 et
1574 4434 1870 4492 habitavero
1898 4437 1955 4491 in

2046 3227 2098 3280 iu
2126 3224 2474 3281 confessione
2504 3223 2601 3280 Dei
2631 3225 2802 3295 patris
2829 3224 3074 3295 quaedam
3104 3224 3224 3294 ejus
3251 3233 3525 3296 tamquam
3551 3239 3651 3296 pe-

2045 3320 2268 3375 culiaria
2295 3328 2350 3375 et
2381 3319 2587 3390 privata
2617 3319 2934 3384 memorari,
2987 3332 3055 3374 ne
3098 3327 3299 3388 praeter
3347 3319 3523 3390 ipsum
3568 3334 3661 3375 eo-

2046 3430 2168 3469 rum
2201 3412 2484 3484 quisquam
2517 3411 2787 3482 particeps
2832 3410 3188 3481 relinquatur.
3233 3412 3364 3467 Cum
3397 3412 3541 3467 enim
3572 3409 3659 3467 di-
3752 3470 3755 3473 _

2050 3516 2202 3572 cunt,
2237 3507 2409 3561 solum
2444 3506 2520 3578 (g)
2550 3521 2761 3573 verum,
2790 3507 2964 3561 solum
2988 3505 3218 3576 justum,
3244 3508 3416 3563 solum
3449 3508 3664 3579 sapien-

2053 3611 2185 3665 tem,
2214 3599 2391 3655 solum
2424 3599 2780 3665 invisibilem,
2834 3597 3010 3653 solum
3056 3599 3295 3665 bonum,
3348 3599 3524 3654 solum
3568 3615 3666 3670 po-

2054 3701 2279 3758 tentem,
2314 3690 2489 3745 soluin
2514 3690 2971 3745 immortalitatem
2999 3689 3287 3746 habentem
3306 3706 3322 3756 ;
3344 3688 3399 3745 in
3429 3706 3496 3747 eo
3519 3690 3665 3760 quod

2053 3786 2204 3841 solus
2236 3787 2353 3840 hmc
2376 3786 2483 3851 sit,
2515 3799 2545 3839 a
2573 3785 2958 3840 communione
2985 3799 3174 3840 eorum
3221 3784 3517 3840 secundum
3567 3785 3667 3840 hos

2055 3877 2553 3950 Filiusseparatnr.
2595 3878 2676 3954 (h)
2706 3879 2823 3937 Soli
2845 3880 3010 3947 enim,
3036 3888 3095 3937 ut
3114 3882 3286 3949 aiunt,
3312 3882 3533 3955 prOpria
3556 3897 3664 3938 non

2058 3973 2451 4044 participantur
2477 3974 2548 4028 ab
2576 3973 2771 4028 altero.
2813 3972 2946 4041 Qute
2989 3975 3036 4028 si
3078 3974 3130 4028 iu
3169 3972 3332 4030 Patre
3373 3974 3524 4040 solo,
3558 3991 3667 4031 non

2057 4065 2223 4122 etiam
2272 4065 2322 4119 in
2354 4064 2494 4120 Filio
2522 4078 2646 4121 esse
2671 4064 3161 4133 existimabantur;
3213 4080 3438 4123 necesse
3479 4075 3567 4124 est
3612 4074 3674 4123 ut

2059 4158 2228 4213 Filius
2258 4159 2398 4214 Deus
2420 4165 2476 4215 et
2501 4156 2693 4226 falsus,
2733 4168 2787 4215 et
2816 4159 3096 4228 insipiens,
3127 4167 3183 4215 et
3202 4159 3502 4216 secundum
3531 4174 3669 4217 con-

2060 4252 2351 4325 spicabiles
2377 4254 2633 4310 materias
2660 4268 2975 4325 corporeus,
3001 4262 3057 4310 et
3081 4253 3409 4321 malevolus,
3439 4263 3494 4310 et
3521 4253 3673 4309 inﬁr-

2062 4361 2206 4415 mus,
2234 4358 2291 4403 et
2324 4358 2476 4403 extra
2519 4347 2984 4403 immortalitatem
3017 4362 3140 4403 esse
3168 4348 3421 4404 credatur
3441 4388 3457 4415 ,
3485 4348 3577 4417 qui
3606 4348 3675 4404 ab

2064 4439 2150 4495 his
2177 4440 2449 4506 omnibus,
2481 4455 2603 4497 cum
2630 4441 2683 4496 in
2718 4440 2803 4495 his
2831 4439 2993 4495 Pater
3020 4443 3090 4495 sit
3117 4441 3287 4509 solus,
3319 4442 3608 4513 excipitur.

353 4529 625 4600 postremis
655 4530 812 4583 nutris
859 4528 1090 4585 :etenim
1122 4526 1201 4601 (5)
1242 4528 1365 4583 illuc
1410 4544 1593 4584 ntanus
1632 4538 1722 4585 tua
1747 4528 1962 4585 deducet
1987 4521 2043 4583 D
2086 4584 2095 4592 .
2145 4534 2234 4590 10.
2283 4532 2413 4590 Filii
2435 4535 2597 4591 honor
2620 4534 2696 4590 nil
2715 4533 2935 4590 detrahit
2958 4533 3130 4592 Patri.
3158 4566 3230 4578 —
3254 4537 3459 4594 Dicturi
3487 4545 3669 4594 autem

460 4690 513 4755 l)
542 4688 619 4744 Ita
647 4687 818 4745 codex
844 4688 972 4744 Ver.
1002 4688 1058 4744 in
1087 4690 1383 4755 anteriore,
1412 4690 1527 4746 illa.

460 4693 479 4746 l
542 4690 619 4744 Ita
647 4690 818 4745 codex
844 4690 972 4744 Ver.
1002 4690 1058 4744 In
1087 4690 1383 4755 anteriore,
1412 4690 1527 4746 illa.

431 4690 514 4907 (εἰ
551 4760 671 4815 Νοη
692 4761 856 4814 cadet.
890 4760 948 4816 In
974 4760 1186 4825 Grieco,
1216 4764 1272 4818 σὺ
1306 4772 1560 4820 «castrat.

431 4835 491 4906 (5
547 4831 871 4890 Scamillum.
903 4832 1219 4889 Vitruviana
1248 4849 1375 4889 vox.

431 4831 514 4906 (5)
547 4831 871 4890 Scamillum.
903 4832 1219 4889 Vitruviana
1248 4849 1375 4889 vox.

434 4974 512 5047 (a)
546 4973 600 5029 In
628 4975 758 5031 edit.
787 4986 832 5031 te
856 4977 1024 5047 solum
1052 4976 1235 5033 Deum.
1270 4978 1435 5033 Abest
1458 4979 1549 5034 hic
1579 4979 1747 5034 solum
1776 4995 1803 5033 τι
1836 4995 1968 5036 mss.

362 5044 514 5102 sicut
539 5056 592 5101 et
623 5048 660 5101 l.
692 5064 725 5101 v
746 5089 762 5113 ,
796 5064 848 5103 n.
883 5045 955 5102 25
982 5056 1039 5104 et
1063 5049 1155 5104 26.
1181 5048 1284 5105 Ubi
1315 5052 1458 5106 hunc
1498 5051 1672 5107 locum
1697 5051 1766 5107 ab
1793 5051 1971 5108 haere-

364 5118 491 5175 ticis
516 5127 835 5189 corruptum
870 5135 993 5175 esse
1023 5120 1444 5177 demonstratur.

434 5211 515 5287 (b)
552 5210 695 5266 Edit.
730 5211 975 5287 illas._dt
1014 5226 1148 5287 mss.
1192 5213 1316 5287 illa,
1364 5214 1556 5287 supple
1598 5215 1867 5282 volatilia,
1916 5224 1977 5272 ut

364 5281 567 5353 legitur
590 5297 712 5353 cap.
738 5284 774 5339 5
806 5284 858 5337 in
880 5282 1069 5338 Matth.
1102 5299 1257 5339 num.
1286 5285 1343 5341 9.

441 5376 523 5451 (ι)
551 5375 853 5451 Mss_._\4’at.
880 5375 999 5451 bas.
1026 5420 1041 5445 ,
1084 5386 1138 5433 et
1187 5377 1451 5451 Carnut.4,
1494 5379 1967 5451 inconspicabilem.

364 5447 594 5525 Recipis
619 5448 709 5503 alii
740 5448 858 5503 libri
880 5490 896 5515 ,
928 5450 1390 5517 inconceptibilem,
1416 5449 1522 5508 hoc
1551 5458 1636 5508 est
1658 5447 1787 5525 {qui
1824 5453 1974 5510 nullo

369 5520 489 5591 capi
522 5518 643 5574 loco
669 5530 867 5591 potest.

446 5611 531 5683 (Δ)
562 5610 621 5667 lu
654 5612 1025 5687 compluribus
1047 5630 1178 5676 mss.
1204 5631 1305 5687 quo
1338 5614 1443 5672 ibo.
1483 5615 1542 5672 In
1580 5614 1978 5687 antiquioribus

369 5692 489 5756 est,
509 5700 628 5756 (quo
643 5685 811 5740 abibo.

449 5753 538 5833 (e)
584 5755 703 5813 Vox
744 5758 1092 5815 innascibilem
1131 5757 1187 5817 in
1236 5758 1387 5831 prius
1413 5756 1648 5833 vulgatis
1690 5774 1978 5834 perperam

2149 4696 2235 4839 (4)
2265 4696 2330 4752 In
2349 4697 2632 4769 infernum.

2153 4769 2212 4839 (5
2268 4768 2324 4823 lu
2347 4771 2632 4836 anteriore1

2153 4768 2235 4840 (5)
2268 4768 2324 4823 lu
2347 4768 2639 4836 anteriore,
2675 4771 2805 4827 illic.

2087 4975 2286 5033 omissa
2318 4983 2403 5030 est
2437 4992 2450 5028 :
2482 4990 2603 5030 cum
2635 4974 2719 5030 vel
2750 4990 2815 5030 ex
2839 4990 2900 5031 ea
2931 4973 3164 5032 maxime
3190 4972 3425 5032 Hilarius
3451 4975 3503 5033 in
3526 4986 3687 5036 caete-

2087 5050 2165 5103 ris
2195 5046 2512 5100 Arianorum
2541 5047 2822 5102 sententiis
2843 5045 3086 5104 fraudem
3109 5047 3277 5104 latere
3299 5064 3424 5105 mox
3450 5051 3684 5108 evincat.

2088 5116 2413 5176 Restituitur
2452 5133 2556 5188 ope
2584 5134 2715 5175 mss.

2164 5188 2230 5264 (Ῑ)
2291 5189 2456 5257 Bad.,
2516 5188 2610 5244 Er.
2642 5200 2697 5264 et
2725 5189 2874 5264 Lips.
2917 5207 3059 5264 quos
3099 5200 3156 5264 et
3200 5202 3472 5264 postrema
3521 5192 3690 5252 editio

2089 5260 2218 5319 Par.
2245 5270 2426 5333 secuta
2448 5268 2554 5327 est,
2583 5262 2671 5333 qui
2690 5279 2743 5318 es
2769 5260 3011 5330 Domine,
3043 5260 3241 5320 omissa
3275 5281 3406 5322 voce
3437 5263 3692 5323 Dominus

2091 5343 2290 5423 praeter
2338 5331 2497 5388 ﬁdem
2546 5331 2677 5389 mss.
2731 5343 2785 5391 et
2836 5337 3207 5408 Septuaginta,
3291 5335 3405 5393 ὁῶν
3458 5336 3693 5398 δέσποτα

2083 5421 2153 5462 ιω
2160 5426 2257 5462 ms.

2292 5474 2440 5548 iglditi
2459 5516 2473 5541 ,
2509 5492 2681 5531 uerum
2705 5474 2875 5532 Deum
2898 5494 2917 5533 :
2957 5482 3314 5535 renitentibus
3342 5496 3474 5537 mss.

2163 5496 2182 5548 (
2222 5496 2242 5548 )
2294 5496 2473 5541 noni,
2509 5496 2681 5531 verum
2705 5496 2875 5532 ueum
2898 5496 2917 5533 :
2957 5496 3314 5535 renuenttuus
3342 5496 3474 5537 mss.

2161 5496 2243 5622 (Ζ)
2287 5546 2400 5602 Hoc
2431 5547 2483 5602 in
2527 5549 2921 5622 mortumueﬂ'atj
2965 5549 3324 5622 philosophici
3354 5554 3688 5611 enuntiatur.

2084 5619 2229 5696 disi
2259 5628 2625 5696 curnyetnsto
2663 5619 2852 5696 codice
2877 5619 3035 5678 Colb.
3071 5619 3289 5696 necnon
3336 5623 3521 5683 Germ.
3555 5643 3693 5696 prte-

2088 5690 2233 5764 [eras
2257 5730 2275 5756 ,
2307 5690 2422 5764 Soli
2446 5690 2762 5764 enimsunt,
2795 5693 2977 5764 aiunt;
3000 5693 3344 5756 referendum
3368 5699 3476 5757 erit
3494 5690 3595 5754 soli
3622 5697 3691 5753 ad

2092 5761 2335 5835 Patrem,
2365 5762 2511 5820 aiunt
2536 5763 2605 5823 ad
2632 5763 2886 5823 Arianos.
