4118 6186
434 211 536 279 107

1625 206 1873 277 SANCTI
1936 204 2195 274 HILABII
2246 197 2554 271 EPISCOPI

3636 206 3740 272 108

428 343 560 407 pote
580 313 726 391 Dens
753 328 893 403 ejus,
925 343 1049 388 eum
1074 328 1145 387 sit
1172 334 1296 385 ante
1327 327 1523 399 ipsum.
1557 326 1614 387 Si
1635 328 1780 384 enim
1801 324 1946 398 quod
1974 340 2037 380 ex
2062 326 2117 395 Α
2139 328 2396 386 deitatem.
2424 359 2497 371 ——
2522 326 2655 384 Nam
2677 324 2781 383 hoc
2801 339 2992 384 eorum
3018 321 3316 396 principale
3332 329 3415 382 est
3440 341 3454 380 :
3485 324 3743 385 Nouimus

428 431 580 501 ipso,
614 437 669 485 et
687 426 827 499 quod
867 441 932 482 ea:
955 434 1098 481 utero
1118 467 1133 492 ,
1179 430 1234 479 et
1257 422 1402 494 quod
1431 438 1495 479 ea:
1522 430 1668 494 patre
1696 420 1827 476 exivi
1870 428 1919 476 et
1947 435 2031 474 ue-

433 524 514 591 ni,
545 520 622 596 (a)
653 519 803 577 velut
836 530 1040 590 partem
1086 516 1206 589 ejus
1235 516 1393 577 unius
1435 516 1750 573 substantiae
1799 521 1853 569 et
1878 512 2032 583 quasi

436 616 791 689 prolationem
821 611 1120 670 extendens
1171 612 1521 682 intelligitur;
1552 610 1884 682 compositus
1928 608 2036 664 erit

436 711 617 777 Pater,
648 718 704 766 et
749 707 1055 772 divisibilis,
1088 704 1167 779 (i)
1211 714 1265 760 et
1292 704 1696 771 convertibilis,
1744 712 1801 759 et
1836 716 2035 773 corpus

435 801 735 861 secundum
763 800 920 865 illos,,
950 809 1024 867 et,
1048 806 1306 869 quantum
1334 799 1386 853 in
1416 797 1548 868 ipsis
1570 804 1672 863 est,
1700 809 2036 867 consequen-

437 896 509 955 tia
533 892 779 965 corporis
805 891 1076 949 sustinens
1102 892 1220 947 sine
1247 905 1477 961 corpore
1505 890 1671 947 Deus.
1700 890 1776 960 (ὁ)

509 987 599 1047 ιι.
644 986 781 1056 Quia
809 985 982 1043 divina
1002 1001 1104 1040 non
1130 985 1344 1058 percipit
1374 983 1526 1040 homo
1552 984 1651 1039 nisi
1679 998 1745 1039 ea:
1772 981 1866 1038 Dei
1890 981 1954 1037 de
1982 994 2038 1036 se

433 1075 604 1142 dictis,
628 1094 694 1135 ea:
713 1077 793 1132 his
822 1076 1119 1150 refellenda:
1146 1083 1267 1132 sunt
1291 1076 1545 1132 hwreticw
1579 1075 1905 1130 assertiones.
1934 1070 2037 1127 Dei

434 1171 576 1227 dicta
601 1185 705 1225 non
728 1168 885 1235 nude,
917 1167 1007 1224 sed
1032 1183 1095 1223 ea:
1123 1168 1230 1224 suis
1264 1168 1435 1225 causis
1457 1166 1813 1239 expendenda.
1839 1195 1913 1207 —-
1937 1164 2039 1221 Hic

434 1276 622 1318 eorum
665 1275 818 1317 error
847 1269 950 1328 est,
982 1259 1101 1317 hate
1143 1260 1419 1317 mortifera
1450 1259 1717 1317 institutio
1745 1277 1757 1312 :
1784 1257 1850 1315 ad
1881 1256 2037 1327 cujus

440 1351 911 1410 conﬁrmationem
938 1359 1194 1422 corrupto
1225 1350 1590 1423 intelligentia
1612 1365 1798 1417 sensu,
1829 1349 2039 1406 divino-

435 1461 553 1503 rum
583 1446 849 1507 dietorum
883 1446 1190 1505 testimonia
1221 1454 1507 1516 usurpant,
1534 1454 1590 1503 et
1613 1445 1682 1502 de
1706 1445 1790 1501 his
1817 1445 1921 1501 sub
1944 1458 2039 1501 oe~

433 1539 652 1599 casione
680 1538 926 1599 humana:
955 1537 1272 1613 ignorantiae
1298 1537 1653 1609 mentiuntur.
1684 1535 1898 1593 Nemini
1943 1551 2041 1592 au-

433 1640 542 1688 tem
589 1632 810 1690 dubium
842 1647 963 1689 esse
1002 1640 1234 1703 oportet,
1267 1632 1336 1689 ad
1383 1632 1687 1695 divinarum
1717 1646 1899 1689 rerum
1943 1644 2040 1686 co-

2133 421 2401 493 inquiunt,
2447 438 2609 478 unum
2650 421 2820 476 solum
2864 419 3053 485 Deum,
3101 418 3285 491 Moyse
3326 420 3543 488 dicente,
3578 421 3741 490 Audi,

2134 514 2323 579 Israel,
2356 514 2606 571 Dominus
2635 513 2773 571 Deus
2792 523 2910 569 tuus
2930 529 3062 569 unus
3081 522 3153 569 est
3204 511 3388 584 (Deut.
3417 528 3493 581 vs,
3526 512 3603 586 4).
3636 514 3748 573 Sed

2137 605 2396 678 numquid
2445 606 2572 663 hinc
2619 606 2900 677 quisquam
2950 604 3050 664 fuit
3092 619 3261 662 ausus
3285 606 3603 677 ambigere?
3649 615 3748 665 aut

2137 716 2391 772 umquam
2418 700 2575 757 aliter
2615 715 2645 755 a
2673 714 2943 771 quoquam
2974 713 3163 757 eorum
3196 698 3549 770 praedicatum
3597 704 3743 769 esse,

2137 795 2229 861 qui
2264 793 2427 849 Deum
2449 791 2754 858 crederent,
2780 791 3055 863 cognitum
3098 800 3204 857 est,
3240 790 3343 846 nisi
3373 807 3539 847 unum
3571 792 3745 850 Deum
3779 797 3802 848 Ι

2138 902 2260 945 esse
2282 902 2349 943 ex
2378 901 2486 958 quo
2509 886 2713 953 omnia,
2763 901 2924 943 unam
2964 886 3219 943 virtutem
3265 885 3663 956 innaseibilem,
3690 894 3750 944 et

2139 997 2298 1039 unam
2327 981 2466 1045 banc
2490 995 2611 1039 esse
2629 980 2748 1037 sine
2777 979 2935 1036 initio
2953 979 3316 1050 potestatem?
3364 979 3472 1036 Sed
3495 995 3603 1036 non
3649 996 3749 1051 per

2140 1075 2214 1142 id,
2242 1075 2384 1146 quod
2414 1075 2554 1135 Deus
2579 1088 2718 1130 unus
2739 1083 2847 1141 est,
2880 1073 2978 1129 Dei
3003 1073 3114 1129 tilio
3140 1072 3338 1129 accidit
3364 1073 3549 1144 negari
3582 1088 3749 1145 posse

2139 1168 2283 1240 quod
2308 1168 2449 1224 Deus
2488 1176 2592 1224 est.
2620 1166 2832 1239 Moyses
2863 1180 3116 1235 namque,
3147 1165 3234 1222 vel
3274 1167 3453 1237 potius
3482 1167 3623 1222 Deus
3650 1182 3749 1238 per

2139 1262 2380 1335 Moysen,
2411 1261 2610 1333 populo
2636 1270 2692 1319 et
2719 1260 2774 1317 in
2800 1260 3039 1333 Egypto
3065 1268 3122 1315 et
3162 1261 3214 1315 in
3244 1259 3467 1325 deserto
3496 1260 3660 1317 idolis
3690 1267 3747 1318 et

2141 1355 2387 1421 deorum,
2437 1364 2498 1411 ut
2543 1353 2821 1424 putabant,
2876 1352 3226 1425 religionibus
3280 1362 3584 1424 occupato,
3641 1353 3749 1410 hoc

2140 1447 2415 1507 constituit
2444 1446 2739 1519 principale
2764 1446 3099 1513 mandatum,
3146 1453 3206 1501 ut
3233 1460 3399 1501 unum
3429 1446 3599 1525 Deum
3622 1460 3741 1503 ere-

2141 1542 2335 1603 deret:
2364 1551 2420 1601 et
2466 1557 2597 1600 vere
2623 1557 2688 1598 ac
2717 1542 2913 1603 merito
2956 1542 3257 1598 constituit.
3292 1541 3441 1599 Unus
3472 1553 3557 1598 est
3599 1543 3747 1598 enim

2142 1634 2285 1692 Deus
2310 1650 2376 1695 ex
2406 1650 2514 1706 quo
2556 1634 2761 1690 omnia.
2795 1634 2902 1691 Sed
2932 1634 3230 1701 videamus,
3259 1649 3329 1689 an
3359 1632 3500 1690 idem
3530 1633 3742 1707 Moyses

431 1726 727 1797 gnitioncm
778 1725 976 1783 divinis
1021 1726 1280 1783 utendum
1343 1741 1466 1783 esse
1516 1724 1796 1785 doctrinis.
1848 1723 2034 1795 Neque
2062 1728 2112 1791 Β
2138 1743 2260 1785 eum
2287 1744 2520 1800 quoque.
2551 1744 2649 1800 per
2669 1744 2829 1800 quem
2856 1729 3034 1785 omnia
3080 1740 3228 1798 sunt,
3260 1728 3429 1784 Deum
3453 1741 3578 1784 esse
3613 1742 3753 1783 con-

432 1822 577 1879 enim
608 1822 887 1879 scientiam
926 1822 1227 1881 cmlestium
1260 1838 1357 1894 per
1382 1832 1556 1881 semet
1582 1823 1817 1880 humana
1858 1823 2033 1881 imbe-

427 1913 625 1971 cillitas
644 1924 1026 1985 consequetur.
1049 1929 1227 1985 neque
1246 1914 1592 1975 invisibilium
1620 1913 2030 1986 intelligentiam

429 2006 546 2077 ipse
574 2006 677 2063 sibi
704 2005 1065 2079 corporalium
1089 2020 1282 2064 sensus
1311 2017 1570 2065 assumet.
1622 2006 1740 2067 Non
1772 2006 1915 2065 enim
1943 2005 2035 2062 vel

426 2099 480 2154 id
511 2098 652 2170 quod
678 2107 918 2159 creatum
953 2100 1006 2154 in
1054 2098 1210 2157 nobis
1256 2109 1418 2171 atque
1463 2100 1680 2159 carnale
1701 2109 1807 2167 est,
1837 2100 1924 2157 vel
1969 2099 2023 2156 id

425 2191 569 2262 quod
601 2192 649 2246 in
675 2207 832 2249 usum
855 2191 979 2248 vita;
1000 2201 1201 2249 nostra:
1226 2208 1294 2251 ex
1320 2193 1430 2250 Deo
1455 2192 1535 2267 (2)
1565 2194 1750 2253 datum
1774 2204 1877 2261 est,
1906 2208 2037 2251 suo-

426 2292 540 2340 met
564 2283 768 2355 judieio
795 2294 1038 2342 naturam
1069 2285 1343 2342 Creatoris
1372 2288 1456 2342 sui
1486 2302 1728 2360 opusque
1749 2288 2028 2345 discernit.

425 2376 541 2434 Non
569 2378 798 2435 subeunt
820 2379 1033 2450 ingenia
1063 2390 1249 2435 nostra
1294 2379 1348 2434 in
1400 2380 1678 2443 caelestem
1725 2382 2030 2449 scientiam,

423 2488 601 2543 neque
623 2472 1229 2543 incomprehensibilem
1255 2472 1508 2529 virtutem
1534 2489 1703 2529 sensu
1735 2475 1916 2545 aliquo
1947 2475 2033 2529 in-

424 2563 652 2621 ﬁrmitas
683 2572 868 2623 nostra
894 2564 1183 2635 concipiet.
1217 2564 1321 2633 Ipsi
1362 2565 1433 2620 de
1458 2578 1519 2621 se
1562 2563 1672 2621 Deo
1695 2565 2031 2622 credendum

425 2666 510 2714 est
533 2667 629 2732 :_et
660 2657 745 2723 iis,
778 2672 898 2728 quae
923 2658 1238 2729 cognitiouij
1262 2667 1461 2715 nostra:
1501 2658 1570 2715 de
1609 2673 1670 2717 se
1701 2659 1906 2723 tribuit,
1936 2660 2033 2717 ob-

423 2747 777 2819 sequendum.
810 2746 921 2804 Aut
964 2749 1109 2805 enim
1159 2764 1314 2807 more
1351 2750 1633 2823 gentilium
1680 2751 2032 2823 denegandus

422 2851 526 2910 est,
559 2842 603 2897 si
630 2843 941 2901 testimonia
971 2843 1089 2914 ejus
1117 2842 1566 2912 improbabuntur
1595 2845 1745 2918 περ
1774 2853 1866 2900 aut
1888 2846 1933 2901 si
1970 2854 2030 2901 ut

423 2946 507 2994 est
538 2937 679 2993 Deus
704 2936 1101 3005 crediturhnon
1133 2945 1309 3004 poteSL
1354 2936 1515 2992 aliter
1540 2936 1609 2992 de
1630 2953 1715 3004 eo,
1767 2953 1927 3009 quam
1974 2943 2033 2999 ut

426 3030 544 3101 ipse
572 3037 654 3085 est
684 3028 752 3085 de
794 3043 854 3085 se
885 3036 1133 3097 testatus,
1170 3029 1415 3101 intelligi.
1445 3030 1673 3087 Cessent
1697 3031 1880 3104 itaque
1907 3047 2030 3103 pro-

2138 1821 2315 1881 fessus
2338 1821 2429 1877 sit.
2458 1820 2574 1880 Non
2602 1821 2747 1877 enim
2777 1820 2920 1876 Patri
2946 1821 3206 1893 adimitur
3236 1819 3382 1891 quod
3420 1819 3566 1877 Deus
3604 1834 3749 1878 unus

2134 1925 2236 1985 est,
2264 1918 2388 1989 quia
2413 1926 2469 1974 et
2492 1916 2664 1974 Filius
2709 1919 2849 1974 Deus
2893 1918 2982 1973 sit.
3018 1917 3117 1972 Est
3140 1918 3284 1974 enim
3320 1917 3460 1974 Deus
3489 1933 3558 1974 ex
3602 1918 3733 1985 Deo,

2136 2025 2275 2069 unus
2301 2026 2365 2066 ex
2396 2025 2504 2065 uno
2527 2029 2541 2064 :
2566 2010 2638 2065 ob
2660 2010 2710 2066 id
2729 2025 2870 2067 unus
2893 2011 3054 2075 Deus,
3088 2012 3211 2081 quia
3234 2025 3303 2067 ex
3326 2025 3387 2067 se
3412 2011 3574 2067 Deus.
3601 2010 3745 2068 Con-

2136 2111 2217 2157 tra
2246 2118 2375 2159 vero
2425 2118 2533 2158 non
2562 2104 2740 2158 minus
2768 2119 2866 2174 per
2894 2103 2945 2159 id
2978 2102 3152 2159 Filius
3203 2104 3365 2170 Deus,
3416 2102 3542 2175 quia
3590 2103 3752 2160 Pater

2136 2193 2279 2251 Deus
2309 2208 2446 2250 unus
2472 2194 2579 2259 sit;
2609 2203 2693 2249 est
2734 2195 2879 2250 enim
2911 2195 3219 2266 unigenitus
3266 2194 3409 2251 titius
3464 2194 3563 2263 Dei
3592 2211 3605 2250 ε
3634 2210 3744 2252 non

2136 2284 2492 2351 innascibilis,
2525 2294 2583 2340 ut
2605 2285 2749 2340 Patri
2780 2285 2980 2340 adimat
3007 2286 3150 2355 quod
3180 2285 3321 2342 Deus
3344 2302 3481 2347 unus
3502 2289 3575 2347 ait
3606 2302 3622 2354 ;
3653 2302 3747 2349 ne-

2135 2394 2240 2451 que
2269 2377 2415 2434 aliud
2444 2380 2557 2450 ipse
2573 2393 2733 2450 quam
2763 2378 2924 2447 Deus,
2954 2379 3079 2450 quia
3105 2394 3173 2439 ex
3210 2378 3318 2435 Deo
3345 2386 3505 2439 natus
3532 2388 3636 2439 eat.
3668 2378 3747 2437 De

2136 2489 2243 2546 quo
2273 2474 2515 2544 quamvis
2555 2473 2752 2545 ambigi
2779 2488 2885 2529 non
2917 2481 3184 2542 Oporteat.
3216 2474 3349 2544 quin
3375 2472 3652 2530 nascendo
3679 2489 3747 2532 ex

2140 2566 2251 2622 Deo
2297 2567 2438 2622 Deus
2604 2567 2695 2633 sit,
2727 2581 2823 2639 per
2848 2566 2989 2639 quod
3021 2565 3144 2625 ﬂdei
3175 2574 3375 2646 nostrw
3418 2565 3559 2625 Deus
3602 2580 3742 2627 unus

2139 2667 2254 2726 est;
2289 2668 2468 2723 tamen
2491 2660 2768 2721 videamus
2794 2674 2860 2717 an
2884 2656 3116 2732 Moyses,
3143 2660 3232 2728 qui
3252 2658 3320 2717 ad
3343 2657 3507 2719 Israel
3528 2657 3747 2726 dixerit,

2136 2752 2391 2808 Dominus
2418 2750 2559 2808 Deus
2585 2762 2705 2808 tuus
2729 2769 2863 2809 unus
2892 2762 2987 2819 est,
3017 2752 3114 2806 Dei
3155 2752 3323 2806 ﬁlium
3355 2751 3522 2808 Deum
3555 2751 3754 2822 praedi-

2136 2846 2359 2901 caverit.
2391 2844 2479 2902 Uti
2528 2847 2672 2900 enim
2719 2858 2817 2899 uos
2843 2843 2910 2901 ad
2940 2842 3301 2901 confitendam
3340 2843 3551 2899 Domini
3577 2843 3751 2901 nostri

2141 2934 2267 2991 Jesu
2308 2935 2509 2991 Christi
2537 2935 2876 3001 divinitatem
2909 2933 3219 2995 testimonio
3248 2934 3397 2995 illius
3448 2933 3747 3009 oportebit,

2142 3029 2296 3100 cujus
2315 3030 2635 3089 auctoritate
2661 3029 2902 3091 haeretici
2933 3044 3101 3089 unum
3128 3037 3334 3091 tantum
3375 3028 3545 3087 Deum
3570 3028 3751 3089 eonﬁ-

428 3121 559 3191 prite
583 3119 859 3177 hominum
883 3120 1186 3192 opiniones,
1210 3136 1384 3191 neque
1411 3135 1471 3177 se
1489 3122 1627 3178 ultra
1648 3122 1885 3179 divinam
1905 3139 2041 3179 con-
2070 3119 2114 3181 C
2149 3130 2326 3179 tentes
2354 3122 2496 3178 Filio
2526 3131 2715 3193 putent
2744 3122 3048 3194 negandum
3068 3126 3200 3178 esse
3224 3119 3367 3205 quod
3391 3120 3535 3177 Deus
3564 3120 3654 3175 sit.

434 3211 769 3269 stitutionem
801 3210 880 3281 (ὅ)
901 3210 1137 3266 humana
1173 3212 1397 3267 consilia
1419 3212 1731 3269 extendant.
1749 3213 2040 3285 Sequimur

430 3320 582 3378 ergo,
614 3305 870 3361 adversus
919 3306 1246 3378 irreligiosus
1270 3313 1325 3362 et
1354 3307 1548 3379 impias
1577 3306 1647 3364 de
1677 3307 1789 3365 Deo
1820 3307 2039 3367 institu-

433 3398 629 3465 tiones,
659 3398 800 3469 ipsas
842 3396 964 3455 illas
992 3396 1302 3475 divinorum
1333 3400 1601 3459 dictorum
1643 3402 1991 3459 auctoritates
2020 3420 2037 3459 :

432 3497 488 3545 et
510 3489 928 3560 unumquodque
970 3505 1037 3546 eo
1080 3491 1220 3561 ipso,
1272 3492 1341 3548 de
1366 3506 1473 3564 quo
1502 3493 1785 3564 quaeritur,
1816 3501 2039 3551 auctore

435 3580 800 3647 tractabimus,
850 3597 956 3637 non
1001 3582 1067 3637 ad
1100 3581 1387 3639 fallendum
1421 3592 1476 3640 et
1518 3585 1658 3642 male
1689 3583 2037 3643 imbuendam

436 3671 767 3727 audientium
816 3673 1140 3745 imperitiam
1166 3675 1425 3747 quasdam
1466 3677 1756 3733 verborum
1783 3679 2040 3734 enuntia-

438 3769 616 3823 tiones
645 3767 934 3825 subtractis
953 3784 1141 3825 eorum
1162 3769 1342 3826 causis
1368 3779 1704 3843 coaptantes.
1730 3771 2044 3843 Intelligen-

445 3861 514 3915 tia
543 3861 687 3917 enim
712 3860 975 3917 dictorum
1009 3875 1076 3918 ex
1098 3862 1288 3919 causis
1326 3871 1409 3922 est
1463 3864 1787 3921 assumenda
1831 3864 2045 3921 dicendi

450 3950 611 4025 (Vide
638 3969 795 4025 supra
820 3954 860 4011 ι.
906 3969 966 4021 ιι,
998 3971 1053 4010 n.
1083 3955 1216 4027 50)::
1248 3955 1372 4028 quia
1402 3972 1507 4013 non
1540 3957 1777 4015 sermoni
1811 3973 1920 4023 res,
1946 3956 2047 4014 sed

438 4047 517 4102 rei
548 4057 630 4103 est
657 4063 838 4103 sermo
876 4048 1170 4119 subjectus.
1209 4048 1407 4106 Verum
1455 4050 1636 4106 omnia
1686 4050 1847 4107 editis
1876 4050 2040 4107 simul

438 4149 491 4196 et
517 4139 728 4196 dicendi
754 4140 934 4196 causis
954 4151 1007 4195 et
1028 4140 1293 4197 dictorum
1318 4142 1605 4198 virtutibus
1629 4158 2039 4215 prosequemur.

442 4228 609 4303 Igitur
628 4234 835 4303 singula
862 4234 1154 4292 secundum
1176 4235 1561 4307 propositionis
1584 4236 1826 4296 ordinem
1853 4236 1924 4311 (c)
1959 4252 2048 4295 re-

443 4332 762 4383 tractentur.

518 4417 605 4475 15.
649 4415 856 4487 Moyses
885 4416 1075 4485 dicens,
1112 4416 1252 4473 Deus
1275 4432 1415 4475 unus
1439 4428 1545 4486 est,
1568 4434 1670 4474 non
1695 4420 1896 4497 negavit
1917 4418 2049 4475 Filii

497 4574 599 4705 ὸς)
637 4573 881 4632 Secunda
914 4574 1230 4631 recensione
1259 4574 1633 4647 interpositum
1676 4583 1793 4646 est,
1841 4586 1891 4633 et
1938 4592 2055 4632 mu-

531 4666 544 4703 l
568 4664 631 4703 η.

443 4657 631 4706 manu.

523 4781 602 4874 (α)
639 4782 850 4872 me":
888 4781 1148 4874 issi???
1185 4782 1574 4874 τφτέτὲίξοουοῖέου
1597 4786 1683 4874 ται
1711 4786 1798 4874 is.
1820 4788 2055 4874 τῖβοβολτδ

453 4855 555 4914 ὑπὸ
581 4876 729 4912 τινων
747 4863 950 4919 νοεῖται,
976 4856 1037 4927 id?
1055 4855 1159 4920 ὁδί,
1184 4855 1382 4927 velata
1402 4856 1703 4923 quibusdam
1725 4855 2049 4927 intelligitur,

455 4946 576 5001 pars
604 4938 693 5001 est
705 4927 928 4998 alicujus
952 4926 1042 4997 qui
1078 4927 1231 5001 unius
1257 4926 1553 5001 substantia:
1579 4929 1661 4994 sit,
1695 4940 1741 5001 et
1767 4926 1913 4999 quasi
1934 4949 2056 5001 pro-

454 4999 599 5053 latio.
664 4997 1052 5053 Patet’atttcm
1110 4998 1368 5052 Hilarium
1420 5016 1485 5054 ex
1552 4997 1813 5055 mendoso
1864 4997 2055 5059 codice

453 5069 652 5141 legisse
678 5071 747 5129 ὡς
786 5069 1041 5145 προϐολήν
1066 5068 1346 5128 ἀποτείνων
1370 5112 1386 5139 ,
1434 5084 1542 5127 non
1590 5073 1660 5133 ὥς
1698 5073 1927 5149 προϐολὴ
1954 5073 2061 5131 ὐπό

455 5164 621 5199 τινων.

527 5212 605 5284 (ιι)
648 5210 800 5284 Apud
850 5209 1209 5280 Epiphanium
1252 5211 1334 5266 itte
1366 5212 1758 5269 subneetuntur
1781 5215 2056 5283 subscrip-

459 5280 635 5338 tiones
664 5280 849 5355 {Bene
872 5283 1042 5355 ualere
1066 5292 1113 5337 te
1137 5291 1372 5355 aptamus
1411 5284 1466 5355 in
1499 5284 1737 5351 Domino,
1763 5280 2057 5342 beatissime

457 5371 613 5426 papa,
641 5352 815 5426 Arius,
871 5354 1097 5426 Ethales,
1130 5352 1374 5426 Achilles,
1423 5353 1701 5426 Carpones.
1759 5358 2050 5424 Sarmatas,

462 5425 616 5495 Arius
668 5423 948 5495 presbyteri
978 5425 1225 5480 :dt'aconi
1271 5423 1535 5487 Euzoius,
1580 5427 1804 5486 Lucius.
1856 5423 2056 5495 Julius,

463 5493 987 5573 yeng,‘ﬂelladiu_s.
1022 5496 1182 5573 Gaius
1210 5512 1229 5551 :
1259 5499 1486 5573 episcopi
1505 5497 1773 5573 Secundus
1790 5493 2055 5573 Pentapoé

457 5567 541 5644 lis,
573 5565 808 5644 Tlteonas
834 5568 1107 5644 Africanus
1129 5568 1235 5639 (gr.
1280 5565 1483 5642 Λίϐυς),
1514 5569 1693 5626 Pistus
1713 5573 1801 5644 qui
1826 5565 2053 5626 Alexan-

456 5638 584 5691 τίνειν
606 5639 670 5690 ab
699 5638 901 5694 Arionis
920 5638 1197 5695 collocatus
1224 5650 1318 5696 est.

528 5706 601 5780 (c)
642 5707 698 5763 lu
737 5723 842 5766 ms.
891 5708 1052 5767 Cara.
1104 5720 1159 5767 et
1193 5726 1304 5769 uno
1322 5711 1484 5770 Colb.
1519 5711 1608 5769 hic
1648 5714 1908 5771 insertum
1939 5723 2044 5784 est,

2220 3216 2306 3272 i6.
2353 3212 2421 3271 In
2439 3215 2657 3273 historia
2693 3217 2964 3273 creationis
3010 3215 3174 3279 Deum
3202 3232 3307 3279 non
3335 3215 3624 3277 solitarium
3651 3215 3751 3275 dos

2147 3320 2242 3367 cet.
2274 3309 2419 3365 Alius
2446 3310 2639 3379 dicens,
2684 3310 2818 3365 alius
2867 3309 3093 3379 faciem;
3122 3319 3332 3381 uterque
3371 3309 3528 3365 Deus.
3577 3308 3751 3365 Filius

2149 3415 2222 3463 est
2256 3404 2395 3459 Deus
2420 3405 2636 3476 faciem.
2668 3433 2741 3446 —-
2767 3402 2934 3476 Igitur
2959 3419 3081 3459 cum
3108 3403 3354 3461 absoluta
3398 3404 3516 3459 haec
3540 3402 3609 3459 de
3637 3403 3749 3463 Deo

2148 3509 2202 3554 et
2232 3498 2467 3568 perlecta
2510 3497 2781 3553 confessio
2826 3497 2916 3561 sit,
2967 3495 3263 3559 secundum
3308 3496 3624 3569 Apostolum
3681 3494 3754 3555 ita

2148 3590 2291 3663 loqui
2314 3630 2329 3656 ,
2359 3588 2439 3664 (d)
2470 3588 2617 3647 Unus
2639 3588 2784 3645 Deus
2812 3599 2955 3662 pater
2979 3605 3045 3645 ea:
3070 3606 3170 3660 quo
3195 3589 3387 3657 omnia,
3420 3596 3469 3649 et
3490 3605 3622 3646 unus
3647 3586 3758 3650 Dea-

2150 3686 2319 3741 minus
2347 3692 2518 3739 noster
2556 3681 2710 3739 Iesus
2736 3680 2968 3737 Christus
3011 3698 3104 3754 per
3129 3697 3279 3752 quem
3336 3681 3511 3737 omnia
3557 3678 3603 3753 (Ι
3632 3675 3754 3734 Cor.

2154 3792 2272 3844 vm,
2299 3775 2380 3847 6),
2409 3775 2687 3831 videamus
2708 3774 2970 3845 originem
2996 3771 3203 3838 mundi,
3226 3772 3354 3849 quid
3375 3771 3445 3828 de
3466 3788 3526 3828 ea
3548 3771 3760 3847 Moyses

2156 3869 2424 3939 loquatur.
2461 3867 2550 3922 Ait
2577 3883 2807 3938 namque
2833 3884 2846 3920 :
2877 3864 2946 3920 Et
2967 3865 3099 3919 dixit
3124 3864 3286 3932 Deus,
3318 3864 3435 3920 Fiat
3465 3864 3758 3935 ﬁrmamen-

2156 3970 2265 4019 tum
2303 3960 2358 4015 in
2403 3959 2568 4017 medio
2620 3974 2786 4030 aqum.
2836 3968 2883 4014 et
2929 3958 2996 4013 sit
3041 3958 3271 4016 dividens
3312 3958 3445 4010 inter
3473 3971 3660 4025 aquam
3711 3960 3760 4009 et

2152 4065 2338 4120 aquam
2363 4064 2382 4102 :
2409 4058 2455 4103 et
2483 4047 2676 4116 factum
2700 4055 2777 4100 est
2800 4047 2896 4110 sic,
2926 4055 2974 4100 et
3021 4047 3140 4117 fecit
3169 4040 3310 4098 Deus
3348 4042 3760 4113 ﬁrmamentum,

2153 4151 2201 4195 et
2254 4141 2424 4196 divisit
2452 4138 2590 4195 Deus
2623 4155 2712 4211 per
2758 4138 2982 4193 medium
3029 4151 3176 4208 aqua:
3201 4132 3353 4210 (Gen.
3387 4149 3428 4204 ι,
3457 4132 3514 4201 6,
3544 4130 3627 4205 Ἰ).
3655 4132 3765 4195 Ha-

2156 4234 2252 4291 bes
2283 4248 2410 4303 crgo
2441 4234 2604 4288 Deum
2629 4247 2697 4288 ex
2740 4246 2868 4302 quo,
2898 4228 3065 4285 habes
3093 4228 3261 4287 Deum
3314 4242 3410 4298 per
3436 4242 3620 4298 quem.
3649 4223 3761 4285 Aut

2157 4325 2204 4382 si
2254 4324 2307 4383 id
2336 4322 2579 4399 negabis,
2615 4337 2839 4379 necesse
2884 4330 2970 4378 est
3016 4321 3070 4376 id
3118 4319 3261 4392 quod
3291 4318 3491 4381 factum
3533 4324 3620 4374 est
3669 4331 3767 4389 per

2160 4432 2320 4489 quem
2368 4415 2567 4472 factum
2612 4415 2682 4471 sit
2711 4415 2949 4471 doceas:
2981 4422 3075 4470 aut
3101 4423 3249 4473 certe
3296 4421 3547 4475 naturam
3588 4411 3766 4485 ipsam

2076 4590 2135 4655 Ι)
2233 4574 2315 4721 (2)
2357 4573 2554 4629 Natant
2584 4582 2679 4639 est,
2712 4588 2859 4641 mox,
2891 4573 3166 4635 discernet.

2258 4647 2313 4720 5)
2357 4645 2811 4715 Consuetudinem,
2843 4660 2989 4713 mox,
3022 4662 3166 4715 sequo

2258 4645 2313 4720 5)
2357 4645 2811 4715 Consuetudinem,
2843 4660 2989 4713 mox,
3022 4659 3298 4715 sequantur
3324 4659 3470 4716 ergo.

2165 4788 2229 4843 de
2250 4805 2352 4845 uno
2381 4785 2490 4842 Deo
2520 4803 2538 4842 :
2565 4785 2705 4853 quod
2740 4801 2869 4840 sane
2898 4800 2962 4841 ex
3001 4784 3245 4855 margine
3284 4785 3335 4839 in
3366 4792 3568 4841 textum
3597 4783 3771 4915 inet

2165 4862 2255 4915 sit.
2286 4876 2406 4915 cum
2431 4861 2493 4912 ad
2523 4856 2903 4915 subsequentia
2928 4856 3212 4912 iudicanda
3236 4856 3287 4911 in
3309 4856 3474 4913 limbo
3496 4871 3604 4912 non
3627 4871 3712 4913 mu

2164 4862 2255 4919 sit.
2286 4876 2406 4915 cum
2431 4861 2493 4912 ad
2523 4856 2903 4931 subsequentia
2928 4856 3212 4912 iudicanda
3236 4856 3287 4911 in
3309 4856 3474 4913 limbo
3496 4871 3604 4912 non
3627 4871 3712 4913 mu

2166 4931 2347 4986 locum
2388 4931 2631 4985 haberet.

2243 5002 2319 5077 (ά)
2365 5004 2440 5056 Ex
2462 5003 2571 5077 hoc
2601 5000 2839 5077 Apostoli
2860 4999 2989 5077 loco
3014 4997 3228 5077 Patrem
3250 5013 3278 5051 a
3302 4997 3440 5055 Filio
3459 4996 3773 5077 discernere
3877 5055 3887 5062 _

2169 5064 2414 5130 solebant
2462 5064 2722 5137 hu-retiei,
2771 5084 2823 5123 ut
2860 5071 3028 5137 liquet
3054 5085 3121 5124 ex
3175 5070 3260 5125 his
3288 5085 3435 5125 num.
3464 5070 3551 5130 i9.
3585 5064 3771 5125 Hilarii

2170 5148 2233 5201 ad
2266 5146 2522 5201 Arianum
2547 5144 2724 5211 dictis,
2760 5141 2952 5196 Dixisti
2973 5142 3127 5207 enim,
3158 5140 3240 5195 Ea:
3264 5138 3424 5211 Patre
3446 5141 3638 5211 omnia,
3682 5138 3774 5211 sed

2171 5233 2263 5288 per
2295 5215 2489 5273 Filium
2516 5209 2717 5288 omnia.
2757 5212 2867 5288 Nec
2898 5211 3281 5288 repugnabunt
3305 5209 3603 5288 catholici,
3635 5209 3773 5267 adeo

2172 5282 2227 5343 ut
2253 5288 2457 5341 lltlat'to
2503 5285 2635 5339 nihil
2667 5283 3001 5350 familiarius,
3050 5292 3305 5355 quarunt
3337 5283 3496 5339 Pater
3524 5282 3668 5355 Deus
3710 5296 3775 5341 ea:

2165 5377 2286 5431 quo,
2333 5361 2380 5431 is
2402 5373 2465 5413 ea:
2508 5373 2630 5427 quo,
2676 5372 2738 5411 ea;
2766 5372 2866 5428 quo
2894 5353 3085 5423 omnia,
3139 5353 3303 5431 Filius
3334 5369 3464 5409 vero
3512 5353 3650 5431 Deus
3680 5367 3771 5423 per

2165 5424 2333 5498 quem.
2366 5429 2410 5501 is
2459 5424 2550 5496 per
2573 5424 2885 5501 quem,'per
2931 5443 3079 5501 quem
3123 5424 3801 5501 omniancognotnitteturt,

2163 5495 2316 5571 Quod
2344 5495 2737 5556 observandum
2783 5495 2903 5562 fuit,
2939 5495 3151 5571 luntgad
3174 5495 3589 5571 intelligentiam
3615 5509 3776 5571 voca.

2163 5565 2436 5641 Hulorum,
2469 5583 2579 5643 tum
2606 5588 2673 5629 ne
2696 5572 3031 5643 ignoraretur
3061 5565 3375 5643 institutum
3394 5565 3583 5633 Hilarii
3614 5565 3773 5624 Aria-

2164 5660 2264 5701 nos
2288 5660 2355 5702 ex
2398 5638 2511 5700 suis
2549 5638 2789 5716 ipsorum
2820 5640 2985 5699 armis
3011 5638 3387 5707 confodieutis.
