4118 6186
408 256 507 315 ιιι

1592 215 1833 278 SANCTI
1874 211 2132 274 HILARII
2170 209 2478 273 EPISCOPI

3321 168 3327 197 ἰ

3597 205 3706 265 112

406 369 526 427 tum
574 358 859 436 singularis
908 346 1316 422 intelligentiam
1344 337 1675 436 professione
1707 332 2000 436 consortii.
2023 330 2075 392 A
2107 328 2202 435 Dei
2234 327 2313 401 (a)
2356 328 2454 401 feci
2490 327 2743 436 hominem
2777 324 2930 400 (Gen.
2975 339 3050 392 ιχ,
3081 323 3163 399 6).
3193 322 3374 381 Etiam
3404 321 3495 380 hic
3514 322 3711 379 distin-

408 424 750 521 fionsortinm
780 462 958 509 autem
986 461 1109 505 esse
1135 437 1347 512 aliquod
1372 433 1615 492 solitario
1646 428 1728 502 (ι)
1759 428 1876 499 ipse
1902 424 2005 480 sibi

409 517 518 613 non
566 558 767 624 potest.
798 544 985 613 Neque
1030 549 1245 594 rursum
1278 527 1471 600 recipit
1516 523 1741 581 solitarii
1770 517 2006 624 solitudo

411 612 705 722 faciamus;
732 652 906 709 neque
951 632 1231 704 quisquam
1261 623 1442 680 alieno
1486 636 1518 676 a
1546 634 1606 676 se
1649 627 1879 672 nostram
1929 612 2010 667 lo-

411 713 615 814 quitur.
648 735 885 803 Uterque
913 738 1115 790 sermo,
1163 731 1218 778 et
1258 718 1508 791 faciamus
1555 721 1610 770 et
1654 718 1901 814 nostram,
1952 713 2012 760 ut

412 800 712 890 solitarium
739 800 1097 890 eamdemque
1125 830 1236 871 non
1266 812 1500 884 patitur;
1533 808 1607 862 ita
1631 817 1805 874 neque
1831 800 2012 857 diver-

411 942 532 984 sum
562 939 592 979 a
620 938 679 979 se
698 920 1041 986 alienumque
1079 908 1367 982 significat.
1416 907 1521 960 Aut
1563 913 1769 973 quan-0,
1810 895 1855 951 si
1886 907 2008 950 cum

413 1018 600 1075 audias
619 1011 941 1075 solitarium,
967 1017 1144 1063 utrum
1171 1017 1277 1058 non
1299 1000 1474 1070 ipsum
1506 993 1865 1062 eumdemque
1890 1001 2012 1045 esse

414 1106 729 1169 existimes?
755 1116 847 1160 aut
866 1116 986 1158 cum
1009 1096 1195 1154 audias
1218 1108 1323 1149 non
1347 1092 1519 1162 ipsum
1539 1100 1715 1159 neque
1737 1081 2010 1146 eumdem,

414 1219 555 1260 anne
572 1200 713 1272 quod
736 1195 1009 1255 solitarius
1037 1199 1244 1247 tantum
1265 1186 1337 1243 sit
1360 1180 1667 1254 intelligas?
1691 1177 1749 1235 In
1771 1173 2014 1232 solitario

413 1314 543 1369 ergo
570 1292 867 1357 solitarius,
919 1290 975 1344 in
1022 1300 1129 1342 non
1157 1280 1347 1340 eodem
1372 1291 1502 1335 vero
1529 1289 1705 1347 neque
1736 1272 1875 1342 ipso,
1904 1280 2012 1324 non

418 1363 691 1447 solitarius
717 1385 1038 1456 reperietur.
1064 1375 1318 1436 Solitario
1343 1386 1473 1443 ergo
1498 1366 1767 1433 convenit,
1798 1363 2012 1428 faciam,

414 1492 470 1539 et
500 1496 709 1537 meam:
746 1493 851 1533 non
891 1471 1135 1529 solitario
1166 1481 1318 1533 vero,
1354 1463 1600 1536 faciamus
1621 1501 1636 1526 ,
1667 1468 1723 1513 et
1764 1465 2010 1511 nostram.

491 1575 580 1630 18.
632 1570 748 1626 Nec
779 1566 1006 1623 solitudo
1051 1570 1125 1617 est
1173 1575 1265 1615 nec
1311 1553 1591 1610 divinitatis
1629 1547 1914 1604 diversitas.
1946 1571 2019 1584 --

414 1668 549 1724 Cum
579 1666 762 1734 itaque
790 1660 1037 1730 legimus,
1066 1652 1346 1708 Faciamus
1369 1646 1629 1702 hominem
1654 1643 1722 1695 ad
1740 1639 2017 1710 imaginem

2109 424 2288 497 gaitur
2311 422 2637 493 exemplum,
2665 436 2824 492 opus,
2853 435 3106 491 operans.
3139 419 3278 473 Dcus
3303 425 3530 473 testatur
3556 432 3616 473 se
3638 416 3706 472 ad

2109 514 2395 584 imaginem
2426 514 2516 569 Dei
2545 513 2817 569 hominem
2844 512 3057 568 fecisse.
3080 511 3213 567 Cum
3240 508 3521 565 faciendus
3545 509 3708 564 homo

2110 620 2214 677 est,
2245 609 2371 681 quia
2402 605 2478 680 (b)
2501 605 2571 662 de
2601 620 2683 672 se,
2711 619 2890 676 neque
2919 604 2985 659 ad
3011 618 3072 659 se
3099 601 3441 673 loquebatur,
3472 599 3614 656 dixit
3641 600 3712 656 ad

2110 703 2386 775 imaginem
2413 708 2639 756 nostram
2672 714 2692 752 :
2716 712 2838 754 cum
2864 704 3045 753 autem
3078 694 3250 752 factus
3284 693 3446 750 homo
3465 703 3570 761 est,
3604 691 3714 748 Fc-

2113 799 2180 854 cit
2224 795 2393 852 Deum
2433 794 2687 851 hominem
2710 793 2778 849 ad
2816 793 3092 864 imaginem
3134 788 3254 845 Dei.
3295 787 3415 844 Non
3451 787 3717 859 ignoravit

2112 891 2297 961 utique
2336 888 2484 945 verbi
2514 886 2898 958 proprietatem
2925 925 2939 949 ,
2973 883 3018 939 si
3059 883 3159 939 sibi
3203 881 3320 953 ipse
3357 881 3672 952 loqueretur
3695 920 3712 948 ,

2115 991 2173 1038 ut
2200 982 2406 1038 diceret
2431 1022 2446 1048 ,
2478 977 2606 1035 Feci
2636 978 2702 1034 ad
2735 977 3023 1049 imaginem
3069 990 3272 1033 meam.
3306 975 3525 1031 Dixerat
3566 974 3713 1031 enim

2114 1074 2181 1132 ad
2212 1072 2685 1131 demonstrandam
2731 1080 2938 1127 naturte
2982 1071 3244 1127 unitatem
3270 1114 3285 1139 ,
3337 1067 3619 1126 Faciamus
3646 1070 3717 1124 ad

2115 1178 2363 1226 nostram.
2393 1166 2582 1238 Neque
2616 1180 2830 1221 rursum
2861 1163 3105 1220 confudit
3129 1164 3198 1219 de
3225 1162 3471 1219 solitario
3507 1177 3570 1219 ac
3603 1177 3715 1219 non

2115 1265 2360 1323 solitario
2392 1262 2834 1333 intelligentiam:
2858 1274 2979 1316 cum
3012 1257 3290 1315 hominem
3322 1256 3464 1313 Deus
3489 1256 3714 1325 faciens,

2117 1361 2185 1415 ad
2212 1357 2483 1431 imaginem
2511 1355 2609 1411 Dei
2639 1354 2850 1411 fecerit.

2188 1453 2281 1510 20.
2334 1451 2544 1508 Patrem
2573 1466 2678 1505 non
2713 1449 2809 1506 sibi
2843 1458 2900 1503 ut
2940 1446 3171 1503 solitario
3197 1459 3459 1503 PACIAIIUS
3486 1445 3717 1501 locutum

2119 1565 2248 1605 esse.
2276 1579 2349 1591 —
2383 1546 2536 1615 Quod
2568 1546 2613 1601 si
2660 1546 2827 1601 Deum
2874 1553 3080 1616 patrem
3122 1542 3425 1598 solitarium
3467 1540 3568 1597 sibi
3597 1539 3718 1597 ltmc

2121 1642 2360 1698 locutum
2388 1638 2551 1696 fuisse
2576 1637 2850 1695 affirmare
2869 1637 3043 1703 voles,
3070 1644 3344 1705 tamquam
3371 1632 3596 1690 concedi
3622 1632 3717 1689 tibi

414 1774 463 1819 et
491 1714 881 1817 similitudinem
908 1760 1173 1813 nostram;
1193 1746 1315 1816 quia
1341 1757 1520 1798 sermo
1549 1747 1801 1808 uterque,
1830 1743 2013 1790 utnon
2045 1714 2098 1777 Β
2126 1733 2318 1807 possit,
2350 1743 2407 1789 ut
2435 1749 2574 1789 unus
2610 1747 2795 1789 secum
2825 1730 2971 1787 velut
3005 1744 3128 1785 cum
3170 1729 3341 1785 altero
3367 1727 3435 1783 sit
3462 1727 3679 1783 locutus
3699 1767 3716 1792 ,

400 1851 719 1908 solitarium
753 1855 982 1911 tantum,
1014 1840 1084 1896 ita
1117 1851 1293 1907 neque
1320 1832 1659 1890 differentem
1688 1842 1811 1885 esse
1842 1820 2013 1898 signi-

416 1951 578 2012 ficat;
606 1942 762 2001 nobis
791 1952 1005 2011 quoque
1033 1929 1421 1991 necsolitarius
1451 1935 1680 1990 tantum,
1702 1936 1802 1977 nec
1830 1908 2035 1975 diveri

417 2056 510 2099 sus
539 2048 624 2097 est
668 2031 1012 2093 confitendus
1056 2046 1070 2083 :
1109 2025 1322 2096 cognita
1354 2037 1451 2093 per
1488 2019 1540 2075 id
1562 2059 1578 2085 ,
1612 2016 1752 2087 quod
1792 2024 2017 2070 nostram

417 2132 696 2205 imaginent
724 2125 888 2191 dicit,
930 2137 1037 2177 non
1075 2118 1239 2175 etiam
1283 2113 1544 2185 imagines
1574 2117 1791 2165 nostras
1817 2149 1832 2175 ,
1860 2105 2019 2161 unius

419 2228 476 2284 in
526 2203 756 2294 utroque
798 2214 1125 2290 proprietate
1168 2221 1397 2267 naturae.
1441 2206 1559 2261 Non
1596 2203 1801 2259 sufficit
1837 2210 2018 2255 autem

420 2320 591 2377 solam
619 2317 911 2372 verborum
955 2307 1202 2364 attulisse
1241 2305 1509 2361 rationem
1540 2341 1556 2367 ,
1606 2296 1710 2353 nisi
1750 2295 2017 2350 dictorum

419 2408 834 2482 intelligentiam
880 2404 1043 2461 etiam
1085 2413 1269 2456 rerum
1316 2393 1561 2465 operatio
1605 2396 2015 2458 consequatur:

420 2478 679 2575 scriptum
719 2499 862 2556 enim
908 2498 981 2551 ita
1009 2502 1093 2550 est
1122 2510 1135 2547 :
1169 2489 1238 2545 Et
1287 2488 1406 2561 fecit
1445 2485 1586 2540 Deus
1630 2482 1907 2547 hominem,
1951 2478 2020 2533 ad

417 2599 695 2670 imaginem
740 2590 840 2646 Dei
869 2589 991 2661 fecit
1021 2602 1136 2642 eum
1165 2582 1320 2658 (Gen.
1355 2597 1408 2647 ι,
1441 2578 1558 2648 27).
1587 2576 1816 2646 Quaero,
1850 2574 1897 2670 si

418 2664 602 2745 litario
625 2694 784 2756 atque
814 2680 915 2753 ipsi
942 2678 1007 2734 ad
1034 2692 1093 2733 se
1121 2673 1371 2732 eumdem
1398 2671 1494 2726 fuit
1522 2683 1707 2726 sermo
1728 2709 1742 2734 ,
1771 2665 1899 2736 quid
1934 2664 2022 2720 hic

418 2779 765 2840 sentiendum
788 2770 1107 2832 existimes?
1136 2768 1305 2825 Video
1338 2765 1481 2822 enim
1529 2778 1673 2819 nunc
1701 2761 2020 2831 tripertitam

419 2874 890 2946 significationem,
925 2876 979 2924 et
1004 2861 1270 2926 facientis,
1300 2867 1354 2915 et
1383 2857 1531 2923 facti,
1559 2865 1613 2911 et
1638 2853 1893 2923 exempli.
1918 2850 2022 2920 Qui

420 2943 593 3024 factus
621 2974 725 3031 est,
758 2963 923 3017 homo
951 2965 1072 3020 est;
1114 2956 1257 3010 Deus
1284 2961 1462 3008 autem
1496 2948 1651 3014 fe”cit;
1679 2957 1733 3003 et
1759 2961 1918 3018 quem
1947 2943 2023 2999 fe-

424 3063 499 3118 cit
523 3104 538 3126 ,
582 3058 649 3114 ad
680 3053 969 3126 imaginem
999 3050 1096 3106 Dei
1145 3048 1291 3103 fecit.
1323 3046 1378 3102 Si
1408 3045 1477 3098 de
1524 3042 1770 3098 solitario
1795 3037 2022 3096 Genesis

423 3104 572 3212 esset
596 3103 819 3215 locuta:
843 3144 1072 3201 dixisset
1110 3142 1316 3211 utique,
1346 3137 1458 3210 86
1483 3135 1549 3190 Et
1578 3132 1708 3190 fecit
1734 3131 1800 3187 ad
1829 3129 2019 3201 imagi-
2046 3103 2095 3168 (ἶ

422 3262 547 3304 nem
586 3259 758 3300 suam.
809 3237 916 3295 Sed
956 3242 1352 3291 sacramentum
1391 3226 1760 3298 evangelicum
1806 3238 2019 3278 annun-

425 3343 589 3405 tians,
636 3352 747 3391 non
786 3331 926 3389 duos
950 3329 1082 3386 deos
1108 3368 1123 3393 ,
1170 3325 1264 3381 sed
1308 3325 1473 3381 Deum
1505 3331 1560 3378 et
1602 3321 1767 3376 Deum
1810 3320 2022 3375 elocuta

424 3439 544 3499 est,
574 3443 694 3485 cum
735 3424 1005 3480 hominem
1035 3434 1131 3490 per
1159 3417 1324 3472 Deum
1369 3414 1621 3470 effectum
1651 3411 1719 3465 ad
1747 3410 2023 3482 imaginem

424 3523 525 3579 Dei
550 3522 701 3578 dicit.
736 3520 910 3588 Atque
953 3514 1026 3570 ita
1068 3513 1208 3567 Deus
1254 3511 1321 3564 ad
1360 3519 1702 3563 communem
1751 3503 1852 3559 sibi
1896 3516 2021 3558 cum

427 3617 542 3673 Deo
589 3613 874 3683 imaginem
903 3615 1064 3677 atque
1112 3600 1359 3659 eamdem
1388 3597 1794 3655 similitudinem
1843 3594 2023 3649 homi-

424 3724 553 3767 nem
581 3705 848 3778 reperitur
872 3699 1083 3772 operari
1114 3714 1128 3752 :
1158 3707 1215 3752 ut
1243 3711 1341 3752 nec
1370 3692 1680 3752 solitudinis
1715 3690 2021 3762 intelligen-

424 3808 555 3863 tiam
592 3801 913 3877 significatio
933 3797 1219 3855 efficientis
1257 3794 1548 3860 admittat,
1592 3804 1692 3848 nec
1718 3789 2023 3847 divinitatis

427 3898 792 3956 diversitatem
823 3893 889 3949 ad
919 3889 1164 3950 eamdem
1198 3889 1486 3959 imaginem
1514 3902 1579 3943 ac
1615 3884 2023 3942 similitudinem

427 3991 720 4050 constituta
753 3987 986 4059 patiatur
1012 3982 1277 4055 operatio.

501 4083 594 4139 i9.
620 4081 737 4135 Alio
764 4079 873 4134 foco
896 4076 1121 4148 idipsum
1139 4073 1495 4145 confirmatur.
1520 4102 1590 4112 -—
1611 4070 1680 4127 Et
1701 4086 2025 4143 quamquam

429 4175 759 4248 superfluum
807 4181 928 4243 post
969 4171 1086 4226 bace
1115 4168 1454 4225 existimetur
1511 4166 1651 4222 ultra
1703 4166 1904 4238 aliquid
1950 4166 2029 4221 af-

431 4270 608 4334 ferre,
638 4267 762 4338 quia
793 4264 846 4318 in
888 4262 1084 4318 divinis
1130 4260 1292 4316 rebus
1328 4275 1435 4314 non
1477 4258 1810 4329 frequentius
1847 4259 2022 4329 dicta,

433 4361 529 4417 sed
570 4367 776 4415 tantum
807 4355 946 4411 dicta
975 4352 1250 4408 sufficiunt
1283 4368 1295 4404 :
1332 4360 1509 4406 tamen
1549 4351 1675 4421 quid
1709 4349 1777 4407 de
1806 4350 1909 4408 hoc
1935 4367 2029 4408 eo-

433 4454 557 4512 dem
588 4453 789 4507 dictum
817 4447 917 4515 sit,
949 4445 1201 4517 cognosci
1234 4450 1464 4513 oportet.
1492 4442 1612 4499 Non
1649 4446 1793 4499 enim
1820 4444 2031 4502 divino—

431 4560 553 4603 rum
580 4542 870 4608 dictorum,
903 4538 999 4596 sed
1028 4535 1400 4607 intelligentia:
1427 4543 1625 4590 nostr-.13
1650 4551 1678 4590 a
1710 4536 1866 4592 nobis
1890 4538 2030 4594 ratio

431 4635 742 4712 prtestanda
773 4642 874 4689 est.
907 4632 1049 4687 Deus
1071 4629 1137 4685 ad
1171 4628 1286 4685 Noe
1314 4629 1454 4683 inter
1482 4629 1646 4683 multa
1676 4629 1925 4684 mandata
1958 4631 2029 4686 ita

432 4731 674 4804 loquitur
702 4745 716 4783 :
757 4725 860 4793 Qui
890 4723 1128 4793 effuderit
1165 4720 1465 4793 sanguinem
1497 4721 1715 4777 hominis
1738 4762 1754 4790 ,
1793 4739 1888 4796 pro
1912 4739 2032 4779 san-

432 4824 587 4897 guine
625 4822 735 4894 ejus
772 4816 1065 4886 elfundetur
1100 4815 1273 4870 anima
1310 4811 1457 4883 ejus;
1495 4814 1615 4886 quia
1644 4815 1713 4869 ad
1753 4816 2030 4887 imaginem

505 4992 585 5066 (ι)
618 4992 748 5066 Ipsi.

503 5131 583 5202 (α)
611 5129 668 5184 1η
700 5123 951 5202 vulgatis,
983 5120 1099 5194 fecit
1127 5117 1379 5202 homin'e‘m
1409 5131 1428 5170 :
1458 5112 1736 5202 mendose.

509 5132 558 5202 (a
611 5131 668 5184 In
700 5131 951 5195 vulgatis,
983 5131 1099 5194 fecit
1127 5131 1379 5174 hominem
1409 5131 1428 5170 :
1458 5131 1736 5171 mendose.

509 5131 586 5276 (l2;
618 5196 940 5276 Partienlam
980 5209 1142 5276 neque
1185 5192 1253 5244 ab
1296 5186 1893 5276 Eirasmpyltieabsqiue
1920 5189 2029 5246 ulla

436 5258 582 5332 ms‘s:
605 5268 924 5327 auctoritate
953 5258 1211 5325 additam,
1244 5258 1739 5332 malegretinucrant
1765 5259 2034 5317 editiones

437 5328 747 5411 sentientes.
780 5337 857 5393 De
907 5337 1195 5411 se__qt_tippe
1223 5328 1544 5411 loquebatur
1569 5328 1734 5394 Deus,
1756 5339 2032 5411 quatenus

438 5398 683 5487 inprima
704 5423 931 5487 persona
950 5398 1104 5487 dixit;
1124 5398 1425 5487 F'aciamus,
1453 5398 1545 5453 sed
1572 5416 1673 5453 non
1698 5400 1767 5455 ad
1792 5418 1866 5468 se,
1897 5417 2033 5473 qua-

437 5473 596 5545 tenus
627 5473 730 5539 non
759 5483 810 5536 in
842 5478 1118 5549 singulari,
1148 5473 1386 5549 (Faciam.

509 5559 584 5627 (c)
608 5552 687 5627 ita
717 5567 851 5627 mss.
879 5543 959 5627 At
975 5548 1157 5627 excusi
1187 5544 1468 5607 mendose,
1499 5543 1633 5612 rapit
1662 5552 1736 5627 et“
1735 5560 1923 5599 sermo.

506 5613 591 5700 (ά)
614 5624 671 5679 ιιι
693 5621 848 5700 prius
873 5621 1103 5700 vulgatis
1130 5626 1312 5700 cuncta
1341 5613 2021 5700 contp'o'nens.nConstanter

431 5719 461 5758 a
494 5683 628 5757 mss.
660 5683 813 5751 abest
840 5683 1024 5745 cuncta
1051 5690 1159 5759 hic,
1194 5689 1444 5759 Liann.
1469 5683 1560 5751 '57,
1592 5686 1646 5743 in
1669 5685 1758 5744 Ps.
1791 5702 2018 5757 chvm,

429 5756 572 5840 ἐιζι,
596 5775 726 5835 etc.,
752 5756 1212 5819 consentientibus
1243 5756 1405 5815 LXX.

2122 1828 2481 1895 credaturque
2520 1825 2575 1880 in
2616 1840 2714 1891 eo,
2748 1822 2893 1895 quod
2939 1822 3008 1877 ad
3045 1821 3321 1893 imaginem
3358 1819 3457 1875 Dei
3490 1820 3588 1890 feci
3619 1821 3718 1873 ho-

2121 1924 2331 1989 minem,
2362 1921 2433 1976 ita
2454 1919 2693 1975 voluisse
2719 1917 2965 1987 intelligi,
2996 1926 3289 1987 tamquam,
3324 1914 3403 1971 Ad
3430 1914 3716 1984 imaginem

2124 2030 2296 2071 meam
2339 2013 2438 2070 feci
2482 2012 2787 2078 hominem;
2835 2010 3066 2082 primum
3100 2009 3218 2079 ipse
3262 2008 3573 2063 testimonio
3627 2015 3721 2062 tuo

2122 2108 2480 2181 redargueris.
2508 2106 2698 2162 Dixisti
2721 2105 2864 2162 enim
2891 2148 2906 2172 ,
2940 2105 3017 2160 Ex
3056 2105 3217 2159 Patre
3246 2102 3427 2158 omnia
3456 2142 3472 2169 ,
3502 2100 3596 2157 sed
3623 2115 3723 2173 per

2121 2203 2318 2259 Filium
2351 2200 2553 2256 omnia.
2585 2198 2826 2269 Namque
2857 2212 2953 2267 per
2979 2197 3031 2252 id
3056 2196 3204 2269 quod
3229 2195 3432 2253 dictum
3462 2203 3579 2254 est.
3612 2193 3723 2249 Fa-

2125 2297 2317 2352 ciamus
2351 2294 2606 2349 hominem
2630 2335 2646 2359 ,
2676 2306 2742 2347 ex
2768 2306 2835 2346 eo
2856 2290 3007 2362 origo
3032 2300 3116 2346 est
3144 2306 3209 2344 ex
3238 2304 3345 2361 quo
3376 2288 3449 2362 (c)
3477 2289 3643 2358 cmpit
3665 2295 3724 2345 et

2124 2403 2307 2445 sermo
2335 2406 2350 2444 ε
2377 2388 2429 2442 in
2460 2400 2526 2442 eo
2554 2401 2684 2442 vero
2705 2384 2848 2456 quod
2879 2382 3022 2438 Deus
3052 2383 3121 2437 ad
3146 2383 3422 2455 imaginem
3456 2380 3553 2435 Dei
3577 2382 3719 2454 fecit,

2125 2478 2457 2551 significatur
2471 2477 2630 2534 etiam
2662 2478 2707 2533 is
2737 2491 2832 2545 per
2856 2489 3014 2546 quem
3036 2473 3719 2544 consummaturoperatio.

2193 2559 2286 2627 Eii.
2330 2572 2437 2627 Sed
2501 2570 2842 2644 Sapientiam,
2902 2585 3020 2641 quae
3079 2567 3330 2623 htereticis
3380 2565 3724 2621 annitentibus

2127 2664 2359 2720 Christus
2385 2675 2476 2730 est,
2510 2666 2557 2719 ei
2584 2664 2831 2736 adfuisse.
2862 2692 2932 2704 —
2961 2662 3096 2718 Tum
3124 2661 3340 2729 deinde,
3375 2675 3444 2717 ne
3470 2659 3599 2731 quid
3627 2657 3723 2715 tibi

2130 2757 2255 2812 hinc
2287 2757 2446 2813 liccat
2489 2757 2705 2812 mentiri
2733 2798 2747 2823 ,
2776 2755 3048 2826 Sapientia
3070 2797 3086 2822 ,
3115 2769 3272 2825 quam
3303 2764 3358 2809 tu
3392 2754 3509 2823 ipse
3536 2750 3725 2807 Chris-

2130 2859 2239 2905 tum
2270 2851 2548 2905 confessus
2573 2864 2633 2906 es
2652 2890 2669 2917 ,
2725 2847 3013 2905 contraibit
3041 2848 3248 2914 dicens,
3282 2846 3414 2901 Cant
3441 2855 3604 2901 certos
3630 2861 3725 2916 po-

2128 2943 2276 2998 nebat
2303 2945 2469 3015 fontes
2494 2941 2586 2998 sub
2611 2943 2736 2997 caalo
2761 2984 2776 3009 ,
2806 2959 2921 2997 cum
2962 2942 3119 3014 fortia
3154 2940 3373 3013 faciebat
3395 2939 3503 3012 87
3532 2941 3726 3012 funda-

2128 3048 2299 3093 menta
2328 3049 2513 3106 terra,
2559 3053 2699 3092 erant
2738 3035 2879 3107 apud
2919 3034 3068 3090 illum
3121 3034 3199 3108 (ά)
3245 3050 3572 3105 componens.
3613 3031 3723 3104 Ego

2126 3149 2301 3199 eram,
2331 3132 2399 3186 ad
2433 3147 2585 3202 quant
2624 3129 2895 3204 gaudebat.
2942 3129 3183 3196 Quotidie
3221 3138 3391 3184 autem
3431 3126 3647 3183 lwtabar
3668 3127 3723 3181 in

2125 3236 2397 3297 conspectu
2441 3228 2552 3300 ejus
2595 3225 2650 3279 in
2695 3225 2833 3279 omni
2875 3232 3102 3295 tempere
3142 3240 3257 3279 cum
3303 3224 3563 3278 (tutaretur
3606 3222 3726 3277 orbe

2125 3320 2353 3391 perfecto
2382 3315 2465 3388 (2)
2492 3329 2538 3372 et
2568 3317 2832 3372 (tutaretur
2856 3316 2911 3370 in
2930 3316 3053 3385 filiis
3082 3314 3347 3370 hominum
3377 3312 3561 3388 (Prov.
3585 3329 3681 3370 Vttt
3704 3355 3721 3382 ,

2124 3408 2197 3464 28
2226 3420 2274 3464 et
2299 3406 2486 3479 seqq.).
2518 3407 2783 3463 Conclusa
2813 3414 2896 3463 est
2930 3407 3107 3462 omnis
3136 3407 3351 3462 occasio
3374 3446 3391 3472 ,
3434 3415 3488 3462 et
3513 3413 3727 3461 coarta«

2129 3511 2214 3557 tur
2240 3502 2306 3557 ad
2331 3502 2445 3558 veri
2475 3500 2872 3557 confessionem
2899 3499 3187 3556 universus
3217 3514 3390 3555 error.
3421 3497 3592 3555 Adest
3615 3498 3726 3554 Deo

2127 3595 2305 3665 genita
2327 3603 2452 3649 ante
2475 3593 2668 3649 saecula
2693 3590 2987 3663 Sapientia.
3011 3590 3198 3661 Neque
3226 3590 3401 3646 solum
3426 3589 3599 3655 adest,
3629 3588 3726 3646 sed

2127 3692 2288 3747 etiam
2340 3688 2634 3759 componit.
2690 3688 2786 3741 Est
2823 3699 2954 3756 ergo
2981 3698 3313 3754 componens
3348 3682 3489 3754 apud
3527 3682 3723 3753 ipsum.

2130 3784 2201 3859 (ε)
2226 3784 2471 3856 Intelligo
2495 3779 2903 3852 compositioais
2928 3779 3014 3835 vel
3044 3777 3420 3849 diSpositionis
3462 3776 3722 3835 ofﬁcium.

2129 3878 2291 3935 Pater
2315 3877 2456 3935 enim
2486 3876 2539 3930 in
2580 3890 2647 3932 eo
2674 3873 2819 3946 quod
2849 3873 3104 3944 loquitur,
3132 3870 3334 3938 efficit;
3365 3870 3536 3928 Filius
3567 3871 3620 3927 in
3659 3885 3728 3927 eo

2129 3970 2275 4044 quod
2313 3979 2569 4042 operatur
2597 3983 2718 4039 quae
2757 3967 2875 4023 fieri
2902 3974 3030 4021 sunt
3058 3965 3197 4021 dicta
3223 4006 3239 4034 ,
3271 3965 3566 4035 componit.
3597 3963 3729 4020 Per-

2129 4080 2384 4121 sonarum
2417 4071 2596 4120 autem
2625 4063 2696 4117 ita
2724 4060 2865 4118 facta
2893 4058 3168 4117 distinctio
3193 4066 3299 4124 est,
3330 4064 3389 4113 ut
3415 4072 3551 4128 opus
3577 4055 3727 4114 refe-

2131 4168 2283 4215 ratur
2312 4158 2378 4213 ad
2407 4164 2719 4226 utrumque.
2750 4153 2885 4209 Nam
2915 4153 2967 4208 in
2996 4167 3062 4207 eo
3092 4150 3233 4223 quod
3264 4148 3464 4206 dicitttr
3483 4191 3500 4218 ,
3531 4148 3728 4205 Facia-

2132 4267 2276 4317 mus,
2306 4259 2359 4306 et
2380 4249 2551 4320 jussio
2578 4247 2658 4319 (f)
2686 4254 3029 4318 exsequatur,
3064 4254 3118 4302 et
3149 4244 3347 4301 factum
3377 4261 3391 4298 :
3423 4242 3479 4299 in
3506 4258 3574 4301 eo
3600 4258 3733 4301 vero

2134 4341 2274 4415 quod
2324 4339 2602 4408 scribitur,
2636 4336 2797 4393 Eram
2844 4337 2989 4411 apud
3022 4338 3170 4393 illum
3210 4352 3520 4410 componens
3560 4334 3728 4410 (Ibid.

2134 4438 2238 4509 '50)
2265 4478 2279 4501 ,
2325 4451 2431 4492 non
2488 4433 2788 4489 solitarium
2829 4447 2890 4489 se
2934 4431 3036 4487 sibi
3063 4446 3185 4487 esse
3215 4430 3269 4487 in
3309 4430 3628 4501 operatione
3656 4429 3732 4484 si-

2054 4499 2112 4566 D
2136 4499 2377 4606 gnificat.
2405 4529 2643 4586 Laetatur
2669 4538 2850 4583 autem
2876 4535 3003 4581 ante
3032 4541 3181 4589 eum,
3208 4499 3368 4597 quem
3395 4522 3502 4580 sibi
3526 4522 3731 4596 signifi-

2138 4628 2298 4685 cabat
2342 4622 2648 4696 adgaudere
2684 4620 2909 4677 Iactanti.
2956 4618 3201 4687 Quotidie
3228 4627 3399 4673 autent
3429 4616 3641 4672 (tutabor
3676 4616 3734 4669 in

2139 4728 2412 4791 conspectu
2441 4718 2551 4790 ejus
2578 4716 2632 4769 in
2659 4714 3063 4790 omnitempore,
3087 4709 3296 4782 quando
3327 4709 3597 4764 (tutabatur
3613 4707 3735 4763 orbe

2139 4818 2398 4891 perfecto,
2448 4821 2496 4870 et
2545 4811 2814 4868 laetabatur
2839 4810 2895 4865 in
2932 4806 3059 4877 filiis
3106 4804 3376 4861 hominum
3423 4801 3587 4876 (Ibid.
3622 4802 3728 4875 30,

2213 4987 2293 5061 (Ξ)
2321 4983 2390 5040 Εε
2419 4979 2708 5037 (tutabatur.

2212 5120 2284 5191 (ρ)
2316 5118 2436 5191 Vat.
2467 5114 2585 5191 bas.
2620 5112 3106 5191 ms._,_inteffig_isn_e.
3155 5110 3390 5191 [umjn
3416 5124 3525 5166 uno
3549 5107 3732 5178 Colb.,

2136 5182 2533 5262 compositionis
2575 5185 2655 5239 vel
2701 5182 3115 5262 dispensqtionis.
3164 5182 3386 5262 Rectius
3413 5192 3728 5262 propostra

2137 5252 2468 5319 sententiain
2488 5255 2679 5317 altero,
2695 5252 2800 5310 non
2829 5254 2881 5309 in
2913 5254 3072 5311 Carn.
3100 5255 3368 5311 omittitur
3393 5252 3472 5307 vel
3500 5252 3729 5326 disposi-

2137 5336 2307 5389 tionis.
2331 5331 2447 5386 Nutt
2467 5327 2610 5381 enim
2634 5326 2719 5381 hic
2750 5327 2925 5396 agitur
2939 5326 3009 5383 de
3030 5326 3299 5396 Sapientia
3328 5323 3593 5395 quatenus
3618 5323 3737 5396 Deo

2137 5406 2308 5462 casias
2330 5397 2652 5472 praeparanti
2672 5395 2865 5472 aderat
2884 5439 2901 5466 ,
2931 5398 3035 5472 sed
3055 5395 3317 5470 quatenus
3343 5395 3727 5472 componebat.

2214 5475 2283 5549 (f)
2313 5464 2370 5532 id
2400 5464 2503 5549 est,
2535 5477 2587 5549 et
2610 5466 2831 5549 jubens‘
2941 5464 3142 5549 faciens
3181 5464 3733 5549 exmquanlurzguof

2139 5536 2281 5603 circa
2324 5562 2391 5601 ne
2418 5536 2622 5611 legeris
2643 5555 2766 5597 cum
2792 5540 2923 5596 Bad.
2962 5540 3250 5611 exequitur,
3280 5549 3521 5611 autcum
3548 5536 3644 5611 Er.
3674 5544 3735 5592 et

2130 5619 2257 5675 Par.
2279 5607 2577 5687 exequaiur,
2604 5613 2773 5669 multo
2796 5612 2975 5669 minus
2999 5607 3120 5670 cuiu
3138 5626 3270 5668 mss.
3294 5608 3450 5667 Colb.
3473 5615 3529 5665 et
3540 5607 3733 5667 Germ.

2129 5698 2454 5763 exsequatur.
