4118 6186
407 338 518 399 115

1597 330 1685 387 DE
1743 327 2120 387 TRINITATE
2148 326 2353 384 LIBER
2392 324 2481 383 Ν.

3606 321 3710 380 114

407 460 524 531 51).
568 459 799 516 Causam
845 456 1045 513 lautitiae
1084 471 1195 511 sua;
1243 452 1520 525 Sapientia
1552 449 1754 508 docuit.
1783 449 1865 522 (1)
1893 447 2009 504 Lze-
2037 451 2087 508 Α
2113 445 2258 502 enim
2286 462 2300 498 :
2334 442 2689 516 Multiplicans
2717 441 3069 512 multiplicabo
3096 456 3264 497 semen
3310 450 3452 496 tuum
3480 481 3495 508 ,
3524 451 3573 496 et
3613 457 3720 496 non

410 565 558 612 tatur
596 553 669 609 ob
698 552 940 608 laetitiam
979 550 1177 614 Patris,
1209 550 1260 605 in
1289 547 1620 620 perfectione
1651 543 1837 601 mundi
1871 551 1927 600 et
1953 543 2011 597 in

409 648 536 705 ﬁliis
560 647 843 702 hOtninnm
872 645 1127 699 lmtantis.
1158 643 1432 710 Scriptum
1463 649 1545 696 est
1575 640 1719 695 enim
1750 655 1764 691 :
1794 637 1863 694 Et
1886 636 2012 690 vidit

410 734 551 791 Deus
590 732 715 804 quia
760 731 894 785 bona
930 739 1049 784 sunt
1082 726 1237 802 (Gen.
1272 728 1336 795 t).
1388 726 1612 781 Placere
1658 725 1800 778 Patri
1846 736 2011 789 Opera

408 839 503 880 sua
532 820 773 894 gaudet,
817 835 919 893 per
945 834 1007 876 se
1043 834 1111 876 ex
1157 827 1429 889 pracepto
1455 817 1573 887 ejus
1603 814 1821 871 effecta.
1867 814 2009 871 Gau-

408 917 557 974 dium
590 915 734 971 enitn
776 929 935 969 suum
962 913 1088 968 hinc
1114 928 1236 970 εεςε
1276 911 1593 983 proﬁtetur,
1621 910 1765 983 quod
1797 909 1849 964 in
1880 925 2012 964 con-

406 1018 685 1065 summato
711 1006 846 1061 orbe
868 1013 924 1061 et
946 1003 1001 1060 in
1028 1004 1153 1061 ﬁliis
1199 1003 1479 1059 hominum
1503 1002 1666 1057 Pater
1690 1002 1845 1056 laetus
1870 1000 2013 1055 exis-

411 1112 553 1161 teret
584 1120 600 1157 :
624 1102 677 1155 in
708 1101 832 1170 ﬁliis
861 1100 1124 1155 hominum
1149 1098 1219 1153 ob
1244 1097 1318 1165 id,
1345 1096 1467 1167 quia
1486 1095 1594 1166 jam
1625 1095 1677 1149 in
1705 1110 1811 1149 uno
1837 1092 2010 1149 Adam

408 1213 573 1256 omne
592 1195 814 1252 humani
831 1194 1045 1265 generis
1067 1192 1346 1249 exordium
1374 1190 1725 1246 consutisset.
1750 1187 1867 1242 Non
1883 1202 2011 1259 ergo

408 1291 463 1346 in
496 1287 854 1345 fabricatione
881 1284 1068 1342 mundi
1099 1283 1376 1341 solitarius
1409 1283 1565 1337 Pater
1603 1280 1705 1336 sibi
1733 1280 1970 1350 loquitur
1990 1320 2006 1346 ,

410 1381 689 1453 Sapientia
726 1396 821 1438 sua
864 1394 1047 1435 secum
1076 1386 1131 1434 et
1157 1383 1487 1449 cooperante
1508 1419 1523 1444 ,
1550 1382 1605 1431 et
1641 1382 2011 1432 consummata

413 1473 798 1544 cooperatione
828 1472 1119 1544 gaudente.

487 1567 579 1623 22.
606 1563 883 1623 Conclusio
912 1581 1090 1621 eorum
1118 1580 1232 1636 qua:
1258 1581 1291 1618 a
1322 1580 1463 1619 nunt.
1514 1563 1581 1619 16
1625 1562 1842 1634 probata
1870 1573 2008 1619 sunt.

412 1694 487 1707 ——
509 1660 627 1720 Non
656 1662 967 1731 ignoramus
993 1672 1173 1716 autem
1203 1658 1366 1714 multa
1401 1665 1458 1715 et
1490 1658 1722 1714 maxima
1753 1657 1820 1713 ad
1849 1658 2012 1713 abso-

411 1754 675 1815 lutionem
719 1759 911 1812 borum
947 1755 1212 1810 dictorum
1243 1770 1365 1811 esse
1406 1754 1609 1824 reliqua
1642 1752 1717 1823 la)
1756 1770 1769 1808 :
1810 1752 1903 1809 sed
1932 1751 2015 1807 di-

2115 538 2520 595 dinumet'abitur
2557 554 2589 591 a
2618 536 2964 591 multitudine.
3008 534 3367 591 Ministerium
3411 533 3590 606 angeli
3624 550 3721 606 po-

2116 640 2282 688 testas
2310 629 2839 702 multiplicandarum
2887 629 3126 700 gentium
3159 629 3395 684 excedit.
3437 629 3544 684 Sed
3587 628 3716 699 quid

2116 724 2330 781 tandem
2369 724 2438 780 de
2467 739 2555 786 eo,
2589 724 2680 793 qui
2713 722 2808 776 Dci
2833 721 3072 792 Angelus
3098 719 3177 795 (5)
3212 738 3329 793 qua:
3359 721 3440 792 (ά)
3471 720 3571 776 soli
3605 721 3717 777 Deo

2113 820 2329 893 propria
2358 829 2481 873 sunt
2531 817 2850 888 loquebatur
2875 857 2891 884 ,
2936 815 3216 884 Scriptura
3267 822 3461 870 testata
3490 814 3611 870 est?
3648 811 3720 867 Et

2113 914 2306 968 vocavit
2332 926 2515 965 nomen
2550 909 2763 963 Dontini
2782 910 2867 978 qui
2900 907 3203 974 loquebatur
3231 923 3434 971 secum,
3470 904 3548 960 Tu
3579 905 3716 961 Deus

2113 1007 2200 1078 qui
2224 1004 2508 1075 adspexisti
2534 1020 2632 1057 me.
2669 1002 2904 1056 Primum
2926 1001 3151 1071 angelus
3182 1000 3295 1067 Dei,
3329 998 3568 1055 secundo
3601 999 3708 1054 Do-

2116 1097 2322 1163 minus;
2348 1094 2544 1149 vocavit
2575 1095 2717 1149 enim
2746 1108 2928 1147 nomen
2959 1091 3169 1146 Domini
3196 1091 3285 1162 qui
3311 1091 3612 1161 loquebatur
3637 1106 3719 1145 se-

2113 1208 2263 1257 cum;
2292 1190 2489 1245 dehinc
2521 1189 2679 1244 tertio
2727 1189 2869 1242 Deus
2894 1229 2910 1253 ,
2940 1185 3022 1241 Tu
3051 1187 3197 1242 enim
3236 1202 3288 1241 es
3343 1183 3486 1241 Deus
3510 1186 3598 1255 qui
3624 1184 3724 1239 ad-

2113 1282 2321 1354 πρίει-ἱδιὶ
2340 1298 2440 1336 me.
2492 1281 2590 1349 Qui
2622 1280 2846 1351 angelus
2879 1279 2973 1334 Dei
2999 1278 3176 1334 dictus
3207 1284 3323 1341 est;
3371 1277 3510 1331 idem
3539 1277 3724 1332 Domi-

2114 1391 2216 1432 nus
2244 1385 2298 1432 et
2331 1376 2470 1429 Deus
2499 1382 2600 1428 est.
2630 1373 2726 1427 Est
2763 1381 2943 1427 autem
2975 1369 3274 1426 secundum
3306 1369 3622 1440 prophetam
3651 1369 3721 1423 fi-

2116 1470 2219 1526 lius
2238 1469 2330 1525 Dei
2351 1468 2525 1542 magni
2551 1466 2751 1521 consilii
2779 1465 2988 1539 angelus
3013 1463 3189 1538 (Esai.
3216 1480 3295 1530 tx,
3322 1463 3378 1530 6,
3403 1480 3504 1518 sec.
3527 1461 3718 1534 LXX).

2114 1562 2185 1620 Ut
2210 1576 2563 1634 personarum
2585 1558 2859 1615 distinctio
2890 1557 3131 1613 absoluta
3163 1564 3344 1622 esset,
3373 1555 3597 1626 angelus
3623 1554 3719 1610 Dei

2115 1668 2194 1713 cst
2240 1662 2611 1724 nuncupatus;
2642 1653 2731 1721 qui
2760 1651 2902 1705 enim
2930 1660 3012 1704 est
3043 1651 3184 1704 Deus
3211 1664 3276 1704 ex
3326 1649 3454 1711 Deo,
3503 1649 3620 1718 ipse
3641 1657 3727 1703 est

2117 1757 2174 1805 et
2211 1747 2437 1818 angelus
2482 1746 2596 1801 Dei.
2652 1744 2723 1800 Ut
2750 1759 2881 1798 vero
2925 1743 3099 1797 honor
3125 1740 3340 1797 debitus
3367 1740 3724 1809 redderetur,

413 1853 521 1909 lata
549 1867 580 1907 a
632 1851 790 1906 nobis
817 1850 1159 1920 potiusquam
1189 1846 1523 1903 dissimulata
1556 1845 1824 1900 habentur
1848 1860 1863 1909 ;
1898 1845 2011 1915 ple-
2040 1849 2089 1911 B
2115 1850 2170 1899 et
2202 1841 2457 1895 Dominus
2488 1847 2544 1894 et
2570 1838 2712 1894 Deus
2739 1845 2823 1892 cst
2852 1836 3195 1908 praedicatus.

412 1947 534 2002 nior
558 1958 794 2017 namque
820 1957 1008 1999 eorum
1034 1949 1292 1996 tractatus
1321 1937 1779 2010 propositionibus
1797 1936 2012 1991 caeteris

415 2046 743 2096 reservatur.
788 2033 943 2090 Nunc
986 2035 1129 2090 enim
1169 2042 1375 2089 tantum
1423 2031 1489 2087 ad
1531 2031 1585 2087 id
1633 2029 2008 2100 respondetur,

413 2129 559 2204 quod
602 2130 654 2184 in
686 2126 1029 2198 expositione
1059 2124 1187 2181 ﬁdei
1226 2140 1375 2192 Siue,
1410 2124 1494 2179 vel
1526 2122 1705 2195 potius
1731 2121 1971 2193 perﬁdiae
1994 2162 2010 2187 ,

414 2223 484 2279 ab
524 2223 708 2294 impiis
738 2221 940 2277 dictum
987 2227 1102 2286 est,
1133 2234 1294 2273 unum
1323 2225 1528 2272 tantum
1564 2216 1728 2271 Deum
1774 2230 1803 2268 a
1831 2214 2016 2287 Moyse

416 2316 787 2389 praedicatum.
832 2313 899 2369 Et
928 2327 1057 2368 vcrc
1105 2313 1175 2367 ita
1229 2310 1579 2381 prmdicatnm
1628 2307 2011 2375 meminimus,

415 2409 540 2481 quia
593 2422 733 2464 unus
776 2407 891 2479 88
933 2405 1077 2461 Deus
1121 2412 1299 2460 estex
1353 2416 1461 2473 quo
1505 2401 1687 2457 omnia
1722 2418 1734 2454 :
1765 2400 1859 2455 sed
1906 2413 2017 2455 non

416 2509 704 2572 propterea
754 2494 1113 2569 ignorantium
1152 2509 1272 2551 esse
1295 2535 1311 2562 ,
1343 2494 1466 2564 quia
1513 2491 1683 2548 Filius
1712 2493 1854 2547 Dens
1899 2502 2015 2559 est;

415 2606 541 2648 cum
587 2589 729 2645 idem
776 2590 990 2661 Moyses
1025 2587 1196 2643 Deum
1222 2595 1278 2642 et
1325 2586 1492 2642 Deum
1540 2592 1653 2639 toto
1698 2582 1893 2656 Operis
1936 2584 2020 2639 sui

418 2697 651 2754 corpore
695 2680 767 2737 sit
807 2679 1109 2753 professus.
1157 2680 1324 2751 igitur
1367 2678 1660 2735 videndum
1704 2688 1826 2745 est,
1887 2693 2022 2749 quo-

417 2778 584 2834 modo
629 2774 706 2849 (b)
736 2783 792 2831 et
830 2774 1026 2831 electio
1056 2784 1110 2829 et
1138 2772 1217 2845 (2)
1247 2772 1515 2844 legislatio
1559 2771 1725 2828 Deum
1770 2779 1826 2827 et
1852 2771 2021 2827 Deum

420 2871 540 2944 pari
569 2867 931 2926 confessionis
957 2866 1150 2923 ordine
1180 2865 1457 2937 praedicet.

493 2964 588 3020 25.
620 2961 847 3036 Angelus
895 2959 997 3016 Dei
1047 2960 1187 3030 Agar
1237 2959 1511 3025 allocutus,
1552 2956 1692 3012 Deus
1724 2965 1817 3013 est.
1849 2954 1899 3009 F
1903 2956 2024 3011 ilius

420 3069 472 3116 et
530 3058 745 3132 angelus
797 3055 893 3111 Dei
946 3062 996 3109 et
1038 3051 1205 3109 Deus.
1259 3082 1333 3093 —
1381 3051 1509 3107 Post
1560 3050 1755 3107 multas
1792 3066 2026 3121 namque

423 3152 524 3208 Dei
590 3151 656 3205 ad
736 3147 1005 3205 Abraham
1073 3146 1467 3213 allocutiones,
1538 3160 1659 3201 cum
1739 3143 2024 3200 adversum

2188 1932 2279 1988 24.
2318 1931 2422 1988 Cur
2438 1931 2574 1985 idem
2601 1929 2813 2000 loquens
2834 1929 2902 1983 ad
2927 1928 3070 2001 Agar
3089 1928 3303 1999 angelus
3326 1969 3342 1995 ,
3367 1926 3436 1982 ad
3467 1926 3728 1982 Abraham

2120 2027 2263 2083 Deus
2306 2027 2528 2080 dicatur.
2568 2055 2639 2066 —
2683 2023 2750 2077 Et
2798 2024 2884 2077 hic
2922 2021 3140 2093 quidem
3191 2022 3424 2091 primum
3458 2019 3725 2091 angelus,

2119 2121 2316 2180 deinde
2355 2119 2497 2176 idem
2527 2129 2713 2190 postea
2746 2126 2802 2172 et
2843 2116 3104 2172 Dominus
3133 2124 3188 2170 et
3212 2114 3357 2170 Deus
3391 2132 3405 2167 :
3446 2112 3513 2168 ad
3559 2111 3732 2167 Abra-

2120 2221 2243 2271 ham
2271 2229 2405 2270 vero
2446 2220 2650 2268 tantum
2684 2212 2846 2266 Deus.
2879 2208 3021 2265 Tuto
3070 2208 3214 2263 enim
3239 2248 3255 2272 ,
3304 2207 3415 2277 jam
3462 2218 3724 2276 persona-

2071 2322 2078 2329 '
2120 2324 2239 2365 rum
2270 2306 2350 2381 (4)
2379 2304 2709 2362 discretione
2730 2303 3030 2374 prmmissa,
3062 2316 3132 2355 ne
3162 2298 3391 2354 solitarii
3419 2312 3574 2353 error
3593 2296 3724 2352 sub-

2121 2410 2303 2467 esset,
2355 2399 2664 2456 absolutum
2708 2407 2762 2454 et
2792 2411 2978 2452 verum
3012 2394 3269 2468 “ejus
3315 2407 3511 2449 nomen
3557 2391 3729 2447 edici-

2090 2505 2230 2552 .tur.
2276 2495 2551 2564 Scriptum
2584 2506 2818 2564 namque
2851 2500 2936 2547 est
2968 2509 2981 2546 :
3019 2490 3087 2544 Et
3117 2489 3249 2543 dixit
3280 2486 3424 2543 Deus
3452 2487 3524 2541 ad
3558 2485 3728 2541 Abra-

2124 2587 2275 2655 ham,
2308 2585 2443 2641 Ecce
2471 2585 2607 2641 Sara
2632 2600 2765 2640 uxor
2793 2592 2882 2638 tua
2908 2581 3073 2652 pariet
3108 2581 3278 2649 ﬁlium
3306 2580 3424 2644 tibi,
3450 2588 3499 2633 et
3526 2576 3728 2633 vocabis

2126 2694 2309 2733 nomen
2348 2678 2461 2748 ejus
2494 2675 2645 2730 Isaac
2679 2692 2698 2729 :
2728 2683 2775 2729 et
2802 2682 3028 2727 statuam
3068 2681 3425 2728 testamentum
3465 2686 3635 2725 meum
3660 2669 3730 2723 ad

2124 2773 2274 2827 illum
2313 2773 2367 2825 in
2396 2777 2752 2824 testamentum
2780 2776 3027 2823 (sternunt
3051 2806 3066 2830 ,
3096 2775 3144 2819 et
3169 2764 3351 2820 semini
3380 2764 3492 2834 ejus
3519 2772 3633 2833 post
3656 2762 3727 2817 il-

2128 2865 2255 2919 lum.
2286 2862 2363 2918 De
2389 2860 2583 2916 Ismael
2603 2871 2795 2927 autent,
2823 2875 2938 2913 ecce
2965 2857 3208 2913 exaudiui
3239 2866 3306 2923 te,
3328 2866 3375 2911 et
3398 2854 3632 2910 benedixi
3660 2854 3727 2920 ei,

2127 2966 2175 3010 et
2204 2951 2671 3028 ampli/icabo‘tum
2712 2951 2862 3006 valde
2895 2966 2914 3004 :
2945 2949 3211 3004 duodecim
3242 2955 3416 3020 gentes
3437 2946 3727 3017 generabit,

2129 3059 2176 3106 et
2205 3047 2334 3103 dabo
2358 3064 2476 3103 eum
2503 3048 2553 3100 in
2581 3053 2778 3119 gentem
2803 3059 3042 3114 magnam
3070 3038 3227 3113 (Gen.
3269 3055 3398 3104 xvu,
3435 3039 3503 3095 19
3531 3079 3548 3105 ,
3606 3036 3726 3109 20).

2135 3137 2405 3208 Numquid
2430 3136 2741 3206 ambigitur,
2775 3133 2901 3204 quin
2929 3133 3019 3205 qui
3047 3132 3272 3202 angelus
3300 3131 3395 3187 Dei
3425 3131 3599 3185 dictus
3623 3141 3728 3195 cst,

421 3247 572 3315 Agar
624 3244 756 3301 Sara
813 3249 1250 3299 commoveretur
1274 3281 1288 3306 ,
1330 3238 1615 3308 conceptui
1664 3238 1873 3294 ancilla:
1925 3237 2024 3293 do-
2054 3244 2101 3309 ο
2132 3235 2274 3291 idem
2305 3249 2520 3290 rursum
2551 3231 2764 3287 dicatur
2788 3237 2845 3285 et
2872 3228 3053 3285 Deus?
3080 3228 3400 3296 Pariterque
3441 3224 3510 3280 de
3537 3223 3732 3279 Ismael

422 3338 571 3396 mina
623 3336 830 3394 sterilis
877 3334 1141 3401 invidens,
1175 3347 1407 3404 cumque
1432 3331 1775 3389 discessisset
1816 3346 1846 3384 a
1896 3344 2029 3387 con-

419 3441 616 3505 Spectu
678 3432 833 3501 ejus,
910 3431 985 3484 ita
1037 3427 1107 3483 de
1175 3441 1236 3483 ea
1299 3425 1575 3496 Scriptura
1622 3424 1911 3492 loquitur:
1955 3421 2027 3477 Et

420 3527 556 3581 dixit
574 3526 802 3597 Angelus
824 3521 1036 3576 Domini
1058 3520 1127 3574 ad
1148 3519 1311 3592 Agar,
1342 3516 1474 3573 Redi
1493 3517 1564 3571 ad
1584 3517 1845 3571 dominam
1860 3524 2022 3583 tuam,

422 3628 473 3675 et
526 3616 744 3671 humilia
778 3624 826 3671 te
870 3613 965 3668 sub
1012 3612 1249 3667 manibus
1287 3610 1416 3681 ejus.
1457 3608 1524 3664 Et
1554 3608 1687 3664 dixit
1715 3608 1760 3662 ei
1800 3606 2026 3678 Angelus

425 3710 668 3777 Domini,
703 3707 1057 3781 Multiplicans
1079 3702 1429 3775 multiplicabo
1458 3719 1627 3758 semen
1658 3711 1818 3764 tuum,
1844 3710 1891 3755 et
1919 3715 2024 3753 non

423 3801 833 3860 dinumerabitur
860 3817 893 3855 a
936 3796 1265 3853 multitudine
1295 3793 1448 3868 (Gen.
1494 3810 1609 3858 xvr,
1646 3793 1680 3849 9
1714 3833 1730 3858 ,
1794 3791 1907 3865 10).
1953 3790 2024 3846 Ει

421 3914 644 3958 rursum
684 3917 697 3952 :
730 3896 796 3952 Et
820 3895 1014 3951 vocavit
1053 3908 1232 3948 nomen
1261 3888 1474 3945 Domini
1498 3890 1585 3958 qui
1611 3887 1910 3957 loquebatur
1943 3901 2023 3941 se-

424 4010 546 4048 cum
569 4035 586 4059 ,
607 3991 687 4046 Tu
727 3989 868 4045 Deus
896 3989 981 4057 qui
1023 3984 1307 4058 adspexisti
1352 4000 1431 4037 me
1460 3981 1648 4055 (lbid.,
1680 3980 1793 4050 15).
1845 3981 2024 4050 Ange-

423 4087 513 4142 lus
539 4083 615 4159 (ε)
657 4084 750 4140 Dei
796 4080 1034 4151 loquitur
1095 4076 1335 4149 (duplex
1377 4083 1554 4128 autem
1605 4071 1658 4127 in
1698 4071 1892 4143 angelo
1931 4072 2024 4128 Dei

424 4179 748 4250 significatio
775 4184 860 4232 est
905 4193 918 4230 :
962 4174 1078 4244 ipse
1108 4171 1198 4242 qui
1227 4179 1344 4237 est,
1374 4177 1430 4224 et
1455 4167 1548 4224 ille
1578 4166 1731 4238 cujus
1758 4176 1839 4222 est
1870 4166 1890 4239 )
1925 4183 1938 4220 :
1972 4174 2026 4222 et

425 4275 671 4346 loquitur
714 4286 822 4327 non
863 4284 952 4326 res
995 4264 1291 4323 secundum
1342 4277 1539 4318 nomen
1594 4259 1759 4319 ofﬁcii
1804 4259 1919 4325 sui;
1953 4258 2028 4315 ait

500 4409 581 4481 (1)
615 4407 929 4481 inuoluitur.

499 4476 582 4555 (2)
613 4476 926 4555 Degisdalio.

502 4548 586 4627 (5)
621 4548 749 4618 Qua!
772 4548 903 4605 sola.

506 4691 590 4765 (ιι)
613 4690 749 4745 Puta
777 4703 897 4765 quae
925 4687 977 4741 in
1000 4683 1201 4765 eodem.
1230 4683 1393 4765 Prov;
1418 4694 1518 4762 cap

428 4747 603 4819 minus
645 4747 835 4816 creavit
876 4774 988 4826 me,
1021 4764 1158 4822 etc.,
1188 4754 1241 4810 in
1284 4747 1845 4825 quibus'illustrandis
1892 4754 2034 4801 totus

428 4836 547 4892 fere
578 4834 714 4888 liber
739 4847 812 4887 stt
832 4873 849 4893 ,
881 4837 1196 4898 occupatur.

504 4886 970 4978 (b)iap'ud.7_t'_.ips.
1001 4886 1059 4954 et
1081 4898 1230 4978 Pam,
1259 4889 1868 4978 etlectioetlegislatio,
1896 4886 2035 4978 Rec-

432 4961 541 5033 tius
563 4961 690 5031 aliis
714 4974 767 5029 in
801 4961 976 5037 libris,
1003 4979 1050 5025 et
1075 4968 1254 5024 electio
1279 4974 1326 5019 et
1355 4961 1766 5037 legislatio,'ho_c
1791 4969 1915 5037 est,
1934 4975 2034 5037 no_-_-

429 5029 652 5103 sumne
677 5029 833 5100 vetus
875 5029 1280 5098 Testamentum
1308 5076 1322 5099 ,
1367 5029 1663 5090 sécundum
1707 5031 1838 5086 illud
1881 5029 2033 5086 Pauli

432 5122 597 5177 Rom.
631 5132 710 5182 ιι,
749 5118 780 5170 7
812 5135 826 5173 :
862 5112 1014 5182 Quod
1043 5109 1299 5181 quarrebat
1327 5103 1655 5182 lsrael,__hoc
1684 5119 1786 5182 non
1810 5110 1884 5182 est
1908 5116 2033 5182 con-

430 5171 643 5247 itaita:
659 5231 675 5255 ,
696 5171 904 5243 electi;
914 5171 1082 5239 autem
1105 5171 2031 5255 consecutaest.'Hincplnniusnjam

436 5242 783 5327 Ῑῖιῖἧιλε,
817 5257 884 5311 ad
916 5256 1121 5327 bunc_c_e
1145 5251 1341 5306 librum
1381 5249 1559 5327 habita
1585 5242 1794 5327 ratione
1829 5242 2035 5327 :__Recte

434 5316 572 5390 enim
598 5316 959 5385 imum-Deum
980 5343 1013 5381 a
1042 5322 1224 5394 Moyse
1253 5322 1593 5394 praedicatum
1621 5316 1913 5394 Evangeliq
1929 5324 2032 5368 tes-

437 5386 617 5460 tantur
640 5420 655 5456 :
680 5412 725 5455 et
748 5415 956 5455 rursum
976 5386 1195 5465 ﬁdelit'er
1218 5386 1273 5447 in
1296 5392 1589 5467 Evangeliis
1608 5386 1783 5444 Deum
1801 5396 1849 5442 et
1871 5386 2034 5467 Deum

438 5457 632 5540 doceri,
664 5471 871 5545 Moyses
897 5457 1065 5545 Deum
1093 5482 1252 5545 unum
1272 5457 1558 5545 medicans
1581 5471 1761 5516 auctor
1783 5470 1875 5514 est.
1899 5457 2036 5545 Hinc

437 5530 595 5603 facile
618 5530 845 5600 diluiiur
869 5542 1138 5610 objectum
1182 5530 1338 5605 illud,
1368 5535 1511 5610 tptod
1542 5549 1640 5610 pe_r
1667 5547 1728 5587 se
1761 5530 2030 5610 occurrit;

440 5619 501 5676 Si
529 5614 809 5673 electionis
847 5626 903 5670 et
927 5603 1280 5679 l'rgislationis
1325 5603 1556 5679 nomine
1589 5603 1940 5679 Evangelium
1981 5607 2038 5655 et

440 5672 616 5762 legem
653 5686 919 5762 intelligat
958 5672 1235 5762 Quartus,
1269 5676 1652 5762 cut-“deinceps
1681 5672 1887 5762 es'so’l‘a
1915 5672 2037 5753 lege

444 5742 632 5821 ctando
658 5774 722 5814 cx
758 5742 1046 5827 Evangelio
1074 5742 1242 5807 Deum
1270 5755 1334 5827 et_
1353 5749 1519 5827 Deu_m
1543 5742 1803 5827 ostendit“.
1812 5742 2038 5827 Quippe

447 5815 610 5890 veluti
668 5843 779 5885 rem
825 5815 1163 5886 coristantent
1214 5820 1400 5893 ponit,
1453 5821 1618 5877 Deum
1664 5825 1722 5875 et
1767 5816 1934 5873 Deum
1983 5815 2039 5869 in

2131 3343 2312 3384 sermo
2342 3336 2421 3382 est
2445 3368 2460 3390 ,
2487 3332 2544 3380 et
2582 3338 2728 3387 nunc
2757 3330 2814 3377 et
2840 3321 3041 3376 dudum
3072 3318 3512 3388 multiplicandns
3540 3317 3607 3373 ab
3638 3331 3734 3371 eo-

2129 3418 2254 3475 dem
2280 3427 2383 3475 est.
2415 3417 2483 3473 Et
2518 3432 2587 3472 ne
2616 3415 2755 3471 forte
2784 3428 2889 3470 non
2918 3411 3060 3469 idem
3089 3455 3103 3477 ,
3132 3411 3225 3483 qui
3252 3417 3400 3466 esset
3427 3410 3634 3464 locutus
3659 3407 3728 3463 ad

2128 3513 2295 3583 Agar,
2325 3527 2431 3565 non
2464 3508 2611 3580 loqui
2634 3506 2980 3564 crederetur:
3009 3503 3256 3576 ejusdem
3286 3516 3535 3574 persona:
3562 3500 3730 3571 signi-

2129 3604 2436 3661 ﬁcationem
2467 3602 2685 3657 divinus
2723 3615 2903 3656 sermo
2935 3606 3161 3653 testatur
3184 3639 3199 3663 ,
3229 3596 3417 3652 dicens
3437 3635 3454 3659 .
3485 3592 3553 3648 Et
3578 3593 3732 3649 bene-

2128 3697 2240 3753 dixi
2261 3695 2342 3767 (5)
2364 3696 2412 3751 ei
2428 3703 2475 3751 et
2503 3690 2573 3766 (e)
2597 3690 2946 3763 multiplicabo
2975 3705 3111 3744 eum.
3144 3687 3457 3745 Benedictio
3479 3701 3551 3743 ex
3584 3700 3728 3756 pra:-

2128 3790 2287 3847 terito
2317 3798 2434 3855 est;
2466 3786 2579 3858 jam
2609 3787 2752 3841 enim
2779 3785 2847 3840 ad
2886 3786 3030 3856 Agar
3058 3797 3239 3839 sermo
3268 3781 3439 3837 fuerat
3461 3797 3475 3834 :
3496 3779 3574 3851 (ι’)
3604 3794 3727 3833 am-

2122 3882 2383 3957 pliﬁcatio
2429 3896 2561 3936 vero
2594 3880 2646 3935 in
2699 3877 2965 3943 futurum;
3021 3889 3165 3931 nunc
3219 3874 3363 3929 enim
3392 3871 3624 3941 primum
3654 3871 3727 3926 ad

2123 3979 2399 4035 Abraham
2426 3975 2494 4031 de
2514 3974 2705 4032 Ismael
2730 3973 2872 4029 Deus
2891 3971 3146 4041 loquitur.
3171 3966 3248 4041 (g)
3274 3965 3340 4020 Et
3360 3963 3427 4019 ad
3450 3962 3725 4019 Abraham

2129 4071 2274 4125 Deus
2298 4068 2569 4141 loquitur;
2593 4067 2660 4122 ad
2686 4068 2833 4136 Agar
2859 4076 2989 4120 vero
3012 4058 3239 4132 angelus
3267 4056 3363 4114 Dei
3387 4057 3599 4114 locutus
3621 4064 3727 4112 est.

2130 4162 2274 4219 Deus
2315 4161 2479 4233 igitur
2506 4168 2592 4216 est
2613 4201 2629 4228 ,
2658 4158 2750 4230 qui
2784 4155 2862 4230 th)
2895 4164 2950 4212 et
2976 4153 3203 4226 angelus
3228 4161 3314 4207 est
3344 4165 3359 4204 :
3401 4150 3528 4220 quia
3553 4148 3644 4220 qui
3672 4157 3731 4204 et

2129 4257 2354 4330 angelus
2381 4255 2478 4312 Dei
2503 4262 2622 4321 est,
2656 4252 2798 4309 Deus
2826 4260 3003 4308 estex
3035 4247 3144 4303 Deo
3186 4251 3366 4300 natus.
3411 4241 3507 4299 Dei
3545 4250 3728 4298 autem

2204 4395 2285 4469 (dy)
2325 4393 2686 4469 Distinctione.
2713 4463 2743 4469 η
2762 4463 2784 4469 Δ
2858 4462 2868 4469 _
3086 4424 3087 4427 η

2207 4462 2288 4543 (5)
2325 4465 2485 4534 Eum,
2508 4474 2557 4522 et
2582 4462 2912 4537 ampliﬁcabo
2933 4477 3069 4517 eum.

1526 4719 1539 4733 .
1572 4676 1839 4732 habentur
1876 4690 1890 4729 :
1924 4670 2034 4727 Do-
2058 4672 2115 4736 D
2144 4667 2436 4739 Evangelio
2466 4664 2627 4739 claris
2649 4662 2831 4739 verbis
2853 4657 3172 4739 praedicari;
3206 4656 3277 4713 ita
3299 4663 3495 4739 uttum
3519 4667 3586 4707 ex
3613 4651 3735 4739 lege

2141 4725 2249 4796 tum
2281 4725 2348 4797 é’x
2377 4737 2666 4805 Evangelio
2697 4736 2800 4789 hoc
2828 4725 3034 4788 certum
3062 4731 3304 4805 futurum
3329 4726 3435 4791 sit,
3482 4739 3605 4805 cum
3647 4725 3732 4778 lex

2139 4794 2357 4869 ostensa
2384 4794 2556 4864 iuet-il
2590 4805 2691 4861 hac
2719 4806 2882 4859 etiam
2926 4809 3074 4871 parte
3108 4814 3232 4854 cum
3266 4794 3558 4871 Evangelia
3599 4808 3734 4871 con-

2138 4865 2364 4939 sentire.
2396 4879 2551 4937 Unde
2577 4876 2804 4933 Genesis
2835 4865 3002 4927 Deum
3031 4880 3087 4926 et
3118 4871 3284 4924 Deum
3312 4867 3546 4932 elocuta,
3565 4881 3620 4920 n.
3639 4865 3729 4933 18,

2137 4938 2333 5010 dicitur
2351 4993 2365 5018 ,
2398 4950 2747 5021 euangelicum
2773 4938 3508 5021 sacramentumhannuntiansl.

2208 5008 2289 5097 (ε)
2321 5008 2826 5097 S'ola_edi_tio_Par.,
2870 5015 3094 5097 Angelus
3133 5010 3273 5097 Deus
3312 5025 3343 5097 ε.
3370 5008 3633 5097 refellit-ur
3659 5022 3732 5097 ex‘

2136 5080 2415 5152 subuersis.
2455 5094 2533 5149 De
2554 5080 2899 5147 distinctione
2927 5080 3045 5157 ejus
3069 5083 3155 5156 qui
3181 5089 3256 5138 est
3296 5080 3365 5137 ab
3390 5094 3457 5136 eo
3484 5080 3631 5152 cujus
3661 5087 3738 5135 est

2137 5168 2248 5241 jam
2275 5178 2458 5241 actum
2477 5174 2562 5241 est
2585 5163 2652 5218 ad
2678 5161 2772 5216 lib.
2804 5173 2862 5220 II.
2886 5174 2946 5241 An.

2237 5239 2295 5311 d)
2323 5239 2379 5295 In
2412 5238 2686 5311 plerisque
2713 5245 2779 5287 ac
2808 5228 3268 5311 pot_ioribus_rnss.
3294 5224 3573 5311 quatnsola.

2214 5241 2295 5381 (ά)
2323 5241 2379 5295 1η
2412 5241 2686 5309 plerisque
2713 5245 2779 5287 ac
2808 5241 3107 5301 potioribus
3132 5241 3268 5283 mss.
3294 5241 3412 5297 qua:
3437 5241 3573 5279 sola.
3701 5293 3712 5305 .

2235 5312 2286 5383 e)
2319 5311 2416 5367 Ms.
2463 5306 2691 5365 Carnut.
2745 5300 3026 5374 ampliatio.
3068 5297 3178 5357 Alii
3225 5295 3490 5362 nonnulli,
3548 5293 3742 5364 ampli-

2138 5382 2447 5582 βσῗῧᾟς.
2486 5451 2641 5509 Colb.
2687 5464 2809 5507 cum
2850 5446 3039 5502 Germ.
3083 5400 3394 5525 amplicabo.
3446 5436 3569 5493 Vat.
3616 5436 3738 5521 bas.

2138 5541 2261 5582 amo
2283 5525 2466 5582 ih'cabo
2493 5540 2512 5578 :
2538 5523 2681 5582 uttod
2712 5536 2818 5577 non
2851 5516 3186 5582 displiceret,
3217 5527 3267 5567 st
3296 5524 3445 5582 prius
3480 5507 3738 5577 benedixi,

2138 5507 2466 5609 ampliﬁcatio
2493 5507 2681 5609 {aliud
2712 5536 2818 5609 non
2851 5507 3186 5588 displiceret,
3217 5511 3267 5567 si
3296 5509 3445 5584 prius
3480 5507 3740 5577 benedixi,

2139 5596 2247 5652 non
2275 5596 2555 5652 benedictio
2577 5596 2866 5664 legeretur.
3298 5616 3301 5617 ν

2212 5668 2289 5740 (g)
2316 5667 2531 5740 Verba,
2557 5676 2602 5720 et
2631 5665 2701 5720 ad
2738 5660 3000 5740 Abraham
3046 5658 3186 5714 Deus
3224 5656 3482 5728 loquitur,
3520 5652 3579 5709 in
3612 5658 3743 5710 ante

2140 5738 2374 5810 vulgatis
2396 5738 2619 5810 omissa,
2648 5738 3007 5810 restituuntur
3034 5746 3102 5810 es
3132 5744 3265 5810 mss.
3295 5801 3308 5810 _
3416 5806 3432 5810 μ
3511 5798 3516 5804 ἱ
3581 5798 3596 5810 ⁸
3715 5772 3723 5810 ,

2140 5829 2155 5884 ε
2215 5798 2380 5884 (7t)ln
2406 5798 2666 5881 vulgatis,
2718 5817 2765 5863 et
2817 5806 2907 5877 qni
2950 5802 3164 5875 angelus
3211 5800 3308 5858 Dei
3360 5806 3465 5867 est,
3509 5798 3630 5868 "quia
3684 5798 3733 5849 et
