4118 6186
375 236 393 290 1
414 234 475 291 15
1549 232 1795 291 SANCTl
1832 232 2087 289 lllLAllll
2132 230 2436 289 l‘LPISCUPl
3572 230 3673 288 116

371 351 596 423 angelus
616 352 686 407 ob
712 352 764 408 id
792 352 987 420 dictus,
1019 352 1140 424 quia
1162 349 1338 422 magni
1353 351 1569 407 consilii
1595 352 1917 423 estangelus
1948 367 1962 406 :
1990 352 2048 416 Α
2070 361 2118 406 et
2150 354 2379 422 concepit
2412 364 2458 409 et
2483 354 2677 425 peperit
2705 352 2840 409 Sara
2864 352 3086 408 Abrahae
3111 351 3279 425 ﬁlium
3323 350 3379 407 in
3420 360 3676 408 senectute

374 446 516 502 Deus
559 461 690 502 vero
735 445 879 502 idem
922 455 1104 516 postea
1144 443 1547 499 demonstratus
1594 452 1714 511 est,
1766 458 1834 499 ne
1875 441 1969 513 qui
2071 461 2187 512 sua,
2213 454 2262 499 et
2292 446 2344 500 in
2368 455 2593 519 tempore
2617 447 2751 501 sicut
2775 445 2980 501 locutus
3018 455 3090 500 est
3119 443 3203 500 illi
3233 442 3487 500 Dominus
3516 443 3674 519 (Gen.

376 536 516 594 Deus
559 547 662 602 est,
695 552 817 594 esse
842 538 1066 609 angelus
1095 535 1429 592 crederetur.
1477 534 1747 607 Sequatur
1789 549 1971 591 sermo
2072 550 2199 603 xxi,
2232 537 2258 591 1
2297 576 2312 603 ,
2361 536 2458 608 2).
2484 537 2686 593 Dehinc
2726 536 2951 606 expulsa
2996 536 3066 590 de
3105 535 3340 591 Abraha:
3363 534 3528 591 domo
3552 548 3676 592 eum

378 629 626 685 ordinem
667 645 868 688 rerum.
937 628 1175 700 Angelus
1209 627 1419 684 Domini
1463 626 1531 683 ad
1569 626 1715 699 Agar
1761 627 1975 684 locutus
2075 626 2189 682 lilio
2214 642 2314 684 suo
2341 628 2619 695 ancilla,et
2646 631 2697 683 in
2720 629 2936 685 deserto
2959 628 3033 683 ob
3059 644 3214 700 aqua:
3242 629 3479 699 inopiam
3512 629 3681 686 inter-

377 728 496 787 est;
535 719 675 775 idem
707 719 775 774 ad
803 717 1074 774 Abraham
1124 718 1265 774 Deus
1296 717 1567 790 loquitur,
1594 734 1659 774 ex
1688 717 1877 773 eodem
1906 716 1976 773 ad
2076 718 2209 776 itum
2252 722 2402 791 pueri
2452 721 2674 777 timente
2708 761 2722 786 ,
2765 721 2954 776 eadem
3003 721 3280 792 Scriptura
3328 722 3441 788 ait,
3495 720 3568 794 (ε)
3614 720 3685 777 Et

378 822 669 883 utrumque
696 812 755 867 lit
784 828 988 868 sermo.
1008 810 1351 867 Benedicitur
1374 810 1581 877 lsmael,
1614 820 1667 867 et
1686 811 1736 866 in
1759 817 1978 883 gentem
2078 813 2340 868 exaudivit
2369 810 2625 868 Dominus
2659 812 2797 868 Deus
2824 828 2995 867 uocem
3014 814 3158 884 pueri
3178 812 3266 869 ubi
3288 821 3433 878 erat,
3461 822 3509 866 et
3535 829 3688 867 uoca-

380 921 626 976 magnam
654 902 1070 973 ampliﬁcandns
1095 918 1216 959 esse
1247 901 1600 972 promittitur.

448 998 538 1053 25.
568 997 880 1068 Referuntur
903 1007 948 1049 et
972 996 1078 1051 alia
1107 996 1232 1059 uisa,
1256 995 1413 1062 dicta,
1440 1003 1681 1065 gesta.—
1703 993 1984 1064 Scriptura

382 1098 435 1144 et
466 1104 562 1159 per
589 1087 860 1143 Abraham
886 1128 902 1149 ,
939 1088 1105 1142 Deum
1152 1102 1273 1142 esse
1301 1087 1388 1156 qui
1421 1086 1732 1155 loqueretur
1752 1125 1766 1151 ,
1795 1094 1984 1140 osteuo

384 1184 483 1241 dit.
512 1182 743 1238 Abralne
781 1197 996 1253 quoque
1021 1179 1171 1236 lsaac
1215 1179 1352 1235 lilius
1395 1180 1747 1249 promittitur.
1782 1178 1988 1235 Dehinc

386 1284 576 1347 postea
603 1276 868 1331 assistunt
899 1274 995 1329 viri
1025 1282 1156 1329 tres.
1183 1272 1454 1328 Abraham
1485 1270 1790 1341 conspectis
1816 1270 1989 1326 tribus

388 1387 554 1427 unum
611 1368 842 1437 adorat,
900 1378 956 1424 et
1009 1367 1295 1423 Dominum
1351 1365 1658 1423 conﬁtetur.
1712 1365 1989 1436 Scriptura

389 1461 668 1518 adstitisse
694 1462 843 1517 viros
873 1471 983 1516 tres
1018 1458 1188 1516 edidit
1218 1476 1231 1513 :
1258 1458 1354 1515 sed
1382 1455 1687 1529 patriarcha
1709 1472 1815 1513 non
1838 1456 1993 1528 igno-

390 1564 478 1610 rat
516 1553 609 1626 qui
657 1564 709 1609 et
758 1551 1064 1608 adorandus
1112 1554 1181 1607 sit
1224 1561 1278 1607 et
1307 1549 1669 1607 conﬁtendus.
1697 1549 1992 1605 lndiscreta

2081 903 2150 957 uit
2189 904 2400 974 angelus
2440 902 2534 958 Dei
2562 905 2701 974 Agar
2743 903 2808 957 de
2852 904 3015 968 ctelo,
3066 910 3114 957 et
3154 903 3287 957 dixit
3323 903 3395 965 ei,
3431 902 3571 968 Quid
3614 912 3688 959 est

2083 992 2261 1065 Agar?
2281 994 2387 1049 noli
2412 995 2622 1061 timere;
2643 995 2904 1050 exaudiuit
2923 995 3058 1048 enim
3081 992 3224 1049 Deus
3249 1008 3420 1049 uocent
3450 995 3595 1066 pueri
3622 995 3686 1050 de

2085 1085 2198 1141 loco
2228 1086 2281 1141 in
2304 1103 2406 1157 quo
2425 1096 2522 1143 est.
2556 1085 2746 1158 Surge,
2782 1096 2830 1141 et
2876 1086 3052 1157 accipe
3093 1102 3332 1155 puerum,
3356 1096 3407 1142 et
3433 1097 3546 1142 tene
3573 1104 3688 1143 ma-

2088 1194 2214 1233 num
2236 1182 2370 1251 ejus;
2398 1181 2452 1234 in
2481 1189 2681 1251 gentem
2708 1179 2843 1235 enim
2871 1194 3108 1251 magnam
3140 1179 3331 1250 faciam
3351 1193 3467 1234 cum
3490 1176 3684 1249 (lbid.,

2093 1272 2157 1326 l7
2187 1310 2204 1338 ,
2249 1270 2361 1344 ts).

2163 1365 2254 1423 26.
2280 1365 2663 1439 Expenduntur
2702 1365 2924 1437 singula.
2960 1364 3131 1421 Filius
3173 1375 3223 1421 et
3269 1365 3446 1438 magni
3490 1365 3697 1421 consilii

2094 1460 2309 1532 angelus
2334 1472 2430 1528 est,
2455 1469 2506 1515 et
2535 1458 2806 1526 Dominus,
2833 1468 2882 1515 et
2903 1459 3060 1514 Deus.
3081 1458 3299 1526 -ρυω
3323 1457 3563 1529 perﬁdia:
3592 1473 3707 1515 cat-7

2096 1552 2233 1609 citas
2257 1562 2371 1620 est,
2403 1567 2523 1623 quae
2562 1551 2823 1608 increduli
2853 1550 3034 1607 cordis
3061 1549 3140 1624 (d)
3170 1551 3389 1609 obtusio
3423 1556 3547 1617 est,
3577 1564 3702 1621 quas

391 1646 760 1702 assistentium
805 1646 1012 1715 species
1054 1654 1169 1711 est;
1215 1644 1310 1699 sed
1365 1643 1458 1698 ille
1508 1642 1791 1698 Dominum
1837 1656 1992 1697 suum
2098 1645 2513 1716 irreligiositatis
2574 1645 2881 1710 temeritas,
2937 1653 3029 1699 aut
3080 1647 3334 1713 ignorare
3393 1642 3545 1708 haec,
3609 1650 3705 1698 aut

396 1738 523 1794 ﬁdei
552 1739 721 1794 oculis
750 1748 807 1793 et
832 1738 949 1793 visu
972 1739 1172 1795 mentis
1204 1736 1442 1808 agnovit.
1476 1737 1679 1792 Dehinc
1708 1738 1953 1808 sequitur
1977 1755 1992 1794 :
2025 1740 2073 1801 B
2100 1753 2208 1794 non
2255 1739 2497 1808 ignorata
2537 1737 2851 1808 negligere?
2880 1736 3040 1793 Certe
3076 1738 3147 1792 ita
3176 1742 3600 1791 commemorata
3648 1741 3704 1790 et

397 1829 732 1903 Etsodixit
754 1829 1110 1896 ei,Rerertens
1136 1830 1331 1885 veniam
1350 1827 1420 1883 ad
1440 1838 1488 1885 te
1506 1829 1574 1883 ad
1595 1828 1690 1883 hoc
1718 1837 1914 1899 tempus
1943 1827 1997 1883 in
2101 1830 2244 1887 dicta
2275 1839 2422 1896 sunt,
2469 1844 2539 1887 ne
2581 1830 2987 1900 intelligentiam
3026 1830 3270 1887 veritatis
3311 1844 3467 1885 error
3510 1828 3705 1900 aliquis

400 1927 628 1995 futurum
647 1966 662 1991 ,
694 1933 741 1977 et
770 1923 967 1978 habebit
991 1923 1158 1992 ﬁlium
1203 1922 1341 1979 Sara
1383 1937 1514 1977 uxor
1543 1930 1630 1976 tua
1659 1920 1812 1994 (Gen.
1841 1936 1996 1990 xvut,
2103 1936 2193 1980 aut
2224 1924 2526 1980 obscuritas
2558 1923 2867 1995 impediret.
2896 1924 3027 1991 Quae
3062 1923 3109 1978 si
3141 1937 3248 1980 non
3279 1936 3441 1993 posse
3469 1921 3706 1992 ignorari

402 2012 525 2087 10).
556 2015 622 2069 Et
650 2024 771 2085 post
810 2014 926 2072 haec
966 2014 1102 2070 dixit
1144 2015 1192 2070 ei
1222 2013 1515 2080 Dominus,
1545 2011 1670 2066 Non
1703 2012 1877 2066 celabo
1909 2029 2001 2084 ego
2105 2016 2431 2084 doceamus;
2484 2017 2776 2087 impietatis
2823 2031 2944 2073 esse
2989 2016 3062 2090 (e)
3106 2017 3312 2072 crimen
3362 2028 3586 2072 necesse
3623 2023 3710 2071 est

403 2105 661 2161 Abraham
690 2105 770 2180 (l)
809 2122 1023 2173 puerum
1045 2122 1212 2159 meum
1242 2119 1356 2175 qua:
1388 2106 1621 2176 facturus
1650 2119 1767 2156 sum
1790 2101 1810 2174 (
1833 2100 1999 2171 lbid.,
2100 2110 2249 2182 quod
2277 2121 2523 2182 negatur,
2556 2112 2791 2183 Angelus
2821 2111 2914 2167 Dei
2962 2110 3113 2180 loqui
3132 2110 3199 2166 ad
3242 2112 3387 2181 Agar
3413 2110 3598 2180 ρωρίι,
3631 2108 3708 2164 ις.

407 2198 519 2271 17).
550 2196 616 2255 Et
642 2214 856 2254 rursum
889 2216 903 2252 :
935 2194 1081 2254 Dixit
1104 2206 1276 2252 autem
1300 2196 1575 2264 Dominus,
1606 2193 1813 2251 Clamor
1836 2193 2025 2252 Sodo-.
2109 2201 2422 2258 maciem-iu
2449 2212 2663 2273 gentem
2691 2218 2941 2274 magnam
2965 2201 3313 2271 adaucturus,
3338 2202 3501 2273 eique
3522 2199 3607 2274 (4)
3628 2201 3713 2257 in-

405 2310 606 2347 morum
635 2303 681 2347 et
709 2290 1008 2347 Gomorrhte
1051 2293 1292 2361 impletus
1335 2300 1441 2357 est,
1478 2297 1528 2345 et
1571 2297 1779 2360 peccata
1829 2304 2008 2343 eorum
2112 2294 2502 2351 numerabilem
2558 2298 2665 2370 οι
2723 2297 2900 2367 gentis
2962 2295 3277 2367 progeniem
3336 2304 3708 2368 praestaturus.

408 2401 599 2457 magna
647 2383 796 2440 ualde
843 2380 1030 2457 (Ibid,
1075 2382 1195 2456 20).
1232 2376 1302 2437 Et
1353 2396 1564 2437 rursum
1611 2390 1732 2451 post
1781 2379 2008 2435 multum

409 2481 572 2536 alium
606 2493 934 2543 sermonem,
957 2492 1117 2549 quem
1140 2476 1420 2532 brevitatis
1445 2471 1622 2530 studio
1646 2471 2011 2543 praetermitti-

410 2589 550 2640 mus,
581 2589 703 2629 cum
735 2572 802 2629 de
819 2570 981 2643 justis
1009 2588 1112 2627 una
1140 2587 1263 2628 cum
1296 2570 1504 2641 iniustis
1529 2568 1815 2640 perdendis
1837 2568 2011 2623 Abra-

413 2668 538 2725 ham
560 2676 705 2724 esset
731 2668 1013 2733 sollicitus,
1045 2667 1121 2721 ait
1152 2683 1165 2721 :
1192 2663 1548 2736 Nequaquam,
1573 2680 1659 2735 qut
1677 2662 1889 2737 judico:
1914 2672 2017 2718 ter-

412 2780 547 2829 ram,
578 2762 733 2833 [acies
762 2758 859 2814 hoc
878 2760 1152 2825 iudicium.
1176 2758 1254 2832 (α)
1282 2756 1350 2812 Et
1379 2758 1509 2813 dixit
1538 2757 1813 2824 Dominus,
1848 2756 1925 2829 (2)
1952 2755 2015 2813 Si

413 2858 653 2910 invenero
666 2854 718 2907 in
732 2851 972 2909 Sodomis
986 2851 1355 2924 quinquaginta
1356 2850 1827 2924 justosinciuitate,
1843 2848 2019 2903 remit-

416 2962 519 3007 tam
550 2951 688 3005 οι)ιηί
713 2950 825 3004 loco
852 2957 1059 3019 prapter
1089 2948 1165 3019 (b)
1196 2947 1312 3002 illos
1340 2944 1472 3019 (1b.,
1495 2947 1588 3013 25,
1641 2946 1768 3018 26).
1805 2942 1873 3001 Ει
1898 2962 2017 3002 rur-

418 3060 539 3099 sum
582 3053 958 3099 cousummatn
988 3054 1244 3097 sermone
1270 3039 1338 3094 ad
1368 3039 1471 3094 Lot
1497 3034 1716 3094 frtrem
1748 3038 2016 3107 Abrahae,

2110 2388 2390 2445 Confessio
2429 2389 2696 2446 audientis
2721 2400 2775 2446 et
2799 2391 3085 2445 Dominum
3121 2404 3247 2445 eum
3288 2403 3411 2446 esse
3447 2399 3506 2445 et
3545 2389 3713 2444 Deum

2113 2479 2325 2537 edocet.
2355 2479 2638 2537 Sermonis
2665 2483 2807 2538 enim
2837 2482 3122 2537 exordium
3157 2481 3228 2537 ab
3258 2481 3453 2551 angelo
3482 2481 3577 2536 Dei
3599 2494 3716 2538 cm-

2116 2576 2227 2646 pit,
2264 2574 2360 2630 sed
2388 2576 2443 2631 in
2471 2575 2811 2632 confessione
2842 2576 2934 2632 Dei
2964 2576 3225 2632 constitit.
3259 2574 3336 2631 lta
3365 2576 3456 2647 qui
3487 2573 3570 2648 (5)
3614 2576 3717 2634 sub

2117 2669 2419 2726 ministerio
2450 2668 2519 2743 (Γ)
2545 2671 2722 2742 magni
2765 2670 2976 2727 consilii
3015 2670 3331 2736 nuntiandi,
3372 2670 3463 2727 Dei
3493 2671 3717 2741 angelus

2118 2773 2221 2832 est,
2253 2764 2368 2833 ipse
2392 2772 2447 2819 et
2481 2774 2669 2818 natura
2695 2770 2752 2817 et
2780 2761 2998 2819 nomine
3029 2762 3168 2818 Deus
3195 2770 3297 2818 est.
3325 2760 3532 2817 Nomen
3569 2763 3715 2817 enim

2120 2867 2345 2922 natura»,
2372 2872 2481 2912 non
2505 2855 2709 2911 nomini
2731 2866 2922 2911 natura
2942 2855 3308 2924 componitur.
3337 2852 3533 2910 Iisdem
3553 2854 3717 2909 etiam

2120 2948 2188 3005 de
2217 2948 2380 3006 rebus
2405 2948 2472 3004 ad
2494 2947 2766 3004 Abraham
2798 2948 2938 3002 Deus
2962 2947 3239 3018 loquitur:
3270 2946 3350 3021 (ρ)
3375 2946 3718 3002 benedictum

2117 3042 2229 3114 jam
2287 3042 2496 3098 lsmaeli
2551 3044 2797 3108 docetur,
2855 3048 2912 3096 et
2956 3040 3419 3110 mtiltiplielndum
3469 3041 3719 3098 eumdem

420 3138 693 3207 Scriptura
723 3137 853 3192 dicit
872 3176 886 3201 ,
910 3134 979 3190 Et
1002 3133 1254 3188 Dominus
1278 3132 1355 3205 (5)
1385 3132 1513 3203 pluit
1549 3148 1703 3203 super
1734 3133 2017 3189 Sodomam
2043 3130 2088 3192 C
2122 3151 2244 3192 esse
2265 3138 2317 3192 in
2342 3143 2558 3207 gentem
2585 3154 2599 3190 :
2626 3133 2911 3198 Benedixi,
2938 3132 3140 3204 inquit,
3169 3134 3219 3190 ei
3241 3132 3394 3205 (Gen.
3418 3146 3532 3188 xvu
3555 3173 3570 3199 ,
3602 3134 3719 3200 ΞΟ).

418 3241 469 3287 et
517 3227 856 3286 Gomorrham
900 3226 1118 3297 sulphur
1164 3234 1213 3281 et
1263 3226 1432 3298 ignem
1470 3242 1502 3279 a
1533 3224 1753 3280 Domino
1794 3227 1858 3281 de
1893 3228 2018 3283 caelo

424 3323 579 3396 (Gen.
612 3337 721 3386 tux,
754 3319 870 3392 2i).
906 3320 971 3375 Et
999 3334 1213 3373 rursum
1244 3335 1256 3370 :
1295 3315 1358 3371 Et
1381 3314 1633 3371 Dominus
1662 3318 1877 3372 uisitauit
1914 3319 2017 3374 Sa-

421 3434 557 3485 ram,
589 3416 720 3470 sicut
740 3414 900 3474 dixit.
928 3421 975 3467 et
1009 3411 1128 3482 [erit
1155 3408 1296 3464 Deus
1332 3408 1481 3465 Sara:
1519 3410 1651 3465 sicut
1680 3409 1882 3466 locutus
1909 3423 2017 3482 est,

520 3548 574 3610 ll
605 3546 778 3608 Puero
808 3561 940 3607 ineo.

516 3619 572 3687 2)
609 3626 670 3687 Si
697 3625 935 3679 inuenero
965 3619 1230 3677 Sodomis.

520 3558 574 3694 ιζ
605 3558 778 3608 Puero
808 3561 940 3607 ineo.
1173 3619 1183 3631 ι

491 3558 551 3771 ΞΩ
609 3626 670 3687 Si
697 3625 935 3707 inuenero
965 3619 1230 3677 Sodoma.

519 3694 573 3769 ὅ)
602 3695 780 3751 Plutut
798 3708 951 3766 super
979 3690 1210 3749 Sodoma
1238 3698 1285 3745 et
1311 3687 1594 3745 Gomorra.

423 3813 513 3883 qui
533 3854 547 3876 ,
573 3821 680 3868 etc.
707 3806 1020 3883 Elegantius
1053 3806 1107 3861 in
1149 3820 1280 3861 mss.
1313 3805 1406 3883 qui
1436 3813 1482 3858 et
1510 3804 1727 3883 angelus
1762 3815 1838 3860 est
1857 3847 1873 3872 ,
1903 3806 2023 3883 sine

426 3875 546 3942 Dei.
569 3881 759 3957 Hilarii
782 3875 845 3957 ei;
856 3879 1178 3957 positionem
1201 3876 1523 3957 confirmare
1538 3875 1738 3957 iuverit
1755 3893 1826 3957 ei;
1856 3879 2019 3957 epist.

425 3954 643 4012 concilii
681 3945 970 4007 Antliioeb.
995 3948 1064 4005 de
1100 3945 1584 4022 Christogdicentis
1615 3964 1627 4001 :
1664 3945 1765 4015 Qui
1802 3946 2022 4022 impleas

423 4028 735 4082 uoluntatem
782 4031 1060 4095 paternam
1092 4018 1651 4095 patriarchisiapparct
1671 4060 1686 4085 ,
1717 4018 1909 4095 etcum
1947 4022 2021 4095 eis

428 4098 684 4168 loquitur,
715 4088 987 4168 in'eisdem
1013 4088 1346 4168 clausulis_et
1385 4088 1575 4168 eisdem
1620 4091 1870 4168 capitibus
1920 4090 2017 4146 ali-

429 4158 893 4239 quandoquidem
948 4175 1207 4239 tamquam
1258 4158 1505 4232 Angelus,
1553 4158 1860 4239 quandoque
1904 4179 2020 4239 uero

430 4232 993 4307 iantquanAt'Dominus,
1016 4232 1323 4307 quandoque
1347 4242 1523 4307 autem
1553 4232 1847 4307 Deus‘esse‘
1872 4236 2023 4304 afﬁr-

430 4303 638 4378 matur;
648 4304 817 4360 Deum
837 4306 972 4358 enim
992 4305 1213 4378 uniuersi
1232 4303 1448 4378 impium
1473 4303 2029 4378 estexistimttrignge-

433 4382 559 4435 lum.
589 4375 767 4432 Filius
788 4391 903 4430 vero
929 4375 1139 4442 angelus
1162 4372 1340 4428 Patris
1360 4382 1452 4445 est,
1480 4373 1567 4444 qui
1596 4382 1669 4427 est
1708 4374 1815 4445 ipse
1846 4372 2029 4430 Domi-

432 4468 531 4506 nus
555 4459 600 4504 et
627 4448 782 4501 Deus.
804 4446 1069 4515 Scriptum
1090 4456 1162 4517 est
1185 4445 1341 4517 enim,
1362 4443 1589 4517 Angelus
1609 4443 1778 4517 magni
1803 4447 2026 4517 consilii.

435 4520 693 4591 Apposite
716 4513 1371 4591 'I‘ertullianus,_decar_ne
1394 4513 1789 4591 Christi,n.'l‘_
1805 4514 1965 4591 :“Dt'ct

426 4585 507 4648 est
524 4585 708 4662 magni
738 4588 940 4662 consilii
966 4588 1210 4662 angelus,
1251 4585 1310 4662 id
1337 4594 1408 4641 est
1435 4590 1672 4662 nuntius.
1697 4587 1859 4662 ofﬁcii
1877 4627 1892 4652 ,
1918 4606 2020 4645 non

431 4654 642 4719 natura;
660 4661 925 4715 vocabulo.
955 4654 1205 4728 Magnum
1232 4658 1365 4711 enim
1393 4658 1666 4728 cogitatum
1694 4654 1903 4723 Patris,
1930 4677 2020 4714 su-

433 4752 525 4808 per
554 4731 986 4808 hominissctlicet
1028 4729 1348 4808 restitutione
1368 4769 1384 4796 ,
1416 4731 1810 4808 anan-otiaturus
1834 4732 2021 4808 seculo

434 4799 565 4861 emt.
595 4802 718 4859 Non
738 4804 851 4857 ideo
886 4813 1055 4872 tamen
1078 4803 1153 4855 sic
1176 4800 1391 4872 aggelus
1417 4799 1780 4872 intelligendus
1818 4810 1875 4856 ut
1912 4800 2025 4857 Ga-

435 4878 562 4932 briel
589 4886 678 4929 aut
693 4873 947 4943 Raphael.
976 4871 1113 4926 Nam
1126 4882 1172 4927 et
1194 4868 1245 4923 F
1246 4870 1367 4943 ilius
1388 4888 1421 4924 a
1443 4868 1664 4943 Domino
1689 4874 1849 4926 vincte
1870 4876 2029 4928 mitti-

432 4959 519 5003 tur
546 4949 615 5003 ad
652 4942 872 5001 cultores
913 4945 1045 4999 sicut
1079 4954 1126 4997 et
1165 4942 1349 5011 [amuli
1371 4981 1385 5003 .
1411 4953 1518 4999 etc.
1553 4942 1648 4998 llis
1677 4944 2029 5002 consentiunt

431 5020 700 5082 Justinus,
728 5016 856 5071 dial.
885 5031 1005 5070 cum
1049 5014 1280 5084 Tryplu;
1321 5012 1652 5084 Epiphanius
1692 5013 1823 5069 liter.
1859 5030 1983 5070 thx
2006 5059 2023 5084 ,

436 5107 493 5146 n.
520 5091 608 5146 55.
636 5088 847 5168 Yidesis
871 5083 1249 5168 Attigustinuin,
1277 5083 1373 5168 lib.
1399 5099 1435 5168 t_t
1457 5088 1525 5139 de
1552 5083 1701 5139 Trin.
1728 5100 1786 5168 ο...
1810 5087 1898 5143 15.
1922 5083 2026 5142 Ne;

435 5178 542 5241 que
569 5158 868 5241 audiendus
890 5155 1173 5241 Origenes,
1198 5156 1377 5241 quint
1408 5155 1718 5241 humanam,
1863 5171 2028 5241 auge-

433 5224 591 5286 licam
638 5240 879 5286 naturam
910 5243 940 5282 a
970 5224 1184 5299 Christo
1220 5224 1557 5299 'assutnpt_a_tu
1604 5224 1827 5299 docuit,
1870 5224 2029 5299 cuius

438 5302 556 5357 haec
598 5313 723 5357 sunt
756 5312 887 5356 tom.
919 5314 934 5353 t
978 5299 1032 5353 in
1058 5297 1252 5353 Julian.
1278 5336 1292 5356 ,
1344 5313 1395 5364 p.
1447 5295 1557 5350 52:
1594 5294 1827 5352 Christus
1875 5294 2028 5354 homo

436 5371 759 5439 hominibus,
789 5369 985 5442 angelis
1002 5369 1431 5442 angelusjactus
1455 5368 1811 5442 est._Qttippe,
1857 5370 2033 5442 inquit

436 5434 822 5509 Tertullianus,
859 5434 942 5497 'de
989 5434 1164 5509 Carne
1192 5434 1415 5503 Christi,
1466 5454 1521 5492 n.
1553 5434 1640 5501 M,
1673 5434 1737 5493 ut
1770 5434 2031 5497 hominem

475 5522 656 5567 estaret
705 5513 962 5583 Christus,
982 5512 1130 5583 salus
1143 5508 1405 5564 hontinum
1432 5509 1793 5583 [κίε-φαίη...
1808 5524 1860 5565 ut
1881 5530 2037 5583 ange-

475 5532 656 5567 extaret
705 5532 933 5567 bltrmus
949 5553 962 5574 ,
982 5532 1123 5565 satus
1143 5532 1405 5564 renuentum
1432 5532 1531 5578 [me
1556 5532 1781 5564 causa...
1808 5532 1860 5565 ut
1881 5532 2035 5583 attge-

437 5532 548 5641 iium
568 5594 807 5657 gestaret,
820 5581 953 5637 nihil
977 5583 1078 5657 tale
1097 5582 1160 5635 de
1187 5597 1344 5635 causa
1366 5578 1656 5657 est..:_.’_Va_m
1680 5581 1881 5657 nullum
1894 5601 2035 5639 matt-

368 5672 373 5675 ‘
437 5649 614 5710 datum
642 5656 705 5709 de
731 5656 895 5725 salute
918 5653 1216 5725 angelorum
1243 5652 1464 5725 suscepit
1486 5649 1720 5725 Christus
1741 5670 1773 5707 a
1799 5652 1975 5710 Patre.

510 5726 587 5800 (α)
611 5726 707 5784 llic
729 5722 1004 5796 adjiciunt
1014 5723 1164 5796 prius
1182 5722 1397 5797 excusi,
1411 5733 1467 5785 ut
1492 5722 1676 5797 perdas
1695 5727 1899 5799 justum
1918 5742 2036 5786 cum

2122 3229 2240 3284 Non
2299 3228 2483 3299 itaque
2537 3226 2837 3282 demutavit
2904 3239 3149 3296 personae
3218 3238 3333 3280 sua)
3374 3224 3726 3296 signiﬁcatio-

2122 3337 2248 3377 nem
2274 3338 2288 3375 :
2311 3336 2371 3376 se
2393 3321 2535 3375 enim
2562 3319 2672 3389 jam
2689 3317 3028 3374 benedixisse
3052 3317 3410 3372 demonstrat.
3448 3318 3723 3388 Scriptura

2126 3421 2276 3471 certe
2330 3410 2658 3467 sacramenti
2712 3410 2961 3466 ordinem
3020 3418 3075 3465 et
3133 3423 3278 3466 verte
3329 3408 3727 3480 pmdicatiouis

2200 3543 2278 3691 (Δ)
2312 3544 2795 3601 Inenumerabilem.

2226 3619 2280 3690 5)
2320 3618 2428 3675 Sub
2465 3618 2727 3689 mysterio.

2226 3618 2280 3690 5)
2320 3618 2428 3675 Sub
2465 3618 2727 3689 mysterio.

2126 3810 2344 3878 impiis:
2373 3808 2732 3864 renitentibus
2760 3822 2890 3863 mss.
2939 3804 3047 3865 Sed
3087 3813 3144 3863 et
3181 3807 3299 3864 haec
3341 3822 3463 3864 cum
3513 3808 3565 3864 in
3626 3810 3731 3866 line

2126 3897 2255 3936 num
2302 3880 2394 3944 97.
2437 3880 2559 3936 aliis
2603 3880 2781 3937 verbis
2834 3890 2888 3935 et
2932 3882 3039 3952 alio
3086 3881 3302 3947 ordine,
3354 3892 3723 3952 nempeante

2124 3952 2370 4022 proxime
2397 3953 2563 4017 dicta,
2587 3967 2697 4008 non
2720 3960 2840 4023 post
2865 3951 3255 4017 exbibeantur;
3281 3959 3426 4022 patet
3448 3952 3536 4007 hic
3559 3951 3723 4007 inter-

2125 4023 2389 4094 polatoris
2416 4039 2602 4092 opera.

2198 4092 2273 4238 (ὁ)
2306 4094 2361 4150 In
2393 4091 2640 4162 vulgatis,
2658 4091 2776 4148 illos
2803 4094 2985 4158 iustos.
3018 4092 3184 4149 Abest
3198 4093 3370 4164 justas
3397 4106 3427 4148 a
3452 4106 3583 4149 mss.

2198 4167 2248 4236 (c
2299 4166 2463 4232 Editi,
2479 4175 2523 4220 et
2543 4181 2656 4220 ecce
2678 4166 2953 4220 exaudiuit.
2977 4164 3112 4221 Tres
3133 4179 3267 4221 mss.
3289 4173 3336 4219 et
3353 4164 3570 4221 audivit.

2195 4164 2271 4236 (ο)
2299 4166 2463 4232 Editi,
2479 4175 2523 4220 et
2543 4181 2656 4220 ecce
2678 4166 2953 4220 exaudiuit.
2977 4164 3112 4221 Tres
3133 4179 3267 4221 mss.
3289 4173 3336 4219 et
3353 4164 3570 4221 audivit.
3595 4165 3725 4234 Alii,

2126 4239 2506 4293 consentiente
2533 4250 2735 4307 graeco,
2767 4244 2815 4307 et
2845 4238 3125 4291 exaudivit.

2202 4307 2282 4379 (ά)
2310 4308 2366 4363 In
2393 4322 2526 4364 mss.
2546 4306 2647 4362 hic
2673 4317 2728 4362 et
2748 4306 2876 4364 alibi
2907 4316 3248 4375 constanter,
3270 4308 3527 4363 obtunsio.

2203 4400 2274 4475 (e)
2298 4401 2549 4475 criminis
2572 4400 2727 4475 hujus
2757 4400 2847 4475 qui
2872 4400 2950 4455 rei
2965 4399 3102 4475 sint,
3133 4401 3304 4470 aperit
3330 4400 3424 4475 lib.
3448 4416 3526 4467 vr,
3552 4414 3606 4457 n.
3639 4403 3730 4470 15,

2134 4472 2271 4543 quos
2310 4474 2561 4527 nimirum
2588 4472 2865 4543 impietatis
2892 4472 3153 4537 voluntas,
3186 4483 3239 4527 et
3270 4488 3376 4526 non
3409 4472 3732 4542 ignorantia.

1970 4535 2030 4613 ἕξ
2055 4537 2110 4599 D
2135 4535 2189 4599 in
2219 4558 2405 4613 errore
2440 4535 2673 4598 detinet:
2699 4542 2907 4613 Quibus
2936 4557 3068 4613 vero
3095 4535 3268 4613 pinnis
3292 4544 3401 4598 sint
3430 4535 3730 4610 'mnltandi,

2131 4614 2183 4670 in
2217 4612 2430 4679 eodem,
2465 4614 2557 4686 lib.
2602 4626 2658 4668 n.
2698 4613 2769 4679 5,
2815 4612 2893 4668 sic
2913 4612 3152 4668 declarat
3187 4633 3200 4669 :
3234 4612 3372 4668 Nam
3408 4615 3736 4686 judicatnrus

2130 4686 2243 4753 ipse
2287 4686 2348 4740 de
2388 4685 2620 4740 omnibus
2644 4727 2659 4751 ,
2691 4694 2737 4739 et
2773 4701 2867 4756 pro
2895 4686 3179 4756 ntajcstatis
3231 4698 3339 4738 sua:
3383 4685 3737 4743 misericordia

2134 4773 2297 4829 panic
2326 4761 2557 4812 meritum
2584 4757 2841 4829 ignoranti
2863 4757 3221 4829 moderaturus
3242 4759 3423 4829 errori
3446 4799 3460 4824 ,
3495 4765 3737 4827 negantes

2133 4826 2189 4885 se
2206 4828 2322 4900 jam
2350 4844 2449 4883 non
2468 4826 2725 4900 iudicabit
2754 4827 2927 4897 utique
2946 4871 2960 4895 ,
2990 4828 3080 4881 sed
3103 4827 3323 4899 negabit.

2209 4916 2287 4992 (ί)
2312 4918 2500 4974 Plures
2531 4933 2659 4974 mss.
2678 4931 2824 4992 __cnm
2853 4917 3122 4992 vulgatis,
3155 4914 3248 4972 sub
3288 4916 3736 4992 mysterio._blagis

2140 4986 2316 5059 placet
2352 5005 2474 5045 cum
2512 5005 2642 5045 mss.
2670 4986 3188 5059 Carntit.,Remig.,
3217 4986 3357 5051 etc.,'
3377 4991 3471 5045 sub
3502 4986 3731 5045 ministe-

2130 5057 2227 5117 rio.
2270 5057 2340 5118 Ut
2382 5062 2526 5115 enim
2578 5074 2741 5129 supra
2786 5073 2855 5129 ex
2897 5057 3233 5129 Tertulliano
3288 5060 3732 5128 observabatuus,

2131 5130 2377 5187 Christus
2414 5131 2590 5203 magni
2614 5128 3070 5203 consiliiaugelus
3098 5128 3275 5203 dictus
3314 5142 3397 5187 est
3436 5132 3607 5203 omni,
3633 5148 3734 5203 non

2131 5213 2330 5258 natura:
2356 5199 2621 5270 vocabulo.
2656 5200 2721 5256 Et
2763 5200 3000 5256 Hilarius
3044 5199 3180 5270 ipse,
3205 5201 3296 5257 lib.
3333 5218 3393 5266 v,
3432 5199 3490 5258 n:
3528 5202 3585 5258 11
3621 5224 3636 5258 :
3673 5202 3738 5257 In

2132 5273 2313 5345 angelo
2354 5269 2503 5399 oiled
2550 5270 2718 5335 patius
2762 5288 2914 5342 quam
2962 5269 3164 5329 natura:
3201 5272 3591 5345 intelligentiam
3629 5289 3739 5329 esse

2133 5342 2260 5399 hinc
2294 5360 2388 5399 oro
2427 5353 2504 5399 at.
2529 5343 2670 5399 quod
2697 5343 2871 5399 anaeli
2905 5344 3124 5399 ministri
3149 5344 3240 5399 Dei
3273 5356 3553 5399 vocentur.

2133 5342 2260 5400 hinc
2293 5342 2504 5413 probat,
2529 5343 2670 5414 quod
2697 5343 2871 5415 angeli
2905 5344 3124 5399 ministri
3149 5344 3240 5399 Dei
3273 5342 3553 5401 vocentur.

2207 5435 2375 5509 (g)lta
2392 5434 2791 5517 prmstautiores
2806 5450 2936 5519 mss.
2958 5433 3137 5519 Colb.,
3155 5434 3351 5519 para...
3377 5432 3587 5519 Remig.
3609 5448 3735 5515 cum

2135 5506 2321 5577 Germ.
2348 5525 2376 5559 a
2407 5508 2575 5577 prima
2605 5523 2785 5563 manu.
2812 5511 2882 5562 At
2906 5509 2958 5562 in
2989 5507 3221 5576 vulgatis
3244 5547 3260 5574 ,
3283 5506 3605 5563 benedictum
3621 5506 3739 5577 jam

2136 5576 2419 5657 Ismaelem’
2459 5595 2477 5633 :
2512 5595 2577 5632 ac
2617 5578 2813 5657 deinde
2856 5577 2996 5657 Par.
3038 5587 3159 5657 post
3200 5578 3370 5657 Lips._,
3418 5576 3739 5657 decen-nec

2134 5650 2303 5780 stulto
2354 5659 2474 5722 post
2526 5664 2648 5708 cum
2704 5651 2825 5708 aliis
2870 5649 3071 5717 editis,
3121 5647 3400 5719 benedist't,
3454 5665 3551 5722 pro
3588 5647 3741 5711 (ωηεν

2169 5740 2266 5780 m.
