4118 6186
433 297 535 356 119

1635 280 1883 340 SANCTI
1923 280 2181 338 lllLAllll
2223 281 2534 340 EPISCOPI

3637 289 3662 341 1
3673 284 3739 342 '20

431 417 565 489 pluit
606 431 639 470 a
681 413 906 470 Domino
937 410 1094 482 (Gen.
1126 422 1241 474 nx,
1271 403 1389 475 24).
1429 402 1501 460 Ut
1545 401 1805 457 Dominus
1846 415 1876 454 a
1918 399 2025 454 Do-
2050 402 2100 464 Α
2129 399 2401 456 Abraham
2428 408 2484 454 et
2513 400 2624 456 Deu
2681 399 2826 454 ls'aac
2857 409 2911 456 et
2941 400 3082 458 Deus
3110 401 3280 459 Jaeob
3310 410 3582 473 repertus.
3609 403 3726 457 An-

432 509 613 573 mino;
649 506 721 562 ita
756 520 864 560 non
886 502 1142 559 discrevit
1167 507 1372 553 natura:
1396 495 1635 556 nomine,
1661 507 1796 564 quos
1831 491 2036 562 signifi-

435 600 652 656 catione
700 599 832 671 (non
881 595 1036 649 unius
1079 588 1347 662 personui)
1396 587 1734 643 distinxerat.
1783 583 2036 655 Legimus

436 709 670 764 namque
699 693 753 748 in
789 689 1101 759 Evangelio,
1133 687 1292 741 Pater
1325 701 1429 738 non
1455 681 1662 752 jndicat
1688 696 2030 751 quemquam,

436 787 532 844 sed
569 800 730 842 omne
760 783 1022 854 judicium
1065 779 1214 835 dedit
1251 777 1388 835 Filio
1421 775 1602 849 (Joan.
1635 792 1689 840 ν,
1721 773 1838 844 22).
1883 773 2040 829 Dedit

435 895 565 950 ergo
599 876 876 939 Dominus,
901 873 1043 944 quod
1074 871 1334 926 Dominus
1358 869 1567 938 accepit
1591 884 1620 920 a
1649 867 1894 920 Domino.

508 972 598 1027 50.
630 969 765 1022 Eum
794 977 845 1021 ut
872 966 1038 1022 Deum
1061 963 1187 1018 vidit
1211 960 1374 1015 Iacob
1405 975 1494 1014 nec
1519 959 1908 1013 solitarium.—
1932 956 2038 1013 Sed

438 1063 530 1135 qui
559 1060 816 1130 accepisti
849 1060 901 1112 in
937 1055 1163 1111 Domino
1201 1061 1256 1109 et
1286 1053 1514 1108 Domino
1539 1050 1743 1121 judicis
1773 1047 2041 1118 cognitio-

439 1169 587 1220 nem,
626 1149 961 1220 cOgnominis
1004 1146 1245 1216 ejusdem
1291 1143 1345 1198 in
1389 1143 1498 1199 Deo
1529 1152 1584 1196 et
1627 1143 1737 1195 Deo
1773 1153 2040 1210 cognosce

440 1247 797 1304 consortium.
832 1245 999 1300 Jacob
1036 1239 1324 1296 discedens
1360 1238 1430 1294 ob
1472 1247 1674 1292 metum
1716 1237 1896 1291 fratris
1933 1235 2037 1302 sui,

440 1341 720 1396 somnians
761 1339 967 1392 viderat
999 1335 1198 1390 scalam
1230 1334 1506 1389 fundatam
1551 1331 1603 1386 in
1638 1339 1780 1384 terra
1812 1338 1868 1385 et
1907 1343 2040 1384 con-

444 1435 740 1504 tingentem
766 1430 986 1495 C(Bllllll,
1022 1438 1076 1482 et
1109 1443 1203 1498 per
1241 1442 1360 1482 eam
1401 1422 1798 1480 adscendentes
1856 1431 1911 1476 et
1945 1419 2042 1475 de-

443 1526 772 1581 scendentes
814 1521 1041 1592 angelos
1070 1521 1188 1586 Dei,
1219 1527 1274 1574 et
1317 1517 1604 1573 Dominmn
1648 1513 2044 1570 incumbentem

443 1633 610 1688 super
636 1632 775 1679 eam,
807 1614 1018 1683 sibique
1043 1627 1232 1666 omnes
1264 1609 1698 1673 benedictiones,
1721 1619 1854 1677 quas
1871 1607 2042 1660 Abra-

445 1710 529 1766 hze
559 1718 613 1763 et
635 1709 782 1763 Isaac
811 1705 1059 1771 dederat,
1092 1702 1491 1772 impertientem
1525 1698 1676 1772 (Gen.
1708 1699 1928 1768 xxvnt).
1964 1697 2044 1752 Ad

2139 493 2289 562 gelus
2315 493 2460 548 enim
2491 493 2702 548 Domini
2725 493 2896 566 Moysi
2923 493 2992 548 de
3015 495 3149 550 rubo
3180 495 3450 565 apparuit,
3481 495 3741 551 Dominus

2137 587 2203 642 de
2233 587 2366 642 rubo
2389 588 2629 657 loquitur
2659 605 2671 642 :
2705 605 2894 646 vocem
2923 589 3077 660 cujus
3111 590 3516 659 intelligendam
3554 590 3747 646 existi-

2139 697 2275 748 mas,
2309 693 2486 738 utrtnn
2530 684 2646 754 ejus
2675 687 2764 755 qui
2798 685 2944 740 visus
2974 696 3078 753 est,
3118 702 3187 740 an
3225 685 3455 755 alicujus
3481 685 3744 740 alterius?

2141 773 2239 828 llic
2270 774 2536 829 mendacii
2591 777 2740 831 locus
2782 778 2959 832 nullus
2996 787 3100 832 est.
3142 779 3231 832 Ait
3259 779 3403 832 enim
3440 777 3744 847 Scriptura,

2139 867 2395 940 Apparuit
2445 879 2614 923 autem
2662 871 2740 924 illi
2783 873 2996 941 angelus
3026 870 3239 925 Domini
3277 873 3332 925 in
3368 872 3582 941 ﬂamma
3611 871 3747 941 ignis

2140 965 2202 1018 de
2230 964 2353 1017 rubo
2378 963 2573 1034 (Exod.
2604 981 2684 1029 ιιι,
2717 963 2797 1034 ‘2).
2841 965 2908 1020 Et
2949 981 3182 1032 rursum,
3225 963 3437 1019 Vocavit
3481 981 3595 1018 eum
3636 962 3749 1018 Do-

2143 1057 2308 1112 minus
2335 1058 2398 1112 de
2435 1058 2560 1113 rubo
2584 1099 2598 1121 ,
2635 1057 2872 1130 Moyses,
2909 1059 3134 1130 Moyses.
3169 1059 3235 1113 Et
3262 1059 3523 1130 respondit
3552 1075 3572 1113 :
3602 1057 3743 1125 Quid

2141 1153 2252 1206 est?
2279 1150 2346 1204 Et
2366 1151 2496 1206 dixit
2538 1151 2788 1207 Dominus
2810 1169 2828 1206 :
2862 1151 2944 1207 Ne
2983 1154 3258 1208 accesseris
3307 1154 3428 1218 huc,
3465 1154 3602 1208 solve
3629 1153 3738 1206 cal-

2143 1243 2455 1299 ciamentum
2495 1244 2557 1298 de
2595 1246 2807 1315 pedibus
2848 1247 2984 1311 tuis;
3017 1245 3160 1300 locus
3197 1248 3352 1312 enim,
3397 1247 3449 1300 in
3485 1262 3585 1315 quo
3623 1255 3747 1313 stas,

2146 1344 2281 1389 terra
2307 1345 2486 1389 sancta
2507 1345 2599 1391 est.
2628 1336 2694 1392 Et
2727 1337 2858 1392 dixit
2892 1339 2936 1392 ei
2967 1355 2984 1392 :
3014 1337 3126 1408 Ego
3156 1355 3270 1392 sunt
3314 1338 3455 1391 Deus
3494 1336 3752 1392 Abraham

2144 1437 2192 1482 et
2222 1425 2362 1490 Deus
2403 1425 2557 1481 Isaac
2595 1439 2641 1483 et
2670 1428 2809 1484 Deus
2850 1429 3014 1484 Jacob
3043 1429 3233 1501 (lbid.,
3262 1429 3295 1484 ιι
3326 1440 3373 1485 et
3409 1428 3596 1502 seqq.).
3644 1430 3746 1498 Qui

2149 1520 2403 1588 apparuit
2433 1519 2488 1574 itt
2523 1521 2676 1588 rubo,
2705 1521 2774 1576 de
2800 1522 2936 1576 rubo
2967 1522 3204 1592 loquitur
3229 1541 3241 1575 :
3266 1533 3321 1577 et
3351 1521 3573 1577 visionis
3603 1522 3755 1576 locus

2149 1627 2289 1666 unus
2314 1621 2368 1667 et
2411 1615 2559 1668 vocis
2589 1623 2700 1680 est;
2746 1630 2922 1685 neque
2952 1615 3111 1680 alius,
3149 1631 3308 1685 quam
3341 1615 3432 1685 qui
3467 1624 3550 1671 est
3580 1615 3749 1682 visus,

2150 1707 2382 1762 auditur.
2417 1708 2517 1777 Qui
2549 1712 2773 1778 angelus
2802 1710 2895 1766 Dei
2922 1718 3006 1765 est
3042 1726 3162 1765 cum
3194 1709 3426 1774 videtur,
3461 1708 3603 1764 idem
3633 1725 3755 1765 ruro

445 1802 589 1857 hunc
618 1809 805 1870 pestea
840 1797 960 1852 talis
1004 1796 1095 1851 Dei
1136 1809 1318 1849 sermo
1357 1803 1438 1848 est
1475 1811 1488 1846 :
1524 1791 1669 1846 Dixit
1710 1801 1881 1845 autent
1911 1790 2050 1844 Deus

2169 1816 2273 1854 sum
2304 1817 2426 1856 eum
2451 1802 2666 1857 auditur
2695 1813 2780 1858 est
2809 1803 3102 1867 Dominus;
3139 1805 3254 1872 ipse
3285 1818 3414 1858 vero
3445 1800 3528 1874 (b)
3563 1803 3750 1857 Domi-

446 1899 515 1955 ad
543 1897 728 1964 Iacob,
757 1912 968 1966 surgens
997 1894 1251 1949 adscende
1291 1895 1344 1946 in
1375 1893 1543 1946 iocum
1571 1889 1771 1957 Betltel,
1799 1900 1845 1944 et
1874 1890 2051 1943 habita

446 1993 538 2059 ibi,
561 2002 610 2046 et
641 1994 724 2060 [ac
752 1988 821 2042 ibi
851 1988 1098 2042 altarium
1123 1985 1257 2050 Deo,
1289 1985 1376 2056 qui
1410 1985 1652 2054 apparuit
1690 1983 1782 2036 tibi
1807 1997 1923 2036 cum
1959 1983 2049 2052 [u-

451 2102 592 2158 geres
617 2101 650 2139 a
677 2085 810 2155 [acie
850 2083 1030 2152 fratris
1073 2081 1146 2134 tui
1179 2078 1332 2150 (Gen.
1366 2093 1538 2142 xxxv,
1575 2076 1652 2145 1).
1698 2076 1836 2131 Deus
1886 2077 2056 2129 hono-

450 2193 564 2234 rem
597 2177 708 2232 Deo
738 2173 993 2245 postulat,
1021 2183 1074 2228 et
1103 2172 1338 2241 postulat
1363 2183 1486 2224 cum
1527 2168 1750 2222 alterius
1777 2164 2052 2237 significa-

448 2273 598 2328 tione
620 2284 865 2341 persona:
896 2285 908 2320 :
939 2266 1061 2333 Qui,
1095 2264 1288 2335 inquit,
1313 2263 1555 2335 apparuit
1580 2261 1668 2315 tibi
1688 2277 1803 2314 cum
1830 2261 2053 2332 fugeres;

455 2379 526 2420 ne
555 2377 656 2435 qua
689 2376 936 2432 persona:
977 2359 1221 2430 ejusdem
1258 2355 1505 2412 confusio
1545 2365 1880 2409 nasceretur.
1915 2355 2057 2408 Deus

459 2474 589 2529 ergo
614 2456 813 2527 estqui
844 2454 1104 2524 loquitur,
1140 2451 1286 2506 Deus
1322 2459 1377 2505 et
1403 2451 1470 2505 de
1497 2463 1606 2520 quo
1638 2446 1875 2518 loquitur
1909 2464 1924 2499 :
1957 2446 2057 2500 lto-

460 2552 607 2607 noris
642 2548 915 2604 confessio
941 2562 969 2602 a
995 2558 1201 2602 naturae
1228 2545 1447 2600 nomine
1473 2558 1582 2598 non
1609 2541 1888 2610 discernit,
1923 2555 2060 2613 quos

458 2641 782 2715 significatio
806 2640 1164 2696 subsistentes
1195 2653 1317 2693 esse
1342 2636 1645 2708 distinguit.

531 2734 622 2790 51.
658 2733 914 2805 Synapsis
938 2741 984 2786 et
1004 2746 1192 2800 scapus
1216 2729 1582 2800 prtedictorum
1604 2745 1635 2780 α
1658 2745 1868 2782 numero
1895 2729 2062 2784 23.—

463 2830 532 2886 Et
559 2829 685 2884 huic
716 2827 933 2899 quidem
965 2827 1086 2881 loco
1116 2824 1362 2896 quaedam
1403 2823 1626 2879 memini
1655 2823 1720 2878 ad
1763 2824 2061 2894 pleniorem

462 2922 858 2978 absolutionem
912 2919 1223 2977 necessaria
1277 2934 1290 2970 :
1334 2915 1429 2973 sed
1471 2915 1768 2970 secundum
1820 2918 2066 2985 preposi-

461 3016 628 3072 tionis
655 3013 923 3077 ordinem,
950 3011 1320 3081 responsionis
1342 3023 1555 3080 quoque
1578 3009 1714 3064 ordo
1745 3010 2066 3066 retinendus

465 3118 566 3168 est.
599 3109 785 3180 Itaque
819 3124 938 3179 qua:
969 3106 1017 3162 ei
1057 3107 1263 3176 reliqua
1301 3113 1451 3170 sunt,
1491 3104 1543 3157 in
1587 3103 1726 3158 libro
1763 3104 1937 3160 altero
1966 3121 2064 3160 suo

2153 1910 2255 1949 nus
2281 1895 2373 1965 qui
2403 1895 2640 1962 auditur,
2674 1897 2812 1950 Deus
2841 1896 3038 1952 deinde
3061 1896 3314 1962 Abrahar,
3341 1896 3488 1950 Isaac
3513 1905 3566 1951 et
3588 1895 3760 1951 Jacob

2153 2003 2276 2043 esse
2301 1988 2666 2058 cognoscitur.
2699 1989 2832 2043 Cum
2861 1989 3083 2058 angelus
3117 1989 3209 2044 Dei
3241 1989 3459 2053 dicitur,
3487 2004 3592 2042 non
3627 2003 3757 2058 pro-

2156 2080 2302 2151 prius
2324 2079 2424 2135 sibi
2455 2095 2518 2135 ac
2543 2080 2816 2135 solitarius
2846 2095 2966 2135 esse
2993 2088 3355 2144 monstratur;
3388 2077 3461 2151 (ε)
3487 2086 3573 2134 est
3596 2079 3741 2133 enim

2157 2173 2380 2244 angelus
2413 2173 2506 2229 Dei
2538 2193 2549 2227 :
2576 2189 2698 2228 cum
2740 2173 3000 2230 Dominus
3043 2185 3099 2230 et
3143 2173 3284 2229 Deus
3317 2181 3676 2243 nuncupatur,
3706 2173 3762 2226 ita

2161 2266 2367 2322 honore
2412 2275 2620 2322 naturae
2670 2283 2785 2322 suae
2825 2277 2881 2322 et
2929 2267 3147 2322 nomine
3191 2266 3535 2338 praedicatur.
3582 2265 3762 2321 Habes

2159 2378 2289 2434 ergo
2309 2360 2581 2433 angelum,
2607 2359 2699 2432 qui
2725 2361 2796 2418 dc
2825 2361 2959 2418 rubo
2989 2361 3271 2433 apparuit,
3301 2371 3355 2417 et
3388 2360 3671 2416 Dominum
3703 2371 3756 2415 et

2162 2455 2358 2511 Deum.

2235 2549 2327 2603 55.
2362 2547 2567 2618 Moyses
2594 2564 2697 2603 non
2717 2549 2876 2603 semel
2911 2548 3075 2602 Dennt
3106 2558 3152 2604 et
3182 2548 3458 2602 Dominum
3494 2547 3761 2620 prtedicat.

2168 2640 2390 2712 Uterque
2410 2653 2578 2697 tamen
2606 2659 2739 2697 unus
2761 2652 2834 2698 est
2861 2643 3022 2698 Deus.
3054 2641 3198 2697 Filio
3226 2643 3300 2697 uti
3326 2653 3513 2696 natura
3540 2640 3647 2696 Deo
3668 2641 3765 2695 lto-

2165 2751 2262 2790 nor
2283 2736 2593 2805 postulatur.
2623 2733 2793 2790 Filius
2814 2747 2861 2788 et
2883 2735 3111 2806 Angelus
3139 2734 3232 2790 Dei
3264 2746 3308 2788 et
3344 2733 3504 2788 Deus.
3537 2763 3610 2774 —-
3637 2734 3768 2789 Per-

2166 2845 2326 2884 curre
2352 2829 2530 2884 adhuc
2563 2829 2731 2901 Moysi
2765 2830 3104 2895 testimonia;
3133 2838 3190 2884 et
3230 2829 3474 2900 intelligo
3507 2843 3576 2883 an
3612 2842 3768 2883 occa-

2167 2921 2378 2979 sionem
2405 2922 2642 2992 aliquam
2673 2921 3004 2992 praedicandi
3047 2922 3215 2976 Deum
3258 2932 3310 2976 et
3353 2921 3638 2977 Dominum
3670 2936 3766 2976 ne-

2169 3015 2349 3085 gligat.
2379 3015 2555 3070 Tenes
2586 3030 2780 3084 nempe
2810 3030 2874 3069 ex
2902 3013 3061 3069 dictis
3087 3013 3225 3084 ejus,
3257 3015 3412 3080 Audi,
3445 3012 3631 3081 Israel,
3665 3011 3771 3068 Do-

2171 3110 2340 3164 minus
2383 3109 2523 3163 Deus
2563 3119 2680 3163 tuus
2721 3125 2853 3162 unus
2893 3118 2968 3163 est
3007 3107 3184 3180 (Deut.
3229 3125 3304 3174 v1,
3330 3106 3412 3179 4).
3442 3108 3591 3163 Tene
3631 3123 3772 3163 nunc

466 3204 590 3259 loco
613 3215 994 3272 exsequemur.
1028 3198 1262 3253 Tantum
1287 3199 1390 3251 hoc
1421 3209 1564 3250 nunc
1595 3196 1646 3250 in
1679 3196 1808 3263 Deo,
1842 3198 1929 3267 qui
1965 3198 2061 3252 ho-
2095 3181 2141 3244 Ο
2173 3201 2370 3256 divina:
2418 3201 2564 3255 illius
2593 3201 2860 3255 cantionis
2903 3215 3013 3255 suae
3041 3201 3183 3255 dicta
3215 3218 3227 3252 ε
3263 3202 3338 3254 ait
3371 3214 3624 3270 namque,
3677 3198 3772 3254 Vi-

467 3311 658 3352 norem
694 3297 806 3350 Deo
842 3295 1099 3364 postulat,
1141 3289 1622 3348 demonstrandum
1650 3288 1769 3358 fuit,
1813 3293 2067 3362 angelum

473 3390 586 3455 Dei,
631 3389 720 3458 qui
765 3402 886 3442 cum
942 3386 1086 3456 Agar
1113 3386 1326 3440 locutus
1363 3390 1527 3450 esset,
1575 3393 1630 3440 et
1663 3383 1828 3440 Deum
1867 3400 1988 3440 esse
2017 3395 2073 3442 et

472 3481 784 3548 Dominum,
816 3494 939 3535 cum
975 3477 1162 3534 iisdem
1205 3478 1274 3532 de
1313 3478 1476 3534 rebus
1505 3479 1570 3534 ad
1605 3479 1874 3534 Abraham
1923 3480 2072 3534 locu-

473 3583 558 3630 tus
581 3574 697 3644 ipse
726 3573 797 3626 sit
821 3589 832 3624 :
862 3579 916 3626 et
944 3571 1138 3637 virum,
1168 3570 1259 3640 qui
1281 3570 1515 3626 Abrahae
1542 3571 1686 3627 visus
1709 3571 1802 3636 sit,
1825 3579 1880 3626 et
1907 3571 2072 3626 Deum

477 3683 602 3724 esse
644 3676 699 3722 et
731 3666 1049 3730 Dominum;
1078 3665 1301 3734 angelos
1333 3674 1512 3720 autem
1545 3665 1704 3730 duos,
1737 3674 1940 3721 etcum
1973 3666 2077 3720 Do-

475 3761 626 3816 mino
647 3759 817 3825 visos,
847 3769 901 3814 et
927 3755 1039 3830 95
1064 3758 1132 3810 ab
1169 3773 1238 3812 eo
1277 3757 1344 3812 ad
1370 3757 1471 3812 Lot
1505 3759 1731 3824 missos,
1768 3758 1901 3812 nihil
1931 3758 2076 3813 aliud

473 3867 503 3908 a
527 3851 788 3922 propheta
812 3850 914 3904 nisi
937 3848 1160 3918 angelos
1191 3848 1529 3918 praedicatus.
1555 3849 1672 3904 Non
1695 3849 1871 3904 solum
1895 3858 2074 3905 autem

476 3943 546 3998 ad
577 3941 847 3998 Abraham
877 3941 930 3996 in
964 3941 1078 3996 viro
1102 3942 1244 3996 Deus
1272 3939 1475 4007 adfuit,
1505 3941 1599 3996 sed
1630 3941 1794 3997 etiam
1825 3941 1888 3995 ad
1913 3941 2080 3997 Jacob

479 4038 534 4092 in
591 4035 811 4091 homine
861 4035 1003 4090 Deus
1057 4034 1224 4090 venit.
1275 4032 1462 4102 Neque
1515 4033 1692 4089 solum
1751 4035 1917 4101 venit,
1985 4035 2079 4090 sed

477 4131 714 4186 luctatus
739 4130 1040 4184 ostenditur
1063 4129 1214 4199 (Gen.
1246 4147 1425 4196 χχχιι,
1447 4130 1540 4200 94)
1579 4149 1593 4183 ;
1628 4146 1801 4200 neque
1843 4142 2077 4185 tanturn-

481 4221 646 4278 modo
677 4222 930 4289 luctatus,
973 4221 1068 4277 sed
1110 4223 1272 4277 etiam
1315 4222 1576 4278 adversus
1617 4238 1764 4289 eum,
1808 4239 1931 4277 cum
1976 4237 2084 4292 quo

482 4315 806 4378 luctabatur,
870 4313 1134 4368 infirmus.
1169 4310 1346 4368 ’Nunc
1411 4315 1479 4368 de
1536 4314 1695 4368 Iuctte
1745 4323 2086 4369 sacramento

493 4409 568 4482 (a)
597 4423 703 4462 non
733 4415 838 4470 est,
860 4422 1032 4476 neque
1063 4407 1114 4460 in
1147 4415 1413 4476 tempore.
1445 4420 1620 4474 neque
1644 4405 1696 4459 in
1731 4405 2087 4471 materia,ali-

485 4501 613 4573 quid
647 4508 900 4555 tractare.
941 4501 1084 4555 Deus
1121 4510 1269 4555 certe
1304 4510 1416 4564 est;
1452 4499 1576 4570 quia
1619 4498 1790 4556 Jacob
1828 4499 2089 4555 adversus

483 4595 653 4650 Deum
683 4593 930 4659 invaluit,
959 4604 1013 4648 et
1042 4593 1206 4648 lsrael
1238 4593 1405 4648 Deum
1436 4593 1589 4648 vidit.

557 4689 648 4746 52.
682 4687 854 4759 Moysi
893 4689 949 4742 in
987 4688 1114 4743 rubo
1145 4689 1303 4752 visus,
1340 4685 1593 4742 Dominus
1633 4697 1679 4742 et
1713 4688 1850 4742 Deus
1889 4699 1980 4744 est.
2012 4720 2084 4731 —-—

488 4783 780 4840 Videamus
823 4792 1024 4849 autem,
1069 4798 1136 4837 an
1184 4785 1347 4838 etiam
1390 4782 1541 4849 alibi,
1582 4792 1780 4853 praeter
1821 4799 1981 4852 quam
2016 4783 2082 4839 ad

491 4877 636 4948 Agar
659 4918 673 4943 ,
703 4876 787 4930 hic
807 4876 1031 4946 angelus
1063 4876 1154 4932 Dei
1188 4876 1330 4930 Deus
1359 4890 1480 4930 esse
1509 4876 1579 4931 sit
1606 4877 1872 4946 cognitus.
1893 4876 2092 4948 Cogni-

493 4979 580 5025 tus
608 4970 766 5041 plane
806 4979 908 5025 est.
946 4969 1132 5041 Neque
1180 4969 1354 5025 solum
1394 4969 1559 5038 Deus,
1604 4969 1700 5026 sed
1738 4970 1900 5026 etiam
1951 4971 2092 5027 Deus

566 5151 644 5226 (a)
670 5151 830 5226 Editi,
852 5167 1022 5226 neque
1048 5159 1124 5206 est
1157 5151 1209 5204 in
1241 5159 1507 5226 tempore:
1541 5159 1741 5226 printer
1769 5149 1941 5226 fidem
1955 5167 2089 5205 mss.

496 5221 787 5280 Estauletn
811 5221 899 5276 hic
917 5221 1819 5290 plemasmuacojnsesemplajam
1841 5222 2093 5276 vidimus.

571 5293 648 5363 (b)
680 5294 734 5347 In
765 5295 1013 5360 vulgatis,
1044 5293 1154 5363 ipse
1178 5308 1294 5346 vero
1315 5295 1399 5363 qui
1422 5293 1650 5363 auditur,
1675 5292 1931 5346 Dominus
1957 5292 2093 5347 Deus

498 5361 592 5419 est.
627 5361 824 5418 Deinde
844 5361 1084 5426 Abrahar,
1112 5363 1263 5417 Isaac
1289 5373 1336 5416 et
1360 5361 1520 5416 Jucob
1546 5361 1682 5418 Deus
1704 5380 1810 5417 esse
1833 5365 2098 5434 cognosci-

498 5445 600 5488 tur.
629 5437 760 5502 ρων
786 5436 945 5490 lecrio
975 5434 1195 5488 confusa
1226 5445 1557 5488 restauratnr
1579 5449 1682 5504 ope
1709 5450 1842 5489 mss.

577 5505 647 5578 (e)
679 5507 840 5570 Editi,
878 5505 1075 5561 Etenim
1099 5505 1196 5560 Dei
1222 5508 1433 5578 angelus
1460 5521 1596 5566 cum,
1621 5517 1750 5569 etc.,
1784 5521 1947 5562 sensu
1975 5522 2097 5576 per-

507 5575 742 5639 turbato,
786 5587 839 5631 ct
870 5579 1075 5631 sublata
1109 5575 1425 5643 probatione
1456 5592 1558 5646 qua
1596 5580 1737 5633 Deus
1778 5594 1885 5633 nou
1915 5575 2098 5635 solita-

505 5647 1065 5720 riusdemonstratur.
1099 5649 1441 5720 Castigantur
1471 5665 1534 5703 ex
1565 5665 1696 5704 mss.

500 5789 533 5846 η
689 5717 905 5782 Scilicet
930 5717 1221 5791 Unigeniti,
1255 5717 1311 5778 ut
1332 5722 1570 5794 apertius
1595 5721 1901 5781 declaratur
1921 5723 2014 5782 lib.
2039 5739 2094 5794 ν,

2173 3294 2305 3360 dete,
2334 3294 2498 3348 videte
2519 3294 2762 3361 quoniam
2779 3309 2870 3366 ego
2896 3309 3011 3346 sum
3037 3291 3302 3358 Dominus,
3324 3302 3373 3347 et
3400 3310 3500 3347 non
3531 3301 3602 3346 est
3633 3290 3774 3346 Deus

2176 3397 2360 3458 praeter
2389 3404 2467 3440 me
2494 3385 2672 3459 (Deut.
2705 3403 2876 3450 χχχιι,
2910 3386 3023 3459 59).
3053 3385 3268 3441 Etcum
3299 3386 3477 3441 omnis
3516 3401 3698 3442 sermo
3723 3385 3776 3441 ei

2175 3495 2240 3534 ex
2266 3493 2491 3549 persona
2537 3477 2630 3533 Dei
2657 3478 2734 3550 (ά)
2763 3493 2932 3548 usque
2957 3478 3025 3533 ad
3065 3480 3226 3533 linem
3256 3477 3524 3533 cantionis
3564 3477 3774 3544 fuisset,

2178 3573 2273 3638 ait,
2306 3570 2582 3627 Ltetamini
2617 3570 2731 3625 caeli
2756 3571 2912 3624 simul
2943 3587 3060 3623 cum
3086 3587 3163 3637 eo,
3198 3579 3244 3624 et
3275 3570 3491 3625 adorent
3529 3586 3644 3623 eum
3669 3585 3780 3623 ont-

2184 3682 2272 3720 nes
2302 3664 2373 3736 (e)
2407 3665 2502 3732 ﬁlii
2527 3661 2645 3717 Dei.
2680 3662 2954 3718 Lwtamini
2981 3672 3151 3733 gentes
3187 3679 3303 3717 cunt
3341 3663 3532 3734 papula
3573 3663 3704 3731 ejus,
3732 3671 3782 3716 et

2177 3757 2518 3825 honori/ieent
2545 3773 2661 3811 eum
2684 3773 2856 3811 onmes
2877 3757 3044 3826 angeli
3073 3754 3168 3808 Dei
3203 3753 3312 3825 (Ib.
3333 3798 3347 3820 ,
3377 3757 3488 3825 45).
3525 3755 3636 3827 95
3669 3753 3778 3809 IIo-

2181 3849 2544 3908 ttorillcandns
2572 3858 2654 3904 est
2680 3864 2709 3903 a
2735 3849 2826 3904 Dei
2851 3848 3058 3918 angelis
3089 3849 3247 3913 Deus,
3279 3847 3463 3903 dicens
3489 3866 3502 3902 :
3531 3847 3787 3914 Quoniam

2182 3964 2274 4017 ego
2295 3963 2405 4000 sum
2433 3945 2698 4010 Dominus,
2726 3954 2773 3998 et
2795 3953 2991 3996 nonest
3018 3942 3154 3996 Deus
3177 3950 3362 4012 prteter
3383 3957 3481 3995 me.
3516 3941 3610 3995 Est
3637 3941 3786 3996 enim

2186 4037 2504 4108 Unigenitus
2534 4038 2672 4092 Deus
2710 4056 2722 4090 :
2754 4052 2927 4106 neque
2954 4043 3260 4090 consortem
3297 4033 3556 4102 unigeniti
3587 4047 3788 4088 nomen

2186 4132 2420 4187 admittit
2448 4133 2627 4190 (sicuti
2657 4148 2762 4186 non
2796 4131 2985 4198 recipit
3016 4128 3367 4193 illllﬂSCiliiliS,
3401 4128 3454 4181 in
3480 4143 3547 4183 eo
3578 4137 3789 4182 tantum

2187 4225 2329 4296 quod
2361 4235 2441 4280 est
2470 4225 2827 4289 iunascibilis,
2861 4219 3237 4293 participem);
3263 4230 3348 4276 est
3377 4221 3522 4276 enim
3557 4237 3695 4275 unus
3723 4222 3792 4275 ab

2191 4333 2319 4372 uno.
2364 4316 2548 4386 Neque
2592 4324 2788 4384 ιιι-αξιοι
2831 4315 3204 4369 innascibiletn
3250 4315 3413 4367 Deum
3458 4313 3792 4369 innascibilis

2193 4410 2334 4465 Deus
2356 4408 2493 4463 alius
2526 4417 2628 4474 est,
2665 4423 2839 4479 neque
2879 4417 3073 4477 praeter
3111 4405 3445 4476 unigenitum
3478 4405 3642 4459 Deum
3670 4404 3794 4458 uni-

2192 4502 2407 4572 genitus
2442 4501 2584 4557 Deus
2624 4501 2909 4571 quisquam
2951 4509 3052 4554 est.
3088 4496 3326 4568 Uterque
3356 4498 3536 4567 itaque
3575 4511 3710 4551 unus
3739 4504 3797 4551 et

2116 4577 2169 4637 D
2193 4599 2340 4652 solus
2366 4607 2468 4662 est,
2516 4595 2845 4667 proprietate
2879 4593 3126 4649 videlicet
3156 4592 3209 4646 in
3243 4605 3567 4662 unoquoque
3613 4598 3668 4645 et
3708 4589 3796 4644 in-

2193 4689 2566 4746 nascibililatis
2614 4697 2668 4744 ct
2694 4687 2938 4759 originis.
2983 4688 3061 4740 Ac
3095 4685 3172 4740 sic
3211 4694 3437 4754 uterque
3481 4685 3621 4739 Dens
3659 4697 3798 4738 unus

2194 4794 2311 4850 est;
2345 4799 2467 4840 cum
2499 4785 2640 4839 inter
2670 4799 2836 4838 unum
2865 4792 2919 4838 et
2948 4796 3133 4844 unum,
3161 4779 3214 4835 id
3242 4791 3346 4845 eSI,
3372 4795 3437 4834 ex
3469 4795 3574 4833 uno
3603 4793 3790 4844 unum,

2194 4877 2492 4933 divinitatis
2514 4889 2732 4932 aeterna:
2755 4890 2860 4930 non
2883 4874 2953 4930 sit
2977 4873 3211 4930 secunda
3245 4883 3454 4928 natura.
3477 4871 3800 4930 Adorandus

2195 4987 2325 5044 ergo
2367 4983 2452 5028 est
2497 4987 2530 5028 a
2576 4971 2697 5025 filiis
2730 4968 2848 5036 Dei,
2889 4977 2946 5024 et
2983 4967 3421 5023 hononlicandus
3469 4966 3538 5022 ab
3577 4965 3800 5036 Angelis

2271 5152 2342 5225 (e)
2374 5153 2489 5225 Hic,
2515 5153 2807 5225 Deuterou.
2860 5151 3010 5206 locus
3052 5153 3104 5207 in
3147 5152 3235 5207 Ps.
3282 5169 3444 5218 van,
3476 5168 3530 5207 n.
3559 5152 3632 5225 ξι.
3683 5152 3804 5225 aliis

2200 5223 2397 5290 verbis,
2423 5223 2639 5294 alioque
2661 5223 2946 5278 verborum
2971 5225 3165 5279 ordine
3189 5225 3528 5292 exprimitur.
3558 5223 3633 5278 lbi
3656 5224 3802 5278 enim

2205 5295 2380 5365 printo
2407 5295 2525 5349 loco
2545 5295 2782 5365 habetur
2810 5295 2991 5364 Angeli
3032 5295 3148 5365 Dei,
3188 5312 3293 5349 non
3327 5294 3425 5358 ﬁlii
3457 5295 3585 5361 Dei;
3614 5305 3804 5365 postea

2203 5363 2380 5419 autem
2400 5365 2510 5438 ﬁlii
2533 5363 2654 5429 Dei,
2689 5365 2807 5418 loco
2838 5363 3020 5438 Angeli
3061 5364 3159 5420 Dei
3189 5383 3207 5419 :
3235 5368 3330 5438 cui
3364 5367 3580 5420 lectioni
3609 5363 3804 5420 Suma-

2201 5446 2359 5506 gatur
2387 5437 2631 5492 Justinus
2660 5437 2758 5492 sub
2782 5437 2940 5492 finem
2975 5439 3108 5492 Dial.
3138 5453 3258 5492 cum
3292 5437 3604 5508 Tryphone,
3637 5438 3806 5491 favet-

2205 5524 2309 5579 que
2339 5509 2534 5564 Paulus
2563 5509 2696 5563 Heb.
2734 5526 2770 5567 ι.
2801 5510 2853 5564 6.
2888 5511 3060 5577 Quem
3092 5511 3176 5563 hic
3211 5517 3359 5562 tenet
3392 5509 3624 5563 llilarius
3651 5509 3803 5562 ordi-

2205 5596 2350 5639 nem.
2371 5592 2511 5636 tenet
2532 5592 2584 5636 et
2609 5580 2946 5652 Epiphanius
2970 5580 3103 5652 hair.
3130 5595 3274 5645 Lm,
3293 5597 3346 5634 ιι.
3374 5580 3464 5646 60,
3491 5580 3578 5633 ubi
3603 5579 3803 5634 habet:

2205 5653 2440 5778 Αιίοιίςιῦ
2458 5651 2816 5735 ipsuntontnes
2842 5654 2939 5722 ﬁlii
2963 5651 3080 5722 Dei,
3113 5663 3161 5708 et
3183 5655 3468 5724 εοηίοιιοηι
3493 5667 3608 5708 eunt
3628 5667 3804 5706 omnes

2205 5741 2328 5778 mae
2353 5741 2366 5778 t
2442 5740 2508 5778 et.

2193 5740 2366 5796 anget:
2393 5740 2508 5780 uel.
