4118 6186
307 318 413 374 121

1493 320 1581 376 DE
1618 320 1986 379 TRINITATE
2023 321 2228 379 LIBER
2264 324 2354 382 IV.

3510 337 3618 393 1ἓὲ

307 436 431 494 Dei.
461 436 539 493 Ita
570 443 627 493 et
654 434 830 492 honor
850 445 906 493 et
935 437 1213 493 veneratio
1252 437 1364 494 Deo
1390 451 1424 493 a
1455 438 1549 494 Dei
1570 438 1696 496 tiliis
1722 447 1778 496 et
1805 441 1915 497 An—
1940 441 1996 502 Α
2019 455 2184 498 cerne
2207 441 2281 513 (e)
2304 442 2371 499 ad
2400 443 2627 517 legentis
2654 446 3065 520 intelligentiam
3094 460 3316 507 unctum
3338 460 3392 509 et
3413 468 3618 526 ungen-

302 529 449 602 gelis
492 529 819 600 postulatur.
863 529 1323 601 Signiﬁcationem
1366 530 1687 597 honorandi,
1723 532 1805 606 (l)
1857 541 1914 589 et

305 638 501 680 eorum
526 622 604 695 (a)
645 637 742 693 per
774 638 911 694 quos
937 633 1017 677 est
1043 623 1388 679 honorandus
1419 626 1679 697 intellige,
1707 625 1913 682 scilicet

302 732 409 788 per
437 715 658 786 angelos
684 726 740 770 et
768 715 905 769 ﬁlios
936 716 1048 780 Dei,
1086 716 1245 772 Deus.
1278 716 1356 772 Ac
1384 733 1453 773 ne
1477 718 1616 774 forte
1648 721 1909 775 honorem

305 810 409 866 Dei
450 826 556 865 non
599 809 867 864 naturalis
893 810 1175 866 existimes
1206 812 1491 881 posmlari,
1532 820 1589 868 et
1631 811 1911 868 arbitreris

305 904 417 960 hoc
453 903 508 960 in
549 904 672 959 loco
712 904 934 973 Moysen
974 903 1042 959 dc
1085 903 1401 961 honorando
1448 906 1558 962 Deo
1595 918 1745 975 patre
1779 921 1910 963 sen-

302 996 469 1063 sisse,
495 1010 620 1052 cum
664 1006 845 1051 tamen
876 996 1037 1052 Pater
1061 996 1129 1052 sit
1160 996 1510 1054 honorandus
1545 999 1598 1054 in
1623 998 1794 1064 Filio;
1830 1010 1911 1055 ta-

302 1104 435 1145 men
462 1088 921 1150 benedictionem,
945 1105 1109 1160 quam
1134 1089 1208 1162 (b)
1231 1091 1333 1147 sub
1353 1091 1546 1148 eodem
1573 1106 1823 1148 sermone
1843 1090 1911 1147 ad

302 1181 512 1251 Ioseph
544 1180 806 1251 disponit,
849 1181 1092 1238 adverte.
1126 1184 1213 1238 Ait
1243 1184 1385 1239 enim
1417 1201 1430 1237 :
1463 1181 1530 1238 Et
1556 1200 1671 1255 quae
1705 1194 1914 1254 accepta

301 1282 427 1330 sunt
467 1274 517 1327 ei
558 1274 651 1344 qui
676 1273 920 1343 apparuit
951 1275 1003 1328 in
1035 1274 1185 1342 rubo,
1213 1280 1414 1331 ueniant
1441 1291 1596 1345 super
1632 1286 1783 1343 caput
1822 1273 1913 1330 Jo-

301 1368 432 1436 seph
463 1376 511 1422 et
536 1367 771 1421 verticem
803 1364 980 1438 (Deut.
1012 1384 1202 1434 χχχιιι,
1234 1368 1348 1440 16).
1380 1368 1704 1425 Adorandns
1726 1383 1857 1439 ergo
1879 1384 1909 1422 a

303 1460 410 1517 Dei
445 1459 573 1514 ﬁliis
598 1458 743 1514 Deus
769 1466 877 1526 est,
906 1462 1003 1516 sed
1034 1462 1174 1517 Deus
1198 1462 1288 1531 qui
1312 1471 1369 1516 et
1400 1461 1490 1517 Dei
1515 1461 1654 1517 ﬁlius
1676 1468 1777 1517 est.
1804 1460 1913 1515 llo-

302 1554 591 1611 norandus
624 1563 804 1608 autem
848 1569 878 1607 a
919 1554 1014 1609 Dei
1054 1554 1262 1625 angelis
1302 1555 1443 1610 Deus
1484 1562 1587 1620 est,
1634 1553 1730 1608 sed
1771 1553 1911 1608 Deus

302 1649 400 1720 qui
431 1649 529 1705 Dei
565 1647 637 1719 (c)
663 1650 889 1719 angelus
921 1649 1063 1704 Deus
1089 1657 1176 1705 est
1207 1665 1221 1703 :
1256 1646 1382 1717 quia
1409 1646 1477 1702 de
1505 1647 1640 1701 rubo
1660 1646 1913 1716 apparuit

302 1741 402 1795 Dei
431 1741 662 1812 angelus
684 1741 846 1809 Deus,
874 1750 930 1797 et
957 1757 1078 1812 qum
1107 1742 1155 1796 ei
1178 1741 1497 1810 complacita
1529 1748 1674 1800 sunt.
1704 1738 1909 1808 Joseph

2017 540 2123 588 tem
2158 533 2473 607 :distingue
2512 547 2561 593 te
2599 547 2654 593 et
2692 547 2810 594 tuus
2840 556 2859 595 :
2885 540 2951 595 ad
2999 557 3158 613 quem
3202 553 3258 600 et
3293 543 3361 599 de
3400 560 3507 615 quo
3546 545 3618 603 sit

2014 640 2216 694 sermo,
2245 627 2581 684 demonstra.
2613 631 2996 701 Superioribus
3023 635 3167 690 enim
3190 634 3349 691 dictis
3374 636 3458 692 hic
3481 653 3615 693 con-

2015 718 2268 778 fessionis
2296 722 2431 777 ordo
2457 725 2733 794 subjectus
2761 737 2863 783 est.
2900 728 3116 785 Dixerat
3146 746 3377 800 namque
3403 750 3417 787 :
3449 731 3615 788 Sedes

2019 825 2126 883 tua,
2167 816 2329 886 Deus,
2372 820 2425 873 in
2450 819 2698 873 steculum
2740 821 2939 884 swculi,
2971 823 3113 894 virga
3154 824 3450 880 directionis
3496 834 3617 894 tute,

2019 913 2159 982 virga
2192 912 2336 984 regni
2384 913 2494 980 tui;
2525 913 2754 969 dilexisti
2783 917 3070 988 justitiam,
3104 928 3151 972 et
3180 919 3335 973 odisti
3369 919 3617 988 iniquita-

2017 1015 2115 1060 tem
2151 1005 2340 1076 (lbid.,
2376 1007 2456 1079 7).
2494 1006 2643 1062 Nunc
2664 1023 2878 1079 quoque
2920 1008 3004 1066 his
3047 1010 3245 1081 adjecit
3288 1030 3301 1067 :
3334 1010 3620 1085 Propterea

2015 1099 2161 1153 unxit
2187 1109 2253 1166 te,
2287 1099 2450 1166 Deus,
2478 1099 2617 1155 Deus
2641 1110 2777 1155 tuus.
2815 1103 2952 1156 Deus
2979 1118 3108 1173 ergo
3130 1103 3280 1175 regni
3306 1106 3514 1171 mterni,
3546 1106 3617 1161 oh

2015 1190 2268 1245 meritum
2295 1191 2508 1247 dilect-.e
2531 1192 2753 1261 jnstitiu:
2780 1201 2837 1249 et
2868 1208 3075 1262 perosae
3103 1195 3420 1266 iniquitatis,
3448 1213 3476 1251 a
3505 1198 3618 1254 Deo

2015 1298 2122 1340 suo
2148 1296 2342 1341 unctus
2370 1294 2474 1340 est.
2508 1286 2773 1358 Numquid
2807 1289 3216 1359 intelligentiam
3254 1300 3491 1347 nostram
3518 1293 3620 1349 ali-

2013 1394 2117 1449 qua
2170 1379 2366 1435 saltem
2414 1383 2690 1435 nominum
2739 1381 3020 1438 intervalla
3068 1383 3440 1440 confundunt?
3485 1385 3617 1442 Nam

2013 1473 2275 1529 discretio
2323 1483 2531 1529 tantum
2584 1490 2830 1546 persona:
2874 1478 2926 1532 in
2970 1487 3018 1533 te
3054 1487 3110 1534 et
3145 1488 3265 1533 tuus
3307 1482 3477 1550 posita
3510 1490 3615 1549 est,

2015 1568 2070 1623 in
2117 1568 2265 1624 nullo
2313 1579 2491 1625 tamen
2537 1579 2745 1626 naturae
2788 1571 3039 1628 distincta
3082 1572 3442 1630 confessione.
3473 1573 3620 1632 Tuus

2013 1662 2156 1718 enim
2184 1663 2412 1718 relatum
2436 1673 2522 1719 est
2540 1663 2608 1719 ad
2639 1675 2938 1731 auctorem,
2974 1675 3020 1719 te
3044 1681 3174 1721 vero
3194 1667 3261 1721 ad
3284 1667 3400 1737 ejus
3427 1670 3517 1739 qui
3547 1683 3615 1725 ex

2013 1764 2233 1811 aut-tore
2270 1765 2353 1811 est
2382 1756 2850 1827 signiﬁcationem.
2884 1759 2977 1812 Est
3014 1759 3157 1813 enim
3197 1760 3334 1814 Deus
3363 1776 3430 1813 ex
3465 1761 3602 1827 Deo,

296 1847 428 1889 cum
488 1834 900 1890 benediceretur
941 1842 1215 1901 optantur.
1259 1832 1377 1887 Non
1422 1831 1545 1887 ideo
1585 1846 1693 1886 non
1743 1832 1903 1896 Dens,

2023 1850 2273 1916 prepheta
2323 1847 2516 1903 eodem
2561 1848 2752 1903 ordine
2776 1848 3071 1906 conﬁtente
3106 1867 3119 1904 :
3156 1850 3315 1907 Unxit
3342 1861 3414 1918 te,
3447 1851 3613 1922 Deus,

296 1926 427 1996 quia
455 1926 687 1997 angelus
719 1927 813 1983 Dei
841 1938 959 1992 eSt;
988 1941 1163 1995 neque
1190 1939 1401 1980 rursum
1432 1924 1656 1995 angelus
1683 1923 1778 1978 Dei
1804 1938 1913 1977 non

299 2019 532 2084 idcirco,
579 2022 706 2091 quia
753 2020 897 2075 Deus
924 2029 1049 2075 est:
1088 2018 1186 2074 sed
1227 2017 1523 2089 signiﬁcata
1565 2030 1913 2086 personarum

298 2113 687 2184 intelligentia,
711 2121 766 2169 et
796 2112 877 2185 (d)
907 2111 1164 2168 distincto
1195 2110 1634 2167 innaseiltilitatis
1658 2109 1912 2164 nativita-

297 2206 482 2277 tisque
521 2220 711 2273 sensu,
743 2220 808 2261 ac
846 2202 1186 2259 manifestata
1223 2210 1688 2259 sacramentorum
1717 2201 1915 2257 cmles-

299 2301 439 2356 tium
465 2300 899 2370 dispensatione,
924 2314 1029 2354 non
1058 2299 1358 2353 solitarium
1393 2297 1557 2353 Deum
1589 2297 1769 2352 docuit
1798 2297 1917 2367 epi-

299 2392 567 2460 nandum,
595 2407 719 2448 cum
763 2392 1015 2463 angelum
1055 2399 1111 2448 et
1148 2392 1314 2446 lilium
1358 2391 1453 2446 Dei
1502 2390 1692 2458 Deum,
1729 2390 1824 2445 Dei
1861 2399 1915 2447 et

299 2485 484 2558 angeli
513 2495 570 2541 et
602 2484 697 2540 ﬁlii
725 2482 1052 2539 adorabunt.

378 2581 475 2636 54.
512 2579 583 2635 Et
630 2579 750 2634 bzne
794 2577 1010 2649 quidem
1056 2577 1125 2633 de
1167 2576 1339 2650 Moysi
1381 2578 1533 2634 libris
1585 2591 1846 2649 responsa
1882 2592 1912 2632 a

300 2672 469 2729 nobis
498 2673 623 2737 sint,
655 2671 743 2727 vel
774 2672 953 2741 potius
979 2669 1191 2742 Moyses
1223 2671 1343 2740 ipso
1370 2669 1715 2739 responderit
1746 2687 1759 2727 :
1788 2670 1910 2740 quia

297 2779 375 2823 eo
404 2765 644 2821 haeretici
675 2773 897 2819 auctore
924 2764 1031 2828 usi,
1063 2778 1158 2833 per
1189 2763 1348 2817 unius
1379 2763 1470 2818 Dei
1498 2760 1911 2818 confessionem

302 2869 504 2931 potent
529 2857 836 2930 persuaderi
866 2872 1043 2928 posse,
1072 2872 1139 2913 ne
1170 2858 1308 2912 llens
1337 2870 1458 2912 esse
1484 2857 1575 2913 Dei
1604 2856 1744 2912 ﬁlius
1767 2872 1910 2928 prae-

301 2950 560 3017 dicetur;
586 2949 700 3022 96
726 2959 914 3006 contra
942 2948 1182 3004 auctoris
1209 2948 1292 3003 sui
1332 2948 1697 3004 testimonium
1733 2948 1908 3019 impii,

302 3059 434 3099 cum
463 3044 677 3113 quando
704 3043 795 3098 ille
822 3057 990 3097 unum
1022 3041 1190 3097 Deum
1224 3040 1513 3106 conﬁtens,
1546 3056 1651 3096 non
1683 3039 1911 3097 destite-

302 3137 383 3194 rit
407 3138 481 3194 de
510 3137 600 3193 Dei
622 3135 732 3192 ﬁlio
759 3136 958 3193 docere
979 3136 1122 3208 quod
1147 3136 1290 3191 Deus
1315 3144 1417 3191 est.
1443 3133 1551 3191 Sed
1575 3151 1912 3207 consequens

2018 1935 2157 1993 Deus
2194 1949 2332 1994 tuus.
2362 1938 2477 1994 Non
2522 1949 2606 1995 est
2642 1950 2821 1996 autem
2863 1949 2988 1995 ante
3022 1942 3394 1998 innascibilem
3446 1943 3613 2001 Deum

2020 2032 2162 2087 Deus
2192 2033 2352 2097 ullos,
2404 2032 2522 2102 ipso
2552 2030 2768 2088 dicente
2803 2052 2817 2088 :
2853 2032 3032 2089 Estote
3069 2035 3198 2089 mihi
3236 2045 3406 2103 testes,
3444 2047 3490 2091 et
3522 2053 3625 2109 ego

2017 2116 2177 2189 testis,
2211 2123 2333 2179 dicit
2359 2124 2608 2179 Dominus
2634 2125 2794 2193 Deus,
2830 2137 2876 2181 et
2896 2144 3024 2199 puer
3043 2144 3186 2181 nteus
3207 2145 3355 2198 quem
3376 2130 3537 2202 elegi,
3562 2140 3619 2185 ut

2015 2217 2192 2272 sciatis
2220 2226 2269 2271 et
2313 2217 2532 2273 credatis
2575 2229 2622 2273 et
2661 2219 2962 2291 intelligatis
2991 2222 3232 2292 quoniant
3272 2238 3366 2294 ego
3399 2239 3534 2289 sum,
3570 2230 3618 2278 et

2014 2321 2133 2365 ante
2160 2326 2241 2364 me
2271 2328 2371 2366 non
2397 2321 2470 2366 est
2504 2312 2641 2367 alius
2671 2312 2831 2381 Deus,
2865 2324 2913 2369 et
2942 2300 3055 2384 post
3096 2332 3176 2369 nte
3213 2333 3314 2371 non
3341 2317 3436 2371 erit
3463 2314 3613 2390 (Esa.

2015 2419 2166 2468 XLIII,
2203 2404 2313 2476 10).
2347 2401 2424 2475 (2)
2457 2404 2588 2475 Ejus
2609 2405 2793 2475 igitur,
2825 2405 2896 2480 (f)
2922 2407 3014 2478 qui
3042 2408 3159 2464 sine
3188 2409 3343 2465 initio
3372 2419 3483 2473 est,
3517 2410 3615 2466 de-

2016 2504 2315 2551 monstrata
2338 2506 2421 2551 est
2441 2496 2709 2567 dignitas;
2742 2507 2795 2553 et
2822 2499 2941 2568 ejus
2970 2501 3058 2571 qui
3091 2516 3157 2557 ex
3184 2502 3488 2559 innascibili
3509 2513 3619 2574 est,

2017 2588 2193 2644 honor
2222 2599 2575 2645 conservatus
2604 2601 2688 2647 cst
2719 2611 2731 2646 :
2769 2589 2930 2647 Unxit
2958 2603 3027 2659 te,
3067 2594 3210 2648 enim
3269 2592 3431 2661 Deus,
3477 2592 3617 2651 Deus

2022 2692 2162 2739 tuus.
2195 2682 2251 2739 ld
2282 2683 2452 2748 enim,
2480 2684 2625 2755 quod
2670 2684 2742 2738 ait
2788 2696 2925 2753 tuus,
2969 2685 3035 2739 ad
3073 2686 3410 2741 nativitatem
3448 2687 3619 2744 reler-

2017 2787 2125 2845 tur,
2164 2788 2421 2833 cmternm
2471 2792 2579 2832 non
2638 2777 2855 2848 perimit
2904 2787 3148 2833 naturam
3195 2778 3358 2851 (Vide
3395 2779 3485 2834 lib.
3536 2796 3613 2847 XI,

2015 2887 2071 2926 n.
2110 2870 2198 2938 18,
2227 2870 2372 2941 etc.).
2405 2869 2474 2927 Et
2501 2869 2707 2926 idcirco
2739 2870 2878 2926 Deus
2900 2870 3016 2941 ejus
3047 2884 3151 2939 est,
3180 2872 3302 2943 quia
3335 2887 3402 2928 ex
3424 2886 3489 2928 eo
3520 2888 3616 2929 na-

2018 2972 2102 3018 tus
2131 2963 2182 3018 in
2209 2963 2375 3018 Deum
2398 2973 2501 3019 est.
2526 2962 2640 3018 Non
2676 2972 2854 3019 tamen
2887 2978 2983 3034 per
3018 2964 3093 3032 id,
3117 2964 3257 3035 quod
3283 2963 3445 3020 Pater
3475 2964 3616 3022 Deus

2015 3064 2119 3121 est,
2160 3069 2266 3109 non
2316 3063 2373 3109 et
2411 3053 2580 3109 Filius
2628 3056 2767 3110 Deus
2811 3066 2894 3110 est
2927 3073 2938 3109 :
2975 3054 3135 3110 L’nxit
3180 3054 3323 3112 enim
3369 3065 3434 3122 te,
3480 3054 3618 3112 Deus

2014 3145 2158 3200 Deus
2200 3159 2319 3201 tuus
2346 3162 2366 3201 :
2395 3146 2672 3218 designata
2704 3145 2953 3202 videlicet
2982 3156 3036 3201 et
3074 3148 3331 3215 auctoris,
3363 3157 3416 3203 et
3443 3163 3508 3203 ex
3550 3163 3617 3204 eo

302 3239 399 3287 est
448 3229 771 3302 multiplices
815 3228 885 3285 de
940 3228 1130 3285 eodem
1185 3227 1568 3299 prophetarum
1614 3230 1914 3284 sententias
1940 3228 1984 3291 C
2018 3238 2186 3308 geniti
2216 3236 2634 3309 signiﬁcatione,
2668 3253 2777 3293 uno
2811 3238 3112 3310 eodemque
3148 3239 3294 3294 dicto
3328 3248 3618 3309 utrumque

304 3322 580 3396 proferre.

383 3415 477 3474 55.
514 3418 616 3487 Qui
640 3418 890 3490 propheta
918 3416 1115 3472 Filium
1139 3425 1187 3472 et
1214 3415 1376 3471 Deum
1404 3416 1604 3483 doceat,
1627 3426 1674 3472 et
1699 3435 1732 3472 a
1759 3415 1919 3473 Patre

304 3523 568 3569 secernat.
595 3509 721 3567 Filii
762 3527 856 3566 cur
892 3522 1033 3583 pater
1073 3508 1215 3564 Deus
1241 3512 1327 3567 sit.
1354 3540 1426 3551 —
1452 3509 1629 3566 Tenes
1665 3510 1864 3567 dictum
1897 3529 1910 3567 :

306 3606 474 3671 Audi,
499 3603 688 3669 Israel,
720 3603 973 3659 Dominus
997 3603 1136 3659 Deus
1163 3613 1279 3658 tuus
1306 3620 1438 3659 unus
1470 3612 1542 3660 est
1575 3619 1595 3659 :
1619 3612 1778 3676 atque
1809 3608 1913 3661 uti-

308 3715 438 3755 nam
499 3706 647 3754 recte
702 3707 938 3753 teneres.
990 3697 1095 3754 Sed
1145 3699 1442 3755 secundum
1498 3716 1716 3757 sensum
1767 3712 1917 3757 tuum

307 3792 441 3847 dicti
488 3790 790 3861 prophetici
831 3806 1018 3861 quacro
1050 3790 1338 3847 rationem.
1369 3790 1461 3847 Ait
1484 3794 1626 3849 enim
1675 3794 1726 3849 in
1768 3794 1917 3865 psal—

310 3886 417 3942 mis
446 3902 461 3941 :
507 3883 667 3941 Unmit
695 3894 762 3952 te,
788 3882 961 3951 Deus,
991 3879 1131 3939 Deus
1158 3892 1276 3939 tuus
1299 3882 1472 3959 (Psal.
1501 3902 1646 3955 xciv,
1680 3886 1759 3960 8).
1801 3888 1922 3945 Dis-

385 4049 467 4119 (1)
495 4048 563 4122 [ξι
586 4051 700 4122 ejus
730 4063 819 4122 per
847 4046 1018 4122 cujus.

388 4116 469 4196 (2)
497 4116 635 4184 Eius
674 4120 832 4193 igitur
871 4116 957 4189 qui
995 4118 1104 4196 sine
1142 4116 1404 4196 nativitate
1441 4126 1536 4196 est,
1577 4117 1923 4196 demonstrata

310 4188 535 4269 persona
558 4202 657 4260 est,
692 4188 838 4258 mox,
872 4188 969 4261 pro
998 4189 1054 4243 id
1094 4190 1227 4244 enim
1267 4188 1404 4259 quod
1440 4191 1531 4257 ait,
1567 4197 1650 4245 est
1695 4189 1749 4243 id
1784 4190 1922 4262 quod

390 4330 471 4402 (a)
494 4329 573 4385 Ita
601 4328 718 4393 En,
754 4325 902 4393 Lips.
937 4334 991 4380 et
1033 4324 1160 4402 Par.
1206 4340 1326 4392 quae
1367 4325 1529 4380 lectio
1568 4324 1724 4402 nobis
1764 4325 1920 4402 valde

315 4397 572 4472 suspecta
607 4407 713 4467 est,
744 4413 995 4472 cumineo
1025 4398 1445 4472 satiscongruat
1477 4397 1920 4472 etintsubnexis,

318 4466 431 4530 nec'
451 4466 719 4527 habeatur
745 4470 847 4524 nisi
882 4471 931 4522 in
973 4466 1370 4523 recentioribus
1409 4483 1539 4523 mss.
1573 4467 1704 4521 Nam
1738 4468 1791 4523 in
1826 4485 1920 4536 po-

319 4545 553 4602 tioribus
604 4542 776 4597 tribtts
829 4540 1009 4605 Colb.,
1075 4537 1265 4601 Carm,
1316 4536 1507 4604 Corb.,
1553 4538 1765 4604 Germ.,
1823 4541 1929 4595 Re-

321 4618 481 4688 mig.,
511 4623 645 4678 εις..
678 4614 857 4688 legere
887 4622 985 4688 est,
1020 4620 1066 4665 et
1094 4610 1207 4688 eius
1247 4626 1337 4681 per
1351 4612 1510 4688 cujus
1540 4608 1741 4688 (potest
1771 4612 1929 4667 inte]-

322 4680 659 4760 ligitaeitum
689 4680 910 4760 verbum
938 4680 1205 4760 honorem)
1234 4691 1310 4736 est
1340 4680 1689 4760 honorandus.
1726 4681 1782 4737 In
1825 4699 1925 4737 ms.

323 4754 489 4816 ϐὅτι).
517 4756 770 4814 secundis
796 4756 941 4811 curis
964 4754 1296 4825 adscriptum
1318 4762 1419 4817 est,
1453 4760 1499 4806 et
1524 4755 1636 4825 ejus
1668 4770 1758 4820 per
1781 4771 1929 4823 quem

324 4843 399 4887 est
432 4829 789 4885 honorandus.
817 4826 876 4881 In
909 4823 1291 4898 Vindocinensi
1317 4833 1498 4898 autem
1525 4823 1797 4898 esstat,‘et
1820 4828 1932 4898 ejus

328 4920 422 4975 per
450 4918 580 4971 quos
605 4911 678 4975 est
706 4897 1057 4975 Itorwrandus.
1094 4895 1295 4975 Deinde
1322 4896 1374 4975 in
1404 4895 1693 4975 vetustiore
1719 4894 1928 4975 Βορῆς.

328 4964 610 5040 mendose,
629 4971 913 5041 intelligere
929 4968 1197 5041 sciliceturr
1210 4967 1435 5041 Angelus
1452 4974 1500 5020 et
1517 4964 1689 5041 Filius
1712 4964 1829 5041 Dei.
1857 4964 1934 5022 Ex

327 5048 528 5116 quibus
560 5037 664 5099 non
694 5037 1037 5116 incommode
1063 5040 1338 5116 conﬁcere
1359 5037 1934 5116 Ιὶοενθιηδίθῃὶβοᾳζὶο-

330 5108 448 5173 nem
470 5114 763 5170 honorandi
788 5129 852 5168 ea;
871 5112 945 5166 eis
964 5126 1060 5184 per
1073 5125 1201 5184 quos
1224 5119 1315 5184 est_
1318 5108 1653 5164 honorandus
1680 5108 1932 5184 intellige,

328 5191 533 5259 scilicet
557 5196 615 5241 ut
645 5184 881 5259 Angelus
904 5177 1124 5259 et'ﬁlius
1146 5177 1245 5235 Dei
1269 5179 1433 5259 Deus.

404 5258 490 5333 (b)
516 5260 575 5314 In
622 5252 952 5333 uno'cgdice
993 5252 1289 5333 Vati_c._s_ub
1332 5252 1508 5333 eodgm
1550 5252 1773 5333 nomine:
1798 5252 1935 5333 Tum

334 5321 749 5388 io'r'ccentiore
791 5325 1002 5393 Remig.
1053 5322 1121 5395 ad
1165 5322 1373 5378 Tlieod.
1419 5321 1581 5379 Iacob
1625 5325 1693 5379 ad
1741 5324 1943 5395 Ioseph

336 5403 589 5473 disponit.
635 5400 914 5473 Sincerior
953 5403 1038 5452 est
1079 5394 1240 5473 lectio
1282 5403 1629 5473 caeterorum.
1683 5394 1937 5473 SttbjeCta

340 5466 489 5532 enim
518 5474 688 5529 verba
734 5466 1135 5525 Deuteronomii
1178 5475 1334 5539 sunt;
1380 5468 1626 5539 quamvis
1669 5468 1735 5524 ad
1771 5468 1938 5524 bene-

336 5548 632 5604 dictionem
658 5540 826 5597 .Iacob
850 5542 987 5596 Gen.
1017 5553 1167 5602 sua,
1196 5535 1286 5602 26,
1316 5535 1579 5594 alludant.

411 5617 488 5689 (ε)
514 5616 596 5689 lta
617 5627 752 5689 mss.
777 5612 849 5689 A_t
876 5609 1029 5689 editi,
1053 5608 1493 5689 Angelusnest‘qui
1517 5612 1579 5664 de
1593 5613 1739 5689 rubo.
1757 5609 1863 5689 ‘Sic
1883 5619 1940 5689 et

341 5679 669 5747 Ambrosius
700 5686 753 5739 in
796 5682 941 5739 Psal.
974 5679 1213 5742 sanun.
1245 5679 1334 5743 15,
1368 5681 1561 5736 Filium
1602 5684 1652 5738 in
1691 5683 1825 5738 rubo
1855 5681 1938 5735 vi-

341 5778 466 5827 sunt
487 5759 656 5814 fuisse
684 5756 925 5813 declarat
951 5754 1033 5825 Itis
1064 5749 1245 5827 verbis
1271 5751 1442 5827 ;_Quis
1469 5764 1541 5809 est
1576 5755 1629 5810 in
1658 5755 1782 5827 rubo
1804 5756 1940 5809 visus

348 5821 540 5904 Moysi,
567 5828 668 5887 nisi
695 5821 1062 5901 primoqenitus
1090 5821 1186 5878 Dei
1224 5823 1387 5896 filius,
1418 5828 1507 5898 qui
1527 5827 1597 5884 ait
1629 5845 1648 5887 :
1682 5825 1797 5899 Ego
1827 5843 1941 5887 sum
1993 5874 1999 5885 .

2018 3330 2170 3386 illum
2219 3331 2271 3386 in
2302 3340 2508 3388 natura:
2537 3330 2780 3402 ejusdem
2813 3331 2892 3404 (g)
2935 3341 2991 3388 et
3024 3332 3299 3403 dignitatis
3342 3348 3619 3404 nuncupa-

2022 3426 2172 3482 tione
2196 3426 2502 3480 constituit.

2089 3517 2198 3589 97
2212 3516 2299 3572 56.
2332 3515 2529 3572 Filium
2555 3516 2729 3573 Patris
2748 3516 2949 3590 qualem
2967 3516 3154 3572 Esaias
3177 3517 3619 3586 pradicet—Vc-

2019 3627 2138 3668 rum
2162 3628 2230 3667 ne
2253 3611 2389 3667 forte
2418 3628 2482 3669 ex
2513 3628 2579 3668 eo
2599 3613 2763 3684 arripi
2793 3614 2968 3685 impiae
2998 3614 3316 3670 assertionis
3337 3616 3503 3684 possit
3524 3629 3621 3670 oc-

2022 3705 2188 3771 casio,
2210 3704 2350 3773 quod
2383 3704 2584 3760 dictum
2615 3714 2715 3767 est,
2753 3705 3011 3774 Quoniam
3042 3722 3132 3774 ego
3157 3723 3291 3771 sum,
3325 3714 3374 3759 et
3399 3716 3517 3761 ante
3542 3722 3624 3761 me

2021 3806 2217 3852 nonest
2244 3794 2384 3850 Deus
2405 3797 2560 3861 alius,
2582 3805 2627 3851 et
2649 3807 2762 3868 post
2789 3813 2868 3851 me
2889 3813 2989 3851 non
3012 3798 3104 3850 erit
3127 3795 3296 3866 (Esai,
3319 3811 3470 3864 sun,
3489 3798 3578 3870 10)
3604 3815 3620 3863 ;

2023 3900 2295 3964 tamquam
2329 3908 2425 3963 per
2471 3892 2525 3948 id
2567 3907 2674 3947 non
2727 3901 2780 3948 et
2832 3892 3000 3949 Filius
3032 3890 3172 3949 Deus
3212 3892 3303 3958 sit,
3334 3891 3458 3962 quia
3505 3900 3627 3963 post

2027 4051 2121 4114 ait,
2151 4060 2205 4105 et
2238 4050 2399 4117 paulo
2428 4057 2570 4120 post,
2603 4049 2723 4117 quia
2749 4064 2814 4104 ea:
2856 4046 2968 4104 Deo
3009 4058 3159 4104 natus
3194 4048 3407 4119 legitur,
3440 4060 3539 4119 pro
3566 4063 3629 4103 ex

2029 4138 2086 4178 eo
2117 4129 2288 4177 natus.

2025 4327 2166 4400 Deus
2196 4336 2396 4400 patrum
2420 4338 2731 4400 uestrorum,
2770 4327 2907 4381 Deus
2937 4327 3218 4395 Abraham,
3265 4326 3405 4385 Deus
3443 4329 3629 4400 Isaac,

2026 4398 2168 4475 Deus
2196 4398 2381 4453 Iacob.
2406 4398 2535 4453 Ideo
2556 4415 2611 4455 se
2625 4400 2994 4475 demonstravit
3019 4402 3258 4475 humanis
3289 4398 3629 4475 adspectibus,

2028 4472 2150 4542 quia
2175 4479 2418 4525 venturus
2441 4480 2548 4525 erat
2572 4480 2624 4524 ut
2655 4471 2718 4525 ab
2749 4470 2982 4527 omnibus
3012 4471 3287 4527 uideretur.

2105 4563 2185 4639 (α)
2220 4565 2279 4620 In
2327 4565 2509 4633 editis,
2537 4564 2800 4621 distinctio
2833 4565 3133 4621 :mendum
3179 4566 3323 4639 quod
3367 4568 3635 4641 castigant

1955 4644 2010 4704 1)
2034 4652 2167 4692 mss.

2111 4707 2180 4781 (ε)
2212 4708 2359 4782 Lips.
2385 4715 2441 4764 ct
2459 4709 2615 4782 Pan,
2635 4709 2895 4782 discernat
2916 4710 3126 4782 legentis
3152 4710 3487 4781 intelligentia
3513 4726 3637 4766 :re-

2040 4781 2364 4835 luctantibus
2419 4781 2540 4833 aliis
2592 4781 2760 4835 libris.
2821 4781 2895 4835 Ita
2958 4781 3319 4835 'l‘ertullianus
3371 4783 3637 4837 adversus

2039 4851 2300 4906 Praxcam
2328 4868 2380 4905 n.
2411 4851 2501 4914 15,
2530 4851 2850 4907 Ambrosius
2876 4852 2969 4907 lib.
3006 4868 3019 4905 ι
3046 4852 3113 4905 tle
3135 4851 3265 4905 Fide
3291 4866 3340 4905 c.
3372 4851 3427 4917 5,
3460 4864 3514 4907 et
3540 4852 3634 4909 alii

2042 4923 2233 4978 Patres
2270 4922 2322 4976 in
2356 4922 2457 4975 hoc
2508 4922 2811 4976 Psalmistm
2851 4923 2970 4977 loco
3012 4921 3147 4976 duos
3189 4932 3375 4991 aperte
3401 4923 3636 4979 discerni

2042 4993 2357 5049 observant.
2388 4993 2747 5048 Luculentum
2776 5002 2858 5063 est
2901 5008 3008 5063 przr
3037 4993 3250 5047 ca-teris
3292 4993 3421 5047 illud
3450 4994 3637 5050 lrenmi

2044 5066 2138 5138 lib.
2181 5081 2257 5130 Ill,
2307 5080 2357 5119 c.
2406 5064 2439 5120 6
2471 5083 2483 5118 :
2512 5063 2764 5133 Utrosque
2807 5062 2911 5138 Dei
2942 5063 3288 5138 appellatique
3329 5064 3638 5138 signi/ienuit

2044 5126 2273 5207 Spiritus
2309 5148 2538 5202 sanctus,
2571 5146 2619 5209 et
2662 5126 2778 5190 eum
2807 5137 2892 5207 qui
2921 5126 3128 5209 ungitur
3173 5126 3400 5204 Filium:
3437 5126 3483 5191 et
3524 5154 3638 5193 eum
3718 5126 3729 5193 Ῐ

2040 5210 2129 5278 qui
2160 5209 2306 5281 ungit
2325 5250 2348 5281 ,
2376 5208 2432 5263 id
2459 5217 2554 5276 est,
2584 5207 2815 5265 Patrem.

2113 5298 2183 5370 (f)
2230 5299 2371 5373 E‘diti
2411 5307 2640 5373 excepto
2680 5299 2828 5373 Par},
2859 5301 2945 5370 qui
2973 5301 3082 5373 sine
3109 5300 3372 5355 nativitate
3390 5310 3469 5373 est
3500 5318 3520 5355 :
3548 5303 3638 5373 qui

2043 5379 2222 5426 tamen
2265 5370 2422 5495 inlita,
2467 5371 2630 5439 p.57,
2661 5371 2730 5429 de
2770 5371 2928 5428 Patre
2973 5371 3193 5439 habent,
3226 5373 3312 5443 qui
3352 5372 3465 5427 sine
3491 5370 3638 5429 initio

2040 5452 2262 5498 aeternus
2286 5458 2337 5497 es
2363 5484 2379 5498 .

2120 5534 2201 5610 (g)
2220 5533 2339 5610 Yat.
2368 5536 2483 5591 bas.
2511 5535 2706 5601 codex,
2741 5537 2793 5610 in
2831 5546 3028 5610 ualui-te
3056 5539 3293 5610 ejusdem
3314 5538 3565 5608 dignitate
3593 5547 3641 5593 et

2046 5605 2257 5663 Domini
2277 5610 2658 5679 nuncupatione
2680 5627 2696 5664 :
2721 5609 2896 5663 minus
2922 5605 3153 5664 sincere.
3182 5608 3258 5663 Ex
3284 5605 3389 5664 hoc
3408 5610 3641 5665 maxime

2048 5681 2166 5735 loco
2195 5686 2341 5750 patet
2365 5686 2525 5749 quam
2569 5680 2712 5750 apud
2752 5680 3009 5734 Hilarium
3041 5681 3146 5734 vim
3180 5680 3377 5736 haheat
3408 5682 3643 5736 vocaliu-

2048 5752 2154 5835 lum
2181 5748 2471 5824 dignitatis,
2501 5748 2644 5825 quod
2671 5752 2952 5809 divinitatis
2976 5752 3097 5809 loco
3126 5751 3410 5812 manifeste
3433 5752 3519 5809 hic
3549 5767 3644 5823 po-

2048 5835 2212 5882 mturt
