4118 6186
542 299 647 356 ΙΞὸ

1735 302 1980 360 SANCTI
2019 301 2274 360 HILARII
2311 299 2618 361 EPISCOPI

3736 306 3836 362 124

540 415 711 474 Deum
736 458 752 487 ,
803 426 929 474 ante
955 431 1114 488 quem
1152 416 1296 472 Deus
1338 415 1520 472 nullus
1569 415 1662 483 sit,
1709 417 1886 473 nullus
1922 431 2136 488 quoque
2162 420 2210 481 Α
2241 417 2506 487 professio
2521 417 2733 472 est.Ait
2749 430 3016 487 namque:
3044 415 3301 482 Quoniam
3327 415 3402 470 sic
3420 416 3550 470 dicit
3585 415 3838 473 Dominus

538 517 724 580 postea
754 509 896 565 Deus
923 507 1135 564 futurus
1165 508 1235 562 sit
1260 525 1272 561 :
1303 507 1464 564 totius
1495 508 1566 563 ob
1599 507 1650 562 id
1680 507 1810 564 dicti
1834 509 1970 564 ratio
1997 517 2138 564 trac-

538 600 698 656 tanda
723 611 826 656 est.
883 601 1022 656 Deus
1050 599 1166 669 ipse
1191 603 1459 656 sermonis
1483 601 1570 655 sui
1607 602 1760 657 testis
1803 611 1921 668 est,
1951 602 2048 657 sed
2082 610 2138 657 et

539 709 674 764 puer
701 693 818 762 ejus
841 693 1053 748 electus
1079 708 1191 748 una
1218 709 1343 748 cum
1389 709 1455 750 eo
1487 695 1637 748 testis
1668 703 1784 759 est,
1819 695 1984 750 Deum
2012 701 2138 750 ante

536 798 598 840 se
625 799 731 838 non
762 798 904 850 esse,
937 799 1114 854 neque
1144 795 1266 854 post
1314 801 1373 841 se
1405 787 1662 840 futurum.
1705 784 1995 842 Sufficiens
2022 787 2142 857 qui-

537 879 660 934 dem
691 879 790 934 sibi
845 879 961 950 ipse
1003 880 1155 934 testis
1181 889 1265 935 est
1289 899 1303 932 :
1328 880 1422 934 sed
1463 880 1768 935 testimonio
1795 880 1865 935 de
1912 895 1973 935 se
2003 896 2137 946 suo,

540 972 904 1028 testimonium
933 974 1082 1042 pueri
1105 989 1262 1042 quem
1294 972 1457 1044 elegit
1481 972 1784 1028 admiscuit.
1814 973 1986 1028 Unum
2010 989 2140 1044 ergo

536 1063 704 1120 duum
737 1064 1101 1121 testimonium
1125 1075 1229 1132 est,
1261 1066 1464 1120 nullum
1487 1076 1612 1120 ante
1631 1081 1692 1122 se
1724 1067 1888 1121 Deum
1906 1079 2046 1131 esse;
2075 1080 2142 1120 ex

539 1172 607 1212 co
635 1159 775 1210 enim
799 1158 977 1212 omnia
1009 1168 1132 1212 sunt
1165 1175 1178 1210 :
1211 1173 1387 1228 neque
1427 1168 1548 1226 post
1579 1173 1636 1213 se
1676 1160 1840 1212 Deum
1873 1160 2140 1225 futurum;

541 1267 648 1307 non
689 1251 874 1320 utique
902 1266 965 1305 ex
1007 1265 1067 1306 se
1093 1266 1198 1305 non
1236 1251 1422 1305 fuisse.
1458 1251 1588 1305 Erat
1615 1253 1758 1306 enim
1794 1251 1907 1321 jam
1933 1267 2065 1320 puer
2089 1252 2141 1305 in

544 1342 850 1397 testimonio
883 1343 1055 1398 Patris
1086 1345 1197 1398 haec
1228 1344 1476 1414 loquens,
1510 1360 1642 1414 puer
1670 1342 1722 1398 in
1759 1345 1897 1399 tribu
1933 1360 1997 1399 ex
2038 1360 2141 1413 qua

541 1434 684 1504 gigni
736 1435 966 1488 habebat
1004 1435 1230 1489 electus.
1261 1436 1494 1506 ldipsum
1535 1436 1606 1490 ita
1629 1436 1681 1491 in
1715 1437 2017 1507 Evangeliis
2042 1435 2140 1492 de-

543 1535 855 1581 monstrat:
895 1527 1034 1581 Ecce
1090 1543 1220 1596 puer
1267 1543 1420 1582 mens
1475 1544 1635 1598 quem
1688 1530 1863 1598 elegi,
1915 1528 2145 1583 dilectus

543 1632 717 1682 tuens,
752 1618 804 1672 in
845 1633 950 1685 quo
995 1618 1415 1690 complacuit“)
1438 1621 1614 1674 anima
1657 1636 1776 1676 mea
1803 1621 2016 1693 (Matth.
2047 1637 2142 1686 xu,

546 1708 656 1780 18).
689 1708 804 1765 Non
829 1715 1066 1780 estergo
1088 1723 1212 1765 ante
1243 1726 1328 1766 me
1357 1713 1493 1765 alius
1515 1713 1672 1777 Deus,
1703 1722 1757 1768 et
1783 1725 1901 1783 post
1925 1729 2011 1768 me
2037 1730 2142 1768 non

2241 510 2381 566 Deus
2409 521 2616 566 sanctus
2639 511 2754 584 ω
2779 509 2949 565 Israel
2967 553 2982 578 ,
3031 511 3120 580 qui
3147 507 3267 580 fecit
3305 525 3419 579 quia
3445 521 3657 564 uentura
3683 521 3801 566 sunt
3819 529 3836 566 .·

2240 601 2561 676 Interrogata
2581 618 2660 656 me
2685 604 2747 656 de
2766 601 2892 673 ﬁliis
2912 603 3089 658 uestris
3115 611 3161 657 et
3188 601 3254 657 de
3287 602 3516 674 ﬁliabus,
3548 614 3595 656 et
3622 604 3686 658 de
3711 619 3837 672 ope-

2239 697 2378 751 ribus
2423 711 2672 751 manuum
2730 712 2963 750 mearum
3004 696 3244 750 mandate
3272 697 3420 750 mihi.
3461 695 3570 770 Ego
3605 696 3705 768 feci
3734 707 3838 750 ter-

2240 805 2385 854 ram,
2436 799 2484 842 et
2530 789 2783 843 hominem
2816 805 2968 858 super
2995 805 3106 844 eam
3136 828 3150 854 ,
3206 804 3298 858 ego
3327 789 3562 843 ouinibus
3589 789 3841 843 sideribus

2245 882 2480 954 praecepi,
2504 898 2598 954 ego
2625 882 2865 936 suscitari
2895 897 3065 956 regem
3091 898 3204 935 cum
3225 881 3453 954 justitia,
3481 893 3529 935 et
3555 897 3727 935 omnes
3747 883 3842 937 vita

2243 976 2354 1044 ejus
2379 984 2546 1028 recte.
2590 973 2686 1026 Hic
2705 974 2977 1042 ludiﬁcabit
3006 975 3257 1028 ciuitatem
3287 990 3473 1035 meam,
3501 982 3550 1028 et
3574 975 3842 1041 captivita.

2243 1076 2344 1122 tem
2367 1068 2526 1135 plebis
2546 1082 2674 1121 metu
2698 1077 2973 1134 convertet,
3006 1084 3109 1121 non
3130 1084 3246 1121 cum
3271 1068 3504 1139 prmio,
3536 1083 3695 1133 neque
3725 1083 3843 1121 cum

2243 1160 2558 1227 muneribus,
2591 1160 2714 1214 dicit
2743 1158 2996 1214 Dominus
3033 1160 3282 1214 Sabaoth.
3316 1159 3594 1213 Labarabit
3635 1157 3844 1232 Egyp-

2243 1264 2346 1317 tus,
2369 1264 2415 1306 et
2438 1263 2692 1308 mercatus
2720 1252 3050 1323 lithiopum,
3081 1251 3155 1326 (ε)
3185 1263 3234 1307 et
3267 1253 3481 1307 Subdiu.
3525 1251 3632 1306 Viri
3657 1253 3845 1306 excelsi

2244 1348 2310 1399 ad
2333 1357 2380 1398 te
2405 1347 2714 1411 transibunt,
2747 1354 2793 1401 et
2824 1348 2896 1400 tui
2923 1356 3072 1399 erunt
3102 1346 3232 1398 servi
3252 1387 3265 1409 ,
3291 1354 3340 1398 et
3365 1355 3476 1414 post
3503 1353 3552 1398 te
3577 1354 3846 1413 sequentur

2245 1441 2446 1514 alligati
2467 1442 2702 1507 vinculis,
2731 1451 2776 1494 et
2807 1441 3092 1493 adorabunt
3107 1448 3174 1503 te,
3206 1448 3252 1490 et
3279 1439 3330 1490 in
3347 1447 3395 1490 te
3414 1437 3846 1505 deprecabuntur;

2245 1535 2485 1602 quoniam
2524 1534 2576 1585 in
2603 1546 2650 1586 te
2674 1542 2746 1585 est
2777 1531 2936 1596 Deus,
2967 1541 3014 1584 et
3041 1547 3142 1584 non
3176 1540 3248 1583 est
3277 1528 3416 1582 Deus
3444 1540 3630 1600 praeter
3665 1538 3731 1581 te.
3766 1526 3844 1580 Tu

2247 1625 2384 1678 enim
2418 1640 2471 1677 es
2513 1623 2670 1689 Deus,
2704 1633 2749 1678 et
2780 1623 3148 1677 nesciebamus.
3200 1620 3343 1675 Deus
3386 1620 3556 1674 Israel
3597 1621 3843 1674 salvator.

2248 1715 2556 1770 Erubescent
2583 1725 2629 1770 et
2653 1715 2862 1783 pudebit
2885 1731 3058 1769 omnes
3077 1713 3166 1783 qui
3189 1713 3526 1767 adversantur
3542 1712 3612 1774 ei,
3636 1721 3684 1764 et
3705 1711 3848 1764 ibunt

542 1803 647 1857 erit
673 1819 685 1855 :
713 1811 931 1858 internae
975 1803 1222 1858 videlicet
1249 1813 1306 1858 et
1349 1803 1749 1861 indemutabilis
1779 1805 1992 1861 virtutis
2020 1806 2140 1860 iuli-
2173 1815 2222 1874 Β
2249 1827 2367 1866 cum
2393 1810 2697 1879 confusione
2729 1808 2898 1878 (Esai,
2929 1823 3056 1873 xcv,
3096 1809 3154 1863 Η
3201 1816 3250 1861 et
3297 1806 3449 1873 seq.).
3486 1806 3651 1860 Estne
3676 1805 3850 1860 adhuc

542 1897 762 1951 nitatem
786 1895 840 1950 in
870 1912 954 1961 eo,
989 1897 1130 1967 qttod
1150 1908 1276 1953 ante
1296 1906 1350 1954 et
1375 1909 1560 1969 postea
1602 1900 1743 1955 Deus
1765 1910 1962 1970 praeter
1991 1915 2051 1956 se
2077 1902 2148 1956 sit

545 1991 744 2057 nullus,
768 1990 1062 2046 ostendens
1093 2010 1106 2044 :
1137 2008 1308 2063 puero
1327 2005 1503 2048 tamen
1531 2009 1651 2060 suo,
1677 2003 1734 2049 ut
1761 1995 1812 2050 in
1839 1996 2146 2052 testimonio

541 2097 662 2151 Suo,
690 2083 760 2137 ita
787 2093 842 2139 ct
870 2087 921 2138 in
951 2087 1192 2152 nomine,
1217 2086 1504 2141 collocato.

615 2179 707 2235 37.
741 2177 887 2234 Osete
907 2179 1049 2234 locus
1087 2196 1180 2248 pro
1209 2178 1336 2235 Filii
1359 2182 1561 2235 deitate.
1597 2179 1746 2235 Patri
1768 2181 1964 2247 nullus,
2004 2180 2146 2237 Filio

547 2268 729 2337 Pater,
767 2270 910 2325 nobis
940 2269 1098 2326 Pater
1125 2280 1171 2326 et
1200 2271 1368 2326 Filius
1395 2281 1468 2327 est
1489 2271 1797 2328 Deus.—Et
1842 2273 1944 2330 hoc
1969 2273 2144 2344 ipsum

546 2372 854 2432 promptum
883 2374 1050 2419 estex
1080 2378 1312 2434 persona
1343 2365 1509 2434 ipsius
1529 2365 1762 2421 discere.
1785 2365 1874 2420 Ait
1903 2366 2050 2420 enim
2079 2366 2146 2421 ad

545 2455 684 2512 Osee
720 2458 1074 2527 prophetam,
1132 2455 1257 2512 Non
1302 2473 1560 2529 apponam
1599 2459 1768 2512 adhuc
1819 2468 1872 2513 ut
1904 2459 2148 2514 miserear

545 2549 719 2602 domui
750 2548 944 2618 Israel,
987 2550 1076 2604 sed
1103 2551 1236 2605 enim
1265 2552 1540 2606 adversans
1565 2551 1873 2606 adversabor
1903 2553 2007 2606 illis
2038 2569 2057 2607 :
2082 2554 2148 2624 ﬁ-

547 2641 738 2695 liorum
775 2651 942 2696 autem
969 2641 1113 2696 Jttda
1141 2642 1419 2698 miserebor
1437 2685 1452 2710 ,
1479 2653 1528 2699 et
1553 2644 1720 2699 salvos
1745 2661 1832 2699 eos
1863 2646 2054 2715 faciam
2092 2648 2147 2700 in

547 2734 770 2790 Domino
819 2735 933 2790 Deo
961 2737 1194 2806 ipsorum
1221 2735 1237 2808 (
1265 2735 1412 2792 Osete
1437 2753 1486 2806 ι,
1518 2737 1572 2803 6,
1623 2738 1652 2791 7
1683 2736 1725 2810 ).
1772 2739 1912 2808 Ergo
1943 2736 2020 2810 (2)
2051 2739 2147 2793 ab-

547 2829 724 2884 solute
749 2827 823 2901 (a)
850 2831 1007 2885 Pater
1035 2831 1202 2885 Deum
1223 2831 1419 2886 Filium
1448 2838 1740 2900 nuncupat,
1761 2831 1810 2884 in
1829 2847 1936 2902 quo
1954 2840 2009 2886 et
2038 2831 2149 2886 ele-

543 2924 623 2992 git
645 2938 742 2976 nos
763 2932 888 2978 ante
917 2933 1154 2992 tempora
1181 2925 1456 2980 smcularia
1485 2923 1702 2995 (Ephes.
1728 2943 1767 2991 t,
1792 2925 1871 2998 4).
1897 2925 2144 2996 Ipsorum

547 3013 748 3069 idcirco
772 3014 869 3080 ait,
893 3015 1016 3085 quia
1049 3014 1188 3070 Deus
1218 3016 1554 3070 innascibilis
1577 3033 1605 3070 a
1627 3017 1778 3070 nullo
1804 3026 1908 3084 est,
1937 3033 2144 3087 uosque

547 3103 684 3161 Filio
716 3107 767 3162 in
801 3107 1171 3162 haereditatem
1199 3124 1230 3160 a
1257 3109 1366 3164 Deo
1395 3120 1544 3177 patre
1571 3110 1858 3166 douamur.
1891 3110 2143 3180 Legimus

2248 1904 2443 1972 aliquis
2467 1901 2784 1956 temeritatis
2812 1901 3001 1956 locus?
3042 1910 3134 1954 aut
3164 1898 3271 1953 ulla
3307 1899 3491 1955 relicta
3520 1909 3600 1952 est
3629 1899 3848 1968 ignora-

2248 1996 2411 2050 tiouis
2437 1998 2651 2051 occasio
2683 2013 2695 2048 :
2728 1995 2830 2050 nisi
2862 1995 2912 2049 id
2938 2004 3142 2049 tantum
3167 1993 3436 2063 reliquum
3464 1993 3558 2058 sit,
3592 2000 3648 2046 ut
3668 1992 3851 2061 impie-

2249 2099 2332 2144 tas
2367 2089 2606 2158 profcssa
2639 2104 2697 2146 se
2724 2088 2950 2160 prodat?
2982 2089 3120 2143 Deus
3146 2103 3210 2143 ex
3241 2101 3351 2158 quo
3376 2085 3555 2142 omnia
3585 2095 3730 2149 sunt,
3759 2086 3848 2154 qui

2247 2182 2427 2237 omnia
2455 2181 2534 2256 (ά)
2566 2180 2870 2236 mandando
2901 2180 3048 2242 fecit.
3068 2179 3191 2234 facti
3223 2194 3387 2249 opera
3419 2178 3518 2233 sibi
3537 2191 3848 2240 assumens,

2248 2290 2355 2328 non
2385 2276 2567 2344 utique
2592 2272 2902 2336 efficienda,
2929 2274 3027 2327 nisi
3053 2271 3280 2326 dixisset
3306 2277 3365 2325 ut
3379 2270 3592 2334 tierent,
3617 2279 3850 2323 testatur

2249 2383 2430 2438 regem
2465 2384 2560 2438 per
2584 2383 2642 2422 se
2672 2366 2750 2436 (4)
2779 2369 3072 2422 excitatum
3119 2368 3316 2435 justum
3345 2405 3358 2426 ,
3409 2374 3464 2419 et
3493 2363 3850 2419 mdificantem

2250 2463 2349 2518 sibi
2386 2464 2494 2518 Deo
2515 2463 2812 2526 civitatem,
2839 2471 2892 2516 et
2923 2460 3090 2532 plebis
3109 2460 3470 2530 captivitatem
3492 2468 3850 2524 avertentem,

2248 2575 2356 2614 non
2385 2573 2506 2612 cum
2541 2559 2762 2627 prtemio
2787 2571 2961 2627 neque
2990 2571 3110 2610 cum
3133 2555 3479 2618 muneribus;
3507 2554 3674 2624 gratia
3704 2559 3852 2609 enim

2248 2665 2440 2706 omnes
2463 2650 2754 2706 salvantur.
2787 2649 2988 2705 Deinde
3015 2649 3084 2702 ita
3118 2648 3371 2716 loquitur,
3401 2661 3525 2700 cum
3552 2655 3674 2716 post
3703 2645 3854 2702 labo-

2249 2759 2362 2799 rem
2395 2743 2635 2814 rEgypti,
2691 2742 2742 2796 id
2789 2752 2901 2806 ρει,
2933 2741 3116 2796 saeculi
3158 2741 3240 2812 (5)
3279 2740 3640 2795 calamitatem
3671 2738 3767 2811 (e),
3798 2749 3853 2795 et

2250 2847 2516 2891 mercatus
2555 2834 2870 2906 Ethiopum
2913 2841 2970 2888 et
2999 2833 3196 2888 Sabain
3241 2832 3339 2887 viri
3369 2833 3568 2887 excelsi
3613 2831 3678 2886 ad
3727 2847 3850 2887 eum

2250 2931 2575 2986 transibunt.
2601 2929 2666 2984 Et
2687 2929 2776 2999 qui
2793 2927 3006 2982 tandem
3032 2926 3422 2982 existimandus
3443 2925 3596 2980 labor
3613 2924 3850 2996 (Egypli,

2247 3032 2303 3079 et
2323 3032 2592 3077 mercatus
2619 3021 2933 3090 [Ethiopum
2951 3031 3004 3073 ct
3017 3019 3251 3074 Sabain?
3280 3019 3646 3074 Recordemur
3665 3017 3854 3074 Oricu-

2247 3117 2318 3170 tis
2342 3115 2524 3186 Magos
2553 3113 2842 3168 adorantes
2886 3110 3169 3166 Dominum
3210 3119 3265 3165 et
3297 3120 3661 3173 numerantes,
3689 3120 3744 3163 ct
3779 3111 3855 3162 la-

550 3219 804 3274 namque,
839 3203 1004 3257 Posce
1036 3222 1068 3258 a
1099 3222 1200 3270 me,
1231 3215 1279 3259 et
1322 3206 1452 3260 dabo
1485 3205 1572 3259 tibi
1608 3216 1780 3279 gentes
1805 3206 1884 3278 (ὅ)
1929 3207 2143 3261 Ιιαιτεάί-
2173 3199 2218 3262 C
2250 3209 2434 3264 borem
2470 3205 2717 3261 veniendi
2747 3221 2913 3275 usque
2936 3206 2988 3258 in
3019 3205 3332 3259 Bethlebem
3357 3204 3511 3259 Judm
3539 3205 3668 3259 tanti
3699 3205 3856 3259 itine-

549 3305 704 3351 tatem
729 3294 804 3370 (b)
843 3309 984 3351 tuam
1014 3297 1187 3368 (Psal.
1213 3314 1270 3359 tt,
1303 3296 1380 3370 8).
1419 3299 1527 3352 Deo
1556 3299 1698 3352 enim
1741 3315 1807 3354 ex
1836 3300 2148 3368 quoomuia

549 3396 676 3441 sunt
707 3389 844 3443 Deus
876 3389 1053 3442 nullus
1082 3397 1185 3455 est,
1216 3390 1305 3459 qui
1336 3390 1453 3444 sine
1477 3390 1628 3444 initio
1659 3400 1894 3445 internus
1917 3399 2022 3447 est.
2057 3390 2143 3445 Fi.

551 3480 624 3537 lio
665 3490 844 3535 autem
880 3481 1017 3536 Deus
1068 3481 1232 3538 Pater
1271 3494 1388 3549 est;
1441 3500 1507 3538 ex
1546 3498 1612 3539 eo
1644 3485 1788 3539 ettim
1821 3485 1960 3539 Deus
1989 3496 2148 3540 natus

550 3583 654 3629 est.
685 3574 848 3632 Nobis-
878 3587 1058 3630 autem
1085 3586 1140 3631 et
1185 3576 1344 3632 Pater
1374 3577 1514 3632 Deus
1544 3585 1656 3643 cst,
1689 3585 1744 3632 et
1787 3576 1956 3632 Filius
2009 3578 2148 3634 Deus

549 3675 632 3722 est
660 3683 674 3721 :
707 3667 864 3722 Patre
889 3665 957 3721 de
989 3667 1127 3722 Filio
1156 3667 1448 3723 conﬁtente
1477 3669 1619 3739 quod
1654 3670 1792 3723 Deus
1823 3679 2008 3724 noster
2036 3670 2106 3723 sit
2127 3711 2142 3733 ,

549 3760 690 3817 Filio
717 3762 785 3817 de
824 3761 984 3818 Patre
1019 3762 1246 3818 docente
1281 3763 1422 3834 quod
1452 3763 1592 3816 Deus
1619 3762 1776 3818 nobis
1803 3762 1872 3816 sit
1901 3779 1913 3814 :
1939 3761 2047 3817 Deo
2079 3772 2151 3816 ta-

551 3869 673 3909 men
700 3853 839 3910 Filio
867 3869 898 3908 a
937 3855 1117 3922 Patre,
1162 3855 1214 3910 id
1245 3865 1358 3917 est,
1403 3871 1521 3924 Ipso
1573 3854 1904 3909 innascibilis
1940 3855 2152 3910 virtutis

541 3937 661 4002 suae
690 3948 924 4014 nomine,
955 3957 1281 4019 nuncnpato.
1308 3948 1372 4003 Et
1397 3947 1514 4002 lucc
1535 3946 1751 4018 quidem
1792 3947 1856 4000 ad
1889 3947 2050 4002 Osee.

621 4038 714 4097 58.
766 4039 1133 4096 Testimonium
1181 4043 1497 4097 luculentum
1541 4059 1604 4097 ea:
1644 4043 1822 4097 Esaia.
1876 4043 2151 4114 Magorum

554 4134 786 4190 adoratio
831 4137 1097 4207 praedicta.
1142 4136 1243 4204 Qui
1272 4137 1482 4207 fuerunt
1524 4138 1681 4209 magi.
1713 4167 1783 4178 -—
1808 4137 1910 4193 Per
1938 4135 2148 4191 Esaiam

554 4235 732 4281 autem
763 4243 922 4297 quam
949 4230 1197 4285 absoluta
1242 4229 1334 4286 Dei
1370 4231 1538 4300 patris
1580 4231 1648 4286 de
1698 4229 1924 4286 Domino
1969 4238 2154 4286 nostro

654 4382 706 4451 1)
722 4383 923 4438 Anima
939 4401 1085 4440 metu.

648 4457 704 4522 2)
740 4455 980 4509 Absoluta
1007 4457 1159 4511 deest
1181 4456 1237 4511 in
1259 4469 1361 4512 ms.
1388 4453 1590 4511 Veron.

649 4527 706 4599 Ξ)
730 4526 800 4581 1η
825 4527 1190 4583 hereditatem.

629 4664 708 4738 (a)
734 4664 891 4734 Apud
921 4665 1043 4721 Par.
1074 4673 1130 4719 et
1163 4665 1216 4720 in
1247 4664 1524 4738 nonnullis
1549 4680 1679 4721 mss.
1712 4665 1980 4722 omittitur
2005 4664 2157 4720 abso-

557 4737 694 4804 lute,
713 4739 856 4808 quod
885 4748 989 4804 est,
1022 4746 1208 4807 aperte
1238 4745 1292 4790 et
1317 4737 1522 4807 absque
1545 4738 1649 4792 ulla
1673 4738 2043 4808 ambiguitate.

629 4828 703 4903 (δ)
755 4830 931 4903 sunt,
957 4832 1037 4903 Vin
1086 4830 1454 4898 hereditatem,
1498 4830 1888 4887 dissidentibus
1926 4845 2056 4887 mss.
2100 4839 2158 4887 et

558 4901 739 4958 Tract.
764 4901 820 4956 2.
846 4902 988 4957 Psal.

631 4993 700 5067 (ε)
723 4996 979 5072 Quamvis
1009 5010 1073 5050 ex
1103 5002 1472 5072 gricco‘texttt,
1497 5000 1581 5072 κᾳὶ
1608 4995 1652 5072 οξ
1683 4997 1908 5072 Σαϐαεὶμ
1932 4993 2112 5072 ἄνδρες
2136 5036 2151 5062 ,

559 5067 776 5138 phinum
810 5069 878 5120 sit
916 5083 1102 5122 vocem
1133 5067 1327 5121 Sabain
1361 5069 1550 5120 referri
1589 5068 1653 5120 ad
1695 5067 2109 5137 subsequentem
2137 5108 2153 5132 ,

562 5137 668 5194 non
695 5137 761 5192 ad
805 5139 1194 5208 praecedentem
1229 5155 1242 5192 :
1272 5153 1391 5192 eam
1422 5147 1600 5193 tamen
1633 5138 1701 5193 ab
1734 5139 1936 5193 llilario
1970 5140 2034 5192 ad
2064 5155 2157 5193 vo-

560 5211 806 5265 cabulum
855 5222 1106 5263 mercatus
1151 5212 1372 5264 relatam
1404 5223 1525 5263 esse
1555 5226 1662 5264 nou
1714 5209 1934 5264 dubium
1964 5222 2046 5264 est
2088 5223 2154 5265 ex

561 5283 835 5350 subjectis.
864 5281 1227 5336 Tertullianus
1250 5280 1509 5334 adversus
1545 5281 1802 5335 Praxeam
1837 5297 1891 5334 ιι.
1920 5282 2008 5348 l3,
2031 5297 2154 5336 cum

565 5352 763 5408 Hilario
786 5355 1154 5415 consentiens,
1184 5352 1329 5420 qttod
1366 5367 1433 5406 ex
1463 5351 1655 5407 eodem
1687 5353 1859 5407 Esaiae
1887 5352 2018 5407 loco
2037 5369 2159 5421 pro-

564 5425 653 5478 bet
673 5424 811 5480 duos
837 5440 958 5480 esse
985 5424 1076 5493 qui
1109 5439 1269 5476 unum
1305 5423 1394 5478 Dei
1426 5441 1618 5476 nomen
1639 5424 1938 5491 obtineant,
1963 5427 2064 5478 hoc
2092 5424 2159 5480 ab

563 5511 630 5550 eo
650 5495 919 5564 dissentit,
943 5495 1082 5566 quini
1117 5495 1276 5566 legal,
1305 5505 1354 5549 et
1377 5494 1570 5550 Sabuiu
1592 5497 1705 5548 viri.

635 5593 718 5660 (α)
749 5590 876 5657 Lips
930 5599 986 5644 et
1014 5590 1137 5644 Par.
1169 5605 1234 5644 ex
1259 5588 1497 5658 margine
1528 5591 1616 5643 Er.
1644 5591 1907 5644 mandato.

569 5742 582 5781 Ι
639 5663 710 5733 (e)
741 5662 814 5716 Ita
839 5665 1159 5717 vetustiores
1201 5661 1344 5716 libri.
1379 5660 1481 5716 Alii
1517 5676 1661 5727 vero,
1693 5662 1867 5716 seculi
1891 5666 2162 5731 captiuita-

589 5749 686 5790 em.

644 5805 710 5879 (Ῑ)
732 5804 791 5864 In
811 5803 1045 5864 ms.Vat.
1071 5804 1212 5875 bas.,
1235 5805 1288 5861 in
1311 5805 1562 5878 principio
1577 5803 1720 5864 labor
1736 5804 1890 5864 totius
1909 5804 2134 5880 Αῐονριὶ
2147 5819 2169 5866 .'

2171 4456 2378 4555 υ(⁵

2252 3303 2326 3356 ris
2366 3302 2671 3356 metiamur.
2729 3297 2795 3371 (ί)
2829 3297 2883 3351 In
2925 3298 3221 3367 principum
3254 3297 3398 3350 enim
3450 3297 3633 3352 labore
3687 3298 3854 3350 totius

2251 3394 2471 3465 [Egypti
2502 3394 2653 3446 labor
2675 3391 3080 3446 demonstratus
3105 3401 3210 3444 est.
3240 3391 3407 3460 Magis
3438 3405 3668 3459 namque
3708 3389 3851 3443 divi-

2253 3503 2336 3542 nae
2364 3486 2576 3542 virtutis
2604 3484 2948 3554 operatioues
2979 3484 3112 3538 falsa
3135 3499 3317 3539 rerum
3341 3485 3525 3553 specic
3544 3485 3854 3538 mentienti-

2250 3581 2372 3646 bus,
2422 3578 2738 3650 pmissimus
2793 3577 2972 3645 impia
3021 3575 3303 3646 religionis
3350 3577 3525 3630 honor
3573 3591 3603 3629 a
3657 3577 3856 3632 sarculo

2251 3673 2401 3728 omni
2431 3669 2800 3726 deferebatur.
2844 3668 3039 3724 Iisdem
3082 3667 3247 3738 Magis
3274 3678 3331 3723 et
3373 3678 3610 3724 mercatu
3643 3667 3858 3724 Ethio-

2255 3778 2382 3834 pum
2414 3774 2466 3818 et
2494 3761 2715 3827 Sabain,
2745 3761 2899 3825 auri,
2942 3769 2995 3813 et
3030 3761 3234 3822 thuris,
3288 3772 3342 3815 et
3373 3760 3605 3832 myrrha:
3635 3775 3854 3816 munera

2255 3853 2624 3909 deferentibus
2655 3871 2667 3907 :
2697 3851 2843 3922 quod
2864 3852 3078 3922 quidem
3101 3852 3334 3922 idipsum
3358 3859 3413 3907 et
3436 3853 3572 3907 alius
3596 3852 3856 3922 propheta

2256 3948 2623 4021 praemonuit,
2679 3946 2904 4001 dicens:
2938 3946 2994 3999 In
3055 3955 3346 4015 conspectu
3401 3945 3520 4014 ejus
3575 3946 3859 4014 procident

2259 4041 2566 4112 Ethiopes,
2590 4049 2645 4096 ct
2663 4039 2864 4094 inimici
2889 4038 3005 4108 ejus
3030 4037 3214 4092 limum
3235 4037 3459 4107 litigent.
3493 4036 3665 4106 Reges
3685 4036 3860 4091 Tharo

2257 4135 2332 4190 sis
2364 4148 2584 4188 munera
2608 4131 2856 4196 oﬂ'crent,
2890 4145 3043 4200 reges
3065 4131 3303 4185 Arabum
3333 4135 3388 4183 ct
3415 4125 3610 4182 Sabaiu
3635 4143 3859 4183 munera

2259 4227 2551 4292 adducent,
2567 4235 2622 4280 et
2649 4223 2862 4279 dabitur
2881 4221 2933 4278 ei
2961 4223 3028 4279 de
3054 4236 3187 4278 auro
3207 4219 3592 4293 Arabiaa(Psal.
3615 4235 3768 4287 Lm,
3801 4219 3856 4284 9,

2325 4383 2405 4450 (ι)
2437 4383 2779 4440 Suscitatum.

2437 4383 2779 4440 Suscitatum.

2383 4383 2405 4528 ζ
2431 4454 2812 4526 Captivitatem.

2260 4667 2534 4730 corrupte.
2567 4657 2666 4713 Hic
2680 4657 2746 4711 de
2768 4656 2932 4727 Magis
2956 4652 3242 4730 duotradit
3260 4652 3510 4730 Hilarius,
3537 4667 3629 4708 eos
3651 4650 3865 4730 scilicet

2261 4743 2313 4787 et
2339 4723 2610 4802 principes
2641 4731 2824 4789 fuisse.
2854 4723 2918 4782 'et
2947 4729 3166 4796 magica:
3207 4727 3308 4802 arti
3339 4724 3582 4802 deditos;
3611 4723 3754 4802 quod
3783 4724 3864 4776 ιιι-

2263 4795 2432 4860 terum
2468 4795 2646 4872 plures
2668 4816 2730 4855 es
2756 4802 2992 4870 antiquis
3021 4813 3142 4854 cum
3171 4811 3238 4872 eo
3274 4796 3519 4872 docuisse
3537 4795 3647 4872 jam
3671 4795 3862 4872 obser-

2260 4887 2440 4930 vatum
2462 4866 2613 4929 estin
2639 4883 2753 4927 not.
2771 4872 2838 4926 ad
2857 4866 2906 4924 cI
2939 4875 2961 4925 l
2989 4885 3187 4924 comm.
3215 4869 3266 4921 in
3296 4867 3507 4928 Mattb.,
3527 4884 3582 4920 ιι.
3607 4868 3661 4920 5.
3686 4866 3864 4934 lteges

2261 4962 2472 5017 quoque
2498 4961 2591 5000 eos
2621 4945 2784 5017 fuisse
2819 4943 3007 4996 scribit
3035 4939 3641 5017 Tert_t_tllianus,_lib._‘ut
3673 4946 3860 5017 contra

2260 5007 2426 5073 Marri.
2457 5034 2509 5071 ιι.
2547 5019 2636 5082 l3,
2671 5016 2756 5068 ubi
2787 5025 3136 5068 enarraturus
3161 5011 3289 5065 illttd
3326 5013 3482 5080 μςιιι..
3535 5007 3704 5082 Reges
3725 5008 3861 5060 Ara-

2259 5091 2399 5155 bum,
2429 5097 2562 5151 etc.,
2595 5080 2808 5154 subjicit
2832 5127 2845 5146 ,
2896 5083 3035 5137 Nam
3064 5094 3109 5136 et
3161 5083 3340 5154 Magos
3370 5099 3512 5152 reges
3552 5080 3729 5155 habuit
3756 5083 3864 5149 {ere

2264 5153 2578 5216 Oriens.Cui
2610 5153 2881 5212 consentit
2913 5153 3297 5226 Hieronymus,
3321 5168 3520 5226 comm.
3558 5153 3609 5205 iu
3647 5153 3775 5203 Itan.
3807 5164 3857 5202 c.

2259 5233 2313 5286 2.
2347 5231 2436 5287 Sic
2466 5241 2520 5286 et
2560 5227 2828 5284 Cui-sarius
2852 5228 3078 5293 Arelat.,
3123 5225 3174 5280 in
3205 5225 3500 5295 appendice
3538 5226 3859 5278 Sertnonnin

2264 5302 2544 5372 Augustini
2573 5342 2586 5364 ,
2638 5300 2814 5372 Serti}.
2855 5299 2978 5372 1579
3008 5339 3022 5361 ,
3062 5315 3128 5372 _tt.
3163 5299 3219 5372 _5
3250 5294 3561 5372 Magi
3590 5304 3862 5372 tres_reg.es

2268 5364 2430 5446 fuiise
2451 5376 2712 5426 dicuntur.
2746 5370 2903 5446 Unde
2921 5369 3243 5424 Paschasius
3273 5364 3574 5446 Radbertus
3593 5369 3644 5446 in
3668 5364 3858 5445 Matth.

2268 5439 2305 5501 il
2333 5463 2345 5498 :
2379 5443 2559 5514 Magos
2592 5459 2735 5513 reges
2764 5443 3009 5508 extitisse,
3043 5456 3186 5494 nemo
3217 5441 3303 5514 qui
3325 5439 3569 5514 historias
3593 5439 3711 5505 legit
3739 5451 3864 5514 gen-

2269 5518 2436 5572 tilium
2465 5503 2688 5588 ipnorai.
2713 5517 2824 5582 Qua
2867 5503 3076 5588 ratione
3114 5503 3434 5588 explicatur,
3466 5513 3554 5588 qui
3579 5503 3767 5588 uti—ilics
3789 5503 3864 5588 de

2267 5589 2463 5644 Sabain
2485 5577 2560 5641 iul
2591 5577 2864 5659 Christum
2878 5585 3138 5659 ⁸νιιιιεειινίιιι
3165 5577 3326 5650 {quia
3361 5582 3637 5659 uitulinum,
3663 5580 3742 5659 uti
3769 5577 3866 5657 dc-

2265 5663 2436 5715 clarat
2470 5659 2724 5722 Hilarius,
2763 5659 2814 5711 in
2846 5656 3035 5711 Matth.
3073 5671 3122 5708 c.
3169 5669 3282 5718 MV,
3316 5670 3370 5706 ιι.
3397 5653 3464 5707 7:
3499 5650 3691 5719 Populi
3719 5650 3866 5715 prin-

2266 5748 2384 5804 ceps
2410 5731 2648 5804 subjectae
2673 5729 2769 5786 sibi
2798 5727 3140 5785 universitatis
3170 5741 3353 5782 nomen
3381 5737 3690 5791 causamque
3727 5736 3868 5776 com-

2267 5805 2530 5878 plectitur.
