4118 6186
272 305 380 361 1ὶὸ

1503 307 1588 364 DE
1616 305 1996 366 'l‘lilNlTATE
2034 307 2240 364 LIBER
2272 308 2358 366 IV.

3473 317 3575 371 19.6

265 425 382 493 ω).
433 424 514 496 (a)
556 424 614 479 lu
659 422 824 495 lingis
882 425 1063 493 itaque
1096 425 1207 496 ω
1255 433 1307 478 et
1335 423 1669 489 muneribus,
1717 422 1869 478 labor
1895 422 1952 485 Α
1972 423 2236 494 sequitur,
2267 421 2334 477 In
2361 434 2410 478 te
2435 434 2508 478 est
2545 423 2704 492 Dens,
2734 440 2839 480 non
2865 428 3042 482 solum
3065 442 3189 482 eum
3220 429 3312 499 qui
3339 443 3582 499 praesens

263 515 493 588 zEgypti
522 525 575 571 et
606 525 881 571 mercatus
900 513 1218 586 [Ethiopum
1247 525 1302 570 ct
1327 514 1522 572 Sabaiu
1547 514 1868 579 ostenditur,

260 610 480 665 scilicet
507 609 692 666 mundi
721 623 876 664 error
900 608 1067 679 Magis
1081 607 1452 674 adorantibus,
1476 617 1528 662 et
1545 608 1716 665 electa
1742 621 1874 678 geu-

261 704 404 759 tium
438 717 661 758 munera
691 700 916 757 adorato
942 702 1011 754 ab
1036 700 1122 755 his
1151 700 1376 754 Domino
1404 699 1606 756 oblata.

335 797 430 853 39.
464 797 701 863 Apostoli
728 796 823 850 uiri
849 795 1056 850 excelsi.
1081 824 1152 835 —
1175 794 1385 850 Excelsi
1414 802 1592 848 autem
1617 791 1748 857 viri,
1782 791 1873 862 qui

260 889 328 942 ad
360 904 490 945 eum
519 888 799 944 transituri
829 897 976 954 sunt,
1006 894 1167 957 atque
1191 902 1312 941 eum
1340 885 1503 941 vincti
1546 892 1868 955 sequentur,

257 983 356 1050 qui
389 982 604 1036 tandem
634 981 720 1035 isti
747 991 896 1045 sunt,
927 995 1034 1034 non
1066 981 1116 1032 in
1139 979 1370 1034 obscuro
1399 988 1501 1033 est.
1537 977 1766 1046 Itespice
1803 974 1872 1030 ad

262 1074 560 1147 Evangelia
592 1092 606 1138 ;
640 1073 833 1130 Petrus
883 1073 1167 1130 Dominum
1215 1087 1371 1127 suum
1407 1081 1691 1127 secuturus
1731 1085 1871 1140 pra:-

257 1168 503 1238 cingitur
532 1165 717 1238 (Joan.
767 1181 879 1232 xxi,
928 1165 1005 1236 7).
1046 1164 1263 1220 Intuere
1296 1167 1584 1235 Apostolus
1622 1181 1636 1216 :
1682 1175 1872 1218 servus

259 1261 464 1316 Christi
498 1259 700 1314 Paulus
724 1259 776 1313 in
810 1259 1040 1313 vinculis
1059 1258 1322 1328 gloriatur
1347 1256 1672 1330 (Philem.t).
1702 1257 1768 1311 Et
1789 1256 1868 1309 vi-

257 1352 496 1408 deamus
521 1367 587 1405 an
612 1352 819 1407 vinctus
847 1349 1046 1405 Christi
1075 1349 1204 1405 Jesu
1232 1366 1319 1417 ea,
1349 1365 1468 1418 quae
1500 1350 1636 1402 Deus
1663 1347 1730 1403 de
1759 1347 1870 1402 lilio

255 1461 369 1500 suo
415 1446 527 1499 Deo
553 1444 727 1499 fuerat
753 1443 984 1509 locutus,
1013 1443 1335 1512 impleverit.
1372 1441 1756 1507 Precabuntur,
1791 1442 1870 1494 iu-

254 1538 410 1608 quit,
441 1537 678 1610 qaoaiam
715 1537 839 1590 inte
866 1546 938 1590 est
971 1535 1108 1590 Deus
1153 1534 1322 1607 (Esai.
1362 1549 1486 1596 ην,
1515 1533 1622 1603 14).
1662 1535 1868 1587 Dictum

253 1630 454 1700 itaque
478 1631 547 1684 ab
569 1629 830 1700 Apostolo
861 1643 1210 1698 recognosce,
1251 1635 1305 1683 et
1332 1629 1664 1697 recognitum
1712 1626 1869 1680 intel-

253 1722 373 1793 lige
404 1741 417 1776 :
451 1722 591 1778 Deus
619 1724 670 1776 in
703 1722 907 1778 Christo
949 1731 1056 1776 erat
1101 1720 1349 1776 mundani
1390 1721 1725 1775 reconcilians
1773 1719 1870 1773 sibi

1979 523 2082 579 est,
2113 514 2209 570 sed
2222 513 2384 571 etiam
2410 531 2531 570 eum
2567 517 2723 588 100
2738 517 2826 586 qui
2856 517 2938 592 (l)
2969 531 3179 574 maneat
3230 521 3281 574 in
3306 531 3574 591 prasente

1976 605 2315 663 demonstrat
2345 627 2358 662 :
2385 607 2714 663 habitantem
2747 611 2814 664 ab
2845 611 2983 665 eoin
3017 627 3124 680 quo
3143 612 3346 674 habitet
3367 612 3575 669 discer-

1977 713 2134 766 nens,
2166 714 2413 769 persona:
2439 708 2615 757 tamen
2647 710 2848 756 tantum
2871 701 3250 770 distinctione,
3274 720 3382 760 non
3414 722 3578 773 gene-

1976 791 2085 846 ris:
2120 791 2262 847 Deus
2286 793 2431 848 enim
2462 795 2512 848 in
2545 809 2611 849 eo
2642 804 2761 849 est:
2790 803 2846 850 et
2885 797 2938 850 in
2969 811 3076 868 quo
3097 809 3181 853 est
3211 799 3349 855 Deus
3369 841 3384 867 ,
3437 801 3580 856 Deus

1975 895 2080 942 est.
2105 885 2221 942 Non
2249 889 2393 941 enim
2424 888 2566 942 Deus
2592 888 2644 942 in
2677 888 2905 943 diversae
2934 898 3095 960 atque
3123 893 3312 948 alienae
3339 911 3366 946 a
3389 908 3449 948 se
3483 911 3578 949 na-

1978 989 2111 1035 tura:
2140 980 2448 1037 habitacula
2476 990 2579 1047 est,
2610 981 2703 1036 sed
2738 983 2787 1036 in
2816 997 2915 1038 suo
2935 983 3007 1055 (e)
3028 995 3189 1053 atque
3214 1001 3279 1040 ex
3311 1001 3369 1040 se
3393 988 3578 1056 genito

1976 1084 2176 1129 manet.
2212 1075 2348 1129 Deus
2371 1075 2422 1128 in
2442 1074 2570 1138 Deo,
2596 1076 2718 1144 quia
2743 1092 2805 1130 ex
2835 1077 2945 1131 Deo
2971 1078 3109 1132 Dens
3131 1087 3233 1132 est.
3268 1077 3347 1133 Tu
3365 1095 3418 1132 es
3439 1082 3575 1135 enim

1973 1166 2132 1232 Deus,
2155 1176 2203 1220 et
2220 1165 2590 1231 nesciebamus,
2615 1167 2751 1221 Deus
2769 1166 2934 1222 Israel
2955 1170 3179 1223 salvator
3201 1168 3300 1242 (Is.
3318 1187 3440 1234 xu,
3462 1172 3571 1237 15).

2043 1261 2138 1316 «ll.
2183 1259 2319 1314 Filia
2345 1262 2670 1316 adversantes
2698 1262 3007 1316 erubescent.
3051 1261 3094 1315 F
3097 1264 3238 1317 ilium
3263 1265 3349 1333 qui
3377 1275 3525 1335 negat
3555 1306 3568 1330 ,

1975 1353 2185 1408 Patrem
2219 1355 2514 1409 inhonorat.
2556 1385 2613 1395 —
2636 1353 2932 1424 Negantem
2965 1365 3016 1409 te
3045 1357 3210 1416 Deum
3240 1356 3293 1411 in
3327 1357 3456 1423 Deo,
3483 1372 3574 1412 se-

1972 1463 2144 1517 quens
2171 1461 2351 1501 sermo
2379 1445 2620 1502 confutat
2646 1465 2657 1499 :
2689 1449 2764 1500 ait
2793 1449 2959 1512 enim,
2988 1445 3301 1501 Erubescent
3327 1490 3342 1513 ,
3381 1459 3428 1503 et
3471 1465 3568 1516 pu-

1972 1538 2105 1592 debit
2131 1555 2302 1592 omnes
2328 1539 2414 1608 qui
2441 1540 2776 1592 adversantur
2806 1540 2872 1602 ei,
2903 1549 2949 1592 et
2988 1540 3130 1593 ibunt
3157 1557 3271 1593 cum
3303 1542 3569 1610 confusio-

1972 1649 2035 1687 ne
2062 1631 2253 1704 (lbid.,
2287 1631 2375 1704 lo)
2403 1649 2415 1684 :
2444 1632 2511 1703 (Ι)
2549 1632 2830 1686 Decretum
2865 1631 2968 1686 hoc
2995 1631 3046 1685 iu
3071 1632 3402 1700 impietatem
3429 1643 3570 1686 tuam

1977 1727 2070 1781 Dei
2093 1735 2193 1780 est.
2222 1725 2545 1780 Advorsaris
2570 1726 2712 1778 enim
2738 1723 2972 1787 Christo,
3005 1723 3074 1778 de
3101 1740 3208 1791 quo
3233 1732 3283 1779 te
3309 1723 3574 1794 professio

251 1815 330 1891 (ιι
363 1815 486 1873 Cor.
545 1833 598 1883 v,
631 1816 745 1888 l9).
783 1817 988 1872 Dehine
1031 1816 1275 1886 sequitur
1298 1857 1311 1881 ,
1357 1813 1426 1868 Et
1465 1831 1566 1868 non
1613 1823 1688 1868 est
1731 1812 1869 1868 Deus
1897 1810 1946 1872 Β
1976 1827 2212 1887 paternae
2259 1817 2405 1871 vocis
2431 1815 2701 1885 objurgat.
2739 1815 2877 1869 Deus
2905 1823 2991 1868 est
3029 1815 3204 1880 enim,
3248 1830 3407 1884 quem
3451 1830 3572 1869 esse

251 1922 451 1982 printer
476 1922 542 1964 te.
576 1909 780 1976 Quibus
806 1909 1064 1964 continuo
1108 1907 1248 1963 idem
1283 1906 1576 1978 Apostolus
1601 1906 1696 1970 ait,
1729 1921 1868 1963 unus

252 2012 348 2058 est
388 2003 528 2058 enim
581 2002 840 2058 Dominus
872 2011 1056 2057 noster
1089 1999 1246 2055 Jesus
1273 1999 1520 2054 Christus
1571 2015 1665 2069 per
1707 2015 1866 2069 quem

254 2099 448 2152 omnia
476 2095 522 2168 (l
550 2096 671 2152 Cor.
716 2113 831 2162 vni,
859 2097 911 2165 ϋ)
945 2114 956 2149 :
987 2105 1043 2151 et
1083 2093 1261 2149 nullus
1282 2103 1476 2164 prteter
1502 2110 1623 2150 eum
1653 2095 1866 2150 videtur

253 2190 405 2245 alius
425 2204 563 2256 esse,
598 2190 719 2261 quia
759 2203 896 2244 unus
926 2197 1032 2244 est.
1075 2187 1262 2243 Tertio
1304 2203 1517 2258 quoque
1563 2188 1670 2253 ait,
1710 2185 1785 2242 Tu
1815 2206 1867 2244 es

253 2280 430 2346 Deus,
459 2291 506 2335 et
534 2281 898 2338 nesciebamus.
929 2281 1034 2338 Sed
1066 2296 1133 2337 ex
1173 2289 1521 2352 persecutore
1551 2281 1624 2352 (ὁ)
1667 2278 1865 2339 Eccle-

251 2379 363 2434 sia:
388 2378 520 2434 dixit
552 2395 566 2434 :
602 2377 836 2444 Quorum
862 2389 1031 2446 patres
1052 2419 1066 2443 ,
1097 2394 1159 2432 ea:
1186 2376 1368 2448 quibus
1397 2374 1650 2441 Christus,
1681 2379 1767 2446 qui
1794 2387 1868 2432 est

251 2487 419 2542 super
447 2473 617 2526 omnia
648 2468 790 2526 Deus
821 2471 997 2541 (Rom.
1022 2485 1100 2534 Ix,
1133 2469 1210 2542 5).
1256 2469 1318 2523 lli
1351 2469 1511 2539 igitur
1556 2468 1720 2522 vincti
1751 2465 1868 2524 haec

251 2563 633 2638 praedicabunt
662 2583 674 2618 :
705 2563 908 2619 excelsi
935 2561 1209 2626 videlicet,
1241 2571 1294 2616 et
1314 2561 1368 2615 in
1401 2560 1684 2615 duodecim
1712 2560 1864 2614 thro-

252 2659 355 2713 nis
383 2657 665 2726 iudicaturi
707 2656 1006 2726 (c)4ribus
1036 2655 1226 2723 Israel,
1277 2662 1333 2710 et
1388 2653 1670 2709 Dominum
1705 2668 1864 2709 suum

250 2749 530 2806 doctrina:
555 2758 608 2804 et
637 2749 903 2817 passio-iis
929 2763 1041 2804 suae.
1067 2747 1330 2820 martyrio
1353 2747 1612 2803 secuturi.

335 2842 432 2897 40.
461 2840 612 2895 Pater
641 2842 705 2894 de
732 2858 785 2894 se
811 2841 957 2906 dicit,
991 2840 1108 2895 Non
1152 2851 1233 2895 est
1275 2839 1413 2895 Deus
1443 2851 1640 2909 printer
1685 2855 1792 2904 Ine,
1821 2848 1867 2894 et

252 2935 326 2989 de
379 2933 554 3001 Filio,
602 2935 716 2989 Non
758 2943 842 2990 est
900 2934 1041 2988 Deus
1085 2946 1278 3003 praeter
1317 2946 1389 2989 te.
1441 2933 1610 2988 Filius
1650 2949 1867 3004 persona

250 3045 376 3084 non
415 3043 594 3098 genere
642 3044 674 3080 a
710 3037 857 3098 patre
893 3028 1160 3082 discretus.
1204 3059 1275 3070 —
1318 3027 1456 3083 Deus
1502 3041 1630 3098 ergo
1671 3027 1723 3082 in
1759 3028 1866 3082 Deo

250 3131 345 3174 est
382 3137 393 3171 :
423 3128 482 3172 et
521 3119 570 3174 in
599 3133 706 3188 quo
733 3130 816 3174 est
848 3119 1020 3185 Deus,
1053 3120 1193 3174 Deus
1223 3129 1325 3174 est.
1372 3119 1438 3174 Et
1464 3119 1733 3189 quomodo
1761 3136 1864 3173 non

1974 1919 2027 1964 tu
2061 1909 2226 1963 Deum
2271 1907 2524 1976 deneges.
2571 1909 2821 1987 Denegas
2845 1922 2973 1963 vero
3001 1909 3102 1962 sub
3127 1907 3310 1974 specie
3353 1907 3572 1963 honoris

1973 2002 2064 2056 Dei
2096 2002 2358 2072 (Patris),
2388 2001 2647 2068 dicentis,
2683 2000 2805 2055 Non
2835 2011 2908 2055 est
2942 2003 3077 2056 alius
3105 1999 3247 2055 Deus
3279 2013 3462 2072 praeter
3491 2019 3572 2058 me

1973 2095 2134 2168 (Ibid.
2161 2137 2177 2161 ,
2205 2095 2322 2166 18).
2348 2093 2455 2150 Sed
2487 2094 2817 2150 confundere
2867 2105 2922 2150 et
2969 2095 3229 2150 erubesce
3258 2113 3272 2149 :
3304 2113 3408 2150 non
3449 2105 3572 2166 eget

1969 2191 2150 2245 delato
2176 2205 2206 2243 a
2236 2198 2289 2244 te
2315 2188 2520 2244 honore
2550 2188 2881 2243 innascibilis
2927 2187 3092 2254 Deus,
3122 2189 3347 2257 gloriam
3374 2186 3511 2244 hanc
3540 2207 3568 2243 a

1972 2294 2023 2339 te
2050 2282 2358 2338 solitudinis
2382 2297 2494 2338 suae
2534 2297 2641 2337 non
2673 2280 2936 2351 postulat,
2977 2296 3084 2336 non
3114 2280 3378 2337 desiderat
3431 2280 3570 2336 hanc

1969 2377 2239 2449 opinionis
2269 2386 2373 2430 tua:
2398 2376 2843 2447 intelligentiam;
2875 2385 2931 2430 ut
2957 2375 3028 2430 ob
3051 2378 3152 2431 hoc
3180 2376 3322 2446 quod
3350 2376 3569 2444 dixerit,

1972 2471 2094 2526 Non
2120 2480 2193 2527 est
2223 2470 2362 2525 Deus
2389 2481 2575 2536 praeter
2602 2487 2698 2535 me,
2719 2486 2840 2524 eum
2857 2485 3017 2539 quem
3034 2485 3100 2524 ex
3117 2485 3176 2524 se
3198 2472 3378 2540 genuit
3400 2471 3570 2526 Deum

1967 2563 2320 2634 abneges.1tc
2346 2577 2412 2617 ne
2438 2562 2541 2617 sibi
2567 2562 2688 2626 hoc,
2713 2561 2779 2616 ad
2798 2561 3130 2616 divinitatem
3153 2561 3274 2616 Filii
3290 2562 3576 2618 destruen-

1969 2656 2115 2720 dam,
2141 2655 2408 2724 peculiare
2434 2654 2510 2726 (g)
2527 2652 2799 2718 deferres;
2826 2651 3094 2722 Unigeniti
3109 2654 3189 2706 sui
3215 2653 3444 2723 gloriam
3472 2654 3572 2710 ho-

1971 2764 2103 2806 nore
2131 2749 2379 2819 perlecta:
2405 2745 2700 2801 divinitatis
2729 2746 3005 2815 implevit,
3038 2745 3244 2810 dicens,
3279 2744 3346 2798 Et
3373 2761 3472 2800 non
3499 2755 3576 2801 est

1970 2842 2110 2896 Deus
2163 2851 2347 2911 printer
2389 2851 2456 2894 te.
2505 2838 2642 2907 Quid
2691 2845 2968 2907 exaequata
3015 2836 3396 2892 discrimiuas?
3443 2839 3573 2907 quid

1969 2940 2275 3002 comparata
2303 2929 2601 2987 discernis?
2633 2929 2914 2999 Proprium
2948 2927 3040 2984 Dei
3074 2927 3186 2984 filio
3206 2938 3308 2996 est,
3341 2944 3409 2984 ne
3438 2945 3573 2998 pra:-

1970 3033 2053 3080 ter
2081 3040 2204 3080 eum
2238 3024 2376 3078 Deus
2396 3024 2495 3090 sit;
2526 3022 2801 3094 proprium
2829 3022 2937 3076 Deo
2967 3022 3102 3092 patri
3132 3029 3248 3087 est,
3281 3035 3349 3074 ne
3370 3019 3574 3092 absque

1969 3135 2034 3175 eo
2066 3120 2204 3174 Deus
2219 3118 2500 3188 quisquam
2530 3120 2598 3170 sit
2631 3134 2645 3171 :
2674 3115 2852 3171 verbis
2883 3116 2973 3169 Dei
3005 3115 3073 3170 de
3095 3115 3201 3168 Deo
3230 3125 3403 3170 utere.
3425 3112 3573 3170 Con-

249 3222 333 3267 est
373 3208 517 3265 Deus
536 3221 716 3280 praeter
738 3221 816 3276 te;
846 3225 966 3266 cum
994 3211 1046 3266 in
1077 3211 1265 3266 eodem
1293 3212 1432 3267 Deus
1460 3212 1572 3266 sit?
1597 3211 1861 3281 Usnrpas,
1890 3203 1938 3266 C
1971 3214 2124 3267 litere
2147 3214 2239 3276 ita,
2267 3221 2321 3265 et
2348 3225 2567 3280 precare
2611 3224 2790 3278 regem
2823 3227 2836 3264 :
2869 3209 3123 3276 Quoniam
3150 3209 3204 3261 in
3233 3218 3280 3262 te
3305 3217 3374 3262 est
3411 3207 3573 3275 Deus,

250 3321 285 3357 ο
317 3303 604 3370 bteretice,
634 3304 698 3359 ad
721 3304 1115 3361 confessionem
1145 3305 1369 3360 solitarii
1402 3305 1491 3360 Dei
1526 3308 1712 3377 patris,
1743 3305 1866 3362 Non

249 3407 336 3452 est
374 3397 515 3452 Deus
540 3408 724 3468 prater
768 3414 848 3452 me
879 3413 898 3453 :
927 3398 1200 3468 quomodo
1241 3414 1307 3454 ex
1351 3399 1730 3467 prtedicatione
1773 3401 1867 3457 Dei

251 3489 436 3560 patris
462 3488 710 3558 dicentis,
746 3488 870 3544 Non
899 3503 972 3546 est
1002 3489 1144 3544 Deus
1175 3501 1358 3561 praeter
1379 3501 1446 3554 te,
1472 3493 1672 3547 dictum
1697 3495 1870 3548 inter-

251 3581 590 3649 prclaberis,
623 3583 665 3636 si
710 3597 804 3651 per
829 3582 882 3636 id
913 3583 1056 3652 quod
1084 3583 1285 3637 dictum
1312 3591 1416 3648 est,
1451 3581 1573 3638 Non
1614 3594 1687 3638 est
1728 3583 1865 3641 Deus

250 3685 450 3745 preter
481 3691 559 3728 nte
586 3672 764 3745 (Deut.
793 3689 970 3741 xxxii,
1015 3674 1132 3746 39),
1159 3673 1430 3729 aflirmare
1459 3675 1760 3741 contendis,
1795 3691 1864 3733 ne

252 3769 356 3822 Dei
385 3767 531 3821 ﬁlius
557 3768 696 3820 Deus
725 3769 828 3821 sit?
857 3767 923 3820 Et
947 3768 1032 3821 cui
1061 3781 1191 3837 ergo
1221 3767 1362 3822 Deus
1389 3766 1596 3840 (Pater)
1628 3767 1856 3836 dixerit,

251 3856 384 3912 Non
411 3867 487 3912 est
511 3855 646 3912 Dens
666 3869 850 3928 praeter
869 3857 957 3912 te?
983 3856 1253 3928 subjicere
1273 3859 1415 3914 enim
1443 3858 1528 3914 hic
1549 3859 1643 3914 tibi
1677 3873 1864 3930 perso-

248 3968 384 4008 nam
406 3952 631 4007 solitarii
661 3951 740 4023 (d)
770 3968 875 4007 non
901 3951 1104 4008 licebit.
1133 3951 1390 4008 Dominus
1419 3954 1564 4008 enim
1586 3953 1719 4008 dixit
1748 3955 1862 4025 regi

246 4062 416 4116 quem
442 4047 715 4110 excitauit,
743 4061 807 4101 ex
835 4059 1065 4116 persona
1094 4046 1330 4100 virorum
1363 4045 1700 4102 excelsorum
1729 4047 1862 4102 ado-

247 4138 492 4194 rantiqu
516 4147 568 4194 et
596 4138 1037 4209 deprecantium,
1071 4137 1328 4204 Quoniam
1374 4138 1430 4192 in
1477 4147 1526 4194 te
1573 4148 1645 4193 est
1694 4138 1855 4195 Deus.

249 4233 571 4290 Solitariam
603 4248 692 4288 res
721 4232 820 4288 ista
852 4249 960 4288 non
1007 4233 1224 4303 recipit.
1257 4231 1324 4286 In
1362 4241 1410 4287 te
1447 4232 1588 4288 enim
1617 4249 1861 4304 praesen-

249 4339 386 4398 tem,
408 4329 578 4385 veluti
604 4328 672 4384 ad
697 4343 856 4400 quem
883 4328 956 4383 sit
981 4342 1186 4394 sermo,
1206 4327 1493 4399 significat.
1508 4329 1663 4398 Quod
1681 4341 1862 4389 autem

323 4467 406 4541 (ι)
435 4465 635 4521 Manet.

351 4603 402 4674 α)
426 4603 591 4658 Solus
616 4601 788 4658 codex
818 4600 941 4657 Vat.
967 4598 1108 4666 has.,
1138 4601 1192 4654 in
1220 4600 1370 4674 donis
1390 4599 1582 4674 itaque.

353 4669 405 4744 ι)
437 4675 495 4731 ld
521 4684 624 4737 est.
657 4675 742 4744 qui
771 4675 868 4745 fuit
897 4682 1209 4745 persecutor.
1227 4671 1355 4745 Iam
1388 4670 1522 4745 alias
1550 4669 1858 4730 observavi-

255 4741 848 4818 mtis‘pra-pusitiunem
882 4741 1507 4818 emad‘significandum
1550 4753 1746 4818 statum
1795 4761 1860 4802 ac

255 4815 478 4885 tempus
533 4818 863 4886 przeteritntn
920 4815 1118 4886 llilario
1174 4829 1295 4868 es-e
1341 4817 1609 4869 usitatam.
1661 4817 1751 4873 Sic
1789 4818 1858 4872 de

252 4889 476 4944 Christo
503 4885 554 4942 in
583 4889 722 4942 servi
761 4892 983 4942 lorinam
1017 4885 1291 4941 exinanito
1320 4900 1464 4954 saepe
1495 4887 1730 4956 loquitur
1753 4929 1766 4951 ,
1798 4906 1861 4942 ea:

250 4959 370 5014 Deo
394 4961 571 5026 homo,
602 4974 718 5027 pro,
743 4975 861 5012 cum
889 4967 1016 5012 esset
1049 4956 1212 5020 Deus,
1239 4960 1408 5027 factus
1449 4967 1518 5010 est
1550 4959 1717 5012 homo.
1763 4960 1860 5020 llic

251 5043 437 5086 autem
489 5032 538 5085 in
587 5031 811 5100 vulgatis
860 5040 913 5083 et
963 5031 1013 5082 in
1044 5044 1151 5082 uno
1192 5030 1364 5082 solum
1417 5030 1718 5086 recentiore
1753 5047 1855 5086 ins.

250 5101 410 5157 Colb.
442 5106 702 5157 insertum
734 5112 836 5164 est,
870 5103 1034 5172 factus
1053 5101 1248 5172 doctor.

334 5173 407 5242 (τ)
440 5175 604 5237 Editi,
635 5168 905 5227 duodecim
925 5172 1085 5224 tribus
1112 5187 1131 5224 :
1161 5168 1550 5239 refragantibus
1580 5186 1708 5226 mss.

329 5245 408 5316 (ὀ)
437 5243 538 5298 Hic
563 5246 719 5310 enim,
743 5245 818 5299 uti
849 5243 1232 5316 Tertullianus,
1255 5245 1516 5316 adversus
1568 5243 1854 5316 Praxeam,

251 5331 313 5369 ιι.
340 5313 437 5378 15,
469 5319 520 5370 in
569 5318 817 5369 eumdem
848 5315 1023 5368 locum
1053 5316 1150 5377 ait,
1178 5315 1411 5377 dicendo,
1447 5313 1583 5367 Deus
1612 5315 1756 5378 inte,
1786 5325 1854 5381 et,

255 5385 340 5440 Tu
363 5383 523 5451 Deus,
550 5388 683 5440 duos
711 5389 981 5456 praponit;
1002 5385 1240 5453 quierat,
1264 5394 1310 5438 et
1341 5387 1392 5438 in
1419 5402 1519 5454 quo
1538 5395 1684 5448 erat;
1707 5385 1857 5441 Clari-

245 5471 414 5524 αισα,
448 5469 495 5511 et
515 5458 774 5525 Spiritum
797 5475 810 5510 :
837 5457 924 5510 tibi
957 5457 1211 5524 Spiritum
1240 5457 1449 5510 Patrem
1475 5457 1744 5526 intelligit.

332 5529 408 5599 (e)
440 5530 494 5582 In
521 5528 814 5584 ms.'Carn.
849 5538 1000 5597 atque
1031 5527 1084 5580 in
1113 5545 1166 5600 se
1193 5528 1359 5600 genito
1387 5543 1405 5581 :
1433 5528 1590 5600 male.
1623 5529 1732 5581 Cur
1760 5543 1858 5600 au-

250 5597 364 5654 tem
387 5597 447 5654 in
471 5616 539 5657 eo
568 5608 810 5664 maneat,
839 5602 922 5653 sic
945 5597 1232 5667 exponitur
1255 5599 1306 5651 in
1339 5597 1475 5668 psal.
1506 5613 1676 5662 cxxn,
1702 5615 1754 5652 u.
1790 5597 1854 5652 2:

248 5669 395 5726 Deus
423 5674 560 5726 enim
581 5688 647 5726 ea:
675 5672 783 5726 Deo
805 5674 1022 5740 genitus,
1053 5686 1152 5724 non
1174 5670 1311 5725 abest
1330 5687 1418 5740 per
1437 5677 1677 5724 naturam
1705 5670 1769 5724 ab
1799 5687 1856 5725 eo

244 5759 316 5798 cz
337 5759 444 5813 quo
472 5745 676 5815 genitus
702 5741 1020 5815 conﬁtendtis
1041 5750 1116 5798 est
1146 5756 1316 5815 :cutu
1344 5751 1540 5815 canora
1558 5741 1731 5797 absint
1761 5756 1858 5813 per

245 5811 932 5888 naturc'discrepautiaui.
968 5811 1136 5872 Filius
1179 5814 1360 5887 itaque
1388 5812 1549 5887 digna
1590 5828 1688 5887 per
1713 5811 1776 5874 se
1802 5823 1860 5876 et

1969 3316 2016 3359 et
2047 3322 2146 3359 non
2176 3315 2248 3359 est
2281 3303 2416 3357 Deus
2448 3312 2630 3373 prtcter
2662 3313 2726 3357 te.
2763 3300 2839 3356 Tu
2867 3301 3000 3354 enim
3031 3318 3081 3354 es
3113 3300 3270 3366 Deus,
3307 3313 3352 3356 et
3383 3302 3576 3357 nescie—

1969 3400 2168 3466 bamus,
2198 3397 2335 3453 Deus
2369 3397 2531 3452 Israel
2552 3398 2798 3451 salvator.
2825 3395 2991 3450 Caret
3015 3392 3094 3466 (h)
3123 3395 3449 3450 contumelia
3477 3393 3576 3451 lto-

1970 3492 2118 3546 noris
2144 3490 2405 3555 officium,
2433 3505 2608 3558 neque
2636 3487 2991 3543 offensionem
3026 3485 3191 3542 habet
3216 3487 3574 3541 confessionis

1968 3588 2314 3656 exemplum;
2357 3585 2588 3639 maxime
2620 3597 2742 3638 cum
2777 3581 3086 3636 advel-satio
3107 3580 3224 3651 ejus
3256 3580 3410 3651 plena
3439 3594 3572 3636 eon-

1968 3680 2193 3735 lusionis
2223 3678 2292 3733 sit
2320 3688 2374 3734 et
2405 3677 2644 3748 pudoris.
2678 3676 2973 3731 lmmorare
3021 3675 3113 3729 Dei
3141 3675 3352 3738 verbis,
3403 3675 3574 3728 conli-

1967 3781 2081 3826 tere
2109 3769 2203 3825 Dei
2233 3769 2486 3833 vocibus;
2516 3779 2569 3823 et
2587 3768 2710 3839 fuge
2731 3766 3065 3822 confusionis
3085 3765 3570 3821 denuntiationem.

1969 3863 2136 3919 Deum
2183 3863 2325 3919 enim
2361 3862 2451 3916 Dei
2492 3862 2658 3919 lilium
2688 3860 3003 3931 abnegandu
3029 3901 3042 3924 ,
3096 3876 3201 3913 non
3245 3868 3350 3912 tam
3402 3858 3569 3913 Deum

1967 3969 2238 4029 tamquam
2271 3955 2352 4029 (2)
2387 3956 2688 4014 solitarium
2722 3956 2782 4025 (i)
2825 3955 3010 4026 gloria:
3045 3955 3250 4009 honore
3280 3953 3574 4008 venerabe-

1966 4053 2063 4118 ris,
2090 4066 2248 4123 quam
2279 4051 2490 4105 Patrem
2521 4050 2643 4104 Filii
2674 4050 3088 4103 inhonoratione
3101 4057 3435 4104 contemnes.
3470 4046 3575 4102 Ho-

1969 4146 2116 4199 noris
2168 4141 2328 4197 fidem
2373 4142 2676 4198 innascibili
2728 4142 2837 4197 Deo
2865 4140 3161 4210 confitere,
3202 4141 3345 4211 quod
3376 4151 3572 4213 prtetcr

1970 4255 2092 4294 eum
2120 4237 2261 4295 Deus
2290 4236 2467 4292 nullus
2496 4236 2568 4293 sit
2596 4254 2610 4292 :
2643 4235 2922 4310 unigenito
2961 4233 3074 4294 Deo
3116 4235 3346 4307 pra'dica
3365 4278 3381 4306 ,
3429 4234 3570 4308 quod

1970 4332 2175 4403 absque
2197 4346 2262 4387 eo
2291 4330 2431 4388 Deus
2454 4346 2562 4387 non
2590 4329 2682 4385 sit.

2032 4469 2115 4546 (2)
2139 4469 2411 4528 Solitarlo.

1886 4613 1941 4675 Β
1965 4604 2238 4660 snfliciens
2269 4613 2350 4659 est
2377 4603 2639 4675 habitatio
2666 4603 2841 4660 Patris
2879 4621 2892 4658 :
2935 4603 3024 4674 qui
3064 4603 3116 4658 in
3157 4602 3372 4675 caeteris
3403 4602 3566 4675 etiam

1965 4677 2191 4736 habitat,
2213 4687 2476 4745 quatenus
2489 4674 2626 4732 Filio
2651 4676 2922 4745 conjuncti
2949 4678 2998 4728 in
3027 4675 3144 4742 ipso
3165 4674 3568 4741 quodammodo

1965 4750 2332 4809 continentur,
2365 4757 2422 4800 tit
2454 4748 2730 4816 eleganter
2760 4749 2954 4801 ibidem
2986 4747 3303 4807 explicatur.

2040 4819 2114 4888 (i)
2142 4819 2257 4872 Vat.
2285 4819 2398 4872 bas.
2433 4833 2534 4872 ms.
2566 4821 2758 4872 dictum
2785 4821 2879 4872 lioc
2901 4835 2920 4874 :
2953 4819 3137 4888 minus
3159 4817 3317 4870 bene.

2039 4884 2116 4958 (ῤ’)
2149 4889 2290 4943 ldetu
2331 4891 2521 4949 codex.
2557 4890 2846 4956 defenderet
2873 4905 2892 4943 :
2921 4904 3092 4958 neque
3123 4885 3212 4958 hic
3237 4884 3562 4940 audiendus.

2039 4892 2056 4955 (
2149 4892 2290 4943 ldetu
2331 4892 2521 4949 codex.
2557 4892 2846 4956 defenderet
2873 4905 2892 4943 :
2921 4904 3092 4958 neque
3124 4892 3212 4940 hic
3237 4892 3562 4940 audiendus.

2036 4892 2117 5033 (i)
2146 4959 2440 5033 Neqnehic
2461 4961 2671 5033 videtur
2697 4962 2959 5033 sincerior
2989 4957 3274 5028 przedictus
3302 4973 3404 5010 ms.
3439 4973 3562 5012 cum

1965 5031 2063 5102 pro
2089 5031 2420 5102 contumelia,
2451 5031 2669 5086 exhibet
2695 5031 2996 5085 calumnia:
3026 5038 3080 5084 et
3105 5045 3227 5082 mox
3259 5045 3407 5097 paena
3435 5044 3560 5082 con-

1917 5153 1924 5160 .
1967 5101 2206 5176 Iasionis,
2239 5119 2338 5176 pro
2369 5101 2878 5176 plenarconfusionis.

2037 5175 2113 5248 (i)
2156 5171 2438 5248 Etliticutu
2469 5171 2670 5248 aliquot
2710 5190 2840 5248 mss.
2867 5173 3116 5248 solitario.
3151 5171 3412 5248 Malutuus
3437 5186 3560 5225 cum

1964 5245 2177 5301 cmteris
2207 5245 2516 5309 solitarium,
2547 5247 2690 5314 prius
2718 5247 2958 5299 restituta
2985 5245 3243 5314 particula
3268 5254 3558 5311 tamquam,

1963 5333 2123 5387 quam
2172 5316 2381 5383 Lipsius
2424 5313 2626 5386 absque
2654 5313 3349 5384 auctoritateexpuuxerat.
3403 5313 3562 5387 Pater

1964 5384 2142 5442 autem
2172 5384 2698 5454 inhonoratum—dum
2731 5388 2820 5441 lilii
2853 5389 3135 5457 degeneris
3182 5393 3332 5454 pater
3363 5384 3559 5454 praedi-

1962 5469 2116 5514 catur
2139 5504 2153 5522 ,
2206 5468 2263 5512 ut
2291 5473 2435 5526 saepe
2468 5459 2705 5514 insinuat
2739 5471 2922 5514 uoster
2951 5459 3184 5513 Ililarius
3211 5499 3225 5520 ,
3276 5472 3338 5510 ac
3370 5457 3560 5524 probat

1963 5529 2313 5598 Augustinus,
2344 5529 2520 5584 Serm.
2575 5531 2700 5597 139,
2753 5547 2807 5584 n.
2841 5529 2876 5583 5
2899 5570 2914 5594 ,
2963 5545 3173 5584 net-non
3211 5527 3556 5591 Ambrosius,

1960 5601 2054 5655 lib.
2086 5616 2104 5660 ι
2133 5603 2200 5656 de
2233 5601 2362 5655 Fide
2389 5617 2440 5655 c.
2477 5604 2530 5668 ti,
2573 5603 2656 5656 vel
2687 5603 2812 5655 dum
2843 5601 3130 5672 aliquando
3153 5600 3267 5655 sine
3295 5600 3469 5653 Verbo
3498 5613 3560 5652 ac

1961 5675 2220 5740 sapientia
2257 5673 2447 5740 fuisse,
2477 5675 2721 5744 adeoque
2752 5673 2968 5728 aliunde
2999 5676 3258 5728 rationein
3287 5680 3562 5730 mutuatus

1959 5758 2082 5873 isse
2110 5749 2392 5877 nssgriitur,
2426 5755 2482 5803 ut
2519 5745 2754 5806 ostendit
2781 5745 3130 5814 Athanasius,
3153 5745 3302 5804 Orat.
3350 5760 3385 5810 n
3411 5750 3562 5809 cunt.

2008 5832 2081 5877 Γ..
2112 5831 2164 5877 ι).
2237 5833 2269 5876 0
2311 5858 2325 5877 ο

1958 5822 2081 5889 An,
2109 5831 2164 5890 ρ.
2199 5819 2348 5891 ὅῦίη
