4118 6186
573 325 678 384 127

1769 321 2012 379 SANCTI
2053 320 2309 378 HILARII
2349 321 2654 379 EPISCOPI

3780 319 3896 375 1‘28

647 444 798 518 101
829 442 920 499 42.
956 441 1083 497 Filii
1110 440 1363 497 divinitati
1392 439 1754 511 adstipulatur
1779 439 2049 494 Jeremias.
2079 439 2182 507 Qui
2207 447 2256 504 Α
2285 442 2443 511 puero
2467 455 2582 507 suo,
2613 447 2658 492 et
2676 437 2847 492 Israel
2873 437 3060 493 dilecto
3088 453 3183 492 suo
3211 453 3230 491 .°
3257 443 3369 508 post
3395 435 3491 490 ltoc
3518 451 3674 506 super
3695 443 3897 490 terram

573 535 711 593 Deus
736 553 891 606 super
920 546 1108 592 terram
1135 535 1293 590 visus.
1325 532 1502 589 Filius
1537 543 1584 589 et
1611 534 1662 588 in
1691 533 1817 604 legis
1848 533 2037 587 latione
2056 542 2104 586 et
2128 533 2181 587 in
2225 567 2235 580 ι

571 628 741 684 carnis
782 627 1128 696 assumptione
1177 642 1310 680 unus
1379 624 1659 680 Mediutor.
1712 623 1871 678 Pater
1915 634 1962 678 et
2011 623 2182 678 Filius

571 735 752 774 unum.
783 748 856 760 —-
886 717 1021 772 Audi
1052 718 1194 772 enim
1226 725 1420 788 praeter
1459 716 1678 790 Moysen
1711 725 1766 772 et
1795 715 2008 770 Esaiam
2027 757 2042 783 ,
2071 727 2181 771 tum

575 813 736 868 tertio
780 811 832 867 id
879 812 1053 882 ipsum
1086 827 1299 883 quoque
1331 823 1384 866 et
1417 811 1494 884 (a)
1539 811 1827 868 Jeremiaui
1857 810 2180 877 docentem,

574 920 697 961 cum
727 904 903 960 dicit:
938 903 1041 960 Hic
1093 904 1228 960 Dens
1268 916 1436 960 noster
1467 915 1570 971 est,
1619 917 1666 960 et
1707 923 1811 959 non
1851 905 2183 975 deputabitur

574 1000 710 1055 alter
738 997 807 1052 ad
836 1014 968 1052 eum.
1009 997 1109 1065 Qui
1135 998 1324 1052 invenit
1352 1014 1553 1053 onmem
1581 999 1716 1052 viam
1737 998 1984 1063 scientiaz,
2019 1005 2065 1051 et
2096 997 2187 1050 de-

575 1091 652 1147 dit
693 1107 806 1145 eam
834 1088 997 1144 Jacob
1045 1107 1203 1160 puero
1247 1107 1372 1159 suo,
1405 1100 1450 1144 et
1499 1089 1668 1144 Israel
1695 1090 1880 1146 dilecto
1912 1105 2024 1142 suo.
2056 1087 2186 1144 Post

587 1187 683 1238 hoc
709 1199 862 1255 super
884 1192 1074 1236 terram
1097 1184 1230 1237 visus
1252 1193 1347 1247 est,
1377 1191 1422 1237 et
1445 1183 1576 1236 inter
1607 1182 1837 1236 homines
1859 1189 2186 1234 conversatus

577 1283 650 1328 est
681 1272 932 1345 (Baruch.
971 1289 1051 1340 ut,
1080 1272 1150 1330 56
1195 1281 1243 1326 et
1269 1275 1458 1344 seqq.).
1493 1273 1706 1328 Dixerat
1731 1271 1876 1327 enim
1896 1272 2006 1338 jam
2029 1285 2188 1341 supe-

578 1365 713 1431 rius,
746 1364 810 1419 Et
843 1365 995 1419 homo
1025 1374 1117 1430 est,
1152 1375 1198 1419 et
1225 1365 1338 1436 quis
1366 1374 1635 1434 cognoscet
1665 1379 1781 1418 eum
1803 1363 1829 1416 ?
1858 1361 2037 1417 Habes
2059 1377 2187 1431 ergo

583 1461 754 1516 Deum
787 1460 837 1514 in
865 1459 1020 1514 terris
1042 1459 1238 1527 visum,
1261 1468 1316 1515 et
1338 1461 1478 1516 inter
1500 1459 1746 1514 homines
1771 1468 2184 1514 conversatum:

581 1564 638 1610 et
666 1555 882 1626 requiro
927 1556 1196 1626 quomodo
1240 1554 1652 1625 intelligendum
1684 1554 1985 1620 existimes,
2021 1551 2190 1607 Deum

580 1662 730 1700 nemo
771 1647 896 1700 vidit
936 1664 1204 1717 umquam,
1239 1648 1339 1701 nisi
1369 1648 1660 1718 unigenitus
1697 1647 1867 1716 ﬁlius,
1911 1645 2000 1716 qui
2032 1654 2106 1699 est
2136 1645 2190 1698 in

583 1739 704 1793 sinu
734 1737 911 1793 Patris
953 1737 1132 1811 (Joan.
1168 1755 1222 1806 ι,
1259 1737 1380 1811 18);
1413 1755 1534 1794 cum
1557 1729 1820 1795 Jeremias
1855 1739 2022 1793 Deum
2054 1753 2189 1808 pra:-

2283 533 2422 588 visus
2463 544 2568 599 est,
2616 541 2664 588 et
2700 533 2832 587 inter
2873 531 3106 586 homines
3135 539 3460 586 conversatus
3496 540 3587 585 est.
3625 529 3773 585 Unus
3803 535 3899 585 est

2285 625 2426 679 enim
2454 625 2714 679 Mediator
2740 625 2829 678 Dei
2854 633 2906 678 et
2930 624 3228 688 hominum,
3257 623 3398 678 Deus
3420 631 3473 676 et
3504 623 3659 694 102
3684 621 3848 676 homo
3877 638 3893 677 :

2285 719 2419 773 etin
2467 717 2599 786 legis
2646 718 2876 784 latione,
2906 728 2958 773 et
3001 719 3050 772 in
3082 717 3327 787 corporis
3370 718 3736 787 assumptione
3768 731 3894 772 me-

2285 810 2482 865 diator.
2517 810 2670 866 Alius
2699 811 2858 881 igitur
2887 809 2952 866 ad
2983 826 3104 866 eum
3143 825 3247 864 non
3289 809 3597 879 deputatur.
3623 807 3774 864 Unus
3805 815 3899 864 est

2285 903 2427 957 enim
2473 903 2558 957 hic
2587 903 2636 957 in
2682 904 2848 957 Deum
2880 917 2945 958 ex
2991 903 3101 957 Dco
3146 914 3334 968 natus,
3383 917 3478 972 per
3505 918 3663 973 quem
3707 910 3896 957 creata

2287 1007 2411 1050 sunt
2440 997 2617 1050 omnia
2647 997 2699 1050 in
2733 996 2870 1050 caelo
2898 1005 2954 1050 et
2984 996 3035 1050 in
3068 1004 3232 1061 terra,
3266 1011 3362 1065 per
3388 1011 3543 1064 quem
3568 1004 3810 1064 tempora
3835 1003 3896 1050 et

2287 1087 2481 1142 sarcula
2511 1086 2647 1142 facta
2679 1095 2821 1142 sunt.
2857 1087 3050 1143 Totum
3080 1088 3223 1141 enim
3257 1085 3517 1158 quidquid
3541 1095 3644 1149 est,
3677 1101 3743 1141 ex
3771 1087 3895 1157 ejus

2287 1179 2606 1248 operatione
2631 1179 2874 1233 subsistit
2908 1177 2998 1251 (c).
3044 1178 3140 1233 llic
3167 1192 3294 1249 ergo
3317 1193 3455 1232 unus
3483 1187 3564 1232 est
3591 1177 3892 1247 disponens

2289 1273 2353 1328 ad
2383 1273 2652 1329 Abraham
2675 1315 2689 1338 ,
2725 1274 2949 1342 loquens
2972 1272 3038 1327 ad
3079 1272 3292 1344 Moysen
3315 1315 3328 1339 ,
3361 1281 3563 1328 testans
3589 1273 3654 1328 ad
3689 1273 3889 1341 Israel,

2289 1382 2511 1422 manens
2535 1368 2585 1422 in
2622 1367 2915 1438 prophetis,
2949 1383 3043 1437 per
3069 1368 3329 1438 virginem
3358 1379 3515 1423 natus
3541 1366 3620 1439 (1)
3664 1384 3729 1422 ex
3759 1368 3893 1438 Spi-

2289 1461 2394 1515 ritu
2424 1459 2503 1533 (d)
2537 1472 2728 1515 sancto
2749 1501 2762 1525 ,
2811 1460 3159 1514 adversantes
3191 1459 3345 1514 nobis
3393 1461 3746 1530 inimicosque
3776 1460 3892 1515 vir-

2291 1561 2431 1606 tutes
2460 1552 2604 1621 ligno
2633 1551 2899 1622 passionis
2925 1551 3170 1622 attigeris,
3188 1549 3708 1606 mortemininl‘erno
3735 1551 3884 1620 peri-

2290 1668 2464 1721 mens,
2515 1653 2631 1724 spei
2681 1663 2880 1708 nostrae
2926 1654 3082 1708 tidem
3118 1654 3512 1709 resurrectione
3537 1653 3892 1723 conﬁrmans,

2291 1755 2690 1822 corruptionem
2721 1754 2901 1809 carnis
2933 1753 3178 1808 humanae
3211 1753 3378 1823 gloria
3406 1754 3648 1824 corporis
3678 1754 3761 1807 sui
3795 1769 3893 1821 pe-

581 1829 749 1898 dicet,
777 1832 868 1902 qui
897 1842 950 1887 et
979 1834 1126 1888 visus
1149 1834 1200 1888 in
1229 1835 1387 1889 terris
1413 1844 1517 1899 est,
1545 1843 1598 1889 et
1627 1833 1770 1889 inter
1795 1833 2042 1888 homines
2066 1847 2190 1888 con-

2295 1845 2516 1900 timens.
2565 1845 2646 1900 Ad
2680 1845 2821 1901 hunc
2863 1859 2992 1916 ergo
3037 1860 3142 1900 non
3187 1844 3531 1914 deputabitur
3573 1843 3730 1898 alius.
3781 1844 3896 1902 Soli

588 1935 838 1979 versatus
879 1924 1004 1980 est?
1033 1925 1190 1980 Pater
1212 1935 1360 1982 certe
1401 1942 1509 1981 non
1540 1926 1639 1980 nisi
1667 1924 1740 1996 (b)
1770 1926 1868 1982 soli
1897 1925 2034 1981 Filio
2059 1925 2191 1980 visi-

589 2014 717 2071 bilis
737 2025 840 2070 est.
858 2016 990 2085 Quis
1016 2031 1147 2086 ergo
1174 2018 1273 2074 iste
1302 2027 1384 2073 est
1403 2019 1492 2086 qui
1509 2027 1591 2072 est
1613 2017 1757 2072 visus
1771 2025 2190 2073 etconversatus

586 2109 728 2165 inter
752 2109 1046 2165 homines?
1080 2111 1221 2167 Deus
1249 2120 1398 2167 certe
1429 2120 1614 2167 noster
1641 2120 1754 2178 est,
1798 2121 1854 2167 et
1881 2112 2106 2168 visibilis
2133 2113 2186 2169 in

587 2203 805 2258 homine
826 2213 881 2258 et
906 2204 1311 2260 contrectabilis
1341 2204 1505 2260 Deus.
1533 2204 1599 2258 Et
1624 2203 1937 2274 prophetam
1961 2204 2188 2276 loquen-

587 2307 694 2353 tem
713 2299 952 2370 intellige
979 2318 992 2354 :
1023 2297 1141 2353 Non
1163 2299 1492 2372 deputabitur
1504 2299 1636 2354 alter
1652 2299 1721 2353 ad
1736 2315 1870 2354 eum.
1887 2299 1943 2354 Si
1963 2299 2182 2370 quzeris,

585 2391 902 2462 quomodo?
946 2392 1070 2447 audi
1111 2408 1229 2463 quae
1280 2402 1618 2463 sequuntur:
1670 2407 1737 2447 ne
1766 2407 1862 2463 per
1904 2391 1958 2446 id
2001 2407 2105 2445 non
2136 2399 2189 2447 et

586 2481 730 2539 Patri
763 2483 1036 2557 proprium
1059 2499 1180 2540 esse
1203 2485 1477 2540 existimes
1507 2483 1648 2555 quod
1671 2483 1871 2539 dictum
1886 2492 1971 2539 est
1992 2500 2004 2537 :
2025 2481 2185 2547 Audi,

586 2575 780 2645 Israel,
815 2575 1065 2632 Dominus
1093 2577 1232 2634 Deus
1254 2589 1370 2632 tuus
1391 2595 1522 2633 unus
1550 2588 1621 2633 est
1644 2575 1820 2651 (Deut.
1852 2593 1924 2645 v1,
1947 2575 2028 2647 4).
2062 2576 2186 2632 Huic

585 2669 728 2724 enim
759 2670 859 2726 sibi
899 2671 1177 2727 cohaerent
1207 2690 1219 2725 :
1256 2670 1379 2726 Non
1424 2671 1751 2744 deputabitur
1777 2671 1907 2725 alter
1933 2671 2001 2723 ad
2030 2686 2141 2724 eum
2167 2686 2185 2725 :

584 2765 673 2835 qui
712 2765 899 2821 invenit
936 2783 1136 2822 onmem
1164 2767 1297 2821 viam
1336 2767 1591 2832 scientite,
1625 2775 1670 2821 et
1697 2765 1835 2820 dedit
1872 2781 1986 2820 eam
2020 2762 2186 2820 Iacob

659 2881 737 2955 (1)
773 2879 855 2937 Ea:
881 2883 1062 2956 spiritu
1091 2891 1296 2939 tantum
1319 2883 1372 2938 in
1403 2893 1588 2940 nostro
1616 2899 1718 2940 ms.

661 2975 736 3045 (a)
765 2975 863 3044 Qui
893 2987 1215 3047 pestrentam
1247 2978 1536 3033 editionem
1568 2979 1690 3034 l‘ar.
1721 2979 2056 3046 procuravit,
2089 2978 2176 3031 hic

585 3048 793 3103 Barucn
843 3049 964 3104 loco
1014 3051 1158 3104 vocis
1205 3050 1483 3104 Jeremiam
1522 3051 1838 3106 substituit:
1881 3051 2022 3106 idem
2053 3063 2179 3105 vero

587 3135 783 3175 nomen
817 3135 937 3174 mox
972 3122 1258 3190 repetitum
1289 3124 1573 3177 immutare
1604 3137 1708 3176 non
1739 3123 2003 3178 meminit.

660 3190 738 3263 (b)
776 3190 874 3246 Hic
898 3192 1144 3247 addimus
1172 3194 1270 3247 soli
1309 3194 1628 3248 auctoritate
1654 3195 1892 3247 onmium
1927 3209 2057 3248 mss.
2090 3191 2180 3246 Hi-

589 3262 712 3334 Larii
763 3265 1044 3317 sententia-
1089 3264 1157 3320 de
1212 3265 1383 3319 Patris
1439 3264 1802 3319 iuvisibililale
1859 3264 2182 3334 suifragatur

587 3333 975 3428 Tertulliapus,
1003 3335 1094 3416 lib.
1244 3337 1364 3428 adv.
1415 3335 1672 3390 Marcion.
1719 3353 1805 3428 ιι..
1975 3333 2182 3428 P'qtrem
2210 3367 2253 3428 ρ

589 3405 781 3458 nemini
810 3405 990 3469 visum,
1023 3407 1213 3470 inquit,
1245 3409 1395 3460 etiam
1425 3423 1690 3461 commune
1715 3408 1980 3460 testabitur
2006 3406 2150 3461 Evan

589 3476 812 3546 geliunt,
841 3479 1040 3531 dicente
1069 3477 1313 3533 Christo:
1346 3477 1515 3532 Nemo
1559 3479 1794 3546 cognovit
1843 3477 2050 3533 Patrem
2089 3479 2186 3532 nisi

590 3545 642 3618 Ε
643 3545 807 3602 ilius:
853 3547 960 3616 ipse
1004 3549 1137 3602 enim
1173 3559 1219 3603 et
1249 3551 1400 3603 veteri
1444 3545 1762 3603 Testamento
1794 3550 2181 3618 pronuntiaret,

591 3616 757 3672 Deum
793 3635 938 3673 nemo
965 3619 1169 3682 videbit,
1203 3629 1246 3672 et
1278 3623 1426 3682 vivet,
1457 3619 1663 3674 Patrem
1694 3616 1993 3674 inuisibilem
2024 3623 2189 3674 deter-

597 3689 834 3762 minans,
868 3691 921 3743 in
957 3692 1105 3762 cujus
1131 3698 1432 3745 auctoritate
1462 3701 1508 3745 et
1547 3693 1748 3746 nomine
1781 3694 1889 3762 ipse
1915 3701 2019 3746 erat
2050 3690 2188 3746 Deus

590 3761 678 3831 qui
699 3761 959 3831 videbatur
975 3761 1069 3816 Dei
1095 3762 1470 3831 ﬁlius.\lidesis
1486 3763 1760 3829 eumdem,
1777 3761 1900 3818 adv.
1929 3765 2185 3817 Praxeam

592 3830 658 3904 n.
699 3830 784 3888 M.
815 3833 905 3888 Sic
947 3830 1283 3904 Ambrosius,
1318 3836 1368 3888 in
1419 3832 1614 3888 Lucam
1650 3834 1788 3891 :Aut
1837 3835 2188 3904 acquiescatur

591 3903 747 4027 igitur
767 3920 966 3959 necesse
990 3913 1082 3967 est,
1117 3905 1161 3958 si
1182 3903 1348 3959 Deum
1375 3903 1582 3958 Patrem
1613 3922 1757 3959 nemo
1780 3906 1904 3959 vidit
1927 3922 2185 3975 umquam,

645 3975 791 4027 ilium
813 3976 975 4027 visum
1002 3992 1108 4027 esse
1137 3978 1188 4027 in
1217 3978 1370 4027 veteri
1395 3975 1735 4027 Testamento.
1767 3976 1840 4027 Ita
1869 3988 1922 4027 et
1952 3976 2185 4027 Pruden-

645 3975 791 4028 ilium
813 3976 975 4028 visunt
1002 3992 1108 4029 esse
1137 3978 1188 4028 in
1217 3978 1370 4030 veteri
1395 3975 1735 4031 Testamento.
1767 3976 1840 4031 Ita
1869 3988 1922 4030 et
1952 3976 2192 4030 Pruden-

598 4045 724 4109 tius,
754 4045 956 4112 ApOth.
990 4047 1224 4110 νει-539,
1261 4050 1400 4103 inter
1417 4049 1519 4101 alia
1542 4051 1650 4102 ait:
1679 4044 1831 4101 Cerni
1851 4049 1984 4119 potis
2005 4057 2076 4102 est
2102 4050 2191 4118 qui

593 4118 822 4188 nascitur
851 4133 869 4170 :
897 4127 949 4188 at
990 4135 1091 4171 non
1120 4119 1325 4172 innatus
1356 4121 1494 4172 cerni
1534 4119 1667 4188 potis
1694 4129 1787 4172 est.
1821 4118 2025 4184 Quibus
2061 4134 2193 4173 con-

592 4189 760 4261 sentit
782 4187 1046 4252 Justinus,
1071 4189 1211 4261 Dial.
1240 4204 1359 4245 cum
1392 4187 1885 4261 Tt-yp'ti.,l'avetque
1913 4189 2185 4255 Clemens,

595 4257 796 4313 Strom.
827 4275 901 4322 tv,
935 4275 986 4327 p.
1031 4260 1154 4314 557.
1193 4261 1396 4314 Horum
1434 4257 1703 4316 sententia
1736 4257 1968 4316 maxime
2007 4262 2193 4315 nititur

595 4327 682 4383 his
707 4328 968 4400 Johannis
996 4330 1204 4386 verbis:
1237 4330 1400 4384 Deum
1441 4347 1589 4384 nemo
1616 4331 1739 4385 vidit
1767 4347 2027 4400 umquam.
2057 4331 2190 4386 Nam

593 4414 783 4471 vocem
829 4399 1001 4467 Deus,
1058 4403 1270 4470 quoties
1312 4401 1628 4471 simpliciter
1673 4399 1912 4470 ponitur,
1963 4404 2031 4457 de
2082 4403 2192 4458 Deo

595 4469 756 4526 Patre
782 4469 1121 4540 interpretari
1154 4473 1332 4528 solent
1363 4469 1599 4541 priorum
1631 4469 1947 4526 saeculorum
1979 4475 2186 4529 Patres.

595 4541 734 4598 Hinc
761 4542 1154 4598 concludebant
1179 4542 1373 4598 Filium
1405 4544 1492 4612 qui
1525 4544 1670 4598 visus
1697 4543 1802 4608 sit,
1836 4559 1865 4598 a
1902 4544 2062 4599 Patre
2101 4547 2191 4612 qui

595 4629 888 4686 numquam
921 4615 1087 4677 visus,
1117 4615 1278 4670 alium
1307 4629 1446 4670 esse.
1479 4615 1584 4670 Sed
1611 4614 1755 4686 quod
1779 4614 1854 4669 illi
1881 4615 1946 4670 ad
1972 4616 2193 4672 distinc-

598 4683 797 4740 tionem
824 4700 1170 4754 personarum
1195 4686 1571 4751 observarunt,
1601 4683 1946 4742 detorserant
1966 4689 2191 4742 subinde

2290 1947 2434 2003 enim
2465 1947 2578 2003 haec
2607 1945 2882 2018 uoigenito
2910 1946 3021 2002 Deo
3053 1945 3272 2016 propria
3297 1954 3442 2006 sunt,
3473 1952 3528 2001 et
3550 1961 3688 2000 unus
3715 1944 3804 2001 hic
3835 1947 3892 2002 in

2293 2048 2393 2102 hac
2444 2047 2702 2118 peculiari
2729 2048 2983 2101 virtutum
3015 2061 3230 2101 suarum
3278 2045 3610 2103 beatitudine
3637 2056 3795 2102 natus
3824 2063 3895 2103 ex

2295 2151 2404 2206 Deo
2428 2159 2530 2206 est.
2564 2149 2677 2204 Non
2700 2150 2838 2205 alter
2858 2149 2923 2204 ad
2947 2164 3069 2204 eum
3094 2148 3237 2204 Deus
3261 2148 3547 2220 deputatur
3571 2167 3584 2202 :
3612 2164 3717 2203 non
3746 2149 3893 2204 enim

2291 2267 2357 2308 ex
2392 2251 2493 2306 alia
2520 2250 2817 2306 substantia
2844 2293 2857 2317 ,
2905 2249 2999 2305 sed
3031 2266 3097 2304 ex
3126 2249 3238 2304 Deo
3273 2249 3414 2305 Deus
3443 2253 3550 2304 est.‘
3575 2249 3715 2304 Nihil
3742 2249 3794 2304 in
3825 2264 3893 2306 eo

2292 2356 2470 2426 itaque
2492 2370 2710 2421 novum,
2738 2353 2870 2408 nihil
2891 2360 3231 2419 extraneum,
3259 2352 3392 2406 nihil
3415 2365 3604 2407 recens
3626 2357 3729 2407 est.
3756 2352 3890 2406 Cum

2292 2455 2433 2512 enim
2462 2453 2614 2510 audit
2649 2454 2843 2518 Israel,
2873 2451 3017 2524 quod
3048 2452 3151 2508 sibi
3185 2452 3322 2506 Deus
3354 2466 3492 2507 unus
3521 2453 3626 2520 sit,
3671 2460 3725 2507 et
3749 2452 3893 2508 Filio

2297 2558 2389 2614 Dei
2422 2559 2533 2613 Deo
2559 2571 2664 2613 nou
2695 2556 2832 2611 alter
2862 2556 3004 2611 Deus
3043 2555 3350 2625 deputetur,
3383 2557 3455 2626 re)
3515 2562 3571 2609 ut
3616 2554 3758 2610 Deus
3787 2555 3918 2621 sit;'

2295 2659 2542 2715 absolute
2571 2667 2723 2728 pater
2743 2657 2886 2712 Deus
2909 2666 2962 2712 et
3003 2655 3144 2711 ﬁlius
3189 2655 3332 2712 Deus
3377 2669 3542 2710 unum
3591 2663 3737 2716 sunt.
3781 2671 3891 2711 non

2295 2761 2491 2819 unione
2515 2756 2582 2833 (f)
2611 2757 2985 2830 personm,sed
3009 2757 3324 2813 substantia:
3347 2756 3552 2813 unitate
3581 2774 3593 2813 :
3626 2756 3750 2829 quia
3780 2757 3890 2814 tilio
3928 2735 3932 2774 ί

2282 2975 2391 3048 Iure
2420 2973 2494 3048 (in
2529 2982 2665 3027 terra
2704 2970 2961 3048 visusest)
2991 2979 3164 3039 aperte
3191 2968 3417 3048 declarat
3445 2986 3459 3022 :
3496 2968 3593 3048 llic
3623 2971 3851 3048 animast
3872 3011 3890 3036 ,

2287 3047 2372 3116 qui
2403 3041 2714 3116 corpoream
2742 3042 3000 3116 nobiscum
3035 3041 3704 3116 consuetudinem_babttit._
3735 3041 3888 3116 Unde

2287 3111 2343 3172 et
2384 3133 2412 3171 a
2445 3111 2628 3170 nostro
2676 3114 2880 3168 Hilario
2919 3127 3042 3166 mox
3089 3113 3284 3166 dicitur
3329 3111 3541 3167 visibilis
3583 3114 3635 3166 in
3683 3113 3892 3166 homine

2293 3183 2613 3258 (assumpto)
2641 3195 2689 3239 et
2720 3183 3092 3258 contrectabilis
3117 3180 3284 3258 Deus.
3310 3182 3415 3258 Ubi
3441 3183 3635 3258 editio“
3661 3184 3783 3258 Par.
3805 3199 3889 3258 ex

2290 3252 2874 3315 Nivelliaua'mcndose
2917 3271 3026 3325 pra:
3056 3269 3114 3309 se
3157 3252 3362 3309 ferebat
3398 3254 3662 3309 invisibilis
3700 3256 3752 3308 in
3795 3254 3894 3310 lto-

2292 3348 2446 3386 nune.

2362 3403 2434 3475 (c)
2458 3402 2662 3457 Eadem
2689 3402 2800 3475 fere
2827 3398 2987 3454 habet
3015 3396 3336 3467 rescriptum
3357 3396 3424 3452 ad
3449 3397 3722 3455 Liberium
3744 3397 3889 3471 apud

2289 3473 2578 3534 Albanas,
2604 3490 2656 3542 p.
2685 3473 2811 3527 244.

2362 3546 2441 3616 (d)
2489 3539 2675 3600 Plures
2723 3544 2905 3615 probas
2933 3549 3074 3598 nota:
3101 3555 3232 3596 mss.
3265 3556 3328 3596 ex
3357 3539 3586 3613 Spiritu,
3619 3555 3717 3596 nec
3754 3541 3892 3612 adji-

2291 3618 2440 3672 ciunt
2467 3628 2662 3670 sancto.

2363 3687 2433 3760 (ε)
2467 3688 2522 3742 ln
2567 3687 2838 3742 nonnullis
2880 3683 3271 3742 recentioribus
3314 3699 3445 3738 mss.
3519 3693 3572 3738 ut
3638 3684 3892 3740 redimens

2296 3759 2432 3814 Deus
2459 3760 2526 3813 sit
2552 3777 2566 3812 :
2597 3761 2887 3828 glossema.

2367 3830 2438 3904 (ί)
2469 3831 2614 3904 Quia
2635 3847 2734 3885 vox
2766 3831 2884 3904 nnio
2913 3829 3110 3904 smpius
3139 3828 3390 3892 recurrit,
3414 3829 3636 3904 omnin_o
3667 3842 3892 3904 necesse

2293 3900 2510 3957 estV-im
2543 3901 2687 3956 illius
2730 3901 2893 3971 probe
2935 3900 3132 3955 habere
3178 3909 3534 3968 perspectam.
3581 3900 3893 3967 Respondet

2293 3983 2471 4028 autem
2505 3973 2670 4028 verbo
2699 3987 2874 4043 graeco
2904 3975 3093 4045 μονὰς,
3127 3971 3499 4045 sigpilicatque
3539 3971 3885 4045 solitudinem

2293 4059 2357 4101 ac
2400 4041 2844 4115 singularitatem.
2899 4041 2952 4098 lu
3003 4047 3104 4098 hoc
3143 4041 3336 4115 dill'ert
3368 4043 3437 4096 ab
3483 4043 3714 4109 unitate,
3749 4042 3893 4112 quod

2294 4117 2462 4170 unitas
2493 4113 2558 4170 ad
2592 4127 2834 4170 naturam
2854 4156 2868 4180 ,
2897 4117 3020 4169 unio
3050 4123 3228 4168 autem
3273 4113 3339 4166 ad
3384 4129 3644 4182 personas
3672 4129 3891 4176 semper

2293 4187 2362 4241 ab
2407 4186 2610 4241 Hilario
2657 4187 2963 4243 referatur:
2995 4197 3157 4254 atque
3188 4185 3257 4238 ita
3293 4199 3635 4256 pr0pugnans
3677 4185 3731 4238 in
3773 4183 3887 4241 Deo

2297 4257 2592 4321 unitatem,
2644 4259 2840 4312 acriter
2895 4257 3136 4325 explodit
3193 4257 3466 4310 unionem.
3528 4256 3697 4325 Hujus
3743 4260 3894 4311 vocis

2295 4338 2483 4384 auctor
2504 4327 2716 4383 videtur
2733 4328 3018 4394 Sabellius,
3045 4343 3214 4398 eaque
3236 4341 3386 4382 suam
3409 4327 3646 4383 heresim
3670 4341 3894 4396 expres-

2295 4400 2451 4454 sisse.
2488 4399 2640 4456 Unde
2668 4399 2760 4453 lib.
2789 4398 2856 4454 de
2877 4399 3078 4470 Synod.
3113 4416 3166 4453 n.
3189 4399 3281 4464 ‘26,
3308 4399 3513 4453 Itazresis
3537 4399 3742 4453 unionis
3755 4399 3896 4470 sim-

2299 4471 2508 4540 pliciter
2552 4470 2852 4540 appellatur
2886 4469 2984 4526 :iet
3029 4472 3118 4539 qui
3150 4471 3196 4526 ei
3245 4470 3442 4525 addicti
3469 4479 3659 4536 erant,
3692 4485 3720 4521 a
3752 4469 3892 4525 Pru-

2296 4543 2482 4597 dentio
2529 4543 2774 4596 unionittc
2821 4542 3062 4611 inscripti
3104 4543 3373 4610 leguntur,
3404 4541 3603 4610 Apoth.
3653 4549 3780 4595 ante
3833 4556 3890 4596 ν.

2300 4614 2420 4669 178.
2472 4614 2544 4669 Ita
2595 4614 2831 4684 Sulpicio
2882 4623 3018 4670 teste
3051 4629 3104 4684 p.
3145 4611 3274 4671 255.
3307 4612 3608 4684 Qrieotales
3649 4611 3895 4680 suspica-

2298 4685 2494 4739 bantur
2522 4683 2704 4756 Gallos
2739 4683 3290 4756 trionymam’solitarii
3324 4683 3415 4737 Dei
3445 4685 3684 4756 unionem
3709 4699 3894 4756 secun-

596 4756 821 4819 Ariani,
855 4767 913 4810 ut
947 4757 1054 4827 jam
1088 4759 1425 4820 monuimus,
1454 4758 1518 4812 ad
1567 4758 1931 4813 diversitatem
1977 4770 2193 4813 natura-
2219 4755 2273 4814 D
2297 4757 2419 4810 dum
2457 4755 2741 4812 Sabellium
2768 4754 3062 4811 credidisse.
3097 4755 3234 4811 Galli
3273 4765 3450 4827 autem
3483 4755 3714 4827 concilio
3741 4754 3896 4827 Pari-

596 4843 738 4901 rum.
774 4828 968 4890 Filius.
1006 4829 1252 4901 inquiunt
1281 4830 1419 4901 apud
1461 4832 1840 4901 Augustinum,
1865 4831 2042 4886 Serm.
2084 4847 2188 4896 vn,

599 4915 652 4952 ιι.
688 4899 722 4952 4
750 4918 762 4953 :
790 4901 926 4955 visus
950 4909 1023 4954 est
1051 4899 1296 4955 Patribus
1315 4941 1330 4965 ,
1372 4898 1531 4955 Pater
1550 4898 1670 4956 'non
1699 4911 1771 4956 est
1803 4903 1940 4956 visus
1966 4919 1984 4956 :
2025 4902 2199 4956 invisi-

600 4971 716 5025 bilis
759 4983 805 5026 et
835 4972 1044 5026 visibilis
1093 4972 1290 5026 diversa
1334 4981 1519 5027 natura
1561 4981 1666 5039 est,
1715 4981 1820 5028 etc.
1865 4973 2028 5040 Quasi
2068 4989 2197 5029 vero

602 5040 768 5114 Filius
811 5045 1105 5114 secundum
1139 5043 1372 5097 divinam
1405 5054 1648 5098 naturam
1681 5059 1786 5098 non
1819 5061 1970 5114 a-que
2007 5046 2195 5098 invisi-

601 5113 726 5186 lrilis
755 5115 825 5168 sit
866 5129 930 5167 ac
963 5113 1124 5186 Pater
1155 5132 1167 5168 :
1204 5127 1258 5168 ut
1289 5117 1480 5170 merito
1522 5113 2006 5186 Augustinus,’lib.
2052 5132 2089 5169 ιι
2128 5116 2196 5171 de

600 5184 646 5239 Τ
652 5185 794 5239 rinit.
823 5201 873 5240 c.
915 5183 1005 5249 M,
1035 5186 1308 5240 delirantes
1334 5201 1427 5239 eos
1459 5183 1643 5252 vocet',
1673 5187 1763 5256 qui
1790 5184 1984 5239 Filium
2025 5190 2076 5240 in
2104 5203 2196 5242 sua

601 5256 884 5311 substantia
905 5258 1064 5309 visum
1087 5257 1281 5309 volunt.
1307 5257 1509 5324 Quibus
1530 5257 1733 5312 deliriis
1761 5267 1818 5312 ut
1838 5273 2052 5312 omnem
2075 5259 2195 5312 adi-

606 5339 716 5382 tum
773 5329 1154 5397 prsecluderet,
1203 5328 1312 5380 visa
1363 5329 1787 5397 patriarcharum
1838 5329 1995 5397 paulo
2041 5331 2198 5384 aliter

603 5400 874 5470 explicare
902 5400 1097 5469 cmpit,
1133 5413 1290 5470 quam
1321 5400 1555 5470 solerent
1583 5399 1676 5454 alii
1707 5401 1922 5464 Patres,
1959 5415 2194 5470 negans,

605 5468 862 5542 quantum
908 5468 1101 5541 potuit,
1136 5468 1329 5524 Filium
1363 5469 1425 5525 iis
1456 5473 1634 5542 potius
1662 5471 2007 5542 apparuisse,
2031 5468 2198 5542 quam

609 5558 867 5612 personas
891 5545 1043 5598 alias.
1076 5542 1246 5609 Quem
1289 5551 1465 5596 tamen
1508 5559 1617 5612 pra:
1653 5543 1899 5597 manibus
1941 5544 2198 5600 habemus

607 5614 898 5680 Scriptura:
921 5616 1094 5669 locum
1127 5628 1321 5684 urgens
1352 5615 1610 5669 adversus
1633 5613 2100 5682 lllaximinum,lib.
2138 5631 2196 5684 ιι,

606 5699 663 5757 c.
704 5684 805 5751 26,
853 5701 908 5740 ιι.
945 5687 1037 5751 15,
1081 5683 1209 5757 eum
1240 5683 1309 5741 de
1347 5684 1484 5740 Filio
1518 5686 1980 5757 interpretandum
2021 5687 2196 5742 docet.

611 5755 782 5829 Nam,
816 5765 1051 5829 ut_~notat
1089 5756 1379 5829 Gregorius
1410 5755 1686 5826 Nazianz.‘,
1718 5758 1811 5813 0r.
1850 5773 2042 5825 xxxvi,
2065 5759 2199 5829 quod

612 5840 712 5883 non
744 5828 806 5882 de
855 5827 1039 5894 Putre,
1070 5826 1158 5881 sed
1199 5829 1260 5882 de
1292 5827 1338 5879 1³
1343 5830 1429 5884 ilio
1467 5845 1630 5885 sermo
1672 5830 1938 5894 habeatur,
1980 5826 2199 5902 adjectis

2301 4830 2464 4884 siensi
2482 4828 2695 4895 Fragm.
2715 4844 2787 4892 xu,
2808 4845 2860 4882 ιι.
2875 4828 2930 4892 ει,
2948 4829 3253 4882 rescribunt
3269 4841 3327 4882 se
3340 4826 3595 4881 detestari
3612 4825 3892 4879 secundum

2302 4899 2518 4955 Sabellii
2534 4899 2878 4967 blasphemius
2895 4901 3058 4970 ipsum
3076 4899 3571 4970 unionennltursum
3591 4896 3889 4970 aSulpicio,

2301 4986 2354 5040 p.
2379 4970 2508 5038 242,
2538 4971 2792 5025 scribitur
2818 4969 3078 5024 Plidtinns
3103 4987 3135 5023 a
3158 4969 3385 5024 Sabellio
3411 4969 3465 5021 in
3484 4969 3673 5023 unione
3693 4969 3896 5023 dissen-

2299 5043 2461 5106 tiens,
2491 5043 2610 5112 quia
2661 5043 2780 5097 scil.
2821 5057 2924 5096 non
2973 5040 3179 5112 unicam
3227 5042 3278 5094 in
3305 5040 3568 5112 Trinitate
3609 5054 3894 5112 personam

2301 5111 2575 5182 praedicat.
2625 5112 2827 5166 Eodem
2844 5128 3004 5168 sensu
3036 5128 3065 5166 a
3104 5111 3334 5166 Maximo
3365 5111 3613 5178 Taurin.,
3657 5111 3804 5166 hom.
3838 5126 3890 5176 ι,

2300 5183 2370 5240 de
2418 5184 2476 5240 S.
2527 5183 2782 5247 Eusebio,
2817 5192 3106 5252 usurpatur
3137 5183 3350 5238 unionis
3392 5185 3752 5238 vocabulum:
3783 5197 3896 5252 quo

2343 5256 2506 5310 ariter
2537 5255 2615 5308 usi
2665 5265 2790 5307 sunt
2829 5255 3074 5309 Gelasius
3115 5254 3206 5309 lib.
3242 5254 3308 5308 de
3347 5254 3557 5309 duabus
3596 5254 3800 5308 naturis
3838 5265 3898 5308 et

2357 5325 2534 5396 igilius
2558 5325 2769 5396 fl‘apsit.
2804 5325 2895 5381 lib.
2945 5342 2981 5382 ιι
3017 5337 3202 5382 contra
3231 5327 3460 5396 Eutych.
3489 5327 3555 5382 ad
3583 5327 3895 5393 exprimen-

2306 5394 2428 5452 dam
2463 5399 2513 5452 in
2541 5394 2759 5450 Christo
2793 5413 3036 5462 persona:
3079 5394 3534 5466 singularitatem,
3569 5413 3729 5467 qualn
3766 5397 3896 5462 quia

2306 5469 2595 5535 resltuebat
2622 5468 2912 5536 Sabellius,
2930 5471 2996 5526 ab
3012 5469 3225 5524 Arianis
3252 5467 3411 5538 epist.
3437 5469 3502 5530 ad
3528 5467 3896 5525 Alexandrum

2307 5541 2600 5598 Alexandr.
2631 5544 2872 5610 arguitur
2898 5542 3039 5612 quod
3073 5541 3307 5594 unionem
3335 5541 3538 5612 dividit,
3571 5540 3671 5593 hoc
3699 5550 3808 5612 est,
3838 5547 3900 5593 ut

2303 5615 2687 5683 interpretatur
2715 5610 2970 5681 Hilarius,
2999 5613 3092 5668 lib.
3118 5627 3189 5672 vr,
3223 5613 3340 5676 n.7,
3363 5610 3635 5666 Christum
3658 5610 3896 5664 eumdem

2304 5686 2472 5756 divisit
2491 5686 2545 5739 in
2576 5683 2805 5756 Virgine.
2838 5684 2930 5740 His
2956 5683 3164 5756 accedit
3189 5683 3547 5756 Hieronymus
3567 5683 3730 5756 epist.
3761 5697 3894 5756 sui,

2304 5755 2370 5811 ad
2400 5754 2680 5818 Eustocln,
2705 5769 2733 5808 a
2764 5770 2874 5824 quo
2897 5755 3100 5811 ChriSIi
3125 5767 3297 5816 mater
3320 5754 3642 5824 praedicatur
3662 5754 3732 5807 ad
3751 5754 3901 5824 simi:-

2305 5828 2570 5883 litndincm
2619 5825 2714 5880 Dei
2761 5819 2945 5883 unione
2989 5825 3209 5897 'fecuiula
3242 5843 3259 5882 θ’
3291 5819 3414 5898 quia
3459 5819 3710 5884 nimirum
3754 5819 3899 5881 sicut.
