4118 6186
224 238 328 295 129

1476 226 1564 283 DE
1601 219 1970 282 TRINITATE
2007 216 2214 278 LIBER
2255 217 2319 275 ν.

3439 213 3543 271 150

215 353 312 408 Dei
339 353 453 406 Deo
484 347 729 420 deputari
761 347 828 404 ad
858 348 1090 405 alterum
1118 346 1286 401 Deum
1316 358 1423 400 non
1443 343 1573 399 sinit
1599 342 1674 415 (α)
1710 358 1834 414 pro—
1861 347 1913 408 Α
1940 337 2137 394 rationi
2169 337 2474 403 conveniat,
2502 343 2559 391 ut
2586 334 2786 391 utiliter
2810 334 3130 399 afﬁrmetur,
3163 331 3308 402 quod
3337 332 3542 389 utiliter

215 445 385 518 pheta
405 487 418 509 ,
453 445 595 515 quod
626 443 771 497 Deus
794 452 898 499 est.

560 562 911 638 103-104
947 562 1152 619 LIBER
1190 560 1510 631 QUINTUS.

211 679 431 737 Dicitur
455 679 611 734 etiam
641 678 915 735 secundus
948 695 962 731 :
1012 679 1134 748 quia
1177 677 1430 732 secundus
1470 686 1545 731 est
1591 675 1837 729 adversus

286 774 611 826 Arianorum
655 771 879 842 partium
923 769 1227 840 perﬁdiam,
1267 769 1519 841 superiori
1564 768 1694 821 libro
1726 766 1836 836 pri-

286 880 438 918 mum
488 872 707 932 emptam
753 860 1065 933 impugnari.
1117 859 1268 914 lianc
1317 860 1548 932 agnoscit
1598 857 1838 912 Hilarius

288 957 512 1012 subdole
532 958 663 1011 adeo
693 966 1003 1022 contextam,
1033 964 1086 1008 ut
1108 955 1152 1006 ei
1174 955 1258 1025 qui
1281 952 1610 1017 consenserit,
1640 951 1836 1005 Filium

286 1049 465 1104 Deum
492 1065 712 1121 negare;
741 1049 827 1119 qui
856 1047 1224 1101 contradixerit
1249 1087 1264 1112 ,
1298 1045 1510 1100 Patrem
1551 1053 1595 1100 et
1641 1043 1839 1097 Filium

287 1154 388 1198 aut
418 1143 548 1198 duos
593 1142 757 1208 Deos,
786 1151 874 1196 aut
915 1139 1130 1196 Sabellii
1176 1156 1316 1194 more
1344 1155 1502 1193 unum
1528 1149 1574 1192 et
1603 1125 1836 1192 eumdem

295 1239 591 1309 praedicare
624 1237 876 1292 videatur.
938 1234 1190 1301 Quocirca
1242 1250 1357 1286 cum
1409 1231 1537 1285 libro
1576 1230 1838 1296 superiore

284 1333 544 1386 adversus
591 1329 822 1397 fraudem
873 1339 1106 1397 paratam
1155 1327 1206 1379 in
1249 1325 1426 1397 primis
1473 1323 1838 1377 Ita'reticorum

288 1423 493 1488 terbis,
519 1423 774 1477 Nov-imus
803 1436 962 1475 unum
995 1421 1192 1484 Deum,
1227 1435 1289 1472 ea:
1317 1419 1443 1489 legis
1479 1426 1525 1472 et
1564 1417 1840 1486 prOplteta-

290 1533 423 1570 rum
457 1514 749 1569 testimoniis
779 1513 956 1580 ﬁdeles
985 1512 1262 1576 munierit;
1290 1527 1425 1564 nunc
1455 1511 1508 1563 in
1529 1509 1835 1579 subsequen-

298 1611 450 1664 tibus
480 1609 601 1674 illis,
633 1607 807 1661 solum
838 1622 1046 1672 verum,
1083 1605 1242 1658 latens
1274 1621 1516 1658 uenenum
1546 1602 1834 1673 propulsat,

293 1701 507 1757 Filium
543 1719 651 1757 esse
678 1701 842 1754 Deunt
872 1716 1040 1754 verum
1079 1699 1258 1752 iisdem
1291 1698 1396 1765 fere
1419 1697 1714 1751 testimoniis
1741 1696 1832 1749 de-

292 1795 552 1866 fendens,
579 1795 758 1862 quibus
788 1794 838 1845 in
869 1803 1050 1861 quarto
1077 1792 1206 1844 libro
1239 1789 1404 1843 Deum
1440 1799 1485 1843 et
1519 1787 1718 1852 Deum,
1747 1805 1836 1844 seu

293 1886 469 1941 Deum
513 1903 617 1940 non
668 1885 955 1940 solitarium
996 1900 1056 1937 ac
1095 1883 1403 1954 singularem
1443 1899 1550 1936 esse
1594 1881 1831 1936 ostendit.

292 1978 438 2035 Tum
471 1981 564 2034 sub
596 1979 710 2034 libri
739 1979 894 2048 finem
925 1976 1104 2048 probat
1135 1976 1348 2032 Patrem
1382 1987 1427 2030 et
1455 1975 1649 2030 Filium
1677 1992 1836 2029 unnnt

296 2089 416 2129 esse
439 2074 491 2127 in
522 2072 774 2127 distinctis
814 2071 1041 2140 personis
1067 2069 1250 2127 Deum.
1286 2068 1353 2123 In
1379 2071 1456 2123 liis
1494 2087 1646 2139 porro
1673 2071 1838 2124 omni-

296 2166 436 2232 bus,
487 2166 711 2220 nondum
763 2165 831 2219 ad
881 2164 1168 2236 evangelica
1209 2165 1454 2217 excedens
1507 2163 1833 2229 testimonia,

299 2277 518 2330 prorsus
543 2275 596 2314 se
612 2259 832 2313 continet
850 2259 983 2312 intra
998 2258 1126 2325 fines
1147 2256 1294 2327 legis,
1322 2257 1375 2309 in
1398 2272 1498 2326 qua
1513 2253 1612 2308 Dei
1632 2271 1834 2320 nomen,

300 2355 578 2421 virtutem,
620 2369 726 2406 rem
767 2369 828 2406 ac
871 2350 1144 2417 naturam,
1186 2349 1500 2420 proindeque
1539 2348 1835 2414 veritatem,

304 2446 455 2500 Filio
489 2446 695 2500 attribui
726 2446 1057 2498 demonstrat.
1092 2441 1241 2512 Legis
1267 2450 1433 2496 autem
1461 2441 1664 2494 nomine
1691 2439 1842 2493 intel-

309 2538 464 2610 ligit,
508 2537 753 2607 quidquid
791 2536 950 2591 sacris
992 2535 1177 2590 litteris
1206 2543 1322 2588 ante
1363 2533 1624 2588 Christum
1663 2542 1840 2586 natum

308 2633 522 2702 scriptis
551 2632 856 2684 continetur.

314 2748 378 2802 l.
427 2745 691 2800 Hareticis
719 2741 890 2798 Deum
925 2759 1080 2797 unum
1119 2741 1517 2814 praedicantibus
1545 2749 1632 2794 aut
1662 2756 1840 2795 assen-

232 2841 328 2896 tiri
348 2882 365 2904 ,
399 2848 487 2892 aut
515 2835 772 2891 adversari
816 2836 1178 2904 periculosum.
1207 2862 1279 2875 —-
1306 2831 1713 2903 Respondentcs
1744 2832 1844 2886 im-

230 2936 350 3007 piis
381 2945 431 2989 et
471 2933 681 2987 vesanis
710 2931 1087 2986 haereticorum
1127 2927 1550 2984 institutionibus
1583 2928 1844 2998 superio-

231 3027 401 3084 ribus
421 3025 588 3091 libris,
605 3038 708 3078 non
731 3023 1093 3095 ignoravimus
1115 3022 1166 3075 in
1186 3037 1304 3076 eam
1321 3037 1420 3076 nos
1437 3019 1841 3076 contradicendi

234 3118 629 3176 necessitatem
654 3115 915 3171 deductos
956 3114 1119 3169 fuisse
1141 3155 1154 3177 ,
1184 3124 1238 3167 ut
1268 3129 1372 3168 non
1409 3114 1586 3168 minus
1618 3113 1837 3183 periculi
1870 3145 1915 3208 Ο

235 3211 590 3270 audientibus
638 3209 918 3280 responsio
950 3218 1129 3264 nostra
1153 3249 1166 3274 ,
1199 3223 1360 3277 quam
1393 3209 1662 3262 silentium
1695 3222 1844 3262 com-

238 3314 519 3358 moveret.
548 3300 676 3356 Cum
705 3301 850 3357 enim
876 3316 1037 3355 unum
1066 3300 1232 3353 Deum
1261 3300 1334 3370 (b)
1367 3298 1588 3369 profane
1615 3299 1844 3354 assertio

241 3397 489 3452 inﬁdelis
517 3399 810 3468 ingereret,
840 3405 894 3451 et
943 3411 1154 3452 rursum
1187 3411 1350 3448 unum
1386 3394 1549 3448 Deum
1593 3393 1845 3463 religiose

242 3505 453 3561 negare
482 3489 614 3544 ﬁdes
633 3505 759 3546 sana
793 3505 900 3544 non
930 3497 1143 3559 posset;
1173 3486 1389 3542 tractari
1410 3488 1477 3542 de
1499 3502 1563 3542 eo
1592 3501 1698 3542 non
1727 3487 1847 3542 sine

244 3583 506 3652 ancipitis
531 3583 746 3652 periculi
777 3581 1111 3637 conscientia
1139 3579 1329 3651 potuit,
1359 3579 1500 3650 quod
1535 3595 1640 3634 non
1671 3577 1848 3635 minus

245 3677 419 3748 impie
466 3675 899 3742 conﬁrmaretur,
951 3689 1113 3746 quam
1161 3682 1474 3744 negaretur.
1525 3672 1590 3726 Et
1635 3671 1849 3742 quidem

249 3772 479 3827 humani
511 3783 702 3825 sensus
730 3769 983 3839 Opinione
1014 3767 1258 3837 ineptum
1279 3775 1332 3820 ct
1362 3764 1589 3820 rationis
1615 3764 1850 3819 alienum

249 3866 504 3922 essehoc
526 3863 665 3919 forte
690 3861 1108 3926 existimabitur,
1133 3868 1193 3914 ut
1211 3858 1355 3930 quod
1385 3859 1746 3929 irreligiosum
1769 3865 1854 3914 est

251 3976 489 4031 negare,
523 3958 753 4027 idipsum
787 3954 1144 4026 irreligiosum
1173 3953 1246 4009 sit
1274 3951 1518 4008 conﬁteri
1546 3970 1558 4004 :
1592 3967 1711 4006 cum
1745 3952 1852 4020 pie-

251 4065 337 4112 tas
361 4051 684 4117 conﬁtendi,
717 4049 1048 4120 impietatem
1081 4045 1405 4102 condemnet
1447 4044 1706 4116 negandi;
1751 4059 1853 4100 nec

252 4237 410 4294 Pater
456 4236 602 4291 solus
646 4237 765 4290 sine
808 4242 980 4288 matre
1006 4230 1276 4293 Verbum,
1307 4230 1378 4286 ita
1418 4230 1531 4300 ipsa
1574 4229 1686 4284 sola
1727 4230 1845 4286 sine

323 4320 402 4364 tre
429 4309 712 4379 generavit
749 4305 1041 4379 Christum.
1075 4302 1144 4379 At
1173 4319 1202 4356 a
1229 4302 1844 4379 Tertu_lliano_adversus

361 4397 410 4435 ι.
431 4373 502 4432 ἶι.
538 4378 625 4446 15,
657 4387 712 4432 et
740 4377 805 4432 de
833 4376 1227 4431 resurrectione
1256 4374 1433 4428 carnis
1463 4389 1516 4427 η.
1548 4373 1616 4435 2,
1645 4389 1750 4446 non
1779 4373 1843 4426 ad

1933 431 2261 486 destruatur.
2308 429 2414 485 Sed
2448 428 2513 484 ad
2558 429 2755 483 divina:
2797 428 3078 498 sapientia:
3122 425 3538 497 intelligentiam

1934 525 2202 580 humanus
2231 537 2424 580 sensus
2455 522 2766 591 imprudens
2791 563 2806 588 ,
2837 531 2894 578 et
2922 521 3224 577 secundum
3257 519 3540 575 caelestem

1937 619 2274 690 prudentiam
2305 617 2522 683 stultus,
2551 615 2700 686 juxta
2733 614 3075 670 inﬁrmitates
3104 628 3230 668 suas
3255 613 3454 677 sentit,
3486 619 3544 666 et

1935 714 2084 784 juxta
2130 711 2557 768 imbecillitatem
2597 718 2803 764 naturae
2831 697 2944 764 sua:
2986 706 3158 777 sapit;
3210 705 3408 761 stultus
3437 702 3542 759 sibi

1938 806 2172 876 futurus,
2201 817 2260 862 ut
2287 805 2400 861 Deo
2430 803 2622 874 sapiat,
2649 803 2860 858 scilicet
2886 810 2945 856 ut
2969 815 3164 856 sensus
3192 798 3275 854 sui
3303 798 3541 867 inopiam

1939 900 2267 969 intelligens,
2297 908 2351 954 et
2376 896 2473 952 Dei
2497 895 2816 966 sapientiam
2845 901 3187 959 consectans,
3215 907 3319 946 non
3349 905 3543 946 secun-

1939 993 2066 1050 dum
2095 996 2384 1050 humanam
2405 992 2728 1062 sapientiam
2753 989 2990 1059 prudens
3011 988 3103 1054 sit,
3123 985 3217 1042 sed
3241 984 3538 1041 secundum

1939 1087 2083 1159 quod
2113 1087 2179 1142 ad
2210 1086 2377 1141 Deum
2410 1085 2624 1156 proﬁcit
2651 1082 2853 1154 sapiat,
2903 1083 2956 1135 in
2991 1079 3086 1135 Dei
3125 1079 3442 1149 sapientiam
3472 1092 3540 1132 ex

1939 1181 2215 1251 recognita
2266 1177 2452 1233 mundi
2495 1175 2721 1231 stultitia
2768 1173 3111 1230 transiturus.
3143 1170 3309 1240 Cujus
3355 1169 3538 1226 stultze

1939 1270 2219 1341 sapientiae
2240 1284 2456 1326 sensum
2481 1267 2734 1322 lueretica
2758 1265 3028 1322 subtilitas
3054 1263 3120 1318 ad
3144 1262 3360 1318 fallendi
3382 1276 3544 1317 occa-

1945 1363 2154 1418 sionem
2209 1373 2486 1432 coaptans,
2537 1375 2698 1414 unum
2747 1358 2915 1414 Deum
2977 1356 3215 1428 professa
3265 1365 3367 1418 est,
3415 1369 3544 1409 auc-

1949 1454 2164 1508 toritate
2185 1452 2345 1522 Legis
2374 1450 2892 1520 Evangeliorumqne
2921 1463 3037 1516 usa,
3065 1461 3169 1518 qua
3193 1445 3392 1501 dictum
3424 1453 3540 1500 est:

1941 1546 2101 1612 Audi,
2133 1545 2323 1609 Israel,
2353 1543 2600 1598 Dominus
2631 1540 2766 1596 Deus
2793 1551 2908 1595 tuus
2941 1556 3072 1594 unus
3094 1550 3166 1593 est
3192 1539 3451 1607 (Deut.v1,
3472 1538 3540 1602 4;

1940 1635 2110 1691 Marc.
2145 1651 2239 1700 xu,
2270 1634 2362 1706 29)
2400 1651 2413 1689 :
2447 1649 2554 1689 non
2599 1632 2851 1702 ignorans
2895 1639 3150 1701 quantum
3208 1629 3262 1683 iu
3291 1645 3358 1685 eo
3398 1636 3545 1684 esset

1940 1730 2025 1785 vel
2052 1728 2425 1799 respOnsionis
2458 1725 2775 1796 periculum,
2817 1724 2898 1778 vel
2929 1723 3163 1787 silentii;
3192 1730 3247 1778 et
3287 1738 3353 1777 ex
3394 1729 3542 1775 utro-

1940 1836 2046 1892 que
2078 1819 2533 1890 opportunitatem
2556 1815 2847 1886 impietatis
2871 1823 3191 1884 exspectans
3220 1830 3233 1867 :
3265 1822 3322 1868 ut
3343 1813 3386 1868 si
3419 1827 3544 1866 san-

1939 1915 2177 1968 ctitatem
2205 1911 2276 1984 (e)
2303 1911 2428 1965 dicti
2463 1910 2748 1965 inﬁdeliter
2775 1909 3035 1980 usurpati,
3084 1908 3163 1980 (d)
3205 1907 3544 1963 conniventis

1941 2007 2278 2062 taciturnitas
2304 2007 2682 2071 conﬁrmaret,
2719 2020 2816 2074 per
2841 2004 2890 2058 id
2919 2003 3062 2074 quod
3091 2002 3237 2059 Deus
3268 2018 3404 2056 unus
3433 2010 3540 2070 est,

1942 2101 2083 2156 ﬁlius
2115 2111 2293 2156 tamen
2321 2101 2414 2156 Dei
2461 2100 2604 2155 Deus
2648 2115 2754 2154 non
2781 2108 2959 2165 esset,
3006 2097 3119 2153 Deo
3167 2106 3375 2152 tantum
3406 2097 3546 2152 sicut

1948 2203 2031 2248 est
2051 2208 2159 2249 uno
2188 2201 2468 2258 manente;
2501 2202 2557 2247 at
2587 2207 2715 2247 vero
2741 2193 2785 2247 si
2816 2191 3173 2248 contradictio
3201 2198 3544 2261 prtesumptm

1949 2286 2126 2356 impia:
2160 2285 2316 2356 hujus
2359 2285 2710 2358 professionis
2740 2286 3064 2354 exsisteret,
3103 2284 3384 2342 veritatem
3419 2284 3544 2340 lidei

1943 2381 2266 2451 evangelicae
2313 2397 2419 2436 non
2470 2390 2818 2436 conservaret
2871 2380 3038 2435 Deum
3091 2396 3255 2434 unum
3305 2378 3376 2453 (e)
3430 2395 3538 2434 non

1942 2473 2189 2529 confessa
2240 2473 2552 2544 responsio,
2592 2488 2714 2528 cum
2749 2472 2870 2527 ﬁdei
2917 2481 3118 2528 nostrae
3158 2471 3425 2542 professio
3448 2487 3546 2528 se-

1942 2567 2175 2622 cundum
2200 2568 2364 2623 Deum
2388 2583 2551 2623 unum
2575 2567 2680 2632 sit;
2712 2567 3086 2636 recideretque
3114 2567 3164 2622 in
3195 2569 3416 2623 alterius
3437 2569 3546 2624 lue-

1943 2675 2126 2716 reseos
2149 2661 2496 2732 impietatem,
2519 2661 2682 2714 Deum
2707 2676 2867 2713 unum
2895 2658 3106 2714 Patrem
3132 2667 3188 2713 et
3207 2659 3400 2714 Filium
3419 2674 3546 2729 pro-

1945 2751 2086 2809 fessa
2121 2752 2193 2825 (f)
2222 2752 2512 2809 Confessio.
2557 2751 2733 2822 Atque
2770 2752 2840 2805 ita
2877 2751 3140 2818 sapientia
3172 2752 3391 2818 mundi,
3425 2768 3546 2822 quae

1945 2845 2170 2900 stultitia
2211 2845 2352 2915 apud
2387 2847 2551 2900 Deum
2583 2855 2694 2908 est,
2726 2843 2910 2913 specie
2957 2843 3164 2897 blanda:
3194 2853 3248 2898 et
3277 2844 3546 2912 pestifera:

1947 2936 2024 3011 (g)
2055 2937 2414 3008 simplicitatis
2446 2935 2697 2991 illuderet
2718 2977 2732 3001 ,
2762 2949 2883 2990 cum
2915 2933 3016 2988 hoc
3044 2933 3168 2989 ﬁdei
3204 2950 3318 2990 suae
3347 2934 3549 2990 consti-

1949 3039 2122 3086 tueret
2144 3029 2450 3095 exordium,
2485 3029 2536 3082 in
2564 3043 2670 3099 quo
2701 3028 2800 3082 sibi
2833 3026 2994 3099 impie
3021 3028 3549 3095 autassentiremur,

1947 3134 2040 3177 aut
2080 3123 2496 3178 adversaremur
2525 3139 2537 3174 :
2571 3131 2625 3176 et
2664 3137 2759 3191 per
2792 3121 2893 3176 hoc
2925 3121 3202 3189 utriusque
3235 3121 3311 3176 rei
3340 3123 3552 3188 pericu-

1948 3216 2079 3280 lum,
2109 3213 2203 3270 Dei
2235 3213 2402 3268 ﬁlium
2437 3213 2605 3268 Deum
2639 3227 2744 3266 non
2775 3227 2896 3267 esse
2927 3212 3218 3278 obtineret,
3251 3211 3374 3283 quia
3407 3212 3550 3268 Deus

1950 3323 2087 3362 unus
2110 3317 2222 3374 est;
2255 3317 2347 3360 aut
2373 3313 2724 3373 extorqueret
2756 3307 3028 3360 lnereseos
3057 3304 3471 3371 necessitatem,
3503 3303 3550 3360 si

1951 3410 2005 3456 et
2031 3401 2244 3456 Patretn
2276 3402 2440 3456 Deutn
2475 3411 2528 3456 et
2565 3399 2757 3454 Filium
2799 3399 2963 3454 Deum
3003 3397 3352 3463 conﬁtentes,
3385 3413 3551 3454 unum

1952 3492 2122 3549 Deum
2158 3494 2455 3564 praedicare
2493 3494 2788 3549 secundum
2839 3492 3060 3548 Sabellii
3100 3493 3412 3562 opinionem
3448 3493 3553 3548 imo

1951 3586 2094 3656 piam
2135 3588 2611 3642 existimarentur:
2660 3595 2713 3640 et
2751 3586 2819 3640 ita
2864 3585 2965 3641 hoc
3006 3585 3404 3656 prtedicationis
3439 3600 3554 3640 suae.

1955 3680 2116 3734 modo
2139 3697 2270 3735 unus
2296 3679 2437 3734 Deus
2463 3690 2553 3734 aut
2583 3679 2746 3734 alium
2777 3677 3110 3746 excluderet,
3143 3689 3237 3735 aut
3263 3695 3362 3750 per
3391 3680 3554 3736 alium

1971 3789 2076 3828 non
2109 3783 2250 3828 esset
2285 3772 2510 3845 (supple,
2545 3772 2740 3842 unus),
2782 3779 2874 3825 aut
2913 3781 3118 3826 tantum
3158 3771 3210 3826 in
3251 3771 3557 3828 nominibus

1957 3882 2094 3921 unus
2116 3875 2261 3922 esset
2285 3883 2298 3920 :
2323 3867 2446 3937 quia
2475 3865 2629 3938 105
2647 3873 2700 3919 et
2725 3864 2806 3937 (Ii)
2838 3864 3011 3920 unitas
3037 3866 3200 3920 aliunt
3229 3865 3479 3931 nesciret,
3503 3873 3559 3920 et

1956 3961 2093 4016 alius
2123 3976 2227 4014 non
2259 3960 2595 4028 permitteret
2629 3960 2914 4024 unionem,
2973 3967 3030 4014 et
3081 3959 3188 4014 duo
3243 3974 3380 4015 unus
3435 3972 3558 4015 esse

1957 4052 2022 4125 (ἕ)
2054 4067 2160 4108 non
2192 4062 2397 4124 posset.

1958 4307 1970 4317 ι
2023 4234 2254 4317 top-Vat.
2305 4234 2917 4317 bas._ms..securitatem
2953 4236 3096 4291 dicti.
3143 4236 3397 4296 Proxime
3439 4247 3562 4311 post

1951 4306 2252 4376 inﬁdeliter,
2284 4306 2507 4376 supple,
2539 4307 2601 4360 ab
2632 4306 2909 4362 hiereticis.

2028 4375 2107 4449 (tl)
2140 4375 2442 4452 ApudPar.
2475 4380 2835 4432 convenientis.
2881 4382 2950 4452 At
2990 4379 3040 4434 iu
3072 4395 3204 4436 mss.
3247 4384 3521 4438 coniventis
3541 4425 3558 4452 ,

256 4466 546 4524 personas.
580 4443 675 4505 sed
717 4448 785 4524 ad
816 4459 1058 4524 natura"!
1090 4449 1260 4524 ipse!"
1292 4446 1560 4524 refertur;
1591 4443 1724 4524 etei
1754 4461 1845 4524 sy-
1872 4451 1926 4512 1)
1949 4443 2364 4524 vetcbuiienits.
2399 4457 2626 4524 mutato,
2658 4460 2714 4503 ιιι
2741 4465 2887 4519 ειυρο
2919 4451 2998 4524 ru,
3030 4469 3062 4506 ιι
3092 4452 3144 4507 in
3173 4453 3224 4506 b.
3257 4452 3395 4509 Hinc
3421 4466 3475 4510 et
3504 4443 3560 4511 in

256 4515 490 4595 itonyma
533 4524 641 4576 sint
672 4521 825 4595 nnio‘,
868 4529 941 4595 et_
967 4515 1158 4595 unitas.
1189 4517 1342 4595 Quod
1387 4527 1566 4595 autem
1595 4515 1842 4595 _llila_rius

258 4587 536 4658 unitincm,
564 4595 667 4645 hoc
695 4590 1010 4647 Ambrosius
1039 4589 1462 4658 singularitatem
1493 4587 1652 4653 dixit,
1697 4587 1790 4641 lib.
1817 4603 1847 4640 v

258 4667 324 4722 de
352 4665 482 4720 Fide
525 4680 574 4720 c.
609 4664 629 4717 1
671 4685 685 4718 :
721 4661 941 4716 Evidens
963 4671 1034 4715 est
1073 4662 1260 4731 igitur,
1288 4659 1570 4731 quiaquod
1598 4659 1747 4731 unius
1777 4667 1848 4712 est

258 4736 555 4793 substantia:
575 4777 592 4800 ,
620 4734 849 4804 separari
874 4749 977 4786 non
1005 4729 1204 4804 potest,
1232 4730 1432 4804 etiamsi
1455 4747 1557 4783 non
1585 4731 1650 4804 sit
1673 4729 1852 4800 singu-

262 4810 510 4872 laritatis,
558 4806 648 4860 sed
677 4801 913 4859 unitatis.
947 4803 1366 4873 Singuluritatem
1399 4802 1531 4855 hanc
1561 4801 1675 4854 dico
1694 4841 1708 4865 ,
1739 4816 1852 4872 qua:

261 4896 422 4951 graece
450 4879 667 4952 μονότης
694 4877 901 4930 dicitur.
926 4874 1274 4946 Singularitas
1298 4873 1367 4927 ad
1389 4888 1629 4943 personas
1649 4874 1848 4936 attinet,

262 4953 432 5006 unitas
460 4951 530 5003 ad
559 4962 816 5002 natumut.

332 5023 407 5096 (τι)
434 5021 514 5096 ita
538 5021 669 5096 Bad.
693 5031 970 5096 cum_m_ss.
997 5017 1096 5096 nisi
1122 5016 1265 5087 quod
1269 5017 1334 5096 in
1351 5014 1576 5096 Carnut‘.
1610 5015 1856 5096 prop/tela

262 5085 399 5164 quod
423 5095 578 5164 inest.
611 5095 677 5146 At
706 5089 844 5159 apud
875 5090 991 5164 En,
1017 5085 1167 5157 Lips.
1193 5101 1246 5143 et
1269 5085 1665 5164 Par._pr0plteta
1685 5087 1858 5164 dicens

195 5225 200 5232 _
262 5158 398 5235 quod
425 5163 567 5218 Deus
590 5179 722 5235 unus
747 5158 823 5235 est
845 5177 864 5214 :
892 5163 1172 5235 immu_tato
1195 5173 1356 5235 sensu
1386 5158 1594 5235 Hilarii,
1627 5159 1857 5235 prophe-

266 5229 334 5291 ta
361 5238 578 5291 nomine
603 5233 893 5290 Jeremiatn
925 5247 1018 5286 seu
1050 5231 1279 5292 Baruch,
1314 5247 1419 5284 non
1451 5229 1666 5300 Moysen
1701 5231 1858 5284 intel-

263 5307 481 5377 ligentis
509 5326 523 5362 :
553 5307 656 5360 hoc
675 5313 784 5370 est,
813 5304 935 5372 quia
963 5304 1220 5377 propheta
1249 5301 1458 5377 B_aruch
1489 5301 1600 5377 tilio
1625 5301 1718 5377 Dei
1751 5303 1857 5355 Deo

263 5373 402 5443 hoc,
434 5378 578 5450 quod
611 5378 749 5432 Deus
779 5385 884 5441 est,
916 5376 981 5428 ad
1010 5375 1239 5429 alterum
1272 5375 1441 5428 Deum
1473 5373 1722 5443 deputari
1752 5387 1861 5428 non

261 5452 415 5508 εἰιιὶι.

335 5541 412 5614 (b)
444 5539 607 5606 Editi,
640 5543 881 5612 profante
919 5539 1133 5614 assertio
1160 5537 1503 5614 inﬁdelitatis;
1535 5536 1863 5614 Concinnitts

260 5609 402 5670 mss.
427 5609 688 5684 potiores,
714 5609 934 5682 profane
951 5612 1160 5666 assertio
1189 5609 1558 5684 inﬁdelisaEsl
1583 5609 1728 5663 enim
1760 5623 1861 5684 an-

261 5679 497 5757 tithesis,
525 5700 627 5757 qua
661 5679 1006 5757 opponuntur
1036 5679 1252 5755 profane
1277 5690 1326 5737 et
1360 5681 1626 5752 religiose;
1649 5679 1862 5736 assertio

264 5756 512 5834 inﬁdelis,
541 5755 591 5812 et
616 5755 748 5826 ﬁdes
774 5771 921 5809 sana.

1955 4521 2177 4575 Carnut.
2208 4531 2262 4576 et
2295 4519 2414 4574 Vat.
2450 4522 2561 4575 bas.
2595 4521 2886 4590 depravate
2927 4522 3123 4577 factum
3153 4533 3235 4578 est
3259 4526 3557 4581 cohibentis.

2039 4590 2112 4663 (e)
2137 4592 2405 4646 Particula
2437 4608 2638 4665 negans
2665 4593 2908 4665 aiLipsio
2940 4595 3080 4649 male
3111 4608 3375 4665 expuncta
3406 4599 3562 4653 resti-

1960 4663 2125 4717 tuitur
2151 4666 2475 4718 auctoritate
2500 4664 2658 4731 Bad.,
2689 4664 2780 4717 Er.
2811 4674 2864 4719 et
2890 4680 3020 4720 mss.

2032 4732 2103 4806 (Ῑ)
2145 4733 2279 4808 Ba“:
2321 4744 2376 4789 θῑ
2405 4733 2496 4808 EI.
2542 4751 2607 4808 βξ(
2640 4735 2942 4808 recentiore
2985 4751 3089 4792 ms.
3116 4736 3270 4793 Colb.
3302 4755 3404 4793 non
3437 4755 3558 4808 pro-

1961 4804 2097 4874 fessa
2129 4821 2148 4858 :
2177 4805 2318 4860 male
2343 4813 2398 4858 et
2427 4804 2814 4861 dissidentibus
2842 4807 2966 4860 aliis
2991 4807 3160 4863 libris.
3196 4808 3387 4864 Totum
3419 4804 3561 4866 Hila-

1963 4877 2026 4930 rii
2058 4885 2433 4945 argumentum
2467 4877 2534 4930 ita
2571 4875 2767 4948 paucis
2813 4877 3097 4947 perstringi
3147 4888 3322 4948 potest
3353 4897 3366 4934 :
3411 4881 3562 4936 Sicut

1960 4948 2048 5018 qui
2079 4947 2346 5002 haereticis
2371 4962 2535 5001 unum
2566 4947 2733 5001 Deum
2764 4947 3181 5018 praedicantibus
3205 4965 3311 5004 non
3337 4965 3560 5006 contra-

1961 5017 2166 5085 dicunt,
2194 5018 2246 5072 in
2281 5018 2591 5092 periculum
2609 5019 2936 5092 inciduntne
2960 5017 3149 5092 Filium
3175 5020 3337 5076 Deum
3363 5038 3560 5092 negare

1963 5098 2247 5162 putentur;
2280 5089 2352 5145 ita
2380 5090 2474 5155 iis,
2507 5090 2594 5162 qui
2625 5089 3034 5153 contradicunt,
3069 5091 3269 5162 duplex
3315 5089 3560 5150 imminet

1964 5161 2296 5230 periculum.
2332 5176 2398 5216 ne
2443 5161 2694 5215 videlicet
2738 5172 2829 5214 aut
2871 5177 3033 5215 ttnmn
3076 5161 3242 5218 Deum
3274 5166 3561 5221 videantur

1963 5248 2192 5303 negare,
2225 5241 2318 5287 aut
2361 5233 2551 5288 saltem
2596 5232 2810 5287 Patrem
2857 5243 2910 5287 et
2958 5233 3152 5288 Filium
3195 5235 3361 5290 Deum
3395 5253 3558 5293 unum

1965 5304 2182 5360 Sabellii
2217 5319 2368 5359 more
2401 5303 2712 5373 pra-dicare.
2747 5304 2812 5358 Et
2843 5303 2945 5359 hoc
2995 5322 3178 5360 revera
3223 5310 3439 5363 nomine
3468 5325 3560 5364 ca-

1968 5375 2148 5430 tholici
2185 5377 2252 5429 ab
2288 5376 2554 5430 haereticis
2598 5377 2797 5446 passim
2829 5387 2955 5430 sunt
2987 5376 3251 5432 infamati.
3293 5381 3560 5447 Quocirca

1966 5461 2065 5516 pro
2095 5447 2456 5512 recideretque,
2489 5448 2646 5514 longe
2679 5447 2960 5501 mallemus
2988 5449 3312 5503 recideretve.

2039 5536 2242 5620 .(g)_._Ms..
2296 5537 2410 5592 bas.
2460 5535 2580 5590 Vat.
2613 5552 2733 5592 cum
2783 5536 2943 5593 Caro.
2976 5538 3201 5611 aliisque
3244 5545 3557 5618 nonnullis,

1966 5608 2282 5664 subtilitatis.

2036 5678 2118 5825 ἐὴ)
2144 5679 2198 5735 In
2227 5695 2331 5736 ms.
2352 5678 2477 5736 Vat.
2509 5678 2626 5736 bas.
2657 5681 2802 5740 unio.

2063 5752 2104 5822 i)
2127 5751 2338 5824 Lipsius
2367 5751 2436 5810 de
2464 5765 2564 5808 suo
2593 5766 2802 5824 reposui

2063 5752 2104 5822 i)
2127 5751 2338 5824 Lipsius
2367 5751 2436 5810 de
2464 5765 2564 5808 suo
2593 5759 2925 5824 reposuerat,
2962 5769 3064 5810 non
3089 5765 3313 5829 possent.
3349 5758 3551 5825 Sensus
