4118 6186
541 188 634 259 ist

1724 178 1973 245 SANCTI
2012 177 2272 241 HILARII
2321 168 2627 241 EPISCOPI

3743 164 3854 233 139..

607 319 663 372 9.
709 314 822 383 Quo
852 315 1244 384 temperamento
1274 305 1560 377 perieulum
1581 318 1729 359 omne
1767 303 1953 357 caverit
1987 300 2134 355 Hila-
2162 301 2210 363 Α
2238 315 2379 365 sum,
2406 306 2460 354 et
2498 298 2578 371 (Il)
2608 296 2661 352 in
2688 293 2917 350 farinam
2945 290 3026 366 (e)
3048 287 3464 351 comminutum.
3484 296 3539 347 et
3570 287 3624 344 iu
3652 302 3852 359 panem

537 413 669 467 rius.
702 381 904 483 scopas
933 381 1051 463 libri
1076 402 1376 469 superioris.
1399 427 1474 442 -—-
1521 398 1627 455 Sed
1675 411 1774 452 nos
1817 395 2142 466 sapientiam
2232 403 2502 457 coactum,
2534 400 2588 445 et
2619 388 2672 443 in
2715 387 2893 443 cibum
2936 393 3233 453 sumptum,
3282 381 3581 439 reddiderit
3609 398 3677 438 ex
3706 398 3767 437 se
3794 391 3856 437 et

543 506 660 573 Dei,
690 503 782 576 qui
813 499 1016 557 mundo
1044 494 1271 553 stultitia
1299 504 1404 558 est,
1452 491 1750 555 consecuti,
1799 498 1853 543 et
1893 503 1989 558 per
2020 484 2146 540 ﬁdei

538 596 823 653 dominicae
850 593 1143 649 salutarem
1185 598 1241 644 et
1281 588 1547 641 sinceram
1595 582 2029 648 confessionem,
2060 580 2146 634 vi-

541 685 992 762 pereaadoctrinaa
1005 680 1423 737 fraudulentiam
1455 676 1740 747 prodituri,
1762 677 1904 729 hunc
1923 687 2149 742 respou-

539 783 710 838 siouis
738 786 937 835 nostra:
962 775 1208 831 ordinem
1261 770 1635 828 inclinavintus
1661 810 1678 835 ,
1709 768 1802 840 qui
1839 777 1895 823 et
1940 766 2148 827 aditum

539 877 641 932 sibi
668 870 1103 931 demonstrandae
1134 867 1379 923 veritatis
1411 866 1749 936 aequireret,
1779 877 1881 918 nec
1914 876 1977 918 se
2002 861 2147 932 peri~

540 968 867 1038 culoimpite
896 961 1249 1035 professionis
1299 961 1561 1021 insereret
1601 974 1615 1010 :
1669 965 1966 1027 temperato
2008 953 2154 1009 inter

539 1070 834 1130 utrumque
863 1054 1253 1119 moderamine;
1303 1066 1413 1113 non
1456 1059 1716 1121 negantes
1760 1049 1930 1104 Deum
1960 1062 2151 1111 unum,

543 1152 638 1207 sed
685 1168 755 1207 eo
796 1152 915 1221 ipso
955 1156 1183 1203 auctore
1232 1145 1399 1200 Deum
1438 1150 1497 1198 et
1532 1143 1720 1207 Deum,
1749 1138 1832 1214 (α)
1860 1155 1956 1210 per
1990 1153 2150 1209 quem

547 1244 689 1301 Deus
734 1258 870 1299 unus
914 1240 1239 1312 prmdicatus
1278 1246 1396 1303 est,
1450 1234 1841 1306 prtedicantes;
1887 1240 1945 1289 et
1985 1231 2155 1286 Deum

546 1351 712 1391 unum
745 1350 853 1390 non
885 1348 983 1404 per
1006 1331 1263 1387 unionem
1289 1327 1583 1393 docentes,
1630 1340 1807 1394 neque
1831 1338 2047 1379 rursum
2087 1320 2157 1376 ad

547 1427 875 1483 diversitatis
907 1438 1191 1481 numerum
1223 1421 1578 1483 desecantes,
1612 1431 1791 1485 neque
1816 1426 2004 1470 eontra
2034 1423 2159 1468 tan.

550 1530 661 1575 tum
710 1522 762 1573 in
807 1516 1116 1573 nominibus
1141 1512 1495 1578 conﬁtentes;
1527 1509 1622 1565 sed
1669 1509 1835 1564 Deum
1873 1517 1929 1562 et
1966 1506 2157 1574 Deum,

548 1615 783 1685 reposita
832 1619 889 1667 et
932 1610 1094 1665 dilata
1125 1608 1301 1663 adhuc
1330 1606 1543 1675 plenius
1573 1602 1794 1658 unitatis
1834 1602 2155 1672 quaestione,

2236 486 2482 539 naturam
2514 482 2671 550 panis
2694 489 2751 535 et
2779 490 2996 541 munus.
3043 476 3231 555 Itaque
3270 475 3397 553 quia
3442 482 3651 537 naturae
3679 473 3855 529 virtus

2238 583 2457 645 praestat
2476 572 2793 636 veritatem;
2819 568 3096 624 videamus
3122 582 3190 621 an
3218 581 3381 621 verus
3411 565 3553 621 Deus
3572 566 3665 629 sit,
3687 580 3854 636 quem

2237 666 2452 740 Moyses
2488 666 2652 721 Deum
2688 678 2811 719 esse
2837 662 3103 732 signiﬁcat
3135 680 3148 713 :
3180 657 3250 713 de
3277 673 3385 712 uno
3416 657 3548 720 Deo.
3580 668 3633 712 et
3660 657 3858 715 eodem

2239 775 2369 816 vero
2403 761 2512 819 Deo
2542 766 2723 829 postea
2767 755 3038 821 locuturi;
3087 769 3154 809 ne
3183 769 3288 807 non
3321 752 3636 824 interposita
3682 768 3857 827 spon-

2239 855 2393 910 sione
2423 854 2506 926 (f)
2539 852 2608 909 de
2636 855 2791 923 unius
2821 859 2875 906 et
2902 850 3019 907 veri
3064 848 3156 905 Dei
3186 848 3238 903 in
3279 848 3441 904 Patre
3479 859 3532 903 et
3566 846 3704 908 Filio
3729 847 3861 902 sub-

2240 947 2559 1005 sistentibus
2577 943 3009 1009 confirmatione,
3031 941 3333 1014 periculosa
3353 938 3590 1010 suspicio
3607 938 3858 1010 pendulae

2243 1036 2665 1109 exspectationis
2690 1034 3109 1092 sollicitudinem
3140 1031 3421 1103 defatiget.

2316 1130 2374 1191 4.
2405 1130 2573 1185 Filius
2599 1146 2663 1187 ex
2682 1128 2890 1193 creandi
2914 1128 3100 1182 virtute
3125 1124 3377 1197 probatur
3410 1138 3562 1179 verus
3594 1120 3756 1180 Deus.
3788 1152 3861 1163 --

2246 1224 2466 1280 Creatio
2487 1222 2650 1294 igitur
2679 1221 2887 1288 mundi,
2917 1227 3202 1292 postquam
3243 1227 3299 1274 et
3339 1217 3433 1274 Dei
3467 1218 3705 1289 cognitio
3733 1231 3860 1279 ειη-
3961 1219 3973 1231 ⁵

2247 1329 2401 1397 cepta
2432 1324 2536 1383 est,
2569 1316 2736 1372 ﬁlium
2776 1316 2872 1375 Dei
2908 1316 3072 1371 Deum
3104 1328 3228 1371 esse
3254 1312 3566 1384 signiﬁcans
3588 1354 3602 1376 ,
3637 1328 3771 1389 rogo
3805 1312 3863 1367 in

2248 1427 2357 1484 quo
2398 1410 2614 1466 tandem
2654 1424 2841 1465 verum
2887 1421 3008 1463 esse
3055 1406 3222 1467 Deum
3269 1405 3516 1479 deneget.
3558 1404 3675 1460 Non
3716 1405 3863 1461 enim

2249 1503 2566 1575 ambigitur,
2596 1502 2721 1575 quin
2756 1517 2853 1572 per
2881 1500 3073 1556 Filium
3105 1500 3285 1554 omnia
3313 1500 3441 1555 sint.
3475 1498 3664 1561 Omnia
3704 1514 3862 1575 natu-

2253 1611 2377 1666 que,
2401 1595 2699 1651 secunduut
2726 1593 3067 1665 Apostoium,
3100 1609 3191 1662 per
3218 1593 3409 1664 ipsum,
3438 1601 3484 1646 et
3507 1592 3562 1645 in
3588 1592 3705 1661 ipso
3724 1589 3866 1666 (Co-

549 1683 936 1764 monstrantes.
970 1702 1138 1758 Recte
1164 1699 1306 1755 enim
1341 1713 1506 1752 unum
1537 1697 1704 1751 Deum
1734 1711 1764 1750 a
1797 1694 1980 1766 Moyse
2009 1708 2148 1764 prte-
2182 1686 2233 1747 B
2258 1687 2378 1741 loss.
2408 1702 2447 1750 ι,
2478 1685 2591 1756 l6).
2622 1683 2678 1742 Si
2711 1685 2892 1747 omnia
2918 1700 3015 1758 per
3042 1699 3189 1751 eum,
3218 1694 3270 1739 et
3298 1685 3478 1740 omnia
3504 1699 3571 1740 ex
3599 1683 3793 1749 nihilo,
3814 1694 3869 1740 et

548 1801 784 1856 dicatum
814 1795 1109 1865 Evangelia
1158 1801 1427 1848 testantur
1458 1807 1471 1844 :
1499 1801 1556 1846 et
1582 1803 1799 1844 rursum
1841 1786 2072 1847 ﬁdeliter
2097 1785 2154 1843 in

549 1891 860 1963 Evangeliis
884 1889 1050 1945 Deum
1072 1895 1124 1942 et
1155 1886 1321 1941 Deum
1342 1883 1548 1947 doceri,
1566 1882 1776 1950 Moyses
1800 1879 1970 1939 Deum
1990 1892 2152 1933 unum

550 1983 853 2054 przcdicans
876 1989 1062 2034 auctor
1092 1986 1194 2031 est.
1220 1973 1398 2044 Atque
1426 1973 1502 2028 ita
1548 1987 1654 2027 non
1683 1972 1990 2026 auctoritati
2021 1985 2156 2024 con-

554 2074 773 2130 tt-aitum
801 2072 875 2145 (ὁ)
906 2080 1011 2136 est,
1042 2067 1138 2125 sed
1168 2084 1234 2124 ex
1266 2064 1586 2121 auctoritate
1607 2079 1928 2133 responsum
1948 2072 2054 2128 est,
2087 2077 2157 2117 ne

552 2180 651 2236 per
677 2165 728 2220 id
763 2166 856 2219 Dei
895 2161 1060 2216 ﬁlium
1108 2161 1293 2214 liceret
1344 2157 1512 2211 Deum
1564 2156 1771 2225 negari,
1796 2153 1871 2227 (ο)
1916 2154 2039 2224 quia
2088 2152 2158 2207 ad

552 2256 718 2314 Israel
772 2255 915 2310 Deus
962 2268 1099 2309 unus
1132 2260 1266 2306 est:
1313 2264 1437 2304 cum
1492 2246 1782 2303 conﬁtendi
1838 2246 1930 2300 Dei
1989 2244 2157 2300 ﬁlium

557 2351 721 2406 Deum
758 2348 903 2405 idem
945 2355 1135 2402 auctor
1172 2351 1340 2410 esset,
1370 2341 1462 2414 qui
1500 2352 1689 2396 auctor
1730 2349 1814 2396 est
1860 2339 1954 2395 Dei
2000 2340 2159 2395 unius

553 2440 902 2514 pr.rdicaudi.

624 2537 679 2591 5.
722 2534 926 2602 Scopus
952 2531 1109 2603 hujus
1127 2528 1339 2585 alterius
1367 2526 1507 2585 libri.
1544 2524 1743 2581 Veritas
1768 2524 1843 2578 rei
1873 2522 2008 2578 unde
2033 2538 2157 2578 cono

551 2639 668 2684 stet.
695 2625 1049 2697 —Sequitur
1098 2624 1277 2692 itaque
1325 2620 1571 2676 ordinem
1632 2617 1951 2689 quantitatis
1996 2617 2160 2672 etiam

552 2719 688 2775 ordo
708 2716 937 2776 connexi
961 2713 1067 2771 sibi
1094 2714 1279 2770 libelli.
1308 2710 1443 2769 Nam
1465 2712 1588 2783 quia
1612 2709 1730 2767 hate
1754 2724 1990 2781 sequens
2012 2709 2162 2780 impii

551 2809 910 2869 blandimenti
963 2809 1136 2879 posita
1181 2806 1450 2865 sententia
1499 2814 1587 2860 est
1633 2821 1648 2858 :
1708 2802 1959 2859 Nouimus
2002 2818 2164 2857 unum

552 2903 724 2960 Deum
761 2917 938 2957 verum
981 2915 1002 2955 :
1052 2899 1177 2955 hinc
1214 2913 1427 2969 quoque
1453 2897 1538 2970 (ά)
1581 2896 1805 2952 secundi
1853 2894 2013 2966 hujus
2041 2894 2165 2959 libri

555 2998 732 3054 omnis
763 3010 945 3053 sermo
971 2992 1238 3057 consistit,
1287 3007 1355 3046 an
1401 2991 1544 3045 ﬁlius
1573 2991 1666 3045 Dei
1700 2989 1842 3044 Deus
1878 3003 2041 3045 verus
2069 2989 2156 3044 sit.

2257 1777 2391 1832 uiltil
2422 1792 2528 1832 non
2561 1793 2654 1846 per
2677 1792 2831 1843 cum;
2865 1791 3047 1847 quer
3067 1775 3121 1831 in
3149 1792 3255 1846 quo
3280 1774 3332 1831 ei
3354 1776 3550 1832 veritas
3582 1777 3673 1831 Dei
3703 1776 3866 1840 desit,

2258 1868 2343 1924 cui
2367 1883 2471 1924 non
2495 1867 2635 1924 desit
2658 1868 2751 1924 Dei
2777 1883 2873 1923 nec
2899 1874 3109 1934 natura,
3142 1882 3241 1923 nec
3259 1867 3447 1924 virtus.
3477 1866 3695 1931 Natura:
3720 1869 3867 1931 enim

2259 1978 2371 2018 sua:
2396 1963 2596 2018 virtute
2622 1977 2751 2018 usus
2798 1970 2901 2028 est,
2945 1970 3001 2015 ttt
3031 1970 3086 2016 et
3110 1968 3297 2016 essent
3324 1976 3444 2032 qua:
3476 1976 3584 2023 non
3614 1972 3794 2028 erant,
3816 1971 3873 2017 et

2260 2056 2452 2114 ﬁerent
2493 2072 2614 2133 qua:
2651 2055 2949 2127 placerent.
2997 2054 3142 2113 Vidit
3175 2055 3319 2111 enim
3367 2054 3508 2110 Deus
3549 2054 3675 2129 quia
3723 2055 3865 2111 bona

2260 2160 2408 2206 sunt.

2334 2243 2386 2296 ξς.
2420 2241 2525 2298 Lex
2550 2243 2603 2296 in
2629 2242 2826 2297 dicente
2852 2239 2966 2297 Deo
2990 2250 3039 2298 et
3066 2243 3118 2297 in
3143 2243 3362 2315 faciente
3389 2241 3501 2299 Deo
3522 2242 3660 2299 solas
3690 2260 3874 2319 perso-

2261 2353 2354 2391 nas
2402 2336 2696 2408 distinguit.
2744 2334 2976 2393 Dicentis
3012 2345 3063 2393 et
3099 2338 3337 2410 facientis
3382 2355 3487 2393 una
3538 2346 3728 2393 natura
3777 2350 3873 2397 est.

2262 2428 2438 2484 Filius
2460 2426 2559 2483 Dei
2587 2446 2689 2483 non
2708 2439 2780 2487 est
2810 2428 2952 2484 Deus
2977 2431 3141 2502 falsus
3163 2439 3253 2487 aut
3281 2430 3570 2502 adoptivus.
3594 2461 3668 2473 -—
3687 2429 3878 2507 Neque

2262 2524 2406 2578 enim
2437 2521 2514 2596 (g)
2541 2522 2723 2590 aliam,
2754 2540 2915 2595 qttam
2943 2539 3208 2594 personae,
3262 2524 3443 2581 intulit
3470 2527 3553 2584 lex
3601 2526 3880 2601 signiﬁca-

2265 2616 2502 2682 tionem,
2544 2628 2667 2669 cum
2714 2614 2828 2669 ait:
2859 2613 2929 2669 Et
2975 2615 3106 2670 dixit
3152 2615 3312 2685 Deus,
3362 2617 3455 2689 ﬁat
3491 2616 3880 2687 ﬁrmamentum

2266 2704 2419 2778 (Gen.
2449 2722 2487 2768 ι,
2521 2706 2607 2777 ϐ);
2632 2716 2687 2761 et
2718 2707 2946 2777 subjecit
2972 2723 3187 2763 rursum
3220 2726 3234 2764 :
3268 2708 3332 2763 Et
3368 2709 3487 2782 fecit
3510 2707 3653 2763 Deus
3690 2709 3880 2780 ﬁrma-

2266 2814 2490 2857 utentum
2533 2803 2721 2876 (ibid,
2752 2801 2828 2877 'l).
2867 2802 3138 2860 Caeterum
3181 2820 3282 2861 nec
3308 2806 3563 2863 virtutem
3602 2805 3877 2872 distinxit,

2267 2911 2368 2952 uec
2396 2905 2644 2952 naturam
2674 2898 2967 2967 separavit,
3011 2912 3110 2954 nec
3153 2912 3353 2954 nomen
3381 2896 3675 2953 demutavit
3706 2898 3758 2953 in
3787 2912 3876 2965 eo,

2268 2988 2320 3043 in
2369 3003 2479 3059 quo
2516 2998 2722 3044 tantum
2764 2988 2992 3044 dicentis
3033 2990 3444 3061 intelligentiam
3492 2990 3761 3059 praestitit,
3817 3001 3878 3047 ut

472 3103 483 3110 ‘
555 3088 691 3145 Natu
718 3087 838 3143 sine
865 3085 1030 3142 dubio
1059 3084 1113 3138 in
1151 3081 1293 3137 hunc
1319 3096 1381 3137 se
1410 3080 1658 3136 ordinem
1687 3078 1933 3135 haeretici
1964 3077 2164 3149 ingenii
2191 3079 2238 3145 C
2268 3081 2713 3152 signiﬁcationem
2760 3083 3046 3139 efﬁcientis
3068 3082 3307 3140 afferret.
3351 3083 3649 3141 Veritatem
3692 3093 3879 3141 autem

554 3179 830 3239 subtilitas
876 3175 1138 3244 eoaptavit
1168 3216 1184 3240 ,
1224 3175 1458 3245 primunt
1507 3187 1668 3227 unum
1717 3168 1888 3226 Deum
1935 3170 2158 3237 dicens,

555 3275 754 3332 deinde
778 3289 937 3328 unum
962 3286 1132 3325 rerum
1159 3269 1322 3323 Deum
1350 3270 1616 3322 conliteus
1650 3283 1663 3318 :
1698 3273 1756 3320 ut
1784 3280 1880 3335 per
1901 3265 1952 3319 id
1990 3263 2161 3319 ﬁlium

560 3372 657 3427 Dei
676 3386 707 3425 a
734 3378 925 3425 natura
952 3365 1047 3421 Dei
1073 3373 1130 3420 et
1158 3362 1388 3419 veritate
1411 3367 1703 3425 averteret,
1734 3373 1857 3414 eum
1886 3358 2084 3413 veritas
2104 3357 2159 3412 in

557 3473 754 3521 natura
777 3463 939 3518 unius
959 3472 1204 3522 manens,
1234 3453 1534 3510 naturalem
1557 3454 1715 3508 unius
1742 3467 1850 3509 non
1873 3452 2166 3508 excederet

557 3557 865 3612 veritatem.
914 3551 1082 3622 Igitur
1104 3548 1228 3621 quia
1259 3546 1627 3617 ambiguitatis
1664 3546 1819 3601 locus
1848 3544 2025 3601 nullus
2052 3554 2159 3611 est,

560 3647 692 3718 quin
719 3643 935 3716 Moyses
964 3657 1129 3697 unuut
1165 3640 1334 3695 Deum
1362 3635 1662 3707 praedicans
1688 3680 1703 3704 ,
1736 3636 2070 3707 intelligatur
2096 3636 2166 3693 de

560 3741 658 3797 Dei
687 3738 796 3796 ﬁlio
821 3735 1155 3808 signiﬁcasse
1179 3731 1323 3804 quod
1356 3731 1498 3787 Deus
1517 3730 1608 3793 sit.
1643 3745 1738 3800 per
1769 3730 1914 3800 ipsas
1943 3729 2064 3785 illas
2089 3731 2166 3785 si-

560 3830 921 3905 gniﬁcationis
941 3843 1052 3884 sua:
1090 3824 1447 3883 auctoritates
1486 3835 1834 3881 reourramus
1864 3840 1876 3875 :
1905 3830 1960 3877 et
1987 3823 2169 3894 requi-

561 3937 764 3985 ramus.
790 3938 859 3979 au
884 3935 1045 3993 quem
1074 3920 1243 3975 Deum
1285 3914 1694 3985 signiﬁcaverit,
1742 3914 1911 3973 Deum
1954 3930 2170 3984 quoque

565 4031 753 4072 verum
786 4011 1188 4094 intelligendum
1240 4006 1507 4063 docuerit.
1539 4006 1680 4061 Nulli
1722 4017 1903 4062 autem
1945 4006 2168 4067 dultium

563 4119 669 4177 est,
696 4106 981 4162 veritatem
1010 4119 1078 4159 ex
1109 4100 1267 4174 106
1294 4105 1483 4153 natura
1512 4107 1566 4153 et
1594 4114 1657 4152 ex
1688 4103 1888 4154 virtute
1913 4114 2034 4154 esse
2062 4115 2076 4152 :
2112 4108 2170 4154 ttt

564 4201 801 4269 exempli
823 4214 987 4257 causa
1014 4196 1216 4253 dictqu
1245 4194 1337 4259 sit,
1370 4208 1556 4248 verum
1592 4191 1831 4247 triticum
1874 4203 1978 4257 est,
2027 4194 2170 4261 quod

563 4298 711 4368 spica
737 4302 1024 4360 structum,
1055 4301 1107 4348 et
1130 4290 1311 4346 aristis
1334 4288 1611 4354 vallatum,
1630 4295 1685 4341 et
1707 4284 1958 4349 folliculis
1979 4286 2171 4345 decus.

639 4434 722 4509 Η)
750 4434 820 4490 In
850 4435 937 4506 far
961 4431 1351 4489 comminutum.

2268 3183 2475 3229 natura:
2517 3184 2679 3247 atque
2724 3175 2960 3243 virtutis,
2992 3174 3076 3250 (It)
3108 3176 3428 3245 signiﬁcatio
3465 3178 3883 3236 serm0ciuautis

2269 3281 2377 3322 non
2406 3266 2623 3334 adimit;
2656 3266 2783 3338 quin
2818 3269 2993 3339 potius
3015 3270 3298 3325 veritatem
3333 3270 3503 3341 ipsam
3526 3279 3726 3342 quanta
3754 3286 3886 3343 pro-

2270 3361 2500 3428 prietate
2526 3362 2891 3418 commendat.
2922 3360 3137 3418 Afferre
3162 3365 3307 3419 enim
3336 3363 3482 3419 dicto
3509 3363 3881 3433 efﬁcientiam,

2269 3460 2476 3509 natura:
2508 3454 2627 3525 ejus
2674 3463 2777 3523 est,
2830 3470 2951 3528 quin
2996 3455 3239 3514 efﬁciens
3284 3457 3339 3513 id
3382 3459 3554 3529 possit
3593 3465 3884 3531 praestare,

2267 3545 2410 3616 quod
2436 3544 2643 3601 dicens.
2689 3546 2747 3601 lu
2783 3561 2891 3617 quo
2915 3562 3048 3614 ergo
3077 3548 3294 3605 tandem
3324 3563 3433 3604 non
3463 3551 3565 3605 erit
3595 3563 3760 3604 verus
3787 3548 3887 3606 iiie

2268 3640 2358 3709 qui
2385 3638 2571 3705 efﬁcit,
2600 3655 2721 3696 eum
2751 3656 2913 3697 verus
2958 3640 3030 3697 sit
3067 3641 3165 3697 ille
3196 3642 3288 3713 qui
3328 3642 3490 3708 dicit;
3519 3641 3736 3714 quando
3760 3643 3889 3714 qui-

2271 3732 2394 3788 dem
2419 3733 2549 3789 dicti
2580 3734 2883 3801 veritatem,
2913 3734 3039 3790 facti
3081 3736 3283 3791 veritas
3311 3735 3714 3807 consequatur?
3735 3735 3888 3793 Deus

2272 3837 2357 3883 est
2382 3828 2471 3900 qui
2495 3828 2654 3895 dixit,
2680 3828 2821 3886 Dens
2846 3830 3039 3901 estqui
3067 3828 3215 3886 feeit.
3246 3829 3301 3886 Si
3333 3830 3386 3885 in
3414 3830 3563 3887 dicto
3593 3829 3669 3903 (in
3696 3844 3765 3885 eo
3787 3830 3889 3900 qui

2274 3921 2433 3994 dixit)
2457 3924 2657 3978 veritas
2685 3933 2799 3989 est;
2846 3939 3034 3995 quaero
3080 3938 3183 3979 cur
3222 3934 3448 4000 negetur
3492 3924 3548 3979 in
3604 3923 3749 3979 facto
3801 3924 3888 3995 (in

2275 4028 2343 4068 eo
2399 4016 2489 4086 qui
2547 4014 2732 4086 fecit).
2787 4014 2899 4071 Nisi
2950 4016 3090 4071 forte
3132 4015 3220 4070 hic
3271 4014 3505 4071 dicendo
3557 4031 3716 4071 verus
3772 4015 3886 4083 sit,

2273 4117 2328 4163 et
2382 4123 2487 4162 non
2546 4108 2618 4162 sit
2671 4124 2833 4165 verus
2875 4108 2979 4165 iste
3023 4108 3289 4164 faciendo.
3371 4108 3641 4164 Habemus
3701 4108 3890 4180 itaque

2274 4200 2327 4254 in
2358 4200 2471 4254 ﬁlio
2500 4199 2593 4255 Dei
2619 4200 2729 4257 Deo
2754 4210 2960 4257 naturae
2986 4202 3292 4258 veritatem.
3351 4198 3494 4255 Deus
3537 4209 3641 4265 est,
3669 4209 3897 4255 creator

2275 4299 2377 4359 est,
2412 4290 2507 4349 Dei
2533 4291 2681 4351 ﬁlius
2700 4292 2808 4361 est,
2837 4293 3236 4371 potestomnia.
3283 4291 3440 4369 ιω
3482 4291 3676 4351 Parum
3706 4300 3790 4348 est
3830 4298 3894 4353 ut

566 4567 733 4625 porro
748 4561 877 4625 est;
906 4558 961 4606 et
983 4563 1123 4606 unus
1154 4560 1259 4605 non
1292 4550 1478 4616 posset
1503 4555 1627 4600 esse
1654 4538 1787 4607 duo,
1822 4540 1925 4603 nisi
1956 4550 2161 4603 tantum
2188 4535 2245 4600 D
2269 4552 2436 4625 0pm,
2464 4539 2781 4625 ευξιιθηινθθ
2817 4542 3023 4625 Primi”
3056 4554 3315 4625 εβθθιθηῆ
3364 4544 3701 4625 ἥῼθιηγὲιυέ,
3730 4559 3889 4615 (ιαπ-

569 4622 622 4682 in
653 4622 980 4680 nominibus.

566 4717 716 4846 sese)
752 4715 885 4772 Illud
926 4729 1016 4789 per
1052 4727 1222 4784 qustu,
1252 4723 1359 4765 non
1390 4708 1458 4763 ad
1490 4708 1665 4765 Deum
1692 4706 2038 4763 referendum
2066 4717 2174 4775 est,

696 4789 763 4843 ad
812 4787 1054 4846 Moysen,
1083 4800 1192 4846 quo
1236 4793 1461 4836 auctore
1511 4782 1677 4835 Deam
1724 4789 1777 4833 et
1820 4780 1984 4833 Deum
2035 4779 2174 4839 iiber

696 4779 763 4843 'ad
812 4779 1461 4858 Moy'sen,'qno_auctore
1511 4782 1677 4858 Deum
1724 4789 1777 4833 et
1820 4780 1984 4858 Deum
2035 4779 2174 4858 iiber

569 4860 815 4930 superior
860 4851 1283 4930 detnonstrarit,
1332 4868 1455 4908 cum
1502 4853 1618 4921 ejus
1671 4852 1989 4930 auctoritate
2035 4851 2172 4908 abu-

570 4922 811 5015 terentur
834 4928 1095 4994 haeretici,
1125 4935 1184 4982 ut
1207 4926 1375 4980 Deutu
1402 4938 1568 4980 unum
1604 4934 1659 4978 et
1688 4922 1988 4977 solitarium
2032 4936 2173 4992 prae.

571 5003 834 5058 dicarant.

640 5072 721 5146 (ὁ)
746 5070 822 5127 Ita
851 5085 983 5126 mss.
1013 5070 1083 5126 At
1112 5067 1266 5131 editi,
1292 5067 1611 5121 contrarium
1638 5074 1735 5120 est.

640 5170 717 5238 (ci
760 5167 1169 5256 Qu‘ilnquesmss‘.
1208 5161 1711 5256 τςςεξιιίςςξξ,,ιιιιξιι
1733 5158 1859 5221 audi
1886 5156 2078 5223 Israel.
2113 5157 2174 5223 In

570 5230 678 5297 uno
706 5230 1062 5303 eCrolbfquia
1092 5236 1186 5301 ait,
1220 5234 1379 5300 Audi,
1412 5230 1603 5295 Israel.

643 5341 728 5413 (ά)
757 5336 881 5394 Vat.
910 5335 1042 5413 _l_)_as.
1076 5347 1178 5389 ms.
1205 5330 1369 5413 quinti
1394 5329 1549 5400 hujus
1571 5327 1707 5413 libri.
1742 5325 2178 5413 ῐξριίῐιιᾳιιιιιςμ.

572 5397 848 5467 ηιὸηέυιη
876 5406 1000 5463 aliis
1028 5397 1268 5469 secundi,
1308 5397 1493 5472 sicque
1524 5408 1745 5472 vocatur
1773 5397 1863 5455 hic
1892 5398 2031 5472 liber
2055 5411 2169 5472 non

573 5491 822 5553 reSpectu
856 5478 1021 5553 totius
1057 5467 1263 5553 operis,
1303 5467 1512 5553 sedvel
1553 5470 1779 5553 quodin
1810 5485 1876 5526 eo
1909 5467 2162 5550 Hilarius,

572 5554 647 5606 nti
667 5539 1121 5622 'praemonuimus',
1150 5539 1524 5622 haereticorum
1557 5539 1872 5622 perﬁdiam,
1887 5540 2169 5622 superiore

743 5598 1425 5692 η
1456 5598 1639 5692 ιὶθηίιᾳ
1660 5598 2013 5692 aure-digiti

572 5696 738 5757 etiam
751 5680 875 5771 quia
898 5680 1277 5756 seruitiiits'est
1305 5702 1370 5753 ex
1401 5680 1507 5767 duo
1531 5683 1603 5747 ad
1620 5680 1991 5751 iaté'r’utissntu
2006 5680 2167 5749 ratio

2278 4611 2405 4737 23:1.
2435 4613 2712 4683 pra-ludia,
2745 4611 2864 4685 quia
2894 4616 3057 4671 etiam
3081 4611 3112 4672 ἐι
3133 4614 3350 4672 caeteris
3372 4615 3558 4672 divelli
3584 4611 3895 4688 facile'poev

2350 4751 2424 4898 ξε)
2452 4754 2707 4839 Plerique
2725 4772 2857 4812 mss.
2891 4759 2949 4811 in
2977 4761 3060 4829 μιν
3089 4759 3478 4813 mummium.

2309 4898 2321 4908 _
2360 4827 2599 4909 ῙῌΞάιιι
2626 4868 2641 4893 ,
2672 4829 2917 4909 dsuuius
2944 4830 3048 4884 veri
3080 4827 3453 4909 Deiinf’atre
3493 4840 3544 4885 st
3582 4828 3725 4890 κκερ
3762 4828 3892 4884 θεὸς

2275 4899 2551 4981 sistentisn:
2580 4900 3052 4981 eluendanttiruex
3104 4917 3235 4981 m_ss.
3284 4899 3657 4959 Subsistentes
3678 4908 3893 4981 autem

2280 4969 2702 5057 viteatAPatrem
2752 4982 2839 5057 (et.
2874 4969 3070 5057 [filium
3097 5014 3112 5037 ,
3147 4972 3271 5057 hoe!
3298 4979 3418 5038 est,
3476 4974 3723 5057 person-is
3775 4971 3893 5028 dis-

2279 5042 2512 5166 2:30;:
2568 5056 2676 5113 quo
2751 5042 3043 5099 Sabelliaui
3095 5044 3297 5099 erroris
3343 5044 3715 5110 suspicionem
3746 5057 3781 5098 a
3820 5055 3893 5101 se

2351 5180 2429 5254 (g)
2458 5182 2583 5236 Mss.
2607 5182 2769 5239 Cara.
2788 5226 2804 5251 ,
2836 5183 2999 5237 aliud.
3033 5182 3204 5240 Vetus
3232 5183 3411 5252 Com,
3436 5186 3601 5240 etiarn
3630 5198 3893 5259 persona,

2280 5256 2485 5334 omisso
2529 5269 2708 5334 quam.
2756 5255 2920 5324 Pejus
2955 5256 3141 5334 alter,_
3161 5258 3326 5334 etiam
3363 5258 3591 5327 aliquam
3630 5269 3886 5334 person.

2279 5322 2739 5403 Nil_mut_a;nt_lum.
2792 5322 3050 5397 apposite
3099 5322 3686 5403 Τενιιιιιὶειηιιὲ,ωε-οἱ,Δ
3718 5328 3883 5403 [ιι-ιιι.

2282 5412 2338 5478 rt.
2369 5396 2474 5478 i2:
2505 5394 2674 5478 Haltes
2701 5394 2856 5463 duos;
2882 5394 3056 5453 unum
3082 5400 3330 5478 dicentem
3370 5410 3425 5478 ut
3464 5399 3578 5478 ﬁat,
3600 5400 3895 5478 _alimfa-

2274 5468 2534 5569 ﬁ‘fj‘ﬂ-
2554 5468 2729 5569 ﬁf‘l‘t‘
2758 5470 3509 5569 ..".t‘i‘l‘.."“.°:t°‘£?.
3762 5471 3892 5569 9‘13

2275 5540 2535 5622 professus
2560 5556 2715 5606 sunt;
2757 5539 3145 5625 pm.p9n
3190 5539 3501 5606 σιιΙμωιὶιὸιξ
3537 5543 3776 5607 παιδιαί
3817 5539 3897 5604 ad

2274 5611 3258 5696 anmtnmwdmm
3340 5681 3351 5693 .
3428 5684 3479 5696 .-
3587 5684 3615 5696 _.

2348 5682 2427 5753 (Ιι)
2467 5682 2523 5738 lu
2556 5698 2687 5739 mss.
2712 5683 2901 5753 Carn.,
2924 5682 3671 5756 sermocinatiesianiﬁwttis.
