4118 6186
497 165 598 224 155
1688 158 1937 221 SANCTI
1974 110 2146 220 ιιῖω]

2283 159 2587 220 EPISCOPI
3693 156 3801 220 £36

408 270 416 277 ’
493 280 563 335 ad
591 276 865 352 imaginem
891 276 1239 339 Dei.--Sed
1287 290 1578 351 sequamur
1627 279 1872 337 ordinem
1905 281 2094 337 lectio-
2119 280 2435 343 Anomen:
2484 291 2539 339 et
2586 280 2677 337 ubi
2726 280 3057 352 nuncupatio
3099 287 3186 338 est
3225 278 3444 353 generis
3487 277 3671 344 alieni,
3724 279 3806 334 ibi

497 371 599 438 nis,
634 381 694 428 ut
717 374 918 430 veritas
948 389 1164 445 semper
1190 372 1290 428 sibi
1332 372 1617 429 cohaerens
1656 389 1761 430 non
1790 374 2107 441 demutetun
2196 377 2535 432 existimatur
2566 377 2764 433 veritas
2792 377 3033 448 ejusdem
3063 376 3283 449 generis
3327 392 3434 432 non
3481 376 3680 432 inesse.
3729 375 3807 431 Et

498 464 826 523 oﬁ‘eudiculo
856 466 1125 523 falsitatis.
1156 464 1224 520 Et
1253 466 1373 537 fecit
1394 463 1536 522 Deus
1558 466 1849 535 hominem;
1872 468 1940 522 ad
1967 469 2098 522 ima-
2197 469 2413 541 quidem
2448 468 2560 541 jam
2606 470 2854 542 superior
2886 471 3023 527 liber
3060 471 3375 527 inanitatem
3418 471 3579 542 hujus
3618 485 3804 542 qures-

498 559 670 632 ginem
709 558 808 615 Dei
846 560 966 630 fecit
1005 575 1122 614 eum
1151 557 1307 628 (Gen.
1345 576 1384 624 1,
1414 558 1532 633 27).
1572 560 1754 633 Imago
1796 562 2100 618 communis
2199 561 2363 617 tionis
2392 561 2647 618 ostendit.
2689 562 2747 618 In
2795 564 2986 635 angelo
3029 564 3172 621 enim
3219 562 3385 620 officii
3434 565 3613 636 potius
3641 578 3804 636 quam

500 660 624 706 est:
656 650 798 706 Dens
824 650 891 705 ad
919 649 1208 722 imaginem
1243 651 1339 708 Dei
1366 651 1642 709 hominem
1684 651 1829 709 fecit.
1872 653 1974 721 Qui
2004 667 2098 709 ve—
2201 665 2409 711 natura:
2436 656 2792 729 intelligentia
2819 668 2924 714 est.
2955 657 3021 714 Et
3058 658 3321 729 propheta
3350 657 3483 712 mihi
3510 657 3664 714 testis
3694 666 3802 722 est,

504 759 626 801 rum
678 744 847 800 Deum
896 744 1062 828 ﬁlium
1110 745 1205 802 Dei
1231 745 1483 817 denegat,
1512 762 1695 818 quaero
1724 746 1792 802 ad
1819 747 1971 818 cujus
2006 746 2101 803 Dei
2202 747 2426 805 dicens:
2462 749 2564 816 Qui
2603 751 2727 823 facit
2764 752 2973 823 angelos
3018 767 3139 806 suos
3176 750 3411 823 spiritus,
3452 761 3500 806 et
3544 750 3807 805 ministros

503 837 792 909 imaginem
822 852 853 892 a
882 837 991 893 Deo
1020 838 1219 894 factum
1252 839 1527 896 hominem
1578 839 1857 912 intelligat.
1910 839 2115 897 Mcmi-.
2203 859 2324 899 suos
2374 845 2543 916 ignem
2594 855 2821 902 urentem
2892 844 3061 915 (Psal.
3112 860 3224 913 cm,
3275 843 3356 917 4).
3407 842 3583 901 Urens
3645 844 3808 914 igitur

505 933 648 989 norit
678 940 855 988 tamen
885 946 1102 1004 semper
1124 949 1220 1004 per
1245 932 1439 989 Filium
1467 934 1685 1001 omnia;
1727 949 1794 989 ne
1833 933 1970 989 forte
1995 932 2107 988 lnc-
2205 934 2345 1005 ignis
2370 934 2448 1009 (ἢ)
2505 937 2596 992 ille
2657 938 2888 994 ministri
2937 936 3013 1009 (b)
3056 936 3174 1008 ejus
3242 945 3368 992 sunt
3412 954 3428 992 :
3478 946 3535 993 et
3582 939 3811 992 veniens

506 1023 674 1080 retiea
705 1023 1064 1097 intelligentia
1095 1026 1469 1096 operationem
1494 1025 1599 1081 sibi
1640 1025 1731 1082 Dei
1760 1025 1927 1096 patris
1947 1039 2109 1094 coap-
2208 1029 2472 1099 spiritus,
2562 1030 2741 1102 angeli
2828 1030 2947 1102 ejus
3027 1039 3174 1086 sunt.
3268 1030 3370 1087 Per
3457 1028 3575 1087 haec
3663 1030 3813 1087 enim

510 1124 606 1173 tet.
640 1115 697 1173 Si
726 1117 888 1189 igitur
914 1116 983 1173 ad
1011 1117 1301 1190 imaginem
1331 1118 1423 1173 Dei
1447 1116 1611 1189 patris
1633 1133 1730 1190 per
1750 1117 1918 1172 ﬁlium
1941 1117 2106 1172 Deum
2210 1123 2541 1190 nuntiorum,
2571 1125 2661 1199 qui
2693 1124 2868 1196 angeli
2913 1133 3315 1195 nuncupantur,
3343 1137 3407 1179 ac
3436 1122 3811 1179 ministrorum

512 1211 675 1267 homo
698 1211 968 1280 conditur,
992 1212 1243 1268 conditur
1272 1226 1483 1284 quoque
1513 1210 1582 1267 ad
1612 1210 1902 1282 imaginem
1947 1208 2109 1266 Filii:
2212 1215 2517 1272 ostenditur
2544 1216 2628 1273 vel
2662 1225 2872 1284 natura,
2905 1217 2991 1272 vel
3019 1217 3210 1273 virtus.
3241 1215 3327 1271 Fit
3366 1230 3493 1288 ergo
3521 1215 3612 1271 hic
3655 1215 3821 1287 spiri-

512 1302 636 1375 quia
685 1320 845 1360 nemo
893 1303 1030 1359 Filio
1078 1303 1282 1361 dictum
1344 1303 1574 1374 denegat
1627 1301 1693 1357 ad
1741 1302 2017 1373 imaginem
2065 1309 2113 1355 et
2215 1319 2300 1365 tus
2325 1311 2568 1380 angelus,
2598 1309 2681 1367 vel
2709 1310 2797 1368 hic
2823 1312 2960 1383 ignis
2987 1327 3149 1368 urens
3168 1310 3417 1367 minister
3442 1311 3576 1368 Dei:
3620 1319 3676 1367 et
3702 1315 3823 1365 haec

514 1399 904 1454 similitudinem
953 1407 1200 1454 nostram.
1250 1397 1446 1454 Tenuit
1500 1412 1630 1469 ergo
1675 1411 1855 1453 sermo
1898 1395 2114 1451 divinus

514 1492 778 1549 rationem
812 1492 1055 1548 veritatis
1084 1490 1138 1547 in
1165 1490 1341 1557 dictis,
1386 1504 1547 1562 quam
1579 1504 1715 1561 opus
1759 1488 2014 1560 explebat
2060 1488 2114 1543 in

516 1585 673 1644 factis
705 1606 717 1641 :
751 1596 808 1642 ut
832 1586 1106 1643 hominem
1135 1585 1201 1641 ad
1229 1585 1515 1657 imaginem
1550 1584 1645 1640 Dei
1676 1584 1815 1640 Deus
1839 1583 2114 1655 ﬁguraret,

2218 1413 2405 1460 natura
2433 1421 2623 1462 eorum
2668 1406 2864 1476 accipit
2905 1407 3077 1462 nuntii
3123 1416 3176 1462 et
3207 1406 3290 1478 (5)
3330 1405 3562 1462 ministri
3585 1404 3662 1479 (c)
3700 1404 3821 1459 ofﬁ-

2218 1498 2380 1553 cium.
2414 1496 2614 1553 Volens
2644 1498 2804 1569 igitur
2833 1498 2940 1566 lex,
2976 1499 3139 1555 immo
3172 1514 3269 1570 per
3297 1498 3468 1570 legem
3500 1497 3666 1563 Deus,
3700 1511 3826 1566 per-

2220 1604 2408 1645 sonam
2461 1592 2669 1662 paterni
2713 1591 2948 1647 nominis
3004 1592 3275 1655 intimare,
3301 1590 3379 1664 (ά)
3433 1590 3600 1646 Deum
3654 1590 3822 1645 ﬁlium

518 1692 581 1740 ιιι
608 1684 779 1740 Deum
810 1683 1164 1756 εῖῧηίίῖεπθίν
1199 1697 1300 1739 nec
1336 1680 1620 1738 vernalem
1663 1679 1775 1735 Deo
1805 1678 2073 1733 adimeret
2101 1693 2114 1729 ε
2146 1676 2196 1739 Β
2221 1685 2471 1757 angelum
2502 1686 2593 1741 Dei
2627 1685 2804 1743 locuta
2832 1695 2937 1752 est,
2964 1684 3017 1741 id
3049 1696 3152 1749 est,
3202 1685 3446 1740 nuntium
3482 1683 3594 1739 Dei.
3646 1681 3830 1753 Signi-

518 1792 641 1834 cum
673 1786 731 1834 et
777 1781 827 1833 in
878 1776 1261 1834 communione
1306 1772 1555 1844 imaginis
1589 1783 1734 1829 esset
1763 1773 1905 1828 Deus
1935 1785 2118 1839 verus,

521 1870 613 1941 qui
639 1870 694 1926 in
721 1884 889 1940 opere
919 1868 1206 1924 efﬁciendo
1233 1866 1634 1938 intelligebatur
1658 1865 1800 1920 Deus
1827 1864 1993 1920 ﬁlius.

597 1962 687 2018 10.
725 1961 971 2018 eretici
996 1962 1412 2034 perstringuntur
1452 1976 1517 2015 ex
1558 1959 1730 2014 dictis.
1759 1988 1835 2003 ——
1859 1957 1905 2014 Ο
1933 1956 2128 2027 despe-

524 2064 658 2113 rata:
689 2056 886 2112 mentis
918 2054 1070 2111 furor
1096 2052 1338 2126 perdite!
1371 2067 1405 2109 o
1433 2052 1598 2107 stulta
1624 2067 1784 2108 cmca:
1834 2048 2127 2121 impietatis

527 2149 840 2207 temeritas!
888 2149 1058 2206 Audis
1095 2148 1262 2204 Deum
1302 2157 1359 2203 et
1399 2147 1588 2211 Deum,
1637 2146 1792 2203 audis
1840 2145 2129 2216 imaginem

528 2253 823 2300 nostram:
871 2241 999 2315 quid
1050 2252 1106 2296 tu
1155 2240 1378 2312 subjicis
1424 2255 1610 2295 verum
1656 2250 1713 2295 et
1761 2254 1867 2295 non
1905 2238 2130 2294 verum?

528 2335 659 2410 quid
691 2334 888 2392 inseris
920 2333 1219 2390 naturalem
1261 2341 1424 2404 atque
1469 2330 1705 2387 falsum?
1734 2329 1861 2403 quid
1901 2329 2003 2386 sub
2046 2344 2134 2384 re-

531 2427 749 2501 ligionis
775 2428 995 2484 nomine
1036 2424 1349 2497 religionem
1380 2422 1622 2481 evertis?
1665 2423 1793 2495 quid
1842 2437 1938 2494 per
1966 2436 2132 2478 unum

533 2520 732 2589 Deum,
763 2530 819 2577 et
845 2536 1014 2576 unum
1047 2518 1213 2575 Deum
1241 2533 1448 2582 verum,
1482 2525 1659 2573 lentas
1688 2531 1756 2572 ne
1782 2515 1928 2571 Deus
1973 2529 2136 2570 verus

535 2628 673 2671 unus
699 2614 802 2670 sit?
829 2611 1077 2669 Nondum
1109 2625 1344 2667 vesanos
1372 2610 1594 2681 spiritus
1631 2618 1752 2664 tuos
1781 2607 1940 2663 dictis
1967 2621 2136 2663 evan-

533 2708 723 2783 gelicis
752 2717 916 2780 atque
945 2707 1257 2779 apostolicis
1285 2704 1514 2774 suffoeo,
1562 2706 1617 2760 in
1661 2704 1855 2776 quibus
1895 2703 2057 2758 Pater
2083 2711 2139 2759 et

535 2801 708 2863 Filius
752 2819 861 2859 non
894 2815 1163 2874 persona;
1193 2799 1289 2857 sed
1324 2810 1513 2856 natura
1546 2814 1699 2891 ωιυρ
1713 2808 1769 2854 et
1809 2806 1968 2853 verus
1998 2797 2139 2853 Deus

537 2907 764 2969 uterque
789 2905 872 2953 est
903 2910 920 2952 :
953 2894 1169 2950 interim
1219 2903 1271 2950 te
1317 2893 1405 2949 lex
1454 2892 1570 2948 sola
1617 2888 1830 2949 enecat.
1869 2888 2139 2962 Numquid

538 2994 615 3050 ait
638 2993 807 3049 Deum
833 3006 1021 3048 verum
1061 3002 1116 3046 et
1142 3005 1250 3046 non
1298 2987 1465 3044 Deum
1490 2987 1718 3044 verum?
1746 2985 2011 3058 Numquid
2042 2983 2144 3039 ali-

544 3095 625 3143 ter
650 3086 705 3142 in
734 3096 964 3155 utroque
991 3091 1188 3156 prteter
1215 3096 1375 3153 quam
1406 3091 1616 3136 natura;
1647 3080 1868 3135 nomine
1897 3091 1993 3133 usa
2023 3076 2141 3131 est?
2169 3072 2214 3137 C

544 3177 714 3236 Deum
755 3187 813 3235 et
858 3178 1023 3234 Deum
1071 3175 1238 3243 dixit,
1266 3189 1387 3246 qua:
1428 3172 1563 3230 dixit
1602 3174 1767 3230 Deum
1816 3188 2005 3228 unum.
2035 3171 2142 3228 Sed

542 3271 671 3343 quid
717 3280 923 3326 tantum
971 3269 1173 3325 dixisse
1217 3266 1379 3322 dico?
1434 3266 1604 3322 Deum
1652 3280 1839 3321 verum
1891 3272 1947 3319 et
1974 3263 2143 3319 Deum

542 3377 731 3421 verum
779 3377 877 3433 per
920 3360 1202 3417 veritatem
1249 3357 1499 3430 imaginis
1544 3357 1876 3430 prtedicavit.
1908 3356 2018 3415 Usa
2064 3367 2148 3414 est

545 3456 602 3513 in
648 3454 1047 3526 nuncupatione
1110 3453 1339 3525 primum
1390 3446 1600 3508 'naturze
1646 3452 1864 3508 nomine
1912 3468 1927 3504 :
1980 3450 2148 3505 utitur

547 3548 805 3618 deinceps
835 3547 888 3602 in
938 3561 1137 3617 genere
1165 3544 1389 3600 veritate
1420 3554 1649 3600 naturae.
1696 3542 1830 3600 Cum
1873 3544 2015 3599 enim
2056 3543 2147 3613 qui

548 3641 632 3709 ﬁt,
661 3639 966 3698 secundum
998 3639 1290 3711 imaginem
1332 3646 1550 3694 creatur
1575 3635 1878 3707 utriuSque,
1910 3652 2017 3692 non
2049 3651 2147 3705 po-

458 3786 467 3793 .
548 3744 657 3794 test
675 3734 756 3808 (i)
800 3749 910 3791 non
952 3748 1021 3791 ex
1066 3748 1200 3789 vero
1227 3732 1307 3805 (a)
1353 3730 1676 3799 consistere,
1717 3729 1862 3803 quod
1923 3740 2151 3801 uterque

549 3826 694 3885 Deus
721 3841 883 3883 verus
911 3826 1001 3881 sit.

2224 1776 2530 1834 ﬁcationem
2576 1777 2720 1833 enim
2768 1778 2933 1833 ofﬁcii
2982 1787 3208 1869 tpstatur
3256 1778 3312 1833 in
3359 1776 3587 1833 nuntio:
3622 1786 3830 1832 natura:

2225 1881 2405 1927 autem
2437 1869 2721 1927 veritatem
2747 1870 3090 1927 confirmavit
3121 1871 3174 1926 in
3222 1870 3460 1936 nomine,
3490 1884 3613 1925 cum
3660 1869 3830 1925 Deum

2227 1964 2381 2021 dixit.
2423 1964 2519 2020 Hic
2562 1975 2741 2021 autem
2775 1980 2916 2021 nunc
2961 1964 3382 2037 dispensationis
3409 1972 3494 2021 est
3534 1963 3691 2030 ordo,
3724 1977 3833 2017 non

2229 2058 2462 2130 generis.
2508 2056 2626 2114 Non
2669 2059 2813 2115 enim
2857 2056 3001 2113 aliud
3049 2073 3208 2129 quam
3260 2058 3474 2113 Patrem
3532 2065 3588 2111 et
3632 2054 3833 2110 Filium

2233 2151 2589 2222 praedicamus
2627 2170 2641 2207 :
2683 2161 2738 2207 et
2769 2152 2839 2207 ita
2872 2161 3121 2207 naturam
3150 2153 3425 2206 nominum
3458 2162 3833 2220 cozequamus,

2232 2253 2293 2300 ut
2317 2245 2598 2301 veritatem
2634 2244 2728 2300 Dei
2758 2254 2938 2302 teneat
2963 2261 3031 2300 cx
3060 2243 3368 2300 innascibili
3417 2243 3527 2299 Deo
3571 2242 3663 2299 Dei
3695 2241 3828 2296 uni-

2234 2337 2398 2408 geniti
2426 2336 2695 2392 nativitas.
2723 2335 2871 2393 Missi
2898 2327 3077 2393 autem
3107 2346 3162 2393 et
3210 2337 3474 2392 mittentis
3510 2334 3841 2406 signiﬁcatio

2236 2428 2327 2486 hic
2353 2445 2459 2485 non
2490 2430 2633 2485 aliud
2662 2445 2821 2501 quam
2862 2429 3079 2486 Patrem
3116 2438 3171 2485 et
3200 2429 3394 2485 Filium
3437 2429 3618 2496 docet,
3670 2435 3845 2483 cmteo

2236 2538 2357 2579 rum
2385 2523 2666 2579 veritatem
2693 2537 2799 2578 non
2849 2522 3039 2578 adimit
3075 2530 3303 2585 naturae,
3364 2535 3539 2592 neque
3590 2519 3645 2574 in
3696 2518 3847 2574 Filio

2240 2616 2457 2686 perimit
2484 2615 2678 2671 nativae
2716 2614 3010 2670 divinitatis
3040 2615 3459 2685 proprietatem:
3506 2612 3630 2684 quia
3682 2626 3849 2668 nemo

2242 2707 2479 2779 ambigat
2505 2717 2753 2764 naturam
2793 2708 3030 2763 auctoris
3069 2708 3122 2764 in
3154 2707 3249 2762 ﬁlii
3290 2706 3567 2762 nativitate
3610 2719 3850 2760 cannas«

2243 2801 2315 2868 ci,
2351 2799 2423 2874 (ε)
2455 2809 2513 2856 ut
2539 2816 2606 2856 ex
2638 2816 2747 2856 uno
2776 2802 3037 2856 consistat
3066 2801 3117 2855 in
3145 2815 3332 2865 unum,
3379 2798 3521 2869 quod
3550 2813 3646 2869 per
3676 2813 3848 2852 unum

2244 2910 2351 2950 non
2400 2894 2743 2951 discernatur
2790 2909 2858 2951 ex
2905 2910 3012 2950 uno
3057 2907 3264 2965 :atque
3290 2894 3363 2949 ita
3407 2908 3570 2948 unum
3601 2893 3711 2947 sint
3752 2906 3854 2963 per

2245 2987 2386 3059 quod
2418 3003 2556 3043 unus
2579 3004 2644 3045 ex
2673 3003 2781 3044 uno
2811 2997 2916 3044 est.

2321 3081 2409 3136 1‘2.
2447 3080 2688 3137 Hilarius
2728 3081 2846 3151 ﬁdei
2875 3079 3061 3136 ardore
3087 3096 3299 3154 scopum
3319 3078 3540 3148 excedit.
3569 3107 3644 3120 —
3667 3075 3711 3134 0
3743 3074 3853 3132 ini-

2248 3172 2459 3243 patiens
2493 3170 2616 3227 ﬁdei
2658 3172 2829 3239 calor,
2875 3182 2931 3228 et
2978 3171 3267 3228 desiderati
3306 3170 3574 3227 sermonis
3618 3167 3857 3226 inconti-

2247 3280 2383 3322 nens
2410 3265 2711 3321 silentium!
2744 3264 2864 3321 Jam
2890 3266 3033 3321 enim
3076 3274 3131 3320 et
3162 3265 3214 3319 in
3263 3264 3526 3331 superiori
3569 3262 3711 3319 libro
3734 3278 3860 3318 mo-

2247 3356 2375 3413 dum
2402 3358 2709 3414 constituta:
2737 3356 3138 3428 praedicationis
3159 3358 3515 3422 excessimus,
3537 3370 3660 3411 cum
3685 3370 3859 3425 quan-

2248 3447 2320 3505 do
2345 3450 2512 3521 impie
2539 3448 2741 3506 dictum
2771 3464 2933 3504 unum
2958 3450 3125 3505 Deum
3156 3450 3224 3504 ab
3248 3447 3515 3505 haereticis
3538 3457 3855 3519 arguentes,

2248 3550 2307 3598 et
2338 3542 2504 3598 Deum
2526 3552 2687 3614 atque
2717 3542 2881 3599 Deum
2917 3557 2947 3598 a
2976 3541 3160 3614 Moyse
3188 3542 3536 3614 praedicatum
3567 3543 3855 3609 docentes,

2250 3634 2317 3690 ad
2339 3636 2500 3690 unius
2524 3633 2620 3690 Dei
2661 3650 2845 3691 veram
2877 3645 2932 3691 et
2962 3636 3271 3706 religiosam
3317 3634 3710 3691 confessionem
3745 3634 3857 3704 pia,

2244 3730 2497 3800 quamvis
2539 3729 2954 3796 inconsiderata,
3016 3728 3359 3785 festinatione
3416 3729 3799 3785 descendimus
3837 3742 3857 3782 :

2254 3831 2312 3879 et
2338 3838 2478 3879 nunc
2520 3838 2732 3895 quoque
2780 3823 3007 3880 alterius
3058 3822 3374 3894 quaestionis
3404 3823 3625 3894 negotio
3656 3824 3855 3878 immo.

625 3921 716 3977 ii.
745 3919 916 3976 Filius
942 3929 1001 3974 ut
1030 3934 1248 3990 persona
1267 3917 1401 3973 alius
1426 3933 1459 3971 a
1483 3914 1665 3985 Patre,
1692 3915 1908 3989 angelus
1936 3913 2037 3972 Dei
2074 3916 2156 3972 di-
2254 3924 2458 3983 rantes,
2506 3931 2615 3972 non
2646 3917 2917 3973 tenuimus
2945 3916 3189 3972 ordinem
3220 3916 3609 3981 constitutum;
3641 3924 3698 3969 et
3720 3913 3855 3969 dum

551 4021 666 4072 ctus
691 4024 799 4080 est;
831 4010 972 4067 Deus
997 4026 1113 4067 vero
1140 4020 1196 4066 ut
1221 4011 1356 4067 idem
1383 4019 1587 4065 natura.
1618 4008 1723 4066 Cur
1761 4010 1928 4064 dictus
1966 4010 2032 4064 sit
2060 4026 2157 4065 an-

553 4109 697 4182 gelus
722 4107 837 4163 Dei.
859 4136 933 4148 —
960 4105 1067 4163 Sed
1099 4120 1383 4177 pergamus
1408 4105 1570 4161 etiam
1617 4117 1759 4159 nunc
1797 4117 1864 4160 eo
1894 4103 2156 4174 pra‘dica-

554 4202 717 4259 tionis
757 4208 956 4257 nostra:
1000 4197 1214 4267 itinere,
1254 4214 1362 4270 quo
1386 4198 1473 4253 lex
1497 4204 1680 4253 sancta
1711 4194 1781 4252 de
1811 4196 1921 4253 Deo
1950 4194 2154 4252 docuit.

557 4294 794 4367 Angelus
823 4293 917 4349 Dei
945 4292 1013 4348 ad
1039 4293 1180 4365 Agar
1205 4292 1463 4363 loquitur,
1497 4302 1549 4348 et
1582 4290 1722 4347 idem
1754 4289 1993 4362 Angelus
2020 4291 2160 4346 Deus

557 4398 664 4446 est.
697 4387 804 4447 Sed
834 4388 974 4443 forte
1003 4386 1206 4442 idcirco
1232 4385 1392 4459 110
1409 4400 1512 4441 non
1541 4384 1683 4441 Deus
1711 4399 1873 4439 verus
1898 4392 2003 4452 est,
2034 4384 2160 4455 quia

2259 4006 2327 4065 de
2342 4010 2451 4066 Deo
2466 4024 2599 4066 vero
2615 4010 2708 4065 Dei
2740 4009 2851 4066 ﬁlio
2881 4010 3170 4081 loquimur,
3189 4024 3357 4080 usque
3371 4008 3436 4065 ad
3452 4008 3849 4065 confessionem

2259 4103 2357 4160 Dei
2401 4104 2515 4160 veri
2563 4106 2615 4160 in
2654 4104 2813 4161 Patre
2853 4114 2907 4162 et
2950 4104 3091 4160 Filio
3128 4103 3385 4160 ferventis
3413 4103 3635 4175 spiritus
3662 4102 3866 4159 ardore

2262 4197 2630 4268 prorupimus.
2663 4196 2770 4253 Sed
2814 4196 3064 4277 tractatui
3112 4211 3212 4252 suo
3258 4195 3382 4251 ﬁdei
3424 4203 3623 4250 nostra:
3664 4195 3867 4251 veritas

2264 4297 2574 4344 reservetur
2614 4305 2628 4342 :
2667 4303 2788 4360 quae
2835 4304 2957 4346 cum
3001 4289 3252 4345 inchoata
3298 4289 3370 4345 sit
3409 4285 3475 4343 ad
3517 4288 3865 4342 securitatem

2264 4378 2512 4451 legentis,
2557 4380 2830 4438 tractanda
2878 4390 3055 4438 tamen
3087 4391 3248 4452 atque
3292 4380 3619 4438 absolvenda
3652 4380 3869 4451 plenius

559 4480 782 4554 angelus
806 4479 900 4538 Dei
928 4487 1030 4537 est.
1058 4477 1332 4535 Inferioris
1380 4477 1524 4533 enim
1555 4485 1760 4534 naturae
1800 4474 2012 4532 videtur
2056 4474 2160 4532 hoc
2185 4465 2238 4526 D
2263 4485 2347 4533 cst
2370 4474 2437 4531 ad
2459 4474 2895 4547 desperationem
2924 4474 3366 4533 contradicentis.

634 4666 717 4739 (υ
746 4661 832 4739 Ea:
861 4674 1093 4739 utroque.

634 4736 718 4810 (ε)
743 4738 838 4795 Illi
858 4737 1099 4794 ministri.

564 4947 690 5077 Vlat.
725 4946 853 5075 tbas.
897 4945 1071 5005 codex
1114 4959 1239 5003 cum
1288 4945 1478 5014 Carm,
1510 4945 1662 5017 Lunus
1710 4953 1785 5001 est
1829 4942 1979 5000 homo
2009 4958 2161 5000 :non

565 5036 603 5077 ι)
624 5034 719 5077 ace
749 5058 765 5073 .

565 5034 765 5094 placet.

638 5113 715 5187 (a)
751 5112 844 5169 Er.
871 5112 1019 5185 Lips.
1055 5112 1375 5187 etPar.,_in
1411 5121 1635 5187 utroque
1659 5126 1681 5166 :
1719 5110 1851 5167 Bad.
1898 5127 2019 5167 cum
2046 5109 2167 5183 pluo

573 5183 727 5243 ribus
759 5199 893 5240 mss.
923 5183 987 5240 ea:
1015 5194 1247 5253 utroque.
1284 5183 1627 5240 Praeferinius
1652 5198 1717 5237 ea:
1755 5199 1873 5238 vero
1911 5198 2035 5238 cum
2081 5197 2170 5238 ve-

572 5257 891 5313 tuStioribus
916 5255 1096 5321 Colb.,
1129 5255 1311 5321 Rem,
1340 5253 1550 5321 Germ.,
1582 5263 1689 5309 etc.

648 5350 724 5422 (b)
755 5350 812 5406 In
834 5348 1086 5422 vulgatis,
1119 5346 1198 5401 illi
1232 5346 1495 5422 _ministri,
1524 5357 1653 5422 et_c_.,
1689 5359 1841 5422 tum,_
1871 5348 1952 5404 sui
1997 5356 2169 5404 autem

575 5418 787 5492 spiritus
810 5436 829 5475 :
857 5418 949 5476 ubi
977 5418 1032 5474 iu
1061 5433 1193 5492 mss.
1221 5418 1411 5484 Corb.,
1445 5433 1552 5474 uno
1579 5420 1700 5473 Vat.
1732 5430 1785 5476 ct
1810 5419 1984 5487 Prat.,
2009 5430 2058 5476 et
2096 5423 2171 5492 [a-

579 5489 717 5547 eiens
741 5493 953 5564 spiritus
977 5508 997 5546 :
1029 5492 1080 5548 in
1112 5489 1414 5564 aliisvero,
1460 5499 1507 5545 et
1534 5492 1736 5564 veniens
1782 5492 2019 5564 spiritus,
2063 5489 2172 5564 hoc

581 5572 689 5636 est,
730 5560 952 5633 spiritus
996 5563 1089 5636 qui
1136 5560 1285 5619 venit
1324 5561 1523 5618 missus
1561 5562 1629 5619 ad
1667 5560 1877 5636 aliquid
1922 5560 2175 5619 nuntian-

580 5634 733 5695 dum.

2344 4663 2423 4737 (3)
2446 4661 2723 4720 Ministerii
2752 4664 2990 4736 officium.

2338 4942 2424 5017 (c)_
2444 4942 2561 4999 Duo
2587 4955 2720 4998 mss.
2750 4940 2945 5017 συιδ.)
2970 4948 3028 4996 ut
3050 4940 3268 5017 nuntiet,
3314 4939 3587 4999 ministerii
3625 4941 3869 5017 ofﬁcium,

2268 5013 2372 5070 hoc
2394 5013 2708 5071 faventibus
2734 5014 2969 5080 caeteris,
2995 5015 3139 5084 quod
3190 5029 3357 5084 prope
3399 5028 3592 5070 omnes
3631 5013 3876 5071 habeant

2268 5086 2543 5157 ministerii
2591 5086 2830 5157 ofﬁcium.
2882 5085 3192 5157 Proxumum
3234 5085 3539 5157 Psalmistze
3585 5086 3762 5141 locum
3804 5103 3873 5142 ex

2271 5156 2460 5213 Hilarii
2493 5156 2940 5226 interpretatione
2981 5156 3057 5210 ita
3092 5156 3499 5228 intelligendum
3531 5156 3737 5228 liquet:
3772 5158 3877 5224 Qui

2272 5229 2501 5299 spiritus;
2530 5237 2576 5281 et
2621 5229 2790 5298 ignem
2834 5237 3062 5281 urentem
3106 5228 3226 5295 facit
3273 5227 3485 5299 angelos
3526 5227 3876 5284 et'ministros

2273 5297 2414 5354 suos.
2459 5297 2615 5355 Unde
2642 5297 2828 5363 Sumit,
2859 5312 2956 5353 eos
2985 5300 3205 5367 spiritus
3236 5297 3358 5354 non'
3391 5310 3579 5355 natura
3632 5300 3683 5353 id
3727 5315 3874 5366 esSe,

2277 5371 2421 5442 quod
2452 5371 2607 5437 ﬁunt,
2640 5384 2735 5426 seu
2764 5368 2911 5441 quod
2935 5370 3015 5426 cis
3038 5372 3150 5441 jam
3179 5371 3491 5426 constitutis
3516 5370 3876 5426 adventitium

2280 5450 2382 5499 est.
2392 5454 2405 5473 ‘

2283 5512 2434 5643 aug?
2471 5510 2638 5570 Εδίιίο
2683 5512 2781 5569 Dei
2827 5514 3010 5584 ﬁlium.
3056 5512 3387 5571 Concinnius
3429 5527 3562 5573 mss.
3608 5511 3776 5569 Deum
3816 5512 3883 5585 [i-

2356 5656 2430 5734 (e)
2456 5656 2744 5731 Exemplar
2765 5656 2927 5715 Carn.
2955 5654 3094 5727 quod
3118 5672 3183 5714 ea:
3205 5673 3330 5715 una.
