4118 6186
323 256 419 311 157

1535 243 1626 323 ne
1668 266 2041 327 TlllNl'l‘A'l‘E
2079 269 2287 330 LIBER
2328 273 2391 331 v.

3509 293 3614 352 158

393 371 548 441 ιιι
575 368 661 424 15.
688 366 915 441 Angelus
955 369 1095 442 Agar
1141 372 1307 429 Deum
1333 391 1386 430 te
1411 377 1629 432 ostendit
1673 380 1824 433 dictis
1866 390 1914 435 ει
1940 397 1990 458 Α
2020 392 2073 438 ιιι
2117 386 2283 441 Deum
2329 389 2584 462 deneges.
2635 394 2781 463 Quas
2828 401 3129 468 promissas
3176 407 3408 468 Abrahm
3448 415 3616 473 bene-

312 466 490 530 gesn‘s.
521 490 587 500 -—-
620 459 741 516 Non
804 462 963 517 aﬂ'ert
1009 464 1189 536 itaque
1222 466 1655 525 ‘demutationem
1707 483 1915 527 naturae

312 567 517 610 nomen
542 553 704 610 ofﬁcii
736 572 750 608 :
779 554 869 626 qui
909 556 1056 612 enim
1088 560 1312 630 angelus
1354 561 1447 618 Dei
1480 572 1585 629 est,
1629 564 1770 620 Deus
1810 576 1911 620 est.

310 644 435 702 Non
466 647 535 703 sit
564 647 727 718 plane
757 647 899 704 Deus
925 664 1110 718 verus,
1144 653 1190 706 si
1232 668 1338 709 non
1365 669 1454 711 res
1494 655 1590 710 Dei
1621 667 1676 712 et
1705 658 1915 713 locutus

310 736 499 805 fuerit,
530 752 586 797 et
612 741 865 813 gesserit.
901 743 960 799 ιιι
983 753 1203 816 gentem
1232 748 1376 801 enim
1418 764 1667 819 magnam
1718 748 1917 807 lsmael

310 832 562 904 adauget,
619 844 673 891 et
716 836 922 891 nomini
968 837 1087 908 ejus
1135 839 1616 910 multiplicationes
1676 844 1915 913 gentium

313 926 641 996 pollicetur:
687 937 744 983 et
787 943 991 998 quasro,
1044 930 1089 986 si
1135 930 1239 988 hoc
1282 932 1474 1005 Angeli
1520 949 1657 1005 opus
1684 944 1787 991 est.
1819 937 1918 993 Sin

309 1034 445 1075 vero
469 1020 564 1076 Dei
595 1029 833 1091 potestas
854 1032 971 1088 est;
1004 1024 1130 1095 quid
1165 1036 1373 1082 natura:
1398 1029 1580 1085 aufers
1604 1029 1913 1097 veritatem,

311 1117 399 1171 cui
448 1116 688 1173 veritatis
736 1134 842 1175 non
870 1120 1068 1177 adimis
1129 1125 1486 1192 potestatem?
1529 1124 1701 1181 Tenet
1737 1126 1918 1197 itaque

312 1220 521 1265 natura:
568 1212 739 1268 virtus
780 1214 1019 1271 veritatis
1058 1214 1260 1271 ﬁdem:
1297 1225 1353 1272 et
1382 1218 1521 1273 inter
1559 1219 1917 1289 dispensatio-

309 1302 398 1358 nis
445 1317 560 1359 suze
610 1305 867 1361 salutaria
915 1308 1118 1365 mundo
1161 1319 1499 1365 sacramenta
1527 1308 1603 1382 (a)
1634 1312 1724 1382 qui
1772 1313 1915 1368 Dens

311 1412 479 1452 verus
507 1407 613 1464 est,
634 1401 811 1456 nescit
837 1400 980 1456 Deus
1007 1416 1170 1458 verus
1196 1402 1486 1473 aliquando
1510 1418 1617 1458 non
1644 1419 1785 1461 esse.

390 1489 483 1545 14.
519 1491 617 1560 Qui
652 1490 794 1548 Deus
841 1503 936 1559 est,
983 1492 1120 1549 Deus
1159 1511 1309 1551 verus
1352 1505 1447 1551 est.
1480 1525 1553 1537 —
1580 1497 1643 1551 Et
1686 1498 1912 1566 primum

311 1599 543 1655 quaero,
590 1585 719 1656 quid
765 1586 1178 1657 signiﬁcationis
1226 1588 1424 1644 habeat
1472 1589 1614 1645 Deus
1645 1590 1719 1664 (ὁ)
1752 1607 1915 1647 verus

311 1687 366 1730 ct
412 1691 519 1730 non
571 1677 713 1733 Deus
762 1680 962 1734 verus?
1012 1695 1116 1736 non
1164 1681 1306 1736 enim
1354 1682 1505 1738 verbi
1531 1683 1689 1754 hujus
1720 1701 1915 1756 appre-

2018 477 2283 535 dictiones
2330 482 2496 553 impie
2538 493 2859 558 exspectas?
2903 494 3017 551 Non
3046 509 3131 554 est
3161 502 3253 559 tibi
3282 505 3390 571 ille,
3425 517 3481 562 ut
3509 519 3614 579 est,

2015 574 2258 643 gentium
2298 580 2454 651 112
2485 593 2678 650 pater:
2722 601 2895 658 neque
2916 591 2970 644 in
3001 590 3258 651 familiam
3289 599 3511 656 seminis
3534 574 3615 658 sui

2019 682 2116 736 per
2157 670 2564 730 benedictiones
2610 677 2733 734 fidei
2761 679 2837 753 (g)
2869 698 2983 739 suae
3010 699 3230 745 renatus
3258 694 3464 752 evadis.
3494 695 3614 755 Non

2017 758 2086 814 de
2123 759 2392 831 lapidibus
2437 766 2669 824 Abrahae
2714 771 2857 829 ﬁlius
2898 777 3183 847 excitaris;
3218 782 3314 839 sed
3352 788 3501 845 natio
3533 791 3614 845 vi-

2018 870 2269 926 perarum
2310 859 2672 919 confessionis
2719 880 2831 922 suae
2879 868 3051 927 hostis
3097 876 3335 933 exsistis.
3390 879 3508 937 Non
3556 898 3617 938 es

2018 946 2187 1005 Israel
2220 950 2340 1018 Dei,
2380 968 2486 1009 non
2518 970 2577 1011 es
2606 957 2841 1016 Abrabze
2870 967 3165 1033 successio,
3216 976 3321 1026 non
3344 971 3614 1043 justilica-

2020 1046 2106 1095 tus
2154 1057 2219 1097 ex
2268 1042 2376 1100 ﬁde
2414 1060 2516 1102 es:
2568 1063 2675 1105 non
2702 1053 2846 1108 enim
2892 1055 3005 1113 Deo
3034 1042 3470 1122 credidistirl’er
3494 1083 3612 1125 eam

2018 1148 2252 1205 namque
2295 1135 2454 1194 ﬁdem
2497 1141 2823 1210 justiﬁeatus
2883 1160 2987 1216 est,
3043 1163 3098 1208 et
3150 1148 3476 1216 constitutus
3533 1172 3617 1218 est

2017 1226 2291 1284 Abraham
2323 1241 2477 1302 pater
2503 1238 2765 1306 gentium,
2803 1257 2898 1312 per
2942 1261 3102 1316 quam
3146 1250 3313 1305 Deum
3360 1255 3446 1310 cui
3496 1272 3616 1314 cre-

2018 1317 2229 1376 diderat
2257 1322 2522 1380 adoravit.
2555 1329 2819 1387 Adoravit
2861 1338 3060 1392 etenim
3100 1340 3291 1398 beatus
3335 1344 3426 1401 ille
3468 1357 3522 1403 et
3551 1349 3613 1402 ﬁ.

2017 1409 2156 1467 delis
2205 1417 2509 1483 patriarcha
2549 1421 2718 1479 Deum
2761 1425 2914 1500 (Gen.
2965 1447 3117 1500 xvin,
3168 1434 3291 1508 l4);
3331 1448 3387 1493 et
3430 1443 3617 1514 accipe

2016 1519 2177 1574 quam
2212 1509 2381 1567 Deum
2411 1529 2625 1585 verum,
2651 1519 2757 1587 cui,
2791 1533 2847 1576 ut
2872 1525 2991 1594 ipse
3009 1526 3076 1581 de
3097 1544 3157 1584 se
3173 1530 3270 1597 ait,
3292 1547 3397 1588 non
3415 1509 3617 1604 impos-

2017 1600 2177 1658 sibile
2202 1614 2287 1660 est
2315 1622 2478 1664 omne
2503 1612 2749 1668 verbum.
2795 1617 2903 1672 Aut
2930 1622 3190 1691 numquid
3222 1641 3330 1679 non
3373 1628 3474 1683 soli
3492 1600 3618 1686 Deo

2019 1693 2276 1760 possibile
2325 1708 2410 1754 est
2456 1715 2619 1759 omne
2659 1708 3056 1766 verbum?Aut
3099 1716 3184 1769 cui
3232 1720 3489 1785 possibile
3531 1731 3617 1777 est

307 1771 492 1827 bendo
518 1774 810 1842 rationem,
834 1775 879 1831 si
905 1776 1119 1833 dicatur
1148 1777 1298 1846 mihi,
1336 1779 1479 1850 Ignis
1517 1790 1621 1846 est,
1661 1782 1755 1837 sed
1804 1799 1912 1839 non
1944 1784 1991 1844 Β
2018 1797 2183 1842 omne
2212 1788 2466 1859 verbum,
2496 1810 2682 1864 quaero
2707 1798 2833 1868 quid
2866 1801 3007 1858 desit
3033 1804 3102 1860 de
3124 1771 3414 1865 Deo-vero:

306 1876 390 1922 est
417 1883 586 1923 verus
616 1870 785 1938 ignis;
810 1881 903 1924 aut
932 1886 1068 1940 aqua
1091 1884 1194 1939 est,
1227 1873 1322 1930 sed
1350 1890 1457 1930 non
1485 1884 1568 1931 est
1589 1892 1712 1932 vera
1735 1893 1869 1948 aqua
1898 1897 1912 1935 :

307 1969 360 2015 et
388 1974 603 2031 quaero,
633 1960 687 2015 iu
718 1977 827 2031 quo
874 1961 1118 2032 ejusdem
1145 1966 1366 2035 generis
1414 1966 1614 2023 veritas
1639 1982 1669 2022 a
1701 1968 1915 2039 generis

307 2052 555 2123 ejusdem
602 2055 832 2110 veritate
871 2056 1196 2133 dissentiat?
1226 2050 1379 2128 Quod
1421 2063 1564 2116 enim
1619 2063 1757 2133 ignis
1806 2072 1910 2127 est,

307 2159 415 2201 non
442 2153 628 2216 potest
646 2161 771 2203 esse
802 2163 870 2205 ne
896 2164 1059 2205 verus
1088 2151 1195 2205 sit:
1239 2167 1341 2208 nec
1370 2161 1560 2208 natura
1591 2153 1663 2227 (c)
1690 2170 1915 2213 manens

306 2254 373 2296 eo
428 2240 514 2312 (i)
572 2252 751 2312 potest
801 2260 991 2302 carere
1034 2245 1179 2316 quod
1205 2262 1331 2303 vera
1355 2258 1458 2304 est.
1490 2249 1705 2306 Perime
1734 2266 1911 2323 aqum,

307 2333 454 2403 quod
493 2350 636 2406 aqua
680 2345 802 2392 est:
834 2347 891 2393 et
939 2354 1035 2409 per
1061 2339 1114 2395 id
1158 2341 1360 2411 poteris
1410 2342 1629 2400 abolere
1677 2360 1746 2401 ne
1788 2360 1914 2402 vera

306 2432 396 2484 sit.
453 2428 725 2487 Caeterum
776 2432 821 2488 si
851 2448 987 2504 aqua
1029 2444 1267 2502 maneat,
1297 2437 1463 2492 etiam
1490 2437 1542 2492 in
1583 2453 1651 2495 eo
1693 2454 1917 2496 necesse

307 2532 391 2578 est
442 2523 700 2592 persistat
729 2534 788 2580 ut
821 2541 950 2582 vera
987 2528 1076 2582 sit.
1113 2528 1299 2584 Potest
1340 2530 1413 2584 ita
1458 2530 1673 2586 demum
1722 2541 1913 2589 natura

306 2617 516 2687 perire,
549 2619 596 2673 si
628 2635 735 2674 non
766 2622 839 2676 sit
868 2639 882 2675 :
916 2636 1104 2678 verum
1135 2638 1240 2678 non
1272 2635 1449 2695 potest
1476 2641 1583 2683 non
1612 2642 1742 2684 vera
1767 2643 1911 2694 esse,

307 2712 353 2766 si
397 2723 640 2767 maneat.
689 2714 799 2770 Aut
844 2715 987 2773 Deus
1030 2732 1195 2774 verus
1234 2728 1318 2775 est
1369 2718 1511 2776 ﬁlius
1540 2721 1651 2788 Dei,
1686 2732 1747 2778 ut
1772 2724 1916 2780 Deus

308 2801 413 2868 sit;
443 2811 538 2858 aut
562 2805 606 2859 si
632 2821 738 2860 non
762 2818 846 2862 est
884 2823 1046 2865 verus
1074 2810 1239 2879 Deus,
1273 2827 1379 2867 non
1429 2823 1605 2884 potest
1650 2818 1812 2872 etiam
1860 2816 1914 2872 id

308 2906 436 2949 csse
452 2896 598 2964 quod
627 2896 773 2952 Deus
789 2908 873 2954 est
892 2917 903 2952 :
919 2899 998 2972 (ά)
1019 2901 1142 2971 quia
1160 2902 1207 2958 si
1234 2911 1425 2959 natura
1454 2920 1560 2961 non
1589 2906 1679 2972 sit,
1707 2915 1914 2962 naturai

307 3000 417 3040 non
451 2990 716 3058 competit
744 3005 972 3058 nomen;
1004 2993 1051 3047 si
1080 3002 1260 3051 autem
1291 3003 1499 3053 naturae
1528 2999 1581 3052 in
1613 3012 1679 3054 eo
1715 3013 1914 3055 nomen

309 3092 418 3146 εει,
450 3095 559 3137 non
594 3092 770 3152 patest
798 3084 869 3140 ab
893 3100 960 3142 eo
992 3088 1195 3143 veritas
1219 3088 1414 3145 abesse
1439 3099 1663 3147 natura.

2091 1878 2177 1976 ιϐ.
2211 1878 2449 1938 Iudicem
2466 1888 2674 1957 justum
2716 1892 2942 1962 agnovit.
2973 1893 3115 1951 Deus
3141 1898 3284 1955 solus
3331 1912 3405 1957 est
3438 1905 3618 1976 justus

2007 1970 2180 2063 iudex
2202 1989 2265 2027 em
2307 1975 2436 2043 ipsis
2472 1977 2744 2037 hwreticis.
2774 2013 2847 2024 -—-
2870 1985 2938 2041 Et
2975 2004 3129 2059 rogo,
3178 1995 3300 2063 quis
3345 1970 3454 2051 esti
3476 2000 3619 2056 Deus

2018 2060 2106 2118 hic
2136 2063 2388 2123 Sodomae
2408 2078 2464 2124 et
2488 2071 2803 2131 Gomorrhte
2849 2083 3105 2137 eversor?
3134 2060 3280 2141 Pluit
3323 2090 3464 2144 enim
3513 2091 3619 2147 Do-

2018 2155 2197 2212 minus
2233 2173 2264 2212 a
2312 2160 2541 2219 Domino
2584 2183 2598 2219 :
2645 2170 2904 2240 numquid
2951 2187 3057 2228 non
3095 2191 3254 2233 verus
3301 2179 3559 2239 Dominus
3585 2199 3614 2239 a

2020 2260 2154 2303 vero
2181 2249 2445 2308 Domino?
2472 2256 2555 2328 (5)
2586 2256 2667 2331 (Ιι)
2696 2270 2789 2316 aut
2816 2263 2942 2333 quid
2972 2266 3118 2322 aliud
3164 2287 3323 2339 quam
3356 2274 3616 2331 Dominus

2017 2354 2047 2393 a
2080 2341 2348 2400 Domino?
2396 2348 2480 2403 vel
2510 2350 2638 2420 quid
2671 2362 2868 2423 praeter
2890 2356 3338 2428 significationem
3368 2382 3617 2438 persona:

2019 2433 2073 2488 in
2104 2434 2336 2492 Domino
2358 2455 2424 2496 ac
2457 2441 2683 2501 Domino
2710 2451 3027 2517 coaptabis?
3064 2454 3131 2509 Et
3162 2433 3433 2517 memento
3471 2466 3614 2533 quod

2018 2541 2179 2596 quem
2208 2530 2378 2584 solum
2402 2548 2576 2589 verum
2608 2536 2778 2593 Deum
2805 2543 2966 2611 nosti,
3004 2544 3146 2603 hunc
3171 2552 3420 2609 eumdem
3449 2530 3615 2612 solum

2008 2619 2213 2719 {uelum
2243 2623 2471 2692 judicem
2508 2626 2569 2700 (i)
2600 2631 2674 2685 sis
2714 2633 3009 2701 professus.
3045 2638 3111 2693 Et
3157 2642 3408 2716 intellige.
3469 2650 3612 2719 quod

2019 2711 2299 2783 Dominus,
2328 2718 2415 2785 qui
2449 2720 2583 2789 pluit
2609 2737 2638 2775 a
2671 2722 2922 2792 Domino,
2970 2744 3077 2785 non
3108 2711 3359 2795 occidens
3403 2711 3612 2808 justum

2019 2821 2141 2861 cum
2173 2808 2359 2879 impio,
2388 2827 2604 2869 omnem
2629 2815 2881 2886 judicans
2909 2831 3129 2892 terram,
3165 2837 3219 2884 et
3262 2830 3523 2891 Dominus
3564 2848 3620 2893 et.

2013 2898 2193 2970 justus
2217 2902 2381 2973 judex
2407 2914 2512 2973 est,
2540 2917 2594 2963 et
2644 2911 2830 2981 pluita
2878 2914 3127 3002 Domino.
3180 2920 3245 2977 Et
3289 2922 3430 2982 inter
3477 2928 3615 2999 hmo,

2019 3006 2177 3061 quem
2219 2996 2393 3051 solum
2436 2999 2642 3070 justum
2683 3005 2925 3074 judicem
2956 2996 3175 3081 dixeris,
3208 3031 3411 3087 quaero.
3442 3021 3488 3075 A
3515 2996 3619 3079 Do;

2019 3088 2169 3144 mino
2198 3093 2342 3147 enim
2373 3094 2629 3154 Dominus
2656 3100 2790 3170 pluit
2816 3121 2830 3158 :
2870 3115 2923 3159 et
2952 3105 3096 3164 hunc
3136 3109 3338 3181 justum
3378 3116 3613 3185 judicem

380 3174 476 3229 15.
510 3173 675 3242 Quem
700 3177 757 3231 in
781 3178 950 3245 specie
975 3180 1145 3250 angeli
1169 3180 1312 3251 Agar
1352 3179 1519 3235 Deum
1564 3183 1715 3249 dixit,
1747 3182 1914 3238 Abra-
1941 3173 1988 3237 C
2019 3197 2125 3239 non
2178 3188 2422 3258 negabis,
2464 3192 2552 3261 qni
2600 3187 2735 3262 pluit
2777 3211 2807 3250 a
2861 3198 3107 3258 Domino.
3136 3173 3427 3264 ’Abraham
3472 3173 3615 3270 enim

302 3266 433 3322 liam
462 3270 515 3323 in
545 3273 716 3341 [arma
757 3270 976 3326 hominis
1011 3272 1266 3328 adoravit.
1289 3274 1573 3330 Adornndo
1600 3276 1918 3347 justiﬁcatus

304 3370 403 3416 est.
438 3360 607 3417 Deum
634 3379 809 3418 verum
835 3365 1093 3421 adorauit.
1119 3395 1190 3406 —-
1216 3367 1324 3424 Sed
1372 3368 1511 3424 forte
1556 3367 1611 3423 in
1652 3384 1736 3436 eo,
1790 3385 1913 3425 cmn

302 3455 539 3527 angelus
568 3457 665 3513 Dei
691 3457 837 3513 Deus
856 3458 1076 3524 dicitur,
1126 3458 1434 3529 adoptionis
1477 3474 1674 3517 nomen
1721 3461 1914 3518 indul-

303 3559 522 3621 geatur,
554 3558 612 3605 et
636 3550 708 3606 sit
738 3550 791 3605 in
812 3565 879 3606 eo
922 3552 1254 3621 nuncupatio
1285 3551 1378 3606 Dei
1410 3552 1589 3622 potius
1630 3568 1794 3623 quam
1823 3569 1916 3610 ve-

302 3642 467 3698 ritas.
495 3641 555 3698 Si
586 3658 773 3713 parum
803 3653 1049 3699 naturam
1083 3644 1135 3699 in
1167 3660 1224 3700 se
1250 3644 1345 3699 Dei
1379 3654 1515 3712 tum,
1539 3659 1661 3700 cum
1691 3647 1913 3717 angelus

304 3733 405 3790 Dei
436 3734 614 3791 dictus
641 3745 746 3801 est,
777 3735 993 3803 docuit;
1022 3735 1104 3809 (‘2)
1139 3736 1211 3808 (ε)
1243 3739 1295 3791 in
1321 3737 1595 3793 inferioris
1621 3738 1798 3793 adhuc
1841 3741 1911 3796 ab

302 3828 504 3899 angelo
525 3838 736 3884 natura:
768 3830 989 3885 nomine
1020 3829 1286 3901 intelligo,
1313 3846 1382 3885 an
1411 3847 1477 3886 ex
1524 3847 1585 3888 se
1633 3832 1723 3886 Dei
1765 3847 1909 3905 prte—

304 3921 514 3976 stiterit
535 3922 842 3979 veritatem.
875 3922 1121 3994 Namque
1162 3924 1228 3979 ad
1262 3925 1534 3979 Abraham
1570 3925 1733 3980 homo
1762 3927 1911 3981 locu-

302 4018 394 4066 tus
424 4012 655 4079 est;sed
674 4014 950 4070 Abraham
980 4015 1151 4070 Deum
1182 4015 1448 4071 adoravit.
1474 4016 1582 4072 Sed
1606 4032 1640 4072 o
1684 4017 1755 4089 (ί)
1787 4033 1911 4088 pes-

298 4103 440 4162 tifer
459 4104 737 4175 haeretice,
764 4106 934 4165 Deum
975 4106 1250 4165 Abraham
1289 4108 1571 4166 confessus
1613 4117 1718 4179 est,
1748 4125 1909 4181 quem

372 4268 464 4413 Et}
491 4267 561 4397 l1:
583 4287 669 4413 ἐκεῖ

374 4341 464 4429 (‘2)
491 4342 561 4397 In
583 4341 848 4415 inferioris
871 4343 1041 4399 adhuc
1069 4347 1269 4416 formae.

2017 3273 2173 3341 dixit,
2216 3287 2370 3346 pater
2390 3282 2655 3351 gentium,
2700 3301 2808 3342 non
2843 3289 3026 3360 utique
3053 3293 3349 3353 infidelium
3378 3316 3399 3355 :l
3443 3301 3613 3360 Nulla

2016 3368 2174 3460 modo
2200 3369 2269 3444 (i)
2303 3373 2460 3443 facies
2498 3375 2597 3430 Itoc
2640 3379 2867 3449 uerbum,
2912 3394 2967 3438 ut
3007 3388 3216 3444 occidas
3254 3391 3455 3461 justum
3498 3413 3615 3452 eum

2015 3449 2200 3529 impio,
2240 3474 2287 3519 et
2335 3469 2429 3521 erit
2461 3472 2640 3542 justus
2684 3482 2943 3546 tamquam
2985 3478 3196 3552 impius.
3250 3449 3416 3541 Ιναιιο

2015 3556 2103 3622 qui
2137 3557 2348 3628 judice:
2398 3569 2603 3628 terram,
2651 3567 2811 3636 facies
2849 3570 2944 3624 Ιιοε
2957 3571 3221 3642 judicium
3275 3577 3428 3651 (Gen.
3461 3600 3615 3654 xvm,

2015 3644 2137 3715 25).
2165 3646 2317 3704 Hunc
2344 3666 2474 3721 ergo
2503 3653 2671 3709 Deum
2714 3658 2918 3727 justum
2959 3663 3220 3732 judicem,
3267 3644 3491 3730 necesse
3533 3644 3619 3734 est

2017 3745 2073 3792 et
2098 3753 2283 3794 verum
2316 3740 2481 3798 Deum
2508 3760 2651 3803 esse.
2680 3748 2797 3803 Tuo
2822 3760 2897 3817 te,
2922 3752 3107 3824 impie,
3134 3767 3290 3815 teneo
3311 3768 3617 3827 mendacio.

2019 3828 2267 3887 Nondum
2313 3848 2380 3889 ex
2426 3835 2731 3909 Evangeliis
2773 3842 2942 3899 Deum
2965 3846 3202 3915 judicem
3247 3856 3500 3923 profero:
3533 3860 3619 3918 lex

2016 3925 2152 3981 mihi
2192 3927 2429 3997 judicem
2482 3933 2653 3990 Deum
2702 3936 2877 3995 locuta
2922 3952 3026 3997 est.
3062 3944 3253 4003 Adime
3292 3950 3433 4009 Filio
3474 3958 3619 4027 quod

2012 4018 2181 4089 judex
2226 4032 2331 4090 est,
2378 4034 2436 4079 ut
2480 4026 2696 4085 auferas
2743 4032 2888 4102 quod
2931 4035 3076 4093 Deus
3124 4055 3287 4098 verus
3328 4059 3431 4102 est.
3478 4018 3614 4107 Dum

2017 4113 2160 4170 enim
2219 4114 2396 4172 solum
2439 4133 2628 4175 verum
2694 4122 2885 4194 Deum,
2940 4143 3101 4199 quem
3158 4134 3335 4192 solum
3377 4139 3616 4209 judicem

2093 4275 2173 4350 (5)
2206 4275 2309 4331 Aut
2333 4278 2584 4351 numquid
2620 4282 2787 4339 aliud.

376 4481 459 4555 (a)
484 4481 677 4562 ld_est,
706 4482 797 4552 qui
828 4482 967 4562 Deus
988 4496 1151 4562 verus
1176 4490 1282 4547 est,
1315 4495 1437 4536 cum
1480 4480 1674 4562 salutis
1714 4488 1913 4562 nostrae
1939 4492 1995 4554 D
2017 4487 2207 4562 estque
2256 4479 2324 4537 ab
2350 4479 2750 4562 antiquioribus
2775 4482 3158 4557 Colb.,Carn.,
3183 4493 3368 4553 Germ.
3417 4500 3620 4562 Insistit

300 4551 473 4613 eausa
504 4554 573 4607 ad
604 4551 843 4608 nostram
878 4553 1245 4609 inﬁrmitatem
1273 4567 1332 4607 se
1360 4551 1779 4607 accommodans
1806 4552 1910 4607 ho-

300 4625 555 4682 rninibus
578 4623 845 4703 visibilem
876 4624 1195 4703 seprzehuit
1215 4639 1278 4678 ac
1307 4624 1486 4679 dictus
1514 4633 1597 4679 est
1619 4623 1849 4703 angelus.

382 4696 462 4769 (li)
490 4696 735 4769 Ingprius
763 4698 979 4769 excusis
1025 4695 1291 4769 omittitur
1330 4710 1433 4748 vnx
1461 4711 1608 4749 verus
1631 4711 1650 4749 :
1680 4706 1736 4751 et.
1763 4695 1913 4751 vide-

304 4766 403 4824 tur
446 4766 664 4835 quidem
731 4767 1053 4822 redundare.
1103 4766 1213 4822 Sed
1280 4781 1399 4819 eam
1451 4777 1630 4820 tamen
1696 4781 1910 4820 summo

303 4853 583 4895 consensn
614 4838 818 4894 habent
850 4854 978 4894 mss.
1013 4836 1167 4893 Unde
1198 4838 1425 4906 primum
1455 4838 1582 4890 illud
1604 4836 1741 4891 Deus
1762 4853 1911 4891 verus

302 4912 377 4967 ad
408 4910 629 4965 Patrem
658 4908 999 4964 referendum
1046 4924 1167 4964 esse
1209 4910 1553 4963 arbitramur.
1585 4907 1795 4962 Diserte
1826 4908 1912 4963 hic

304 4982 586 5038 refellitur
610 4981 794 5047 Arius,
820 4983 907 5049 qui
937 4982 990 5035 in
1018 4979 1226 5043 Thalia,
1261 4979 1556 5049 Athanasio
1586 4988 1746 5041 teste,
1765 4978 1916 5034 Orat.

301 5053 342 5109 Ξ
371 5061 522 5107 cont.
559 5056 678 5117 Ar.,
710 5046 932 5121 p.311,
960 5052 1142 5107 dicere
1167 5067 1329 5106 ausus
1353 5059 1434 5104 est
1461 5065 1475 5116 ;
1523 5046 1641 5106 ὀτι
1660 5050 1774 5106 οὐδέ
1795 5054 1921 5113 Θεὸς

302 5126 541 5198 amens;
565 5127 708 5198 ἐστιν
731 5123 758 5178 ὁ
783 5125 952 5198 loyce,
994 5126 1036 5178 si
1075 5120 1130 5178 δὲ
1168 5127 1251 5178 καὶ
1287 5122 1491 5198 λέγεῖαι
1530 5122 1920 5198 Θεὸς-,Αὰᾏλξεύι

303 5197 545 5258 ἀληθινός
564 5196 724 5282 ἐςτιν.
754 5190 879 5253 ἀλλᾶ
910 5201 1113 5282 fugax?
1135 5190 1377 5282 χάριῖος,
1401 5195 1590 5282 ὥσπξρ.
1607 5196 1691 5249 καὶ
1712 5194 1757 5248 οἱ
1779 5190 1919 5249 ἄλλοι

303 5270 530 5333 πάντες,
562 5266 730 5327 οὕτως
754 5264 1019 5349 ξιαὶῃαῦτὸς
1038 5264 1482 5349 ἷέγέίξοίιβνόμαςι
1501 5264 1643 5349 Θεὸς.
1868 5336 1881 5349 .

386 5342 463 5409 (et
494 5338 644 5393 Unus
672 5335 797 5393 cod.
833 5338 953 5393 Vat.
979 5335 1116 5393 cum'
1143 5336 1306 5392 Corb.
1339 5335 1393 5390 et
1428 5336 1576 5390 Prat.
1606 5350 1819 5390 manens
1862 5336 1915 5390 in

304 5409 808 5488 “minusbesze-
876 5478 890 5488 .
1096 5479 1110 5488 .
1163 5480 1175 5488 .
1440 5476 1481 5488 ..
1599 5476 1630 5488 ..
1703 5477 1736 5488 ..

390 5479 476 5564 (d)
498 5480 684 5564 ln'ms.
715 5477 840 5564 vat.
875 5478 988 5562 has.
1021 5479 1409 5564 quisinnat‘ura.
1440 5476 1913 5564 blondisplic‘eret,

306 5548 410 5606 cui
429 5554 494 5608 si.
525 5550 722 5609 Verius
744 5559 924 5608 tainen
957 5552 1009 5607 in
1036 5548 1155 5605 aliis
1177 5550 1351 5615 libris,
1378 5553 1498 5620 quia
1527 5550 1594 5615 si,
1618 5548 1916 5618 supplendo

302 5640 371 5679 ιιι
402 5639 483 5678 eo.

393 5694 570 5765 (e)rln
622 5694 866 5764 pluribus
914 5708 1043 5750 mss.
1090 5693 1147 5747 in
1193 5691 1452 5760 inferioris
1496 5690 1664 5745 adhuc
1710 5691 1913 5765 formae,

304 5764 558 5825 abundat
602 5780 705 5821 vox
732 5769 932 5837 fomite,
961 5773 1019 5820 ut
1048 5776 1170 5836 pote
1214 5777 1516 5836 synonyma
1547 5769 1767 5830 natura,
1817 5764 1909 5820 ab-

801 5861 1077 5924 Ρηιιοι..
1123 5857 1208 5923 Χ.

2020 4550 2253 4634 Hilarius
2300 4550 2753 4644 adversushmox
2800 4550 3158 4644 mem-oratam
3200 4550 3619 4644 Ariiﬂblaspbe:

2016 4621 2200 4704 miam,
2250 4623 2774 4706 quavultJVerbum
2801 4628 2905 4684 dici
2931 4621 3099 4688 Deum
3129 4621 3348 4694 nomine
3369 4621 3617 4703 lanis}:

2015 4693 2207 4784 ετθξξιῐξ
2235 4694 2897 4784 νενεαίοῖιξειιίῆεψν,μετοχῇ
2911 4706 3143 4784 χάριτος
3169 4713 3253 4765 καὶ
3273 4693 3499 4784 aviae}:

2089 4762 2158 4904 Si)
2184 4763 2240 4818 In
2268 4765 2542 4820 veteribus
2566 4762 2742 4833 libris,
2769 4762 3025 4842 pest'ife're'.

2115 4837 2168 4904 g)
2198 4834 2365 4889 Abest
2396 4852 2505 4890 sure
2534 4852 2564 4891 a
2597 4848 2808 4893 vetusto
2839 4859 2941 4897 ms.
2971 4846 3025 4897 Cl

2149 4837 2168 4902 )
2198 4834 2365 4889 Abest
2396 4852 2505 4890 sure
2534 4852 2564 4891 a
2597 4834 2808 4893 vetusto
2839 4834 2941 4897 ms.
2971 4846 3124 4901 Colb.

2091 4854 2105 4904 ι
2154 4854 2168 4902 )
2198 4854 2365 4889 Λυεει
2396 4854 2505 4890 sure
2534 4854 2564 4891 a
2597 4854 2808 4893 vetusto
2839 4859 2941 4897 ms.
2971 4854 3124 4901 L‘olh.

2089 4854 2171 5000 KZ}
2220 4906 2899 5000 [ll‘ﬁefffl‘i'ei'I‘ﬁz4°95?
2943 4916 3196 5000 .V"'3“"Sz
3237 4933 3330 5000 αῐιέ
3370 4933 3618 5000 numquid

2025 4976 2191 5063 aliud.
2222 4976 2330 5032 Alii
2362 4992 2515 5060 vero,
2542 4981 2789 5063 nmquid
2808 4981 2954 5063 aliud
2976 5001 2995 5039 :
3020 4976 3128 5059 quo
3152 4976 3611 5063 Simonidi};

2027 5056 2246 5131 ιιεεο
2264 5048 2725 5145 ξἐελιυιιειξξξίέ
3036 5048 3143 5145 ῖιερ
3168 5048 3235 5118 aii
3264 5048 3615 5145 εσςᾱίειμξῑιί

2024 5120 2419 5210 nisi-quatenus
2444 5137 2475 5174 a
2503 5117 2747 5210 Domine,
2770 5122 2882 5210 ⁸Ιιρε
2910 5117 3011 5210 est,
3047 5117 3518 5210 rationeoriginis.

2097 5189 2635 5285 (.‘)._Ari":i':.spis_t;
2663 5192 2737 5285 =39.
2757 5194 3019 5285 Ψεκξξηςιο
3050 5205 3189 5282 ηρυιι
3239 5189 3611 5285 saansaan“,

2022 5261 2381 5343 Epiphanium
2410 5271 2467 5343 et
2491 5263 2542 5343 i_n
2566 5264 2741 5343 geztis
2766 5261 3127 5343 Aquileiensis
3149 5261 3620 5343 canciliifuti‘aiii

2021 5343 2265 5424 ιιυιιιιιξιιι
2293 5342 2375 5387 est
2402 5334 2527 5416 (col:
2558 5333 2896 5424 10632301.],
2927 5340 3171 5424 editionis
3193 5333 3619 5424 ἠοεινὼξῇτιιῇ-

2027 5403 2599 5499 ξῗ.¹,¹¹¹’.υθ¹¹.¹“λ9ηυιίιιηι
2626 5403 2890 5499 ξυάίεειιι.
2912 5410 3062 5499 At_in
3093 5431 3160 5470 eo
3191 5418 3310 5474 loco
3350 5403 3619 5499 ἶιῖἠῖῇέὲἶι

2025 5472 2261 5556 Hilarius
2274 5475 2526 5559 judicem,
2552 5472 2647 5559 sed
2665 5489 2958 5559 creatorem.
2982 5483 3093 5559 lmo
3107 5501 3204 5542 nec
3217 5508 3243 5542 a
3254 5472 3614 5559 prﬁdiis—than:

2022 5546 2184 5627 slum,
2200 5559 2333 5637 etc.,I
2353 5545 2613 5637 habemus
2616 5550 2834 5619 justum,
2851 5553 2945 5637 sed
2959 5558 3185 5637 omnium
3194 5545 3615 5637 λη’άειῖεὲιὶῗρἑὶὃ-

2022 5619 2164 5706 circa
2195 5634 2299 5670 non
2319 5616 2405 5670 hic
2432 5616 3016 5706 irrdicaniturpra'dictze
3035 5616 3279 5706 ejiistdlan

2020 5689 2237 5762 Arianae
2263 5689 2760 5762 sententizerelatae
2790 5691 2881 5747 lib.
2915 5711 2985 5762 ιν,
3018 5689 3081 5751 ιι.’
3103 5699 3155 5753 8.

2094 5758 2113 5835 (
2130 5760 2182 5833 j)
2211 5757 2431 5832 Aliquot
2455 5761 2638 5832 proba:
2667 5768 2808 5822 notae
2832 5757 3182 5840 mss.'facias.

3045 5861 3085 5927 5
