4118 6186
453 228 559 296 130

1666 232 1916 293 SANCTI
1955 228 2213 289 unum
2252 212 2557 294 wtscoﬂ

3660 222 3767 302 tio

451 354 677 424 justum,
709 352 981 424 professus
1006 366 1104 409 es:
1137 359 1192 408 et
1211 364 1369 424 quem
1388 349 1841 423 justumjudicem
1862 350 2047 416 doces,
2077 346 2133 409 A
2158 348 2387 420 phetieae
2417 352 2567 409 locus
2604 361 2710 422 est,
2737 353 2816 428 (ά)
2853 354 3155 411 institutum
3190 353 3405 412 interim
3432 368 3501 413 ex
3524 355 3646 429 lege
3667 373 3765 414 er-

459 443 601 523 huuc
632 460 738 499 nou
776 454 930 515 potes
958 444 1254 501 secundum
1301 451 1357 499 te
1399 458 1588 499 verum
1622 443 1789 500 Deum
1832 458 2053 513 negare.

464 536 565 605 Qui
602 537 677 611 (a)
723 536 891 607 judex
937 545 1039 604 est,
1082 536 1237 609 113
1284 535 1544 592 Dominus
1592 545 1699 603 est,
1742 544 1936 606 potens
1987 536 2055 593 ad

457 646 621 687 omne
648 630 865 687 verbum
894 638 1002 699 est,
1027 628 1470 686 benedictionum
1518 638 1847 685 internarum
1887 643 2056 698 spon-

456 740 552 780 sor
595 734 703 789 est,
755 725 965 794 piorum
1018 723 1415 795 impiorumque
1458 722 1623 794 judex
1668 732 1779 788 est,
1823 722 2059 779 Abraha

458 820 599 874 Deus
619 824 723 881 est,
753 815 821 870 ab
847 831 914 871 eo
944 815 1201 872 adoratus
1239 826 1321 871 est
1360 832 1377 871 :
1408 817 1672 872 ementire
1715 816 1906 873 saltem
1957 815 2057 870 ali-

456 911 586 981 quid
613 926 710 981 per
739 908 879 966 hanc
908 910 1126 979 impiam
1157 918 1212 965 et
1240 910 1458 966 stultam
1487 910 1641 967 verbi
1664 911 1740 966 tui
1772 909 2056 981 impuden-

458 1006 613 1072 tiam,
644 1006 788 1061 unde
817 1021 923 1060 non
955 1020 1118 1060 verus
1147 1013 1251 1061 est.

530 1101 618 1156 17,
650 1098 825 1155 Filius
857 1099 953 1154 hoc
984 1098 1226 1154 Patribus
1253 1109 1325 1153 est
1348 1099 1483 1154 visus
1506 1099 1647 1169 quod
1669 1109 1821 1155 natus
1850 1108 1923 1154 est
1950 1099 2065 1154 sine

458 1193 651 1248 damno
698 1204 897 1249 natura:
932 1209 1058 1248 suat.
1087 1223 1155 1233 —
1180 1192 1297 1249 Non
1330 1194 1602 1264 perimunt
1630 1204 1834 1250 natura:
1862 1194 2065 1250 verita-

457 1297 567 1344 tem
588 1288 825 1343 caalestis
849 1285 1236 1342 misericordia:
1267 1296 1604 1343 sacramenta
1627 1304 1638 1339 :
1659 1286 1752 1342 sed
1780 1301 1878 1341 nec
1906 1300 2065 1341 sanc-

458 1389 638 1437 torum
671 1380 832 1436 fidem
864 1380 1094 1449 species,
1126 1394 1246 1449 quae
1274 1379 1339 1433 ad
1370 1379 1493 1434 ﬁdei
1520 1378 1785 1433 visionem
1800 1384 2064 1447 coaptan-

459 1484 567 1540 tur,
592 1472 838 1529 eludunt.
873 1471 1223 1528 Sacramenta
1264 1471 1409 1526 enim
1440 1470 1572 1540 legis
1607 1470 1923 1542 mysterium
1950 1468 2079 1523 (ἰῆς--

459 1563 794 1635 peusationis
837 1562 1161 1633 evangelicae
1210 1563 1559 1633 praaligurant
1600 1580 1614 1617 :
1660 1570 1719 1617 ut
1757 1561 2063 1633 patriarcha

459 1656 639 1711 videat
686 1667 739 1711 et
786 1655 993 1722 credat,
1024 1654 1169 1724 quod
1200 1655 1492 1724 Apostolus
1520 1655 1600 1727 (l)
1635 1655 1707 1726 (b)
1729 1655 2066 1723 contempla-

460 1760 545 1804 tur
575 1758 627 1804 et
669 1748 945 1818 praedicat.
977 1746 1219 1818 Namque
1248 1762 1370 1802 cum
1401 1748 1489 1802 lex
1518 1746 1707 1802 umbra
1749 1747 1821 1802 sit
1856 1746 2063 1802 futuro-
2091 1742 2139 1803 B

454 1858 597 1908 rum,
625 1842 905 1897 veritatem
928 1840 1173 1910 corporis
1199 1839 1404 1895 umbra:
1435 1840 1649 1909 species
1676 1839 1966 1909 expressit.
1997 1839 2065 1894 Et

464 1936 606 1990 Deus
641 1933 693 1987 iu
741 1932 963 1988 homine
992 1939 1048 1987 et
1076 1931 1287 1987 videtur
1331 1941 1386 1986 et
1426 1932 1666 1987 creditur
1694 1940 1751 1987 et
1778 1932 2061 1997 adoratum,

456 2027 546 2097 qui
571 2024 867 2083 secundum
895 2023 1279 2094 plenitudinem
1303 2025 1565 2095 temporis
1587 2034 1733 2080 esset
1762 2024 1813 2078 iu
1847 2024 2066 2080 homine

457 2119 779 2191 gignendus.
832 2117 1077 2187 Namque
1117 2116 1184 2170 ad
1213 2116 1408 2191 \visum
1454 2116 1665 2186 species
1710 2116 2067 2187 prteiigurata:

458 2214 702 2271 veritatis
751 2210 1065 2268 assumitur.
1104 2208 1261 2265 Visus
1298 2219 1384 2265 est
1417 2218 1595 2265 autem
1629 2218 1741 2264 tum
1774 2209 1896 2281 (sub
1927 2209 2067 2282 lege)

462 2316 667 2362 tantum
715 2307 853 2362 Deus
886 2306 937 2358 in
969 2302 1188 2359 homine
1209 2344 1225 2369 ,
1257 2317 1367 2359 non
1396 2312 1556 2359 natus
1585 2312 1706 2358 est:
1739 2318 1864 2358 mox
1900 2304 2067 2358 etiam

462 2400 598 2468 hoc,
632 2401 775 2471 quod
808 2408 893 2455 est
922 2400 1093 2462 visus,
1126 2397 1181 2454 et
1201 2406 1358 2453 natus
1386 2407 1490 2454 est.
1517 2398 1598 2454 Ad
1629 2399 1910 2455 veritatem
1940 2413 2071 2454 vero

463 2493 725 2549 nascendi
772 2491 1111 2548 familiaritas
1159 2491 1372 2561 proiicit
1406 2501 1698 2561 assumptus
1724 2491 1794 2548 ad
1822 2501 2071 2547 contem-

461 2587 722 2660 plandum
775 2584 883 2659 (ἰ)
933 2584 1005 2657 (ε)
1055 2584 1283 2643 idrmam
1334 2585 1556 2656 speciei.
1609 2586 1721 2641 lllic
1768 2584 1930 2640 homo
1970 2600 2074 2655 per

463 2679 634 2736 Deum
666 2678 968 2735 secundum
999 2687 1209 2733 naturzn
1239 2685 1440 2732 nostra:
1468 2677 1843 2733 infirmitatem
1880 2678 2071 2733 viden-

475 2772 576 2828 dus
617 2771 912 2827 assumitur
944 2789 956 2824 :
988 2769 1075 2826 hic
1119 2784 1217 2841 pro
1264 2779 1472 2825 natura
1515 2778 1717 2825 nostrze
1755 2767 2075 2826 inﬁrmitate

466 2872 707 2926 nascitur
736 2869 877 2940 quod
933 2877 1053 2924 erat
1096 2869 1289 2924 visum.
1351 2866 1561 2939 Accipit
1626 2868 1815 2923 umbra
1876 2877 2076 2935 corpus

466 2966 816 3040 (evangelicis
849 2963 1229 3036 temporibus),
1254 2974 1309 3020 et
1337 2964 1549 3035 species
1581 2964 1889 3031 veritatem,
1914 2970 1968 3018 et
1994 2961 2077 3017 vi-

465 3061 549 3116 sio
577 3068 844 3116 naturam.
874 3057 990 3113 Non
1022 3066 1198 3113 tamen
1241 3058 1381 3113 Deus
1420 3072 1452 3113 a
1495 3071 1556 3113 se
1582 3056 1891 3112 demutatur
1911 3098 1925 3123 ,
1949 3069 2074 3110 cum

2160 442 2339 498 dinem
2369 460 2777 517 persequamur.
2800 446 3086 505 Probaturi
3109 448 3253 505 enim
3276 456 3464 519 postea
3494 465 3559 507 ex
3585 450 3766 506 Evan-

2160 536 2313 607 geliis
2357 552 2546 593 verum
2598 538 2692 593 Dei
2742 539 2912 594 lilium
2963 550 3147 595 natum
3186 542 3247 595 iu
3288 540 3508 599 homine
3546 541 3759 610 fuisse,

2162 646 2306 686 nunc
2348 631 2521 687 visum
2566 632 2787 688 interim
2826 634 3155 706 patriarchis
3195 638 3249 691 in
3291 635 3479 709 specie
3521 634 3766 696 hominis

2164 722 2261 779 Dei
2302 723 2475 780 ﬁlium
2514 726 2683 781 Deum
2727 740 2913 782 verum
2944 726 3026 802 (ὅ)
3056 729 3314 786 docemus
3340 734 3407 786 ex
3432 730 3577 802 lege.
3602 730 3765 787 Nam-

2162 833 2267 888 que
2288 834 2415 875 cum
2454 818 2687 877 Abrahae
2715 820 2883 878 homo
2910 824 3077 890 visus,
3102 834 3187 881 est
3215 836 3269 881 et
3299 824 3439 881 Deus
3469 826 3723 882 adoratus
3745 869 3761 893 ,

2169 909 2329 983 ιιι.
2370 922 2427 967 ει
2466 912 2627 983 iudex
2672 913 2996 985 praedicatus
3022 934 3038 971 :
3062 925 3118 972 et
3154 931 3278 973 cum
3312 918 3455 989 pluit
3498 916 3764 975 Dominus

2162 1022 2194 1062 a
2232 1008 2482 1075 Domino,
2526 1020 2632 1064 non
2683 1010 2977 1081 ambigitur
3010 1011 3138 1082 quin
3168 1011 3312 1083 quod
3341 1012 3473 1083 pluit
3498 1008 3762 1069 Dominus

2162 1116 2192 1155 a
2219 1101 2467 1171 Domino,
2494 1100 2560 1156 ad
2588 1102 3033 1174 signiﬁcationem
3066 1103 3241 1159 Patris
3283 1114 3339 1160 et
3390 1104 3512 1161 Filii
3548 1104 3632 1160 lex
3682 1105 3763 1160 lo-

2163 1202 2358 1265 quatur
2382 1211 2591 1267 :neqtte
2630 1212 2845 1252 rursum
2891 1197 3306 1254 existimandum
3338 1209 3441 1268 est,
3474 1199 3616 1272 quod
3664 1214 3767 1272 pa-

2166 1290 2262 1345 tria
2272 1291 2396 1347 rcha
2416 1292 2671 1347 nescierit
2688 1292 2819 1363 quin
2836 1291 3006 1347 Deum
3027 1308 3216 1348 verum
3234 1292 3579 1367 adoraret,(e)
3602 1304 3764 1366 quem

2167 1384 2336 1439 Deum
2358 1384 2671 1455 intelligens
2695 1384 2974 1441 adorabat.

2238 1478 2325 1533 l8.
2360 1477 2509 1533 Verbi
2539 1479 2796 1534 incantati
2822 1478 2975 1549 [idem
3002 1480 3229 1537 Incretici
3255 1492 3357 1536 non
3384 1481 3611 1553 capiunt.
3635 1479 3763 1538 Cur.

2168 1572 2449 1644 Evangelia
2468 1590 2535 1629 ea:
2564 1572 2698 1646 Lege
2725 1582 2864 1629 sunt.
2885 1604 2957 1616 —
2980 1575 3153 1632 Habet
3181 1584 3361 1632 autem
3390 1588 3496 1631 non
3520 1575 3768 1647 exiguam

2166 1665 2409 1737 perﬁdiae
2451 1666 2703 1737 impietas
2750 1666 2816 1722 ad
2854 1667 3266 1739 intelligentiam
3294 1680 3440 1723 verte
3464 1666 3594 1723 fidei
3624 1667 3772 1722 ditii—

2165 1761 2440 1815 cultatem.
2472 1761 2773 1831 Angustum
2809 1761 2956 1817 enim
3000 1759 3068 1834 (Γ)
3108 1761 3511 1833 irreligiositate
3546 1770 3770 1817 sensum

2164 1854 2433 1925 religiosae
2464 1855 2725 1910 doctrinm
2750 1855 3018 1910 institutio
3042 1870 3152 1909 non
3183 1854 3313 1909 adit.
3344 1853 3424 1909 Ex
3452 1868 3561 1925 quo
3595 1853 3685 1921 lit,
3712 1862 3775 1911 ut

2166 1962 2288 2018 quin
2334 1946 2404 2003 ad
2447 1956 2848 2004 sacramentum
2889 1948 3082 2002 salutis
3127 1947 3378 2003 humanae
3422 1947 3564 2003 Deus
3598 1945 3673 2020 (υ)
3716 1948 3776 2003 in

2168 2040 2389 2096 homine
2412 2042 2688 2098 nascendo
2708 2036 2895 2111 gessit,
2924 2055 3079 2097 mens
3106 2042 3404 2113 irreligiosa
3428 2054 3537 2097 non
3562 2042 3774 2114 capiat:

2169 2135 2294 2189 dum
2318 2148 2461 2206 opus
2484 2134 2677 2190 salutis
2705 2134 2784 2207 (Ιι)
2816 2149 2928 2190 suae
2967 2149 3077 2189 non
3104 2133 3477 2205 intclligitDei
3509 2134 3775 2190 esse‘vir-

2171 2236 2361 2283 tutem.
2404 2228 2472 2282 Et
2500 2226 2925 2297 contemplando
2967 2235 3181 2296 partum
3228 2226 3564 2291 nativitatis,
3608 2225 3775 2281 infan-

2172 2319 2259 2373 tia:
2289 2317 2677 2384 infirmitatem,
2703 2318 2946 2389 pueritia:
2972 2317 3295 2388 proiectum,
3324 2316 3625 2387 iuventutis
3654 2325 3781 2372 teta-

2175 2417 2282 2465 tem
2311 2451 2325 2476 ,
2362 2411 2609 2479 corporis
2648 2410 2940 2481 passiones
2964 2452 2977 2477 ,
3002 2417 3066 2464 et
3103 2409 3411 2480 passionum
3438 2416 3655 2465 crucem
3681 2416 3780 2474 ,ει

2173 2504 2351 2559 crucis
2374 2510 2628 2569 mortem,
2656 2516 2754 2574 per
2788 2502 2905 2557 haec
2943 2516 3052 2557 non
3078 2502 3324 2557 sentiunt
3350 2502 3523 2557 Deum
3544 2502 3778 2565 verum;

2174 2598 2456 2653 cumineo
2498 2597 2552 2651 in
2600 2612 2659 2652 se
2690 2597 2755 2667 (i)
2795 2596 2865 2651 ad
2910 2606 3157 2653 naturam
3200 2597 3478 2667 genuerit,
3511 2610 3632 2667 qua;
3660 2594 3780 2650 sibi

2176 2705 2286 2747 non
2336 2701 2489 2747 erant
2530 2700 2696 2747 antea
2747 2692 2800 2746 in
2844 2690 3075 2747 veritate
3107 2694 3352 2756 naturai;
3379 2690 3450 2745 ita
3472 2698 3536 2744 ut
3568 2697 3781 2743 natura

2177 2798 2284 2839 non
2335 2783 2614 2839 amitteret
2641 2782 2956 2851 veritatem,
2993 2798 3169 2855 neque
3210 2784 3376 2839 homo
3418 2781 3592 2839 factus
3639 2782 3783 2837 Deus

2178 2892 2300 2933 esse
2324 2876 2628 2944 desineret,
2660 2891 2781 2932 cum
2807 2877 2898 2948 qui
2922 2877 3075 2933 Deus
3100 2886 3214 2945 est,
3246 2876 3409 2932 homo
3436 2886 3561 2933 csse
3586 2874 3784 2946 crepis-

2180 2980 2262 3025 set
2287 2988 2300 3025 :
2329 2985 2434 3024 non
2475 2968 2840 3039 intelligentes
2886 2970 3132 3026 nonnisi
3176 2980 3244 3025 ex
3281 2969 3408 3025 Veri
3448 2969 3547 3025 ‘Dei
3576 2968 3782 3023 virtute

2181 3079 2323 3138 esse,
2358 3072 2416 3118 ut
2444 3063 2587 3134 quod
2627 3078 2736 3119 non
2762 3072 2908 3120 esset
2926 3105 2942 3131 ,
2970 3072 3149 3130 esset;
3174 3070 3494 3120 nec‘tamen
3521 3062 3665 3135 quod
3688 3077 3784 3118 es-

467 3154 521 3208 ἰιι
554 3153 771 3209 homine
813 3152 965 3209 nobis
1011 3161 1104 3207 aut
1149 3150 1384 3218 videtur,
1417 3158 1510 3206 aut
1535 3150 1796 3218 nascitur,
1825 3146 2075 3204 familiari
2102 3128 2147 3191 C
2182 3165 2267 3212 set,
2337 3128 2758 3213 esse-desineret
2785 3173 2799 3209 ;
2827 3128 2952 3212 cm")
2986 3128 3191 3211 "upupa;
3212 3128 3554 3230 (i)-inﬁrmis.
3577 3168 3786 3211 assum-

469 3246 611 3301 inter
650 3260 711 3301 se
753 3243 1085 3316 proprietate
1122 3250 1178 3297 et
1216 3241 1513 3297 nativitatis
1544 3251 1598 3297 et
1636 3243 1818 3298 visus:
1843 3251 1902 3296 ut
1929 3241 2076 3313 quod

472 3346 658 3393 natum
685 3345 787 3402 est,
814 3336 985 3391 visum
1017 3335 1118 3401 sit;
1149 3343 1204 3390 et
1232 3333 1376 3405 quod
1405 3334 1578 3389 visum
1607 3343 1710 3401 est,
1733 3345 2071 3392 nasceretur.

474 3430 539 3487 Et
565 3430 689 3501 quia
718 3427 957 3485 nondum
989 3426 1146 3483 nobis
1172 3426 1480 3483 collationis
1507 3426 1836 3499 evangelica:
1861 3441 1926 3483 ac
1950 3440 2075 3497 pro-

546 3571 626 3644 (l)
648 3570 1038 3644 contempletur
1053 3578 1101 3624 et
1130 3568 1394 3644 pradicet.

548 3573 596 3644 (l
648 3571 1026 3641 Contempletur
1053 3578 1101 3624 et
1130 3583 1187 3640 pr

548 3571 630 3717 (εξ
665 3642 870 3699 Forma:
897 3641 1093 3713 species
1121 3642 1187 3695 si.

547 3759 625 3834 (a)
677 3757 871 3814 Paucis
915 3755 1003 3810 hic
1045 3754 1513 3834 perstringuntur_
1532 3763 1834 3834 momenta,
1878 3756 2076 3834 quibus

478 3826 758 3902 probatum
803 3837 887 3902 est
928 3842 1051 3884 eum
1096 3841 1219 3902 esse
1260 3826 1668 3902 ve_rum_D_eum,
1703 3829 1792 3902 qui
1822 3826 1983 3902 hoino
2008 3830 2077 3886 ab

476 3897 750 3959 Abraham
792 3901 941 3956 visus
989 3907 1092 3954 est.
1148 3898 1198 3969 Is
1241 3898 1388 3953 enim
1428 3897 1597 3969 judea:
1631 3908 1683 3952 et
1714 3897 1967 3956 Dominus
1993 3912 2079 3956 est

478 3974 613 4031 Gen.
649 3989 800 4034 xvut,
845 3972 955 4038 20;
1003 3986 1114 4037 χιιι,
1159 3968 1230 4040 24
1277 3978 1323 4024 et
1350 3968 1464 4040 xxi,
1497 3969 1562 4040 l;
1612 3980 1788 4040 potens
1815 3971 1884 4025 ad
1932 3988 2079 4028 omne

479 4045 704 4108 verbum,
756 4042 892 4099 Gen.
944 4056 1100 4107 xvm,
1155 4039 1253 4107 l4;
1307 4039 1716 4094 beitcdiclionum
1764 4052 2075 4098 wternarum

479 4132 719 4185 sponsor,
764 4114 902 4185 Gen.
930 4128 1062 4185 xv",
1097 4112 1197 4185 19;
1239 4113 1442 4185 piorum
1470 4113 1854 4185 impiornmque
1883 4116 2071 4185 judex,

480 4182 615 4243 Gen.
649 4201 804 4249 xvut,
836 4184 944 4250 ‘25;
993 4183 1211 4237 Abrahw
1257 4182 1417 4253 Deus,
1465 4183 1633 4237 Exodi
1681 4200 1761 4252 ιιι,
1803 4182 1974 4251 2(αὸ
2019 4202 2077 4241 eo

480 4259 745 4317 adoratus.
774 4256 910 4309 Gen.
944 4270 1096 4316 xvut,
1127 4253 1180 4308 2.

558 4329 632 4401 (b)
658 4327 736 4401 Ita.
760 4334 1001 4379 vetustus
1027 4324 1200 4401 codex
1225 4324 1381 4401 Golb.
1410 4339 1533 4401 cum
1564 4324 1747 4401 Germ.
1782 4326 1887 4380 Alii
1920 4341 2075 4395 vero,

482 4392 850 4465 contempletur
889 4406 936 4449 et
981 4394 1243 4463 prazdicet.
1272 4392 1405 4448 Cum
1456 4394 1542 4447 hic
1595 4397 1903 4450 conferatur
1943 4392 2079 4452 teut-

487 4487 586 4540 pus
633 4466 767 4537 legis
805 4481 931 4540 cum
978 4465 1288 4540 evangelici)
1330 4474 1604 4535 tempore;
1636 4467 1805 4540 liquet
1829 4469 2079 4540 superius

485 4537 699 4597 ccclesiis
744 4537 1110 4591 misericorditer
1148 4550 1468 4590 sacramenta
1514 4539 1731 4603 vocari,
1763 4554 1881 4607 qua:
1912 4539 2078 4595 Filius

491 4616 583 4668 Dei
633 4614 685 4666 iu
726 4626 889 4663 carne
936 4624 1030 4677 pro
1076 4608 1231 4661 nobis
1273 4609 1465 4675 gessit;
1492 4610 1681 4676 species
1717 4581 1903 4665 ’au'tetu
1952 4610 2083 4666 illud
2108 4581 2163 4641 D

487 4699 669 4747 ouiue,
704 4682 757 4736 in
800 4695 907 4748 quo
952 4680 1183 4748 antiquis
1212 4678 1277 4732 ad
1310 4679 1646 4733 excitandam
1692 4695 1876 4735 eorum
1921 4682 2082 4737 {idem

489 4772 547 4811 se
574 4772 633 4809 se
658 4753 920 4807 visibilem
950 4751 1208 4821 praebuit,
1233 4761 1287 4805 et
1306 4750 1359 4805 in
1382 4766 1489 4821 quo
1520 4754 2085 4824 reprtesentavitquod

488 4827 727 4880 facturus
754 4831 889 4878 erat.
1338 4888 1341 4893 ξ

566 4896 636 4967 (ε)
678 4896 830 4965 Apud
864 4894 1018 4967 Rath,
1053 4893 1143 4948 Er.
1177 4903 1230 4947 et
1278 4893 1421 4962 Lips.
1457 4898 1658 4965 forma,
1694 4895 1895 4967 omisso
1923 4911 2084 4951 voca-

490 4966 617 5021 bulo
648 4968 850 5035 speciei.
883 4966 935 5019 in
962 4966 1201 5033 pluribus
1225 4979 1354 5037 mss.
1383 4970 1564 5037 forma:
1589 4967 1793 5036 speciei.
1832 4966 1885 5018 lu
1919 4968 2081 5021 tiorb.

491 5050 544 5094 ct
571 5037 757 5106 Carm,
793 5042 972 5108 formtc
1000 5038 1209 5107 species.
1244 5035 1301 5090 In
1349 5035 1456 5090 uno
1499 5035 1730 5091 Sorhun.
1760 5042 1942 5108 forma:
1968 5052 2086 5101 spe-

491 5113 587 5163 cie.
623 5107 978 5179 Retineudqu
1025 5122 1147 5161 cum
1199 5108 1312 5162 Par.
1359 5119 1411 5163 et
1451 5108 1769 5179 quibusdam
1813 5124 1942 5163 mss.
1976 5114 2086 5179 for-

492 5198 626 5235 mam
667 5180 873 5250 speciei.
907 5178 1020 5250 Hoc
1065 5179 1208 5231 enim
1257 5180 1356 5233 sibi
1398 5181 1510 5233 Vult
1552 5178 1805 5244 Hilarius,
1839 5178 1982 5249 quod
2010 5183 2087 5236 ait

493 5249 893 5313 Tertulliamts,
922 5249 1112 5303 Filium
1162 5250 1218 5302 iu
1266 5264 1427 5305 carne
1465 5266 1573 5304 nun
1625 5261 1745 5303 nata
1789 5250 2079 5319 didicisse,

493 5323 634 5389 quod
667 5322 1002 5390 postmodum
1052 5320 1259 5373 futurus
1307 5331 1440 5374 erat.
1478 5320 1751 5374 Ediscebnt
1778 5330 1967 5385 autem,
2000 5324 2084 5377 in-

492 5393 603 5460 quit
629 5404 814 5447 coutra
848 5393 1033 5462 Prax.,
1056 5407 1115 5447 ιι.
1147 5390 1216 5445 16
1240 5432 1254 5456 ,
1272 5400 1337 5462 _ut
1376 5392 1693 5459 nobis/idem
1721 5404 1997 5458 sterneret,
2022 5404 2087 5448 ut

497 5464 696 5531 facilius
723 5460 1042 5519 crederemus
1071 5463 1235 5531 ﬁlium
1258 5460 1356 5515 Dei
1377 5465 1697 5518 descendisse
1722 5464 1775 5519 in
1800 5466 2048 5519 saxulum
2064 5506 2078 5531 ,

493 5535 542 5607 si
567 5544 611 5585 ct
640 5548 773 5607 retro
797 5537 898 5591 tute
924 5536 1045 5605 quid
1070 5542 1263 5607 gestum
1290 5549 1725 5607 cognosceremus.
1748 5535 1931 5606 Itaque
1960 5548 2087 5606 spe-

498 5606 607 5660 cii-s
638 5606 1156 5677 saepiusassumpta,
1188 5606 1242 5659 in
1266 5606 1367 5676 qua
1397 5608 1543 5661 velut
1572 5607 1622 5660 iu
1647 5608 1868 5672 speculo
1894 5621 2086 5677 reprae-

496 5684 799 5754 sentaretur
832 5676 999 5754 fut-ina
1036 5679 1313 5754 nasuturi,
1338 5677 1404 5733 ad
1436 5677 1538 5735 hoc
1565 5676 1784 5749 profuit,
1818 5688 1878 5736 ut
1903 5676 2086 5735 credi-

488 5746 617 5806 bilis
645 5746 801 5805 ﬁeret
830 5747 1028 5805 veritas
1057 5750 1344 5805 nascentis.

2186 3252 2296 3323 ptio
2335 3266 2443 3306 non
2483 3261 2650 3317 esset,
2682 3250 2785 3305 nisi
2810 3266 2882 3306 ex
2913 3251 3149 3319 potentis
3176 3250 3376 3305 virtute
3398 3257 3634 3315 natum,
3663 3260 3785 3320 qua;

2184 3360 2306 3401 cum
2360 3344 2412 3399 in
2461 3358 2527 3399 eo
2568 3342 2713 3415 quod
2754 3353 2899 3398 esset
2943 3351 3207 3409 maneret,
3241 3350 3631 3412 posset'tamen
3662 3352 3787 3399 esse

2182 3438 2326 3511 quod
2376 3451 2484 3493 non
2523 3443 2661 3493 erat.
2703 3435 2750 3493 Ο
2798 3435 3053 3492 ιιωι-ειίεα
3098 3434 3482 3506 imprudentia,
3523 3443 3578 3492 et
3604 3432 3787 3490 'stult‘a

2252 3578 2331 3650 (ὅ)
2358 3577 2667 3635 Doceamus.

2254 3754 2332 3828 (ιι)
2361 3752 2506 3809 Editi
2530 3796 2545 3821 ,
2577 3752 2839 3808 institutus
2868 3767 2898 3828 :_
2917 3765 3042 3806 mox
3063 3793 3077 3819 ,
3109 3751 3371 3828 probaturi
3410 3760 3588 3828 postea
3608 3794 3622 3817 .
3665 3752 3786 3828 sine

2181 3814 2358 3883 enim:
2383 3835 2437 3881 et
2484 3814 2606 3895 post
2643 3836 2833 3894 pauca,
2863 3814 3132 3878 doceamus
3166 3840 3232 3879 ea:
3254 3814 3454 3895 αρε...
3489 3814 3630 3879 Deus
3658 3824 3787 3880 ado-

2182 3909 2327 3971 ratur
2355 3906 2403 3971 et
2415 3898 2581 3971 judea:
2608 3896 2940 3971 prtcdicatur.
2974 3895 3274 3971 ξειιιιιιῐιιιι-Δ
3291 3909 3421 3971 mss.

2280 3967 2329 4042 ε)
2354 3964 2475 4042 Ῡιῐι.
2507 3964 2622 4042 has.
2652 3967 2824 4023 codex
2851 3964 3133 4042 qui‘Deum
3158 3984 3177 4023 :
3207 3968 3569 4042 miuusgbene.

2280 3970 2329 4042 ε)
2354 3970 2475 4023 vni.
2508 3970 2622 4023 has.
2652 3970 2824 4023 codex
2851 3970 2941 4035 qui
2964 3970 3133 4023 Deum
3158 3984 3177 4023 :
3207 3970 3383 4022 minus
3410 3970 3569 4024 bene.

2257 3970 2328 4112 in
2376 4040 2517 4095 Editi
2566 4055 2711 4112 cum,
2753 4038 3144 4112 recentioribus
3187 4054 3331 4112 mss.
3388 4039 3788 4112 irreligiositatis

2183 4107 2404 4168 sensum.
2456 4111 2782 4165 Conciunius
2828 4107 2956 4172 alii,
2999 4107 3398 4178 irreligiositate.
3441 4107 3588 4167 Sicut
3639 4111 3787 4166 enim

2183 4199 2375 4239 sensus
2409 4184 2606 4248 pietate
2650 4191 2811 4250 atque
2854 4180 3119 4235 charitate
3162 4182 3435 4250 dilatatur,
3470 4182 3544 4237 ita
3588 4183 3643 4237 iu
3686 4197 3790 4237 an-

2183 4264 2399 4327 gustum
2425 4252 2763 4308 contrahitur
2791 4251 3211 4327 irreligiositate.

2258 4326 2333 4395 (g)
2363 4324 2438 4378 lta
2489 4339 2619 4377 mss.
2673 4320 2959 4392 quomodo
2992 4324 3084 4378 lib.
3128 4339 3183 4379 rx
3208 4366 3221 4392 ,
3260 4336 3314 4379 tt.
3344 4324 3408 4390 Α,
3440 4331 3497 4380 ει
3535 4320 3684 4378 alibi.
3718 4323 3795 4380 At

2185 4398 2336 4459 editi,
2361 4396 2414 4448 in
2442 4395 2717 4449 hominem.

2260 4468 2338 4540 (Ii)
2364 4466 2486 4540 Par.
2530 4466 2711 4540 salutis
2756 4481 3032 4540 nouauit,
3066 4465 3412 4540 librariorum
3459 4466 3792 4535 Iapmztum

2188 4537 2308 4594 cunt
2342 4538 2487 4609 Lips.
2516 4553 2619 4609 non
2668 4537 2907 4609 intelligit
2947 4554 3054 4591 esse
3082 4539 3362 4609 veritatem,
3394 4539 3791 4593 consentienti-

2190 4611 2315 4671 bus.
2345 4608 2471 4663 Bad.
2501 4618 2555 4661 et
2576 4608 2695 4678 Ern,
2720 4607 2993 4678 nisi'quod
3019 4609 3219 4662 addunt
3247 4607 3485 4665 Deiaute
3505 4613 3790 4666 veritatmt.

2195 4680 2413 4735 llectius
2446 4695 2573 4733 mss.
2607 4677 2703 4732 Dci
2734 4696 2841 4733 esse
2876 4677 3132 4733 uirtutem.
3170 4680 3450 4735 M‘anil'este
3495 4682 3636 4736 enim
3688 4698 3793 4736 re-

2192 4752 2419 4820 spicitur
2454 4752 2579 4804 illud
2615 4751 2761 4806 Pauli
2797 4750 2963 4805 lCor.
2993 4751 3137 4815 t,ubi
3163 4750 3792 4815 ait,.lesumcrucilisum

2191 4825 2258 4879 iis
2289 4825 2377 4893 qui
2405 4822 2683 4877 salvantur
2711 4837 2831 4877 esse
2866 4822 2956 4875 Dei
2992 4824 3268 4876 virtutem.

2272 4896 2334 4966 (i)
2372 4895 2584 4962 Majoris
2614 4895 2875 4948 claritatis
2906 4908 3035 4964 ergo
3062 4893 3537 4966 supplendumhic
3565 4894 3794 4965 qnaddm

2193 4964 2498 5019 accessione.
2529 4967 2679 5033 Quod
2714 4971 2765 5019 in
2798 4966 2885 5019 Ps.
2914 4979 2972 5027 tt,
3008 4983 3059 5018 ιι.
3094 4964 3185 5026 25.
3210 4965 3537 5034 exprimitur
3565 4967 3615 5020 in
3650 4970 3793 5021 hunc

2194 5038 2451 5091 modum:
2482 5036 2602 5090 Non
2641 5038 2772 5091 enim
2817 5052 2934 5089 cum
2982 5037 3260 5090 divinitatis
3298 5036 3590 5091 decessione
3613 5038 3795 5106 [itfiu-

2191 5110 2424 5163 militutis
2469 5110 2709 5161 accessio.
2752 5107 2923 5162 Homo
2951 5109 3157 5177 quippe,
3194 5108 3267 5161 ait
3290 5102 3647 5177 ‘Augttstinus,
3682 5102 3795 5162 Deo

2190 5182 2422 5243 accessit,
2452 5195 2551 5231 non
2577 5177 2720 5233 Deus
2746 5181 2809 5233 de
2837 5193 2891 5231 se
2918 5180 3144 5234 recessit.
3184 5178 3321 5234 Vide
3347 5179 3592 5247 ejusdem
3623 5195 3793 5234 serui.

2191 5266 2421 5306 cuxxvt
2442 5290 2455 5313 ,
2487 5266 2541 5302 ιι.
2580 5250 2632 5302 l.
2657 5250 2808 5318 Quod
2836 5263 3052 5304 rursum
3089 5251 3322 5305 Hilarius
3348 5251 3405 5305 in
3438 5252 3571 5318 psal.
3607 5256 3793 5318 Ltt'v'tt,

2192 5338 2247 5375 ιι.
2283 5322 2339 5383 9.
2368 5321 2487 5393 aliis
2514 5320 2696 5376 verbis
2728 5323 2806 5375 sic
2833 5325 3077 5376 enttntiat
3105 5340 3117 5376 ;
3152 5320 3359 5376 Nostra:
3379 5337 3496 5391 quia
3517 5323 3569 5375 in
3591 5338 3651 5377 eo
3679 5326 3798 5393 fue-

2192 5392 2675 5481 rnt’tt‘inﬁrmitates,
2699 5410 2801 5446 non
2828 5392 3255 5481 naturalessunt,
3278 5393 3367 5447 sed
3391 5404 3684 5481 dssumptw.

2268 5462 2337 5538 (j)
2369 5462 2531 5538 Editi,
2562 5464 2834 5538 inﬁrma};
2859 5465 3217 5538 renitentibus
3244 5477 3373 5518 mss.
3403 5465 3477 5538 _Ut
3495 5462 3798 5537 argumenti

2196 5535 2355 5605 hujus
2387 5536 2465 5589 vis
2492 5542 2769 5605 perspecta
2796 5535 3076 5600 habeatur,
3105 5538 3154 5589 in
3189 5536 3503 5591 memoriam
3532 5535 3799 5590 revocan-

2196 5607 2321 5661 dum
2354 5618 2457 5671 est,
2481 5606 2739 5678 Spiritum
2772 5619 3016 5663 sanctum
3047 5608 3099 5661 in
3123 5607 3300 5661 Maria:
3322 5608 3678 5678 conceptione
3700 5620 3799 5662 ξιι-
3879 5640 3885 5647 -

2199 5692 2294 5746 per
2339 5678 2509 5746 ipsam
2528 5677 2536 5678 “
2555 5678 2859 5735 venientem
2881 5718 2896 5741 ,
2928 5678 3134 5733 Hilario
3169 5679 3345 5747 ipsum
3370 5692 3491 5734 esse
3518 5677 3790 5747 Verbum,

2197 5748 2340 5820 quod
2372 5748 2588 5821 propria
2609 5750 2809 5809 virtute
2836 5758 3033 5821 corpus
3060 5751 3163 5806 sibi
3188 5760 3257 5807 ex
3285 5765 3348 5807 ca
3368 5749 3647 5808 formarit.
