4118 6186
349 302 453 360 115

1569 311 1658 367 DE
1697 311 2072 371 TRINITATE
2104 314 2309 371 LIBER
2368 316 2434 372 ν.

3545 329 3648 388 NG

351 433 457 480 tem
488 424 617 480 adiit
658 426 675 496 (
711 423 846 480 Ibid.
894 425 965 481 24
988 426 1036 499 );
1069 427 1374 484 divinorum
1423 437 1475 484 et
1512 430 1810 486 etelestium
1852 446 1940 486 sa-
1971 435 2019 493 Α
2052 432 2217 488 Deum
2241 435 2331 490 lex
2369 444 2513 491 esset
2532 435 2745 504 locuta;
2780 446 2836 493 ut
2865 449 3112 496 naturam
3142 442 3380 498 nominis
3400 458 3496 514 per
3521 461 3650 501 auc-

346 527 748 573 cramentnrum
797 521 1160 588 cognitionem
1211 521 1562 592 quadraginta
1625 522 1834 578 dierum
1882 538 1945 578 ac

348 611 586 664 noctium
613 620 855 680 tempore
879 611 1107 680 adeptus
1147 621 1260 678 est,
1284 614 1462 668 omnia
1495 614 1789 671 secundum
1824 630 1947 686 spe-

347 703 482 758 ciem
533 713 766 757 ostensa:
799 703 899 757 sibi
934 705 986 758 in
1036 717 1220 760 monte
1267 706 1512 761 veritatis
1560 709 1815 773 instituit,
1850 723 1946 778 per

344 795 763 851 familiaritatem
803 796 1074 866 loquentis
1103 797 1170 852 ad
1217 813 1276 851 se
1306 798 1394 853 Dci
1418 841 1432 864 ,
1475 800 1702 868 gloriam
1730 800 1945 855 clarita-

345 889 412 942 tis
459 887 900 957 inmnSpicabilis
945 890 1206 960 sumpsit,
1253 898 1307 944 et
1353 893 1714 960 corruptivam
1767 893 1944 947 vultus

343 979 422 1034 sui
453 979 692 1050 speciem
727 979 820 1034 lux
869 980 1224 1037 intolerabilis
1256 982 1444 1038 vicina:
1499 984 1800 1052 majestatis
1854 985 1946 1038 im-

343 1072 522 1141 plevit,
558 1072 723 1126 Deum
775 1081 1001 1127 testatur
1029 1114 1045 1139 ,
1078 1074 1147 1128 de
1207 1075 1316 1130 Deo
1365 1077 1638 1146 loquitur,
1685 1076 1751 1132 ad
1802 1076 1943 1133 hunc

343 1165 674 1220 adorandum
707 1181 829 1220 cum
882 1165 1063 1220 lzetitia
1112 1169 1352 1236 gentium
1396 1169 1616 1238 angelos
1651 1169 1741 1224 Dei
1774 1169 1941 1224 advo-

340 1266 442 1321 cat,
470 1257 634 1327 hujus
664 1258 888 1327 placitas
938 1259 1340 1314 benedictiones
1371 1259 1570 1329 Joseph
1601 1262 1787 1316 vertici
1843 1262 1942 1316 im-

338 1361 588 1420 precatut-
614 1348 796 1423 (Deut.
829 1366 1001 1406 xxxm
1026 1392 1040 1416 ,
1090 1350 1214 1422 16):
1248 1363 1303 1406 et
1349 1362 1468 1422 post
1517 1352 1633 1406 haec
1663 1353 1779 1407 solo
1808 1367 1940 1408 con-

341 1457 499 1498 cesso
528 1443 574 1498 ei
605 1444 848 1510 nomine,
878 1443 1040 1500 audet
1068 1445 1350 1516 quisquam
1382 1430 1582 1515 negare
1607 1444 1753 1515 quod
1779 1459 1940 1501 verus

344 1537 478 1590 est?

410 1627 498 1682 24.
531 1623 750 1685 Summa
776 1648 952 1686 eorum
972 1646 1087 1702 qua:
1115 1631 1266 1684 hocce
1290 1630 1422 1686 libro
1452 1631 1698 1686 hactenus
1722 1631 1937 1702 probata

334 1733 471 1777 sunt.
502 1752 574 1763 —
613 1723 767 1779 Nune
793 1725 916 1795 quia
964 1725 1112 1780 omni
1160 1725 1262 1780 hoc
1310 1741 1562 1782 sermone
1614 1737 1801 1782 nostro
1842 1726 1935 1784 de-

2051 525 2322 580 toritatem
2369 525 2496 582 dicti
2530 529 2827 598 prophetici
2868 544 3089 603 negaret
3114 576 3129 597 ,
3159 534 3356 606 adjecit
3383 577 3397 599 ,
3431 535 3652 592 Benedi-

2047 626 2160 670 cent
2185 627 2233 671 te
2270 615 2437 672 Deum
2481 636 2653 673 verum
2685 620 2855 692 (Esai.
2889 639 3012 686 va.
3043 624 3168 696 l6):
3201 635 3259 680 ut
3280 642 3374 697 per
3401 627 3453 682 id
3485 645 3648 685 unum

2051 707 2217 763 Deum
2244 709 2421 765 locuta
2455 711 2535 765 lex
2559 721 2702 767 esset
2729 756 2743 780 ,
2782 726 3034 785 essetque
3066 718 3116 769 in
3148 716 3260 771 ﬁlio
3287 719 3382 774 Dei
3413 719 3523 775 Deo
3549 736 3648 776 no—

2047 815 2172 854 men
2205 803 2382 870 potius
2409 818 2569 871 quam
2602 803 2802 859 vetitas
2823 847 2837 871 ,
2867 822 2973 860 uno
3001 806 3082 878 (ά)
3107 816 3313 864 tantum
3359 826 3489 866 vero
3533 813 3643 869 Deo

2050 891 2418 960 intelligendo.
2468 896 2534 949 Et
2583 895 2721 951 forte
2742 898 3114 954 contradicere
3137 915 3236 954 nos
3266 901 3425 957 dictis
3454 906 3582 970 tuis,
3611 919 3646 960 ο

2047 986 2232 1050 stulte,
2259 987 2573 1054 arbitraris,
2619 999 2675 1042 ut
2725 1005 2981 1060 negemus
3009 1007 3172 1046 unum
3226 993 3392 1048 Deum
3427 1010 3641 1051 verum.

2046 1079 2162 1135 Non
2199 1082 2355 1150 plane
2397 1099 2655 1154 negamus
2701 1086 2996 1141 secundum
3027 1096 3078 1142 te
3126 1089 3204 1160 (id
3229 1099 3332 1155 est,
3375 1089 3533 1145 sicuti
3563 1089 3641 1160 tu)

2045 1173 2375 1227 conﬁtendo.
2405 1175 2531 1229 llmc
2549 1175 2695 1230 enim
2730 1176 2864 1232 fides
2895 1187 3076 1233 nostra
3106 1220 3122 1245 ,
3146 1179 3263 1234 haec
3287 1182 3643 1248 conscientia,

2044 1263 2134 1318 hic
2163 1280 2342 1319 sermo
2369 1275 2471 1321 est.
2496 1267 2602 1322 Sed
2633 1268 2977 1340 intelligimus
3001 1271 3172 1326 Deum
3203 1288 3386 1338 unum,
3413 1281 3469 1327 et
3495 1289 3645 1328 eum-

2043 1356 2166 1412 dem
2194 1357 2363 1412 Deutn
2393 1375 2598 1414 verum.
2632 1359 2741 1415 Nec
2791 1362 3063 1418 confessio
3093 1372 3276 1419 nostra
3314 1365 3648 1435 periclitatur

2042 1447 2099 1504 in
2128 1451 2370 1517 nomine,
2403 1468 2521 1518 quae
2567 1453 2618 1507 in
2650 1465 2837 1509 natura
2888 1453 2959 1527 (e)
2989 1454 3108 1511 Filii
3157 1473 3322 1511 unum
3353 1468 3406 1512 et
3455 1473 3644 1514 verum

2042 1541 2210 1598 Deum
2254 1545 2531 1614 pra-dicat.
2584 1547 2740 1603 Disce
2781 1551 3142 1605 confessionis
3185 1560 3289 1606 tua:
3334 1552 3645 1623 intelligen-

2042 1635 2171 1690 tiam
2193 1677 2207 1702 ,
2237 1648 2291 1691 et
2338 1655 2500 1693 unum
2541 1654 2605 1694 ac
2634 1655 2820 1696 verum
2852 1642 3017 1697 Deum
3047 1658 3348 1713 cognosce,
3384 1655 3439 1699 ut
3480 1661 3645 1701 unum

2039 1742 2104 1783 ac
2131 1744 2315 1784 verum
2349 1729 2514 1785 Deum
2542 1731 2628 1800 pie
2669 1733 2946 1801 praedices.
2977 1733 3142 1802 Rapis
3186 1737 3330 1789 enim
3357 1735 3425 1790 ad
3455 1736 3644 1806 imple-

333 1822 692 1869 monstratum
719 1819 1112 1883 existimamus,
1148 1818 1351 1874 nullam
1381 1820 1749 1890 interpositam
1773 1821 1930 1876 intel-
1962 1827 2009 1888 B
2040 1827 2200 1876 tatem
2227 1832 2369 1875 tuam
2414 1823 2685 1890 religionis
2715 1834 2914 1879 nostra:
2960 1826 3380 1896 professionem:
3409 1837 3463 1881 et
3499 1828 3642 1896 quod

332 1904 566 1975 ligentiw
589 1908 851 1961 rationem
884 1907 1086 1975 fuisse,
1130 1919 1189 1964 ut
1233 1911 1373 1966 Deus
1400 1927 1556 1966 verus
1584 1922 1636 1968 et
1671 1913 1812 1968 Deus
1835 1913 1934 1967 fal-

328 2015 419 2057 sus
453 2005 504 2057 in
539 2019 757 2060 sensum
785 2006 1033 2061 humana:
1065 2009 1260 2063 mentis
1289 2009 1572 2077 incideret,
1606 2025 1727 2065 cum
1761 2011 1928 2067 Deum

329 2108 373 2152 et
405 2097 577 2153 Deum
606 2141 622 2165 ,
654 2110 704 2154 et
742 2099 1028 2156 Dominum
1075 2112 1129 2156 et
1180 2102 1461 2157 Dominum
1507 2104 1592 2158 lex
1621 2105 1796 2159 locuta
1819 2105 1928 2171 sit;

329 2207 504 2262 neque
537 2193 590 2246 in
624 2194 931 2248 nominibus
978 2197 1289 2266 naturisqne
1340 2197 1696 2265 signiﬁcatam
1747 2198 1930 2254 diver-

323 2284 542 2338 sitatem
576 2285 742 2342 fuisse
767 2328 780 2352 ,
815 2303 882 2343 ne
914 2304 1019 2343 non
1065 2289 1363 2344 secundum
1409 2291 1569 2363 119
1612 2307 1808 2347 nomen
1842 2307 1931 2346 na-

327 2387 463 2432 tura:
491 2387 547 2434 et
579 2390 770 2434 natura
802 2382 1040 2436 nominis
1089 2393 1269 2452 posset
1297 2383 1554 2455 intelligi;
1597 2399 1719 2439 cum
1757 2386 1929 2442 virtus

326 2470 419 2526 Dei
447 2515 461 2536 ,
494 2482 737 2542 potestas
771 2473 894 2541 Dei,
933 2491 1020 2530 res
1050 2476 1160 2542 Dei,
1199 2492 1395 2532 nomen
1424 2477 1515 2533 Dei
1564 2477 1616 2531 in
1645 2492 1712 2533 eo
1743 2487 1926 2546 esset,

324 2581 482 2636 quem
517 2567 686 2623 Deum
717 2568 801 2623 lex
827 2569 1186 2637 pnedicabat:
1229 2570 1310 2642 (η)
1343 2587 1462 2642 quae
1507 2573 1806 2628 secundum
1835 2589 1924 2629 sa-

319 2659 590 2713 cramenti
613 2661 912 2730 evangelici
960 2662 1394 2720 distributionem
1422 2707 1436 2731 ,
1481 2665 1546 2720 ad
1581 2681 1826 2736 personae
1856 2669 1927 2723 si-

324 2752 728 2820 gniﬁcationem
755 2795 770 2820 ,
820 2755 1216 2811 demonstraret
1265 2767 1319 2812 et
1369 2759 1419 2812 in
1461 2760 1696 2814 creando
1726 2761 1927 2816 mundo

324 2846 669 2901 obedientem
695 2846 855 2902 dietis
889 2849 981 2902 Dei
1015 2848 1206 2917 Deum,
1241 2860 1295 2904 et
1323 2853 1374 2905 in
1405 2853 1683 2921 ligurando
1709 2853 1926 2908 homine

323 2942 631 2995 communis
670 2956 853 2996 secum
885 2951 938 2996 et
987 2941 1079 2998 Dei
1113 2943 1360 3015 imaginis
1387 2945 1461 3016 (ὁ)
1511 2946 1676 3001 Deum
1709 2956 1921 3002 creato-

323 3047 468 3101 rem,
495 3045 555 3089 et
585 3033 639 3088 in
667 3033 972 3104 judicandis
997 3037 1292 3092 Sodomitis
1311 3038 1542 3107 judict-m
1579 3039 1861 3094 Dominum
1893 3055 1922 3094 a

322 3124 556 3180 Domino
579 3169 594 3188 ,
627 3135 684 3181 et
713 3129 765 3181 in
819 3128 1111 3199 largiendis
1143 3129 1610 3185 benedictionibus
1638 3141 1692 3187 et
1727 3133 1779 3187 in
1830 3133 1926 3188 de-

2035 1923 2119 1970 est
2178 1929 2342 1984 negas
2367 1956 2381 1981 ,
2434 1914 2561 1970 dum
2631 1918 2774 1987 quod
2815 1927 2896 1971 est
2926 1932 3032 1972 non
3063 1933 3246 1988 negas.
3277 1918 3368 1973 Sic
3395 1919 3464 1990 (ι’)
3509 1919 3642 1974 stul-

2037 2015 2145 2060 tam
2196 2008 2514 2076 sapientiam
2561 2007 2703 2063 fallis
2741 2051 2754 2074 ,
2806 2018 2866 2064 ut
2911 2013 3188 2068 veritatem
3236 2011 3472 2082 perimas
3513 2028 3641 2082 spe-

2033 2096 2118 2152 cie
2173 2098 2432 2152 veritatis.
2508 2098 2682 2155 Unum
2735 2100 2892 2172 120
2940 2117 3124 2156 verum
3188 2103 3354 2157 Deum
3421 2103 3646 2158 conﬁte-

2033 2190 2147 2258 ris,
2229 2200 2286 2246 ut
2350 2208 2512 2248 unum
2594 2209 2779 2249 verum
2859 2196 3025 2250 Deum
3080 2197 3334 2266 deneges.
3368 2195 3643 2252 Professio

2032 2285 2174 2339 enim
2225 2294 2315 2340 tua
2364 2286 2442 2342 sic
2506 2297 2723 2358 putatur
2777 2290 2897 2358 pia,
2948 2289 3092 2360 quod
3135 2290 3305 2360 magis
3333 2290 3492 2361 impia
3517 2301 3638 2354 est;

2031 2378 2112 2431 sic
2161 2393 2288 2432 vera
2339 2379 2483 2448 quod
2530 2380 2661 2435 falsa
2703 2392 2806 2437 est.
2866 2383 2957 2438 Sic
3005 2398 3036 2436 a
3091 2392 3144 2438 te
3185 2397 3324 2437 unus
3380 2393 3435 2437 et
3479 2397 3642 2438 verus

2035 2470 2176 2525 Deus
2204 2471 2560 2541 praedicatur,
2591 2485 2651 2528 ut
2691 2490 2800 2530 non
2850 2476 2938 2529 sit.
2971 2475 3146 2546 Negas
3176 2477 3320 2530 enim
3357 2475 3445 2530 Dei
3471 2475 3638 2529 ﬁlium

2032 2567 2199 2622 Deum
2247 2584 2456 2637 verum,
2487 2583 2610 2624 eum
2653 2578 2831 2624 tamen
2885 2571 3051 2625 Deum
3086 2584 3191 2624 non
3239 2584 3438 2640 neges;
3471 2569 3640 2624 Deum

2032 2672 2210 2720 tamen
2239 2678 2344 2718 non
2374 2673 2562 2717 natura
2591 2661 2930 2726 confitendo,
2961 2661 3056 2716 sed
3086 2662 3327 2717 nomine.
3359 2662 3413 2718 Si
3445 2661 3641 2716 nativi-

2032 2767 2114 2812 tas
2140 2760 2279 2826 ejus,
2314 2756 2548 2811 nominis
2578 2756 2755 2826 potius
2780 2763 2864 2808 est
2889 2770 3047 2826 quam
3079 2755 3339 2820 veritatis,
3367 2765 3522 2824 potes
3545 2771 3640 2810 au—

2029 2850 2170 2906 ferre
2213 2851 2412 2904 nomini
2460 2849 2776 2904 veritatem:
2812 2849 2857 2902 si
2897 2855 3078 2904 autem
3128 2864 3256 2904 vere
3300 2849 3439 2904 Dens
3467 2858 3628 2904 natus

2029 2952 2133 3009 est,
2159 2959 2344 3014 qutero
2397 2941 2669 3013 quomodo
2698 2943 2868 3012 possit
2910 2958 3017 2996 non
3048 2957 3176 2998 vere
3218 2958 3340 2998 esse
3369 2943 3511 3013 quod
3541 2958 3640 2998 περ

2030 3044 2115 3089 tus
2135 3036 2250 3090 est?
2275 3037 2377 3090 Aut
2399 3050 2532 3103 nega
2553 3048 2696 3100 esse,
2723 3050 2789 3089 ne
2809 3036 2910 3101 sit;
2934 3044 3022 3088 aut
3050 3035 3095 3089 si
3123 3045 3230 3102 est,
3256 3034 3336 3106 (l)
3363 3035 3636 3105 quomodo

2027 3129 2169 3199 quod
2196 3137 2278 3183 est
2305 3145 2410 3182 non
2437 3129 2542 3183 erit
2561 3169 2577 3195 ,
2605 3143 2728 3182 cum
2753 3127 2894 3194 quod
2932 3136 3018 3183 est
3045 3143 3150 3182 non
3180 3129 3350 3198 possit
3390 3143 3547 3195 esse,
3579 3137 3635 3183 ut

321 3219 611 3276 cernendis
642 3222 914 3291 mysteriis
944 3223 1077 3292 legis
1105 3223 1352 3292 angelum
1405 3225 1497 3280 Dei
1533 3225 1696 3279 Deum
1723 3244 1736 3279 :
1769 3234 1828 3281 ut
1855 3226 1920 3280 ad
1951 3230 1996 3294 (ζ
2029 3236 2136 3276 non
2165 3225 2233 3276 sit
2255 3222 2358 3292 (g)?
2383 3222 2461 3277 Ac
2487 3221 2555 3276 de
2588 3220 2865 3275 nativitate
2894 3220 3109 3291 quidem
3140 3236 3262 3275 mox
3297 3221 3402 3276 erit
3431 3235 3635 3276 sermo.

319 3313 615 3368 Salutarem
645 3313 1044 3370 confessionem
1078 3317 1130 3370 in
1169 3325 1320 3387 patre
1365 3318 1474 3373 Deo
1503 3326 1558 3373 et
1589 3319 1641 3372 in
1674 3319 1782 3373 lilio
1814 3319 1921 3374 Deo

322 3404 459 3460 Deus
485 3421 710 3471 semper
758 3416 1007 3462 ostensus
1041 3452 1055 3475 ,
1103 3421 1308 3463 natura:
1355 3411 1637 3465 veritatem
1668 3411 1784 3481 ipso
1822 3425 1920 3464 na~

319 3506 447 3553 tura:
479 3500 704 3553 nomine
729 3498 1020 3564 edoceret,
1049 3515 1170 3555 cum
1218 3501 1301 3556 lex
1330 3502 1495 3557 Deum
1527 3512 1815 3572 utrumque
1843 3501 1918 3556 si-

318 3590 604 3660 gniﬁeans,
639 3591 1040 3660 ambiguitatem
1075 3607 1180 3647 non
1214 3593 1544 3662 relinqueret
1587 3594 1847 3649 veritatis.

383 3683 476 3738 25.
512 3681 818 3738 Occurritur
839 3685 1090 3739 Iiwreticis
1123 3685 1315 3740 Filium
1346 3683 1510 3740 Deum
1537 3703 1707 3741 verum
1729 3703 1920 3755 negan-

319 3777 466 3830 tibus.
486 3774 666 3830 Filius
687 3780 781 3830 lioc
811 3787 882 3831 est
913 3793 1024 3831 vere
1045 3780 1180 3848 quod
1202 3789 1351 3833 natus
1379 3779 1786 3845 est.-—Tempus
1807 3780 1917 3848 jam

318 3885 456 3926 nunc
498 3880 620 3935 est,
652 3880 708 3924 ut
739 3871 885 3941 quod
917 3873 1001 3940 pie
1032 3881 1085 3926 et
1115 3871 1364 3942 religiose
1406 3873 1494 3927 lex
1534 3871 1750 3937 docuit,
1811 3887 1914 3927 non

318 3963 478 4033 impie
530 3964 676 4020 furto
707 3966 973 4020 lucretius:
1020 3967 1262 4021 stultitiae
1315 3967 1595 4036 praedicari
1641 3969 1913 4034 sinamus,

313 4074 427 4128 qure
461 4059 560 4112 Dei
596 4058 764 4112 lilium
796 4059 868 4129 (c)
902 4069 1156 4129 negatura
1187 4059 1264 4113 sic
1303 4060 1502 4127 cmpit:
1531 4058 1688 4126 Audi,
1709 4057 1918 4123 Israel,

315 4146 571 4204 Dominus
601 4150 742 4205 Deus
765 4163 880 4204 tuus
905 4168 1040 4206 unus
1057 4164 1126 4206 est
1159 4151 1336 4223 (Deut.
1365 4168 1435 4216 Vl,
1461 4152 1538 4224 ii).
1575 4152 1644 4206 Et
1673 4152 1794 4218 quia
1816 4151 1920 4206 im-

311 4243 482 4312 pietas
507 4245 630 4314 ejus
681 4243 1080 4314 periclitaretur
1107 4246 1159 4300 in
1207 4247 1422 4301 nomine
1447 4287 1463 4313 ,
1496 4262 1618 4302 cum
1664 4247 1829 4302 Deum
1863 4255 1917 4302 et

383 4405 465 4474 (1)
490 4404 549 4459 In
583 4405 841 4478 anteriori
871 4445 886 4478 ,
918 4405 1173 4478 quomodo
1212 4405 1350 4478 quod
1380 4415 1452 4460 est
1481 4423 1584 4478 non
1620 4405 1782 4478 possit
1805 4421 1912 4460 esse

309 4490 368 4528 ne
384 4493 489 4530 non
514 4479 600 4530 sit.
633 4477 915 4532 Consentit
941 4475 1256 4531 Erasmiana
1283 4476 1371 4532 ed.
1392 4492 1514 4531 cum
1535 4475 1672 4532 libro
1702 4486 1906 4532 nostro.

308 4612 567 4686 loquitur,
595 4627 651 4669 ut
683 4612 872 4668 audire
901 4619 1127 4686 eumhet
1158 4612 1338 4669 videre
1378 4612 1580 4686 absque
1623 4611 1912 4669 formidine
1936 4611 1991 4673 D

306 4684 409 4754 jam
472 4688 688 4752 possis,
739 4701 833 4740 seu
866 4694 923 4739 ut
948 4684 1173 4739 audiens
1220 4699 1340 4739 eum
1385 4684 1508 4738 vitae
1553 4693 1654 4738 tute
1686 4699 1794 4740 non
1844 4687 1911 4738 ti-

310 4773 454 4812 meas
477 4759 504 4811 ?

310 4897 324 4952 1
377 4831 456 4900 (a)
491 4829 640 4899 Lips.
676 4837 732 4884 et
765 4828 908 4894 Par.,
943 4843 1110 4897 quem.
1147 4826 1248 4881 Alii
1280 4842 1407 4883 vero
1436 4827 1584 4890 libri,
1613 4842 1753 4897 quae,
1785 4835 1912 4896 puta

328 4917 415 4952 υς.

328 4917 415 4954 υς.

377 4971 455 5044 (b)
503 4971 569 5044 In?
602 4971 818 5044 esensis
865 4968 1166 5044 Dominum.
1219 4969 1411 5044 Verius
1441 4970 1495 5024 in
1525 4969 1730 5040 aliquot
1775 4983 1906 5024 mss.

306 5039 494 5096 Deum.
533 5043 609 5097 Ex
643 5042 741 5096 hac
772 5057 874 5096 una
914 5041 1177 5096 sententia
1209 5042 1449 5096 cernitur
1477 5057 1636 5111 quam
1667 5043 1718 5094 in
1747 5047 1908 5095 caete-

304 5116 378 5166 ris
409 5129 632 5180 pressus
663 5114 731 5167 sit
757 5113 938 5166 llilarii
983 5126 1180 5167 sermo.
1220 5113 1351 5168 Dicit
1384 5112 1549 5166 Deum
1593 5123 1911 5177 creatorem;

303 5188 429 5252 quia
463 5187 537 5239 de
571 5185 708 5239 Filio
738 5186 993 5250 scriptum
1041 5192 1123 5237 est
1163 5183 1299 5238 Gen.
1334 5199 1371 5249 ι,
1401 5183 1502 5237 27ε
1541 5183 1604 5236 Et
1625 5184 1742 5254 fecit
1769 5181 1912 5254 Deus

306 5255 586 5311 hominem.
638 5256 800 5311 Addit
845 5255 1126 5309 communis
1160 5272 1330 5309 secum
1381 5253 1660 5324 imaginis:
1707 5256 1830 5322 quia
1862 5253 1911 5308 ei

304 5327 441 5381 dixit
473 5329 633 5382 Pater
658 5369 674 5394 ,
702 5327 978 5381 Faciamus
1005 5327 1260 5379 hominem
1281 5327 1350 5381 ad
1365 5327 1638 5394 imaginem
1660 5337 1908 5378 nostram.

305 5396 436 5453 Post
457 5402 743 5452 communis
792 5416 962 5453 secum
989 5439 1001 5459 ,
1043 5397 1319 5468 subjungit
1362 5408 1410 5450 et
1457 5396 1594 5451 Dei:
1627 5399 1746 5467 quia
1793 5412 1913 5466 quae

306 5472 460 5540 prius
494 5473 666 5540 imago
691 5472 994 5524 cenamunis
1018 5511 1031 5533 ,
1067 5479 1250 5537 postea
1286 5470 1378 5540 Dei
1407 5469 1566 5540 unius
1591 5483 1713 5522 esse
1743 5469 1909 5540 signi-

303 5539 506 5595 ﬁcatur
531 5539 616 5596 his
638 5543 815 5597 verbis
842 5583 857 5608 ,
900 5541 980 5595 Ad
1027 5543 1300 5610 imaginem
1347 5539 1442 5593 Dei
1473 5539 1592 5611 fecit
1611 5554 1744 5591 eum.
1777 5539 1912 5592 Hinc

303 5613 628 5680 particulam
652 5621 700 5666 et
719 5654 734 5677 ,
753 5623 878 5667 ante
899 5611 995 5665 Dei
1015 5612 1252 5681 imaginis
1279 5653 1290 5670 .
1320 5627 1386 5664 ne
1413 5624 1703 5678 espungas,
1730 5624 1920 5678 quam-

307 5683 398 5738 vis
427 5686 484 5738 in
518 5699 618 5738 ms.
651 5686 763 5738 bas.
803 5682 922 5738 Vat.
958 5698 1063 5736 non
1093 5692 1360 5738 occurrat.

383 5754 464 5826 (ε)
501 5755 610 5821 Er.,
641 5754 789 5824 Lips.
822 5765 877 5810 et
907 5755 1027 5809 l’ar.
1062 5751 1231 5807 Deum
1261 5764 1528 5823 negatura.
1565 5751 1729 5807 Abest
1758 5749 1922 5806 Deum

305 5837 338 5877 a
369 5826 509 5880 Batl.
545 5838 592 5879 et
625 5843 726 5882 ms.

2027 3312 2248 3368 Interim
2280 3323 2456 3367 tamen
2509 3312 2577 3366 de
2620 3313 2846 3367 veritate
2903 3319 3108 3366 natura:
3159 3312 3254 3366 Dei
3302 3311 3637 3382 impietatem

2025 3404 2294 3460 mendacii
2332 3405 2408 3459 tui
2439 3403 2751 3474 prophetica
2775 3401 2856 3476 (2)
2901 3403 3244 3459 confessione
3268 3405 3589 3459 convincam
3617 3421 3633 3470 ;

2026 3500 2096 3555 ita
2123 3509 2325 3564 tamen,
2349 3507 2410 3554 ut
2437 3515 2602 3554 unum
2651 3508 2707 3554 et
2730 3513 2918 3552 verum
2951 3498 3118 3553 Deum
3168 3499 3444 3568 pradicari
3473 3513 3503 3552 a
3535 3513 3635 3553 no-

2026 3593 2130 3658 bis,
2159 3607 2330 3662 neque
2351 3591 2430 3663 (It)
2460 3590 2678 3647 Sabellii
2713 3591 2936 3646 hmresis
2968 3591 3140 3660 ipsum
3193 3590 3408 3646 Patrem
3447 3590 3548 3645 sibi
3577 3598 3632 3646 et

2028 3688 2222 3744 Filium
2244 3689 2478 3758 professa
2504 3696 2812 3757 praesumat,
2831 3700 3005 3754 neque
3039 3693 3095 3739 tu
3114 3685 3393 3740 veritatem
3425 3684 3492 3739 de
3522 3683 3634 3737 ﬁlio

2029 3781 2122 3836 Dei
2148 3796 2311 3836 unum
2360 3789 2564 3834 tantum
2598 3780 2762 3834 Deum
2795 3794 2981 3834 verum
3007 3777 3308 3848 praadicans
3329 3777 3627 3832 mentiaris.

2099 3876 2188 3931 26.
2217 3873 2458 3929 Hieretici
2481 3873 2690 3928 subdole
2721 3872 3046 3941 Scripturam
3072 3875 3430 3942 interpolatum
3456 3873 3612 3925 citan'

2020 3978 2098 4024 tes
2126 3969 2470 4021 revincuntur.
2495 3995 2566 4006 —
2593 3965 2731 4020 Nihil
2766 3966 2921 4035 plane
2947 3966 3000 4020 in
3046 3979 3104 4020 se
3152 3964 3308 4020 habet
3350 3965 3631 4033 sapientiae

2026 4061 2310 4129 impietas:
2345 4070 2400 4113 et
2452 4059 2543 4113 Dei
2581 4059 2759 4122 timor,
2791 4057 2881 4127 qui
2905 4057 3180 4127 sapientia:
3235 4057 3442 4110 initium
3491 4069 3576 4113 est
3605 4101 3622 4128 ,

2027 4152 2116 4207 ubi
2147 4151 2322 4216 deest,
2355 4149 2530 4206 aufert
2554 4164 2738 4206 secum
2785 4165 2947 4205 omne
2991 4149 3274 4205 exordium
3305 4150 3632 4220 prudentiaz.

2021 4247 2106 4304 Ad
2136 4243 2509 4301 inﬁrmandam
2543 4244 2686 4300 enim
2721 4243 2814 4298 Dei
2843 4244 2954 4300 veri
2979 4243 3032 4298 in
3057 4242 3196 4298 Filio
3217 4242 3375 4299 ﬁdem
3399 4245 3638 4316 prophe-

2087 4403 2167 4475 (2)
2192 4402 2542 4476 Professioue.

2091 4610 2170 4683 (ά)
2203 4610 2316 4666 Hoc
2345 4617 2448 4678 est,
2473 4607 2596 4680 quia
2636 4622 2775 4664 unus
2800 4615 3004 4663 tantum
3055 4607 3200 4664 Deus
3219 4621 3382 4664 verus
3423 4607 3628 4664 intelli-

2022 4691 2238 4761 gelld‘lli
2261 4691 2361 4736 651..
2965 4749 2999 4761 ﬂ
3043 4749 3076 4761 η
3159 4747 3256 4761 nu.
3505 4749 3517 4761 ι

2096 4752 2169 4825 (e)
2199 4752 2422 4825 Carnut.
2475 4767 2579 4806 ms.
2639 4765 2913 4825 cum_u_no
2959 4749 3117 4825 Colb.
3148 4747 3392 4825 Filium:
3448 4749 3629 4825 minus

2020 4819 2250 4878 sincere.
2286 4823 2422 4877 Illud
2450 4825 2503 4876 in
2540 4831 2724 4876 natura
2764 4819 2891 4874 Filii
2923 4863 2937 4886 ,
2973 4821 3022 4874 id
3051 4829 3134 4873 est
3162 4860 3177 4883 ,
3212 4820 3263 4873 in
3313 4820 3624 4877 assertione

2020 4893 2145 4948 Filii
2171 4937 2183 4952 .
2210 4895 2300 4963 qui
2329 4909 2436 4948 non
2467 4904 2671 4948 tantum
2701 4908 2768 4946 ex
2803 4890 3205 4961 nuncupatione
3225 4899 3280 4944 et
3307 4890 3623 4961 adeptione,

2017 4966 2114 5020 sed
2145 4980 2209 5020 ex
2233 4971 2418 5018 natura
2451 4966 2522 5018 sit
2547 4965 2636 5018 Dei
2683 4963 2842 5016 filius.

2094 5037 2161 5107 (f)
2187 5036 2256 5090 Ita
2286 5035 2389 5090 Par
2414 5051 2534 5090 curn
2573 5048 2728 5098 mss.,
2759 5033 2806 5086 id
2834 5042 2938 5107 est,
2967 5033 3045 5086 sic
3078 5030 3337 5107 fallisﬂeos
3358 5072 3387 5107 _,_
3409 5033 3498 5107 qui
3527 5033 3625 5088 ltu-

2017 5103 2191 5162 ma'nis
2231 5107 2544 5161 ratiunculis
2572 5107 2690 5175 plus
2717 5106 2943 5158 credunt
2969 5145 2984 5168 ,
3015 5118 3176 5174 quam
3217 5105 3306 5158 Dei
3337 5103 3516 5158 dictis.
3553 5107 3621 5160 At

2019 5177 2151 5232 Bad.
2178 5220 2192 5242 ,
2229 5179 2320 5232 Er.
2369 5186 2424 5232 et
2452 5178 2598 5248 Lips.
2627 5219 2642 5245 ,
2683 5176 2843 5230 stulta
2894 5175 3072 5230 mundi
3127 5176 3376 5246 sapientia
3402 5192 3421 5229 :
3475 5175 3620 5248 quod

2015 5251 2301 5306 commode
2329 5249 2490 5305 etiam
2518 5247 2574 5305 in
2603 5249 2792 5317 quinto
2827 5261 2890 5301 ac
2913 5255 3068 5303 sexto
3094 5261 3225 5300 casu
3250 5256 3425 5316 potest
3454 5247 3618 5302 intel-

2057 5337 2174 5465 gl(.g)
2200 5392 2366 5459 Editi,
2387 5401 2445 5446 ut
2465 5389 2959 5465 nonuPrtel‘erimus
2975 5403 3114 5465 _mss.
3140 5389 3625 5465 lectionem,_quam

2027 5449 2206 5519 tanien
2235 5449 2475 5519 non'alia
2501 5449 2708 5543 ratione
2737 5463 2817 5543 sic
2859 5462 3233 5543 intelligimus,
3259 5462 3416 5543 _quasi
3436 5449 3628 5543 legere

2027 5546 2200 5591 esset:
2241 5551 2363 5590 eum
2406 5551 2510 5589 non
2565 5533 2726 5604 possit
2777 5533 2892 5587 ﬁeri
2925 5574 2940 5597 ,
2967 5542 3026 5586 ut
3074 5531 3274 5602 aliquid
3306 5545 3414 5586 non
3456 5533 3528 5586 sit
3572 5532 3624 5586 id

2065 5607 2168 5661 und
2197 5617 2298 5662 est.

2028 5623 2432 5748 qui’gﬁﬂiquot
2477 5677 2661 5748 proba:
2707 5683 2848 5728 nota:
2895 5673 3327 5748 mss._Sabellia:
3370 5675 3460 5748 cui
3507 5672 3625 5728 vcci

2030 5743 2172 5804 mss.
2201 5743 2458 5802 Vatfhas.
2478 5743 2545 5802 ’ρι
2567 5749 2786 5802 Carnut.
2821 5743 3134 5816 particulam
3163 5747 3290 5800 sicut
3321 5746 3626 5816 prmlignnt,

2031 5834 2151 5890 qna:
2185 5821 2378 5875 melius
2405 5819 2556 5873 abest
2586 5818 2652 5870 ab
2680 5817 2800 5871 aliis
2832 5815 3003 5870 libris.
