4118 6186
450 303 552 362 “1

1649 304 1685 355 δ
1706 299 1892 354 ιΝιιίΊ
1934 298 2044 353 tltt.
2063 300 2192 354 tntt
2226 289 2529 354 RmsCort

3658 294 3755 350 HS

457 424 593 477 ticus
642 433 824 476 sermo
858 421 1160 490 profertur,
1206 431 1312 487 quo
1347 415 1548 470 dictum
1594 424 1707 482 est,
1739 416 1806 468 Et
1833 415 2044 470 Beucdi-
2077 420 2125 477 Α
2159 414 2253 487 (ι’.
2280 415 2316 469 l.
2355 432 2431 482 ιιι,
2481 433 2534 470 n.
2578 417 2689 481 t7).
2736 414 2866 469 Nam
2918 414 3100 483 utique
3145 417 3464 466 venerantes
3516 408 3753 474 Patrem,

451 525 566 570 cent
594 525 642 568 tc
667 512 837 566 Deum
859 527 1054 566 serum.
1092 509 1334 563 Primum
1363 506 1477 563 hinc
1513 506 1803 578 impietatis
1828 508 2053 563 stultitia

339 656 349 662 .
451 607 571 672 luit,
601 611 659 658 ut
685 619 806 674 quae
850 601 1087 673 (supple,
1130 599 1198 653 ab
1236 599 1428 654 eodem
1476 597 1762 669 propheta)
1805 599 2053 667 superius

455 698 597 754 dicta
619 705 746 751 sunt
774 737 794 759 ,
836 702 934 748 aut
978 708 1084 748 non
1133 692 1595 763 intelligerentur;
1641 700 1734 746 aut
1777 691 2054 747 intellecta

457 805 579 846 cum
608 797 824 853 essent,
872 795 1202 841 tacerentur.
1234 786 1368 840 Tum
1421 785 1616 841 deinde
1658 785 1726 838 ad
1777 801 1937 855 quam
1994 799 2054 842 se

455 882 694 936 fraudem
718 880 940 951 syllabae
961 878 1034 950 (a)
1054 879 1377 947 adjectione,
1401 894 1520 947 qua:
1568 878 1620 931 in
1652 877 1800 932 libris
1828 891 1932 932 non
1959 891 2056 932 ex-

453 985 584 1041 stat,
613 974 894 1028 instruxit:
919 972 1160 1026 stultitiae
1185 986 1296 1026 sua:
1318 972 1368 1026 in
1395 986 1462 1026 eo
1487 985 1578 1023 usa
1608 969 2056 1036 mendacio,tam-

456 1084 615 1139 quam
646 1067 803 1123 dictis
833 1069 944 1121 suis
972 1081 1039 1120 eo
1065 1079 1235 1135 usque
1275 1063 1576 1119 adhibenda
1607 1063 1740 1118 fides
1783 1071 1962 1127 esset,
1997 1072 2057 1118 ut

454 1161 834 1234 requirendam
852 1175 976 1216 esse
996 1161 1170 1229 ipsam
1189 1159 1451 1214 dictorum
1471 1156 1908 1228 propheticorum
1931 1170 2058 1210 auc-

459 1257 732 1312 toritatem
763 1269 868 1309 non
916 1261 1148 1323 putaret.
1181 1251 1298 1307 Non
1341 1251 1483 1304 enim
1538 1251 1609 1304 ita
1635 1248 1894 1318 scriptum
1924 1255 2007 1302 est
2037 1289 2054 1311 ,

461 1349 769 1403 Beued-iccnt
797 1357 842 1401 te
867 1346 1031 1400 Deum
1059 1361 1234 1400 verum
1260 1343 1430 1416 (Esai.
1467 1359 1594 1409 va,
1620 1339 1709 1412 16)
1735 1360 1748 1394 :
1779 1341 1873 1396 sed
1901 1340 2059 1394 Bene-

459 1444 627 1496 dicettt
653 1441 815 1494 Deum
845 1455 1036 1493 verum.
1087 1437 1220 1493 Nam
1257 1453 1362 1491 non
1394 1437 1645 1506 exiguum
1693 1433 2058 1504 ambiguitatis

461 1543 790 1591 momentum
822 1541 906 1588 est
931 1532 1073 1586 inter
1101 1541 1148 1585 te
1178 1530 1338 1585 Deum
1367 1545 1561 1597 verum,
1585 1537 1640 1584 et
1663 1525 1830 1582 Deum
1859 1542 2054 1584 verum.

459 1630 711 1684 Personae
737 1625 880 1681 enim
929 1624 1150 1680 alterius
1197 1623 1405 1678 videtur
1441 1635 1564 1677 esse
1602 1635 1899 1690 pronomen
1924 1663 1940 1685 ,
1968 1619 2058 1674 ubi

461 1735 508 1776 te
537 1731 648 1777 est:
671 1728 929 1775 caeterum
957 1719 1050 1774 ubi
1081 1716 1418 1788 pronominis
1441 1715 1646 1788 syllaba
1683 1727 1789 1768 non
1818 1714 1956 1782 erit,
1986 1713 2058 1767 ibi

462 1815 542 1886 ll)
571 1814 646 1882 (ὁ)
672 1813 736 1867 ad
765 1819 1043 1866 auctorem
1075 1809 1202 1864 dicti
1229 1807 1466 1863 refertur
1489 1815 1545 1862 et
1570 1821 1786 1861 nomen.

536 1909 688 1978 12]
719 1905 808 1960 27.
851 1904 985 1958 Inde
1013 1902 1183 1957 Filius
1203 1901 1484 1956 ostenditur
1521 1898 1662 1954 Deus
1703 1915 1872 1963 verus,
1927 1897 2063 1952 unde

457 2000 734 2053 innuebant
790 1999 999 2068 falsum.
1058 1993 1260 2047 Filium
1305 1993 1581 2062 Scriptura
1635 1991 1718 2044 hic
1773 1989 2062 2061 praedicans

462 2092 628 2146 Deum
656 2100 836 2144 contra
863 2103 1056 2143 morent
1104 2086 1251 2142 addit
1279 2099 1492 2152 verum,
1542 2083 1664 2150 quia
1713 2083 1874 2153 futuri
1916 2089 2063 2134 erant

460 2185 645 2254 quibus
685 2185 739 2236 id
761 2185 959 2237 lateret.
992 2209 1060 2223 -ο
1086 2180 1153 2236 Et
1175 2187 1232 2234 ut
1255 2179 1502 2234 absoluta
1532 2175 1896 2247 intelligenda:
1926 2175 2064 2230 veri-

461 2277 583 2330 tatis
614 2276 751 2330 ratio
777 2275 869 2340 sit,
900 2275 1015 2344 ipsa
1040 2273 1130 2328 illa
1157 2287 1228 2327 ex
1259 2270 1434 2327 solido
1459 2270 1732 2341 prephetae
1762 2269 1904 2322 dicta
1935 2267 2063 2322 sub-

459 2369 673 2423 dentur.
720 2366 1004 2437 Propterea
1027 2365 1100 2420 sic
1123 2364 1245 2418 dicit
1272 2363 1560 2417 Dominus:
1583 2359 1718 2415 Ecce
1731 2360 1816 2429 qui
1838 2359 2064 2413 serviunt

458 2461 606 2525 mihi-,-
638 2461 1053 2525 manducabunt;
1099 2473 1188 2512 vos
1217 2473 1336 2511 vero
1382 2455 1616 2510 esurietis
1641 2471 1661 2508 :
1691 2469 1804 2507 ecce
1848 2453 1931 2523 qui
1959 2466 2067 2505 ssr-

460 2557 598 2610 viunt
627 2553 774 2622 mihi,
825 2554 1028 2616 bibent;
1078 2567 1167 2605 vos
1195 2559 1368 2604 autent
1420 2548 1602 2602 sitietis
1634 2562 1652 2601 :
1682 2561 1794 2600 cccc
1829 2545 1915 2615 qui
1952 2559 2062 2598 ser-

460 2650 600 2703 riunt
625 2648 769 2717 mihi,
800 2647 1097 2702 exultabant
1127 2646 1182 2699 in
1212 2644 1424 2707 latitia;
1467 2658 1554 2697 uos
1585 2651 1751 2696 autent
1777 2639 2065 2695 clamabitis

461 2753 669 2814 propter
697 2742 932 2796 dolorem
961 2739 1131 2794 cordis
1157 2741 1305 2793 vestri
1323 2745 1371 2791 et
1394 2736 1474 2807 (2)
1491 2735 1563 2809 (c)
1593 2734 2066 2789 acontribulatione

459 2839 670 2908 spiritus
700 2835 987 2891 ululabitis.
1045 2833 1367 2900 Relinquetis
1417 2832 1554 2884 enim
1602 2847 1690 2883 vos
1734 2845 1916 2882 nomen
1948 2845 2065 2882 ves-

460 2942 596 2985 trum
626 2931 679 2983 in
709 2930 888 2982 laetitia
909 2927 1082 2981 electis
1111 2926 1258 2988 meis,
1290 2939 1379 2976 uos
1421 2932 1592 2976 autent
1635 2922 1905 2990 interﬁciat
1949 2919 2056 2975 Do-

460 3028 648 3077 minus.
686 3021 1034 3077 Seruientibus
1073 3034 1190 3073 vero
1216 3017 1344 3071 mihi
1365 3017 1628 3070 vocabitur
1662 3031 1846 3087 nomen
1878 3032 2064 3070 novum

464 3119 604 3189 quod
632 3118 953 3171 benedicetur
995 3129 1148 3182 super
1190 3123 1382 3166 terrain
1425 3125 1442 3164 :
1484 3119 1529 3162 et
1559 3110 1849 3164 benedicent
1901 3107 2064 3162 Deum

2157 519 2545 562 venerareutur
2569 517 2624 562 et
2655 506 2873 562 Filium.
2900 505 2963 560 lii
2987 519 3115 574 ergo
3142 503 3308 558 Deum
3341 500 3754 566 benedicebant,

2157 608 2212 653 et
2232 599 2484 670 jurabant
2533 616 2626 669 per
2673 615 2816 655 eum.
2857 597 2964 654 Sed
3018 595 3274 667 propheta
3331 594 3755 650 benedicendum

2157 687 2324 744 Deum
2351 707 2524 744 rerum
2561 700 2786 744 testatur
2829 707 2841 742 :
2885 704 3057 743 verum
3097 685 3261 741 Deum
3291 686 3492 741 idcirco
3521 702 3760 755 pronun-

2160 783 2322 853 tians,
2352 785 2473 854 quia
2504 798 2597 853 per
2632 783 2947 855 mysterium
2979 781 3238 849 assumpti
3268 779 3514 849 corporis
3553 796 3658 834 non
3688 780 3759 835 ab

2159 879 2410 933 omnibus
2434 886 2580 934 esset
2603 878 2654 931 in
2685 894 2749 931 eo
2781 876 2875 932 Dei
2911 875 3110 931 veritas
3141 873 3504 944 intelligenda.
3533 873 3603 927 Et
3621 888 3758 944 opus

2160 974 2258 1029 fuit
2284 975 2397 1029 veri
2439 973 2864 1036 conﬁrmatione,
2928 970 3017 1026 ubi
3071 968 3191 1024 falsi
3247 977 3569 1038 proruptura
3613 979 3759 1023 esset

2158 1066 2409 1120 assertio.
2441 1066 2508 1120 Et
2533 1065 2772 1136 singulas
2807 1063 3069 1119 dictorum
3112 1059 3432 1116 sorumdem
3463 1062 3759 1116 sententias

2159 1173 2557 1214 recenseamus.

2230 1250 2323 1305 28.
2366 1248 2648 1323 PrOphetia
2659 1249 2766 1304 haec
2781 1246 2980 1316 aliquid
3002 1261 3247 1318 prmcns,
3269 1253 3318 1300 et
3342 1244 3486 1300 aliud
3528 1249 3762 1318 fuatrunt

2161 1344 2435 1416 signiﬁcat.
2471 1342 2622 1410 Quod
2645 1357 2889 1411 presens,
2913 1342 2982 1394 ad
3006 1337 3173 1392 Israel
3194 1339 3488 1402 carnalem;
3516 1339 3654 1407 quod
3680 1341 3765 1410 fu-

2161 1446 2356 1502 turum,
2387 1436 2455 1488 ad
2485 1434 2766 1502 spiritalem
2794 1433 2990 1487 attinet.
3015 1461 3084 1474 —-
3108 1429 3391 1502 PrOptsrsa
3416 1433 3489 1484 sic
3515 1433 3633 1485 dicit
3655 1430 3766 1485 Do-

2159 1530 2330 1583 minus
2383 1544 2400 1582 :
2445 1525 2579 1581 Ecce
2631 1527 2716 1597 qui
2759 1526 2985 1580 serviunt
3025 1525 3173 1590 mihi,
3225 1524 3640 1588 manducabunt;
3680 1541 3766 1580 vos

2160 1636 2280 1676 uero
2311 1620 2544 1674 esurialis
2572 1635 2590 1672 :
2615 1635 2730 1673 ecce
2750 1619 2837 1687 qui
2877 1618 3105 1672 seruiunt
3133 1617 3282 1683 mihi,
3308 1615 3506 1684 bibent;
3537 1630 3624 1670 vos
3650 1634 3767 1672 vero

2163 1713 2343 1767 sitietis
2373 1712 2544 1785 (Esai.
2573 1727 2694 1778 ur,
2736 1708 2851 1781 15).
2911 1709 3188 1780 Cognosce
3239 1710 3342 1765 sub
3385 1709 3574 1764 eodem
3614 1711 3763 1766 dicto

2088 1803 2138 1864 B
2167 1806 2443 1875 utriusque
2473 1803 2732 1874 temporis
2759 1803 3232 1872 signiﬁcationem,
3265 1811 3324 1856 ut
3368 1813 3769 1858 sacramentum

2167 1895 2473 1968 assequaris
2497 1897 2691 1950 anatis.
2727 1895 2830 1962 Qui
2862 1896 3005 1950 enim
3036 1896 3264 1949 seruiunt
3295 1895 3444 1958 mihi,
3482 1895 3767 1949 manduca-

2167 1991 2311 2044 bunt.
2346 1988 2678 2058 Religionem
2724 1987 2933 2042 scilicet
2989 1996 3312 2056 praesentem
3373 1987 3530 2058 122
3579 1986 3774 2042 futuris

2167 2083 2408 2154 prtemiis
2447 2091 2760 2137 muneratur
2801 2081 2931 2135 :.ita
2963 2087 3022 2134 ut
3048 2081 3394 2150 praesentium
3442 2082 3772 2151 impietatem

2168 2177 2359 2232 futuras
2381 2175 2502 2231 sitis
2528 2189 2593 2232 ac
2613 2175 2773 2230 famis
2797 2189 2957 2245 paena
2989 2174 3258 2230 conﬁciat.
3311 2174 3515 2231 Deinde
3541 2175 3758 2245 adjecit,

2169 2268 2303 2323 Ecce
2329 2269 2416 2339 qui
2456 2267 2680 2324 seruiunt
2709 2268 2855 2334 mihi,
2885 2267 3185 2323 exultabant
3211 2269 3265 2322 in
3312 2269 3533 2333 latitia;
3561 2285 3649 2324 uos
3674 2285 3774 2324 au-

2167 2373 2266 2417 tem
2291 2363 2577 2416 clamabitis
2605 2371 2811 2432 propter
2842 2361 3071 2416 dolorem
3098 2362 3267 2416 cordis
3303 2362 3480 2427 uestri,
3505 2371 3552 2417 et
3589 2381 3622 2417 a
3647 2379 3771 2417 con-

2167 2455 2372 2511 tritione
2396 2455 2608 2524 spiritus
2654 2454 2918 2508 ululabilis
2960 2452 3150 2524 (Ibid,
3200 2451 3308 2524 M).
3359 2454 3664 2510 Secundum
3686 2469 3777 2511 su-

2169 2551 2438 2618 periorem
2491 2562 2708 2602 sensum
2759 2548 2918 2602 etiam
2969 2561 3111 2601 nunc
3164 2545 3327 2603 futuri
3383 2556 3440 2603 et
3488 2549 3775 2617 praesentis

2171 2641 2430 2709 temporis
2451 2639 2842 2695 demonstratio
2881 2649 3004 2697 est:
3040 2650 3096 2695 ut
3125 2641 3216 2711 qui
3264 2640 3529 2707 serviunt,
3557 2643 3770 2698 exulta-

2169 2734 2277 2789 turi
2305 2735 2412 2788 sint
2437 2735 2491 2788 in
2525 2733 2742 2798 Iustitia;
2776 2733 2866 2804 qui
2916 2749 3047 2787 vero
3094 2747 3202 2788 non
3243 2734 3510 2801 serviunt,
3561 2735 3614 2789 in
3663 2737 3775 2791 ela-

2171 2844 2320 2884 more
2341 2838 2503 2900 atque
2530 2829 2582 2884 in
2615 2829 2824 2883 ululatu
2859 2843 2953 2897 per
2978 2828 3218 2884 dolorem
3249 2829 3428 2884 cordis
3473 2840 3527 2886 et
3565 2832 3776 2888 contri-

2169 2924 2372 2976 tionem
2441 2920 2660 2990 spiritus
2731 2920 2970 2975 mansuri
3036 2919 3164 2975 sint.
3233 2920 3436 2976 Dehinc
3491 2922 3772 2991 subjecit,

2173 3014 2489 3083 Relinquetis
2517 3013 2651 3067 enim
2689 3029 2775 3066 vos
2823 3028 3008 3067 nomen
3034 3023 3252 3067 uestrum
3303 3014 3568 3069 iniustitia
3605 3016 3775 3070 elei-tis

2169 3109 2316 3173 meis,
2346 3123 2430 3162 vos
2451 3117 2616 3162 autent
2641 3106 2912 3176 interﬁciat
2940 3105 3191 3162 Dominus
3215 3105 3402 3178 (lbid.,
3436 3105 3552 3177 15).
3583 3107 3774 3164 Sermo

458 3227 652 3275 verum,
677 3219 722 3263 et
744 3210 829 3277 qui
866 3211 1050 3280 jurant
1083 3220 1240 3274 super
1264 3214 1472 3267 terram,
1512 3201 1765 3274 jurabunt
1815 3202 1866 3254 in
1899 3200 2063 3254 Deum
2092 3193 2139 3258 C
2170 3197 2237 3254 ad
2261 3199 2532 3254 carnalem
2570 3198 2736 3253 Israel
2764 3207 2849 3252 est
2873 3213 2995 3253 cum
3021 3197 3188 3252 futuri
3214 3199 3476 3268 temporis
3498 3200 3770 3270 signiﬁca-

461 3318 631 3356 uerum
659 3300 828 3372 (Emi.
864 3313 1026 3362 vatt,
1070 3299 1138 3352 15
1189 3306 1234 3350 et
1263 3297 1448 3366 seqq.).
1490 3295 1788 3363 Numquam
1861 3309 1966 3346 non
1999 3307 2065 3348 ex

460 3406 622 3446 causa
654 3403 758 3455 est,
792 3404 912 3443 cum
935 3387 1273 3443 consuetudo
1306 3387 1703 3456 przrdicationis
1738 3385 2017 3440 exceditur
2046 3403 2061 3440 :

459 3495 511 3538 et
542 3483 803 3537 rationem
835 3481 1088 3534 novitatis
1118 3478 1200 3551 (5)
1229 3480 1364 3533 ratio
1404 3477 1485 3548 (ά)
1539 3477 1789 3531 falsitatis
1837 3477 2060 3539 inducit.

458 3574 594 3630 Cum
630 3575 770 3628 enim
797 3581 955 3626 antea
987 3583 1148 3626 tanta:
1195 3571 1264 3624 de
1327 3571 1435 3625 Deo
1482 3569 1778 3639 propltetiro
1828 3568 2067 3624 exstitis-

455 3672 598 3728 sent,
629 3674 682 3719 et
702 3663 768 3718 ad
800 3665 891 3718 Dei
922 3663 1237 3733 dignitatem
1281 3677 1345 3716 ac
1393 3669 1636 3715 naturam
1681 3660 2062 3716 demonstran-

457 3757 584 3812 dam
623 3755 850 3825 simplex
895 3765 950 3810 et
975 3755 1151 3810 solum
1197 3753 1289 3809 Dei
1340 3768 1533 3808 nomen
1579 3762 2062 3809 commemoratum

461 3849 652 3904 fuisset
672 3865 687 3915 ;
706 3848 1054 3920 quaerendum
1072 3857 1177 3916 cst,
1193 3862 1297 3917 qua
1320 3848 1530 3902 ratione
1555 3861 1699 3901 nunc
1727 3861 1822 3916 per
1851 3846 2062 3900 Esaiam

457 3940 887 3996 benedicendum
925 3941 1088 3996 Deum
1122 3955 1318 4007 verum,
1363 3948 1418 3994 et
1443 3938 1732 4006 jurandunt
1760 3952 1924 4006 super
1957 3946 2062 3991 ter-

458 4049 573 4091 ram
598 4035 652 4088 in
675 4033 839 4088 Deum
861 4049 1034 4088 verum
1061 4033 1359 4104 prophetia:
1389 4032 1624 4102 Spiritus
1671 4031 2060 4102 przeloquatur.

466 4126 780 4197 Etprimum
801 4127 1131 4182 noscendum
1158 4134 1262 4192 est,
1284 4140 1595 4181 sermonem
1622 4127 1764 4180 hunc
1786 4139 1874 4180 res
1895 4124 2064 4180 futuri

465 4219 725 4289 temporis
747 4221 1014 4274 nuntiare.
1047 4220 1114 4274 Et
1142 4234 1326 4289 qua-ro
1353 4234 1421 4274 an
1456 4220 1597 4274 Deus
1617 4232 1780 4273 verus
1817 4234 1923 4272 non
1967 4219 2060 4286 sit,

461 4312 548 4382 qui
583 4319 692 4364 tum
715 4311 1011 4365 secundum
1031 4311 1338 4380 Opinionem
1366 4309 1674 4365 Judaeorum
1701 4320 1754 4363 et
1776 4309 2063 4364 benedice-

460 4402 618 4457 batur
670 4407 727 4454 et
773 4399 1075 4470 iurabatur.
1131 4400 1303 4455 Judaei
1370 4415 1602 4472 namque
1666 4408 2063 4456 sacramentum

458 4494 701 4566 mysterii
735 4493 827 4548 Dei
860 4495 1181 4560 nescientes,
1217 4505 1272 4550 et
1295 4510 1389 4564 per
1425 4496 1526 4550 hoc
1577 4496 1670 4550 Dei
1699 4493 1866 4549 ﬁlium
1912 4497 2064 4568 igno-

2174 3292 2344 3354 tione,
2374 3293 2460 3347 cui
2489 3291 2854 3360 exprobratur
2883 3292 3025 3362 quod
3054 3308 3249 3348 nomen
3278 3309 3432 3348 suum
3462 3294 3649 3349 electis
3683 3293 3771 3349 Dei

2173 3384 2457 3440 relicturus
2487 3386 2576 3440 sit.
2613 3385 2829 3452 Qtuero,
2858 3385 3000 3455 quod
3050 3387 3153 3440 hoc
3178 3401 3374 3442 nomen
3414 3389 3524 3443 sit?
3568 3388 3774 3456 Nempe

2170 3476 2357 3542 Israel,
2387 3475 2453 3529 ad
2483 3491 2643 3546 quem
2678 3485 2790 3531 tum
2839 3485 2956 3532 erat
2985 3491 3184 3532 sermo.
3231 3478 3437 3534 Dehine
3475 3481 3770 3548 interrogo,

2169 3569 2260 3638 qui
2287 3568 2356 3622 sit
2395 3569 2554 3624 hodie
2584 3567 2787 3625 Israel?
2814 3570 2880 3625 Et
2919 3571 3138 3640 quidem
3186 3581 3412 3628 testatur
3453 3572 3768 3642 Apostolus,

2170 3661 2269 3730 Qui
2302 3661 2512 3731 spiritu,
2547 3678 2655 3718 non
2688 3664 2886 3728 littera,
2917 3666 3008 3735 qui
3041 3665 3093 3719 in
3135 3666 3318 3735 regula
3345 3664 3543 3722 Christi
3575 3681 3770 3737 proce-

2168 3754 2380 3819 dentes,
2408 3754 2573 3809 Israel
2607 3755 2698 3810 Dei
2731 3766 2855 3810 suut
2887 3757 3070 3826 (Rom.
3105 3772 3164 3820 ιι,
3198 3753 3314 3828 29).

2237 3847 2327 3903 29.
2373 3845 2548 3901 Filius
2578 3848 2770 3918 triplici
2801 3849 2952 3903 titulo
2982 3846 3126 3903 Deus
3153 3863 3299 3903 uerus
3317 3850 3380 3904 ab
3413 3850 3574 3906 Esaia
3600 3864 3772 3908 osten-

2167 3947 2328 4002 ditur.
2354 3945 2704 4000 Christianum
2741 3963 2925 4001 nomen
2953 3962 3164 4001 nouum.
3194 3973 3268 3988 --
3303 3946 3439 4002 Tum
3485 3957 3765 4017 pra'tcrea,

2168 4053 2288 4094 cum
2315 4040 2561 4109 superius
2590 4039 2793 4095 dictum
2820 4041 2909 4105 sit,
2936 4039 3222 4112 Propterea
3251 4041 3325 4095 sic
3350 4041 3473 4096 dicit
3493 4039 3769 4110 Dominus;

2168 4132 2572 4203 intelligendum
2605 4142 2688 4188 est
2719 4150 2816 4188 cur
2854 4135 2926 4189 ita
2962 4135 3063 4190 hoc
3092 4149 3474 4207 consequatur,
3540 4136 3636 4191 Vos
3665 4153 3766 4191 rm-

2169 4236 2265 4281 tem
2294 4228 2562 4298 interﬁciet
2605 4227 2866 4285 Dominus
2898 4246 2916 4286 :
2945 4231 3143 4288 deinde
3170 4243 3290 4303 post
3331 4233 3449 4310 haec
3492 4234 3619 4304 quid
3663 4235 3768 4292 sibi

2168 4319 2295 4374 velit
2321 4319 2407 4374 hic
2436 4335 2639 4388 sermo,
2671 4322 3023 4379 Servientibus
3068 4341 3184 4380 vero
3220 4327 3344 4380 mihi
3383 4328 3768 4382 vocabitur'no-

2165 4429 2278 4467 men
2312 4427 2518 4482 novum,
2549 4415 2686 4486 quod
2707 4416 3028 4473 benedicatur
3053 4435 3207 4490 super
3233 4429 3419 4474 terram
3449 4417 3614 4490 (Ibid.
3651 4420 3761 4494 16).

2166 4503 2434 4577 Numquid
2465 4509 2756 4580 ambigitur
2786 4511 2838 4565 in
2863 4527 2928 4568 eo
2955 4513 3095 4584 quod
3124 4513 3324 4568 dietum
3355 4523 3456 4580 est,
3484 4514 3765 4586 Propterea

457 4599 660 4656 rantes,
703 4589 870 4643 Deum
901 4596 1128 4656 tantum,
1179 4603 1286 4644 non
1324 4597 1381 4646 et
1421 4589 1638 4646 Patrem
1665 4591 2060 4650 venerabantur
2087 4576 2141 4642 Ῐ)
2166 4599 2237 4653 sic
2261 4576 2384 4653 dicit
2406 4576 2682 4668 Dominus,
2724 4603 2860 4658 etin
2900 4576 3135 4677 eti-quod
3164 4576 3452 4676 sequitur.
3473 4576 3764 4661 Vasatium

528 4727 617 4873 (1)
634 4727 716 4781 Ad
743 4729 1094 4782 auctoritatem
1115 4725 1260 4783 dicti.

534 4800 594 4871 (2
640 4800 684 4853 Δ
712 4799 1034 4854 contritione.

534 4799 617 4871 (2)
640 4800 684 4853 Δ
712 4799 1034 4854 contritione.

531 4940 613 5013 (a)
641 4934 701 5013 ιιι
731 4951 862 5013 mss.
886 4934 1285 5013 adiect_io._lloc_
1311 4935 1501 5013 vitium
1533 4935 1762 5013 _Arianis_
1797 4939 2054 5013 usitatum

457 5007 624 5067 fuisse
651 5009 907 5062 discimus
935 5021 1000 5061 ex
1035 5007 1358 5074 Ambrosio,
1392 5010 1504 5078 qui,
1533 5008 1624 5063 lib.
1662 5026 1697 5063 ιι
1733 5010 1799 5065 de
1827 5011 1952 5074 ﬁde,
1997 5031 2048 5070 c.

460 5089 550 5151 15,
585 5080 798 5155 ηγη555,
825 5087 1008 5155 (ξφ-ιιι
1033 5078 1438 5155 Βριὶριυινξιτιιηι
1461 5081 1762 5155 lalsatores,
1786 5095 1839 5137 et
1867 5086 1960 5140 lib.
1995 5102 2050 5155 ν,

457 5149 579 5224 cap.
611 5151 678 5224 16
701 5186 718 5215 ,
751 5149 962 5224 ...ωε
991 5159 1046 5224 u_t
1071 5149 1403 5224 earumdem
1430 5151 1842 5224 interpolatores
1871 5149 2055 5212 tradit;

457 5219 569 5279 cit':
593 5219 1060 5295 quiqueingestis
1085 5222 1440 5295 aquileiensis
1460 5219 1652 5292 synodi
1670 5224 1734 5295 Ἦ.
1758 5241 1816 5295 ιι,
1839 5239 1890 5293 p.
1920 5228 2051 5295 795,

461 5291 974 5349 l'alladidcriminis
1019 5291 1174 5359 hujus
1201 5292 1448 5345 convicto
1475 5291 1604 5346 dicit
1623 5335 1638 5359 ,
1673 5291 1882 5348 Fulsari
1906 5315 1937 5350 a
1965 5291 2054 5354 υθέ-

457 5366 772 5441 bis-ditia”
797 5361 1297 5441 “Scripturas'ltodie
1330 5364 1743 5441 _comp_robantu_s.
1778 5366 1930 5441 Unde
1960 5386 2050 5441 ιγ-

460 5437 584 5490 nodi
617 5437 774 5501 huius
797 5426 982 5488 Patres
1012 5433 1198 5507 epist...
1222 5426 1570 5507 Αιιιιιιιυεᾮιι,
1595 5453 1653 5507 ιι.
1680 5426 1718 5492 6
1741 5447 1796 5492 et
1824 5439 1877 5503 7,
1907 5426 2060 5507 apud

460 5509 813 5575 imperatores
836 5506 1198 5579 expostulant,
1222 5503 1364 5574 quod
1393 5507 1466 5558 ita
1511 5506 1772 5578 redarguti
1798 5513 1860 5564 de
1899 5503 2050 5579 fulsi-

461 5581 562 5632 tale
589 5586 727 5646 sunt,
756 5583 810 5627 ut
833 5577 1132 5646 faterentur.

531 5645 839 5720 (b)_9mnes
869 5658 1032 5720 prone
1063 5661 1190 5720 mss.
1229 5647 1300 5700 ad
1325 5648 1676 5720 auctoritatem
1701 5649 1843 5708 dicti.
1873 5653 2044 5710 inter-

457 5717 593 5773 dum
616 5717 1044 5788 Hilarius_ve_rbo
1071 5717 1363 5785 abstracto,
1396 5717 1515 5772 loco
1540 5721 1779 5775 concreti
1806 5765 1821 5788 ,
1852 5739 1916 5781 ae
1946 5739 2045 5781 no-

457 5788 701 5844 minatim
729 5785 991 5841 vocabulo
1011 5788 1328 5843 auctoritatis
1354 5794 1472 5843 loco
1493 5791 1715 5847 auctoris
1737 5785 1830 5851 lib.
1854 5796 1921 5851 de
1943 5796 2045 5868 Sy-

2235 4734 2318 4808 (5)
2348 4740 2482 4803 ratio
2512 4739 2759 4794 ueritatis.

2161 4950 2292 5032 noti.
2326 4968 2497 5032 num_._
2527 4954 2609 5032 53__
2629 4997 2662 5032 ,_
2686 4957 2874 5012 utitur.
2905 4957 3059 5032 Quod
3093 4958 3180 5012 hic
3198 4921 3273 5011 ad
3301 4967 3563 5016 auctorem
3593 4961 3719 5015 dicti
3742 5002 3763 5032 ,

2163 5020 2321 5090 infra,
2349 5041 2406 5080 η.
2437 5020 2759 5092 51,·ιιιὸίιιιι·
2785 5020 2948 5099 penes
2965 5031 3272 5098 loquentem.

2231 5134 2301 5208 (ο)
2332 5135 2564 5220 CaOrnut.
2590 5154 2692 5194 ms.
2723 5155 2786 5194 ac
2813 5141 3054 5198 nonnulli
3083 5142 3196 5209 alii,
3239 5143 3311 5198 uti
3345 5143 3545 5216 moxjn
3588 5145 3762 5201 omni-

2157 5203 2293 5272 bus,w
2308 5225 2338 5260 a
2359 5203 2682 5265 c5ntritione.

2195 5366 2207 5378 .
2230 5296 2309 5368 (ά)
2506 5315 2627 5354 cum
2655 5315 2786 5356 mss.
2817 5317 2924 5356 non
2959 5303 3145 5379 paucis
3164 5343 3191 5379 ,ν
3212 5305 3352 5379 ratio,
3375 5307 3620 5379 veritatis.
3652 5307 3762 5361 Ma-

2156 5375 2239 5438 gis
2255 5375 2438 5423 arrisit
2457 5386 2578 5424 eum
2604 5383 2916 5440 pervetusto
2942 5375 3132 5431 codice
3157 5377 3308 5431 Colit.
3335 5388 3390 5431 et
3415 5378 3602 5440 Germ,
3636 5395 3760 5434 nec-

2158 5453 2265 5522 non
2288 5440 2798 5522 C(ll'b._{tbha-l-tllqll_a
2840 5461 3000 5502 manu
3023 5447 3280 5522 secunda,
3322 5451 3460 5522 ratio
3485 5449 3756 5518 falsitatis,

2160 5512 2261 5596 hoc
2287 5521 2390 5576 est,
2425 5513 2522 5596 ubi.
2554 5512 2768 5596 fallendi
2817 5528 2873 5571 et
2912 5518 3125 5596 errandi
3165 5519 3351 5575 subest
3377 5512 3553 5596 aliqua
3587 5512 3756 5596 ratio}

2158 5590 2237 5646 ut,
2283 5598 2338 5637 ν.
2382 5599 2460 5653 3.,
2509 5584 2561 5641 in
2598 5584 2822 5662 illiristo
2867 5593 3181 5662 mysterium
3212 5584 3480 5658 assumpti
3507 5594 3757 5662 corporis

2154 5664 2328 5728 potest
2354 5656 2664 5728 esseratini
2682 5660 2820 5712 unde
2862 5656 2982 5728 quis
3023 5661 3239 5715 fallatur
3278 5678 3344 5716 ne
3385 5656 3509 5722 eum
3568 5656 3754 5719 verum

2157 5724 2321 5806 Deum
2369 5727 2572 5806 credat.
2625 5727 2752 5786 Haec
2801 5724 2958 5786 lectio
2998 5731 3286 5802 postremis
3331 5733 3490 5804 hujus
3539 5734 3752 5792 numeri

2153 5795 2330 5851 verbis
2351 5796 2717 5855 conﬁrmatur.
