4118 6186
441 292 544 351 151

448 518 679 576 persona
707 503 800 560 Dei
822 502 992 574 patris
1014 499 1323 566 mentietur,
1347 513 1415 555 ne
1439 497 1493 554 in
1517 499 1685 554 Deum
1711 496 1899 553 (illium
1913 497 2042 553 dicti

448 597 609 669 hujus
631 594 979 666 intelligentia
999 591 1201 663 suscipi
1234 590 1437 662 possit:
1459 591 1641 647 audiat
1668 590 1937 646 mendacii
1959 589 2043 644 sui

450 689 519 745 ab
548 687 792 759 apostolo
820 694 875 742 et
902 686 1125 741 doctore
1158 684 1403 756 gentium
1436 694 1680 750 reatum;
1714 684 1895 738 omnia
1927 682 2046 738 haec

449 786 518 841 ad
552 790 947 839 sacramentum
981 780 1249 851 passionis
1291 778 1575 833 dominicae
1621 786 1677 833 et
1722 776 2045 848 evangelica:

451 874 576 932 ﬁdei
609 885 854 944 tempora
883 871 1227 943 prazdicante,
1266 878 1380 924 tum
1411 883 1536 925 cum
1567 868 1936 924 inﬁdelitatem
1969 866 2049 921 ls-

452 966 568 1022 rael
608 964 898 1020 adventum
940 962 1150 1019 Domini
1193 961 1247 1017 in
1285 975 1505 1016 carnem
1547 976 1653 1016 non
1692 960 2049 1030 iutelligentis

450 1058 762 1128 exprobrat.
809 1055 903 1110 Ait
945 1054 1088 1109 enim
1129 1054 1198 1108 ita
1227 1070 1247 1108 :
1297 1052 1477 1107 Omnis
1522 1054 1692 1120 enim,
1747 1053 2052 1123 quicumque

450 1150 754 1205 invocaverit
777 1164 958 1203 nomen
975 1144 1203 1210 Domini,
1227 1144 1527 1199 salvabitur.
1558 1143 1827 1212 Quomodo
1843 1145 2050 1198 invoca-

453 1244 576 1299 bunt
607 1260 721 1298 eum
756 1244 810 1297 in
850 1257 1001 1311 quem
1028 1254 1131 1293 non
1163 1238 1486 1293 crediderunt
1507 1236 1533 1290 ?
1578 1237 1850 1303 Quomodo
1882 1245 2054 1291 autem

455 1339 662 1393 credent
694 1337 740 1391 ei
766 1352 914 1407 quem
943 1351 1045 1389 non
1080 1332 1402 1388 audierunt?
1441 1331 1713 1399 Quomodo
1752 1340 1921 1385 autent
1955 1346 2052 1384 au-

457 1432 597 1486 dient
640 1432 748 1486 sine
795 1429 1147 1502 praedicante?
1192 1426 1464 1494 Quomodo
1505 1435 1674 1480 autem
1701 1425 2056 1496 praedicabunt

457 1506 577 1579 nisi.
594 1510 745 1577 missi
790 1521 1015 1590 fuerint?
1041 1521 1192 1575 sicuti
1220 1520 1470 1590 scriptum
1498 1526 1569 1574 est
1592 1534 1610 1573 :
1634 1517 1708 1592 (α)
1744 1516 1912 1585 Quam
1938 1532 2057 1588 spe—

455 1616 583 1670 ciosi
613 1615 766 1685 pedes
803 1630 981 1669 eorum
1024 1612 1113 1684 qui
1152 1613 1460 1666 annuntiant
1507 1626 1706 1683 pacem,
1755 1625 1932 1665 eorum
1970 1609 2059 1676 qui

457 1709 762 1763 annuntiant
800 1706 933 1760 bona
975 1704 1147 1777 (Esai.
1188 1719 1279 1770 ιιι,
1312 1702 1367 1774 7)
1397 1721 1411 1758 :
1444 1702 1551 1758 Sed
1587 1719 1689 1757 non
1742 1717 1916 1757 omnes
1944 1702 2063 1757 obe-

1636 283 1881 345 SANCTI
1913 282 2168 342 HlLARll
2206 282 2513 342 EPISCOPI

447 410 669 469 tendum
722 410 1033 482 ignorantes
1074 404 1570 478 simplicioresque,
1613 404 1757 461 dicta
1801 419 1923 461 esse
1972 418 2040 460 ex
2066 403 2120 462 A

3636 284 3742 341 13?.

2214 400 2305 458 5'5.
2335 400 2547 457 Esaiam
2577 417 2643 457 ea:
2672 400 2840 457 Esaia:
2865 400 3016 457 dictis
3043 402 3412 473 interpretatur
3436 400 3740 475 Apostolus.

2147 491 2332 547 Esaias
2360 494 2485 547 vidit
2527 491 2728 559 Deum,
2762 509 2921 565 neque
2958 494 3119 549 alium
3143 494 3269 550 vidit
3298 504 3484 566 praeter
3522 494 3740 552 Filium.

2147 618 2219 630 -—
2241 588 2353 644 Nisi
2377 589 2515 644 forte
2546 588 2837 659 Apostolus
2887 588 3045 644 dictis
3082 588 3412 660 propheticis
3439 605 3545 645 non
3573 588 3645 663 (f)
3674 605 3740 646 ex

2147 679 2445 753 prophetiae
2491 681 2681 751 spiritu
2733 680 3002 751 usurpatis
3026 722 3040 746 ,
3073 681 3396 737 temerarius
3437 682 3596 738 alieni
3626 697 3750 738 ser-

2149 775 2327 830 monis
2354 775 2621 845 interpres
2642 785 2744 830 eSt.
2776 774 2968 830 Omnia
2990 766 3205 846 quidem
3234 789 3333 847 per
3358 775 3743 831 revelationem

2149 866 2351 923 Christi
2387 867 2679 937 Apostolus
2723 866 2854 922 dicit
2884 885 2895 920 :
2925 868 3020 922 sed
3073 867 3249 922 Esaiae
3277 866 3419 922 dicta
3472 882 3538 922 ex
3591 867 3748 923 dictis

2154 960 2328 1016 Esaiae
2353 962 2520 1031 ipsius
2556 960 2724 1017 novit.
2755 960 2812 1016 lu
2848 961 3073 1017 exordio
3116 964 3260 1018 enim
3301 961 3569 1019 sermonis
3593 962 3749 1032 ejus,

2153 1058 2208 1112 in
2235 1070 2341 1126 quo
2375 1055 2515 1109 Deus
2544 1069 2707 1111 verus
2749 1069 2780 1109 a
2811 1053 3173 1110 servientibus
3220 1053 3320 1109 sibi
3349 1053 3750 1110 benedicendus

2152 1159 2314 1221 atque
2332 1148 2592 1220 jurandus
2632 1158 2750 1214 est,
2784 1146 2900 1203 haec
2927 1148 3200 1218 prophetae
3234 1147 3409 1203 oratio
3436 1146 3633 1218 legitur
3660 1162 3674 1201 :
3706 1145 3752 1199 A

2155 1242 2344 1299 sarcula
2368 1259 2471 1297 non
2499 1241 2810 1308 audivimus,
2842 1257 2935 1294 nec
2959 1240 3095 1294 oculi
3123 1240 3284 1295 nostri
3318 1239 3555 1295 viderunt
3588 1237 3753 1294 Deunt

2157 1348 2342 1410 praeter
2371 1347 2437 1401 te,
2484 1347 2531 1393 et
2560 1353 2717 1409 opera
2743 1345 2831 1391 tua
2874 1337 2955 1409 (g)
2981 1352 3096 1403 qua:
3141 1336 3299 1406 facies
3339 1335 3755 1405 exspectantibus

2156 1430 2561 1486 misericordiam
2589 1439 2728 1483 tuam
2753 1428 2904 1499 (Esa.
2940 1442 3090 1493 thv,
3117 1426 3195 1501 4).
3239 1427 3502 1499 Loquitur
3532 1427 3752 1495 Esaias,

2158 1532 2357 1594 praeter
2383 1520 2527 1577 hunc
2575 1536 2637 1576 se
2664 1523 2935 1576 neminem
2970 1520 3137 1576 Deum
3176 1521 3394 1577 vidisse.
3444 1520 3590 1576 Vidit
3611 1521 3755 1577 enim

2159 1616 2384 1689 gloriam
2436 1614 2569 1683 Dei,
2616 1617 2771 1684 cujus
2815 1613 2898 1688 (h)
2944 1614 3396 1685 pramuntiaverat
3443 1614 3759 1686 mysterium

2162 1712 2559 1783 corporationis
2583 1724 2651 1766 ex
2683 1708 2909 1781 virgine.
2935 1708 3012 1764 Ac
3053 1710 3097 1763 si
3128 1717 3182 1763 tu
3217 1708 3472 1763 hmretice
3509 1708 3724 1780 ignoras
3744 1750 3760 1775 ,

461 1801 610 1855 diunt
651 1797 957 1869 Evangelia.
998 1796 1186 1853 Esaias
1224 1796 1360 1851 enim
1414 1794 1582 1862 dicit,
1624 1792 1907 1881 Domine,‘
1948 1794 2061 1865 quis
2092 1812 2140 1872 B
2165 1806 2307 1881 quod
2349 1806 2402 1861 in
2451 1820 2512 1860 ea
2562 1804 2731 1876 εισι-ῖς,
2774 1803 3105 1874 unigenitum
3154 1802 3321 1857 Deum
3349 1801 3582 1867 viderit;
3638 1800 3764 1856 and;

460 1892 679 1948 credidit
743 1892 945 1946 auditui
990 1900 1163 1945 nostro
1228 1888 1400 1962 (Esai.
1430 1904 1545 1957 Lm,
1580 1888 1676 1960 1)?
1716 1886 1900 1957 Itaque
1933 1887 2064 1957 ﬁdes

462 2011 526 2050 ea:
552 1993 757 2059 auditu,
800 1990 1011 2047 auditus
1055 1999 1223 2043 autem
1271 2005 1363 2058 per
1387 1987 1596 2042 verbum
1636 1985 1734 2059 (b).
1779 1985 1886 2042 Sed
1924 1985 2064 2051 dico,

464 2086 715 2158 numquid
737 2101 838 2140 non
859 2082 1172 2139 audierunt?
1225 2079 1342 2134 lmo
1390 2079 1447 2133 in
1476 2094 1677 2134 omnem
1698 2086 1889 2133 terram
1914 2077 2066 2132 exivit

462 2195 619 2235 sonus
648 2194 846 2245 eorum,
879 2187 927 2231 et
964 2175 1033 2229 ad
1055 2174 1294 2229 terminos
1318 2172 1454 2227 orbis
1471 2170 1545 2244 (c)
1564 2171 1713 2225 verba
1734 2186 1933 2225 eorum.
1961 2168 2071 2225 Sed

465 2272 605 2328 dico:
635 2269 902 2341 Numquid
931 2268 1101 2323 Israel
1128 2283 1231 2321 non
1257 2266 1445 2321 scivit?
1466 2263 1677 2319 Primus
1701 2262 1908 2334 Moyses
1924 2262 2066 2329 dicit,

464 2363 583 2436 Ego
613 2362 838 2418 incitabo
864 2378 952 2417 vos
979 2362 1034 2416 in
1061 2377 1163 2416 non
1185 2368 1386 2433 gentem
1404 2400 1419 2425 ,
1450 2359 1506 2413 in
1531 2368 1732 2431 gentem
1758 2359 2073 2413 insensatam

466 2458 776 2514 exacerbabo
800 2472 906 2512 vos.
937 2455 1126 2512 Esaias
1153 2465 1328 2510 autem
1351 2453 1504 2508 audet
1543 2461 1591 2508 et
1636 2453 1791 2520 dicit,
1837 2451 2074 2522 Apparui

468 2559 638 2605 autem
662 2550 744 2604 his
766 2549 856 2620 qui
884 2564 964 2604 me
990 2564 1093 2602 non
1120 2546 1201 2621 (ά)
1222 2555 1480 2618 quaerunt,
1508 2547 1743 2601 inventus
1763 2560 1875 2599 sum
1902 2544 1967 2599 iis
1987 2544 2075 2613 qui

467 2658 551 2698 me
575 2659 678 2697 non
698 2638 1082 2713 interrogabant
1099 2639 1303 2713 (Esaia.
1331 2654 1463 2705 va,
1489 2639 1566 2710 1).
1602 2637 1683 2692 Ad
1706 2635 1879 2693 Israel
1906 2647 2075 2691 autem

468 2738 593 2808 quid
621 2736 786 2792 dicit?
806 2734 940 2790 Tota
965 2735 1047 2789 die
1075 2732 1154 2808 (1)
1181 2733 1386 2789 extendi
1404 2748 1589 2788 manus
1614 2748 1754 2788 meas
1790 2733 1859 2787 ad
1920 2731 2076 2804 125

470 2830 721 2901 populum
733 2844 837 2883 non
852 2825 1470 2899 audientem(Rom.x,15
1487 2835 1535 2880 et
1549 2824 1682 2898 seq.)
1695 2868 1707 2881 .
1718 2824 1926 2897 (e)Quis
1953 2825 2075 2880 caeli

472 2919 731 2985 circulos,
757 2919 1029 2974 incertum
1059 2917 1417 2988 incorporeus
1448 2932 1517 2972 an
1546 2931 1864 2988 corporeus,
1895 2931 2077 2988 egres-

471 3025 586 3076 sus,
613 3009 827 3064 lidelior
857 3009 1023 3065 Paulo
1049 3008 1319 3065 dictorum
1344 3010 1784 3080 propheticorum
1808 3014 2078 3082 interpres

475 3102 730 3159 exstitisti
755 3100 824 3174 (11
844 3099 965 3157 Cor.
991 3116 1091 3167 xu,
1110 3099 1170 3170 2)
1186 3099 1210 3154 ἲ
1226 3099 1359 3167 Quis
1385 3098 1745 3155 inenarranda
1772 3101 2075 3157 caelestium

2167 1902 2431 1958 Joannem
2473 1895 2856 1968 evangelistam
2907 1895 3173 1951 dicentem
3208 1894 3339 1968 (xu,
3371 1892 3464 1965 41)
3487 1912 3500 1947 :
3526 1892 3653 1948 Ha’c
3672 1909 3766 1947 au-

2172 2005 2271 2051 tem
2300 1992 2429 2047 discit
2459 1989 2665 2054 Esaias,
2705 1989 2911 2061 quando
2932 1989 3058 2043 vidit
3080 1986 3142 2060 (i)
3177 1987 3419 2042 honorem
3441 1987 3583 2057 eius,
3613 1995 3664 2040 et
3690 1987 3769 2040 lo-

2171 2097 2320 2143 cutus
2358 2094 2430 2141 est
2473 2085 2538 2139 de
2563 2100 2622 2140 eo
2669 2082 2820 2154 (Esa.
2846 2097 2935 2149 vt,
2966 2082 3046 2152 1).
3077 2081 3214 2137 Hinc
3253 2080 3563 2152 apostolicis
3587 2121 3601 2142 ,
3644 2080 3769 2136 hinc

2172 2177 2519 2248 evangelicis,
2550 2174 2676 2231 hinc
2705 2173 3037 2245 praplteticis
3064 2173 3222 2229 dictis
3246 2214 3262 2237 ,
3293 2173 3455 2243 impie
3478 2171 3728 2227 hmreticc
3751 2214 3768 2239 ,

2173 2271 2536 2328 concluderis.
2567 2268 2757 2324 Esaias
2779 2269 2922 2324 enim
2952 2268 3119 2323 Deum
3149 2266 3314 2331 vidit;
3358 2273 3560 2321 etcum
3603 2266 3772 2334 scrip-

2176 2374 2286 2420 tum
2313 2365 2383 2420 sit
2413 2384 2426 2419 :
2455 2362 2625 2419 Deum
2655 2378 2807 2417 nemo
2833 2360 2960 2417 vidit
2992 2359 3070 2434 (‘2)
3103 2362 3174 2433 (j)
3203 2375 3446 2430 umquam
3470 2400 3484 2425 ,
3512 2358 3614 2414 nisi
3650 2359 3770 2413 uni-

2175 2459 2380 2531 genitus
2425 2454 2567 2525 ﬁlius
2592 2497 2607 2521 ,
2653 2455 2738 2525 qui
2765 2464 2837 2509 est
2876 2455 2935 2509 in
2961 2455 3079 2508 sinu
3129 2451 3336 2519 Patris,
3368 2451 3479 2519 ipse
3515 2451 3773 2505 enarravit

2179 2549 2360 2623 (Joan.
2390 2565 2446 2615 t,
2497 2547 2626 2620 18);
2658 2548 2825 2604 Deutn
2873 2555 3051 2602 tamen
3083 2546 3344 2618 propheta
3370 2544 3543 2612 vidit,
3571 2553 3626 2600 et
3658 2546 3776 2616 glo-

2177 2643 2313 2699 riam
2342 2641 2460 2713 ejus
2493 2656 2664 2711 usque
2717 2639 2783 2695 ad
2831 2639 3095 2696 invidiam
3124 2637 3454 2709 prapheticte
3498 2637 3774 2709 dignitatis

2178 2736 2450 2808 adspexit.
2479 2734 2614 2791 Nam
2644 2734 2698 2790 in
2723 2733 2979 2804 judicium
3007 2732 3199 2789 mortis
3219 2732 3290 2787 ob
3319 2730 3459 2786 hanc
3486 2745 3703 2786 causam
3743 2746 3776 2786 a

2177 2827 2381 2885 ludatis
2399 2837 2552 2884 actus
2583 2836 2688 2882 est.

2261 2921 2420 2993 126
2447 2922 2539 2978 54.
2568 2918 2810 2975 Pressius
2826 2916 3108 2972 ostenditur
3130 2916 3331 2973 Filium
3350 2916 3414 2971 ab
3432 2914 3591 2971 Esaia
3612 2914 3776 2969 Deum

2178 3029 2354 3069 verum
2377 3012 2711 3083 prtedicatum
2737 3027 2864 3066 esse.
2892 3009 3265 3066 Htereticorum
3290 3010 3345 3065 id
3370 3010 3660 3081 negantium
3683 3007 3778 3062 do-

2180 3104 2281 3161 lus.
2306 3133 2378 3145 —
2405 3104 2574 3159 Deum
2606 3103 2786 3174 itaque
2818 3103 3019 3158 nemini
3044 3104 3215 3159 visum
3242 3145 3257 3170 ,
3285 3102 3596 3175 unigenitus
3635 3100 3778 3156 illius

473 3196 857 3268 mysteriorum
883 3193 1110 3248 audiens
1137 3200 1472 3248 sacramenta
1510 3201 1566 3248 et
1608 3202 1793 3248 tacens
1816 3234 1831 3260 ,
1872 3194 2078 3265 majore
2103 3192 2148 3256 C
2180 3198 2271 3270 qui
2300 3198 2352 3253 in
2380 3198 2503 3254 sinu
2530 3198 2706 3253 Patris
2733 3208 2817 3253 est
2857 3198 3149 3253 enarravit.
3191 3201 3294 3253 Aut
3324 3197 3557 3252 dissolve
3587 3197 3777 3267 unige-

475 3289 595 3346 ιιωο
617 3288 809 3345 ﬁducia
837 3288 1091 3345 revelata;
1119 3287 1215 3343 tibi
1259 3302 1290 3341 a
1322 3288 1431 3344 Deo
1475 3288 1717 3342 scientia:
1745 3289 2080 3359 praedicasti?

479 3382 613 3450 Quis
639 3381 708 3437 ad
748 3379 1139 3452 plenitudinem
1185 3379 1473 3436 dominicae
1516 3380 1784 3453 passionis
1820 3384 1969 3440 cruci
1998 3400 2083 3441 re-

477 3474 801 3541 servandus,
823 3483 981 3529 antea
999 3474 1050 3527 in
1069 3473 1376 3544 paradisum
1394 3485 1583 3541 raptus
1608 3478 1866 3545 evadeus,
1889 3478 2084 3536 melius

479 3566 550 3624 de
587 3566 786 3623 divinis
821 3565 1118 3636 Scripturis
1157 3566 1441 3623 electionis
1478 3581 1609 3624 vase
1656 3568 1917 3639 docuisti,
1967 3572 2083 3629 haec

482 3659 732 3715 nesciens
753 3658 895 3715 dicta
919 3666 1180 3729 gestaque
1209 3672 1333 3714 esse
1361 3672 1392 3713 a
1417 3658 1527 3715 Deo
1556 3675 1707 3728 vero,
1736 3669 1791 3716 et
1819 3661 1885 3717 ad
1923 3663 2085 3720 intel-

481 3739 760 3823 ligentiam
790 3749 887 3808 Dei
913 3750 1027 3807 veri
1053 3765 1085 3805 a
1114 3764 1244 3806 vero
1263 3750 1382 3823 ejus
1404 3760 1459 3807 et
1479 3750 1655 3809 electo
1673 3755 1921 3822 apostolo
1949 3772 2087 3826 prac-

482 3844 701 3903 dicata?

569 3988 653 4062 (1)
680 3986 958 4064 Expandi,
986 3990 1141 4064 juxta
1171 3992 1279 4047 vim
1318 3992 1478 4064 graeci
1506 3991 1753 4049 vocabuli
1778 3992 2079 4060 ἐξεπέτασα.

485 4070 523 4139 {i-
559 4060 641 4142 (ᾗ)
676 4060 931 4135 Umquam
950 4060 1105 4119 abest
1130 4078 1159 4117 a
1192 4078 1295 4120 ms.
1324 4060 1529 4120 'Veron.

560 4179 637 4252 (ᾳ)
654 4178 717 4252 I_n
741 4193 844 4231 ms.
867 4174 1040 4252 Eam.
1067 4191 1095 4252 a
1125 4176 1297 4252 prima
1321 4192 1514 4252 man_u,_
1531 4193 1686 4247 quam
1707 4177 1900 4252 veloces
1921 4178 2091 4249 pedes.

559 4245 634 4324 (ὁ)
655 4248 1004 4331 Hemovimus
1026 4247 1153 4302 hinc
1171 4248 1392 4303 verbum
1416 4245 1804 4312 Dei,'veterum
1833 4245 2092 4304 librorum

484 4328 829 4377 auctoritate.

560 4389 634 4459 (c)
661 4389 720 4444 In
743 4387 973 4458 vulgatis
996 4386 1085 4441 hic
1109 4386 1327 4442 additur
1347 4397 1525 4442 terris:
1546 4387 1695 4459 quod
1712 4389 1868 4444 abest
1896 4405 1926 4445 a
1954 4406 2088 4447 mss.

587 4458 643 4530 ά)
675 4459 841 4524 Editi,
866 4459 1193 4530 quaerebant:
1221 4458 1644 4530 repugnantibus
1668 4475 1799 4515 mss.

567 4464 621 4536 (ά
675 4464 841 4524 Editi,
866 4464 1155 4527 qmcrebanl
1174 4474 1193 4512 :
1221 4464 1644 4530 repugnantibus
1668 4475 1799 4515 mss.

567 4464 643 4605 (ei
676 4529 1003 4605 Baduet‘E‘r.
1029 4544 1153 4605 cum
1182 4528 1352 4605 unico
1380 4544 1480 4605 ms.
1511 4529 1668 4583 Cnlb.
1700 4531 1941 4585 minimae
1962 4545 2089 4587 auc-

486 4587 761 4661 toritatis:
797 4598 927 4667 Quis
949 4600 1000 4674 in
1026 4600 1439 4674 tertiumcuzlum
1460 4602 1794 4670 incorporeus
1815 4619 1881 4655 an
1902 4618 2083 4674 corpo-
2114 4587 2166 4646 Ῑ)

488 4692 606 4731 reus
630 4675 914 4744 ingressus.
950 4671 1305 4744 lngedit.galiis
1329 4681 1598 4744 retentum
1635 4682 1716 4744 est
1756 4671 2086 4728 verbum‘in-

490 4741 713 4820 gressus.
740 4742 899 4820 Quod
927 4753 981 4796 et
1011 4742 1197 4820 habuit
1218 4757 1319 4820 ius.
1356 4741 1521 4820 Carn.
1552 4759 1580 4820 a
1608 4743 1780 4813 prima
1810 4745 2093 4820 inauu.AAt

490 4813 520 4873 Ξι
552 4817 787 4874 secunda
811 4818 1158 4885 consentiens
1182 4813 1300 4885 aliis
1326 4829 1455 4870 mss.
1486 4816 1667 4880 habet,
1701 4832 1958 4885 egressus.
1994 4816 2092 4870 Pa-

490 4888 598 4944 lam
646 4894 731 4942 est
773 4884 857 4938 hic
887 4885 1084 4954 respici
1131 4884 1280 4957 Pauli
1322 4897 1536 4955 raptum
1577 4884 1746 4957 usque
1774 4889 1824 4941 in
1873 4888 2089 4941 tertium

492 4960 689 5016 caelum
745 4957 872 5027 (qui
922 4957 1137 5024 quidem
1169 4956 1222 5010 in
1250 4957 1386 5024 psal.
1418 4973 1592 5013 cxxxv
1618 4999 1634 5023 ,
1670 4975 1727 5012 η.
1760 4958 1847 5020 10,
1884 4957 1963 5011 sic
1993 4974 2093 5013 cx-

499 5025 761 5101 primitur
785 5025 807 5082 :7
833 5025 962 5101 Qum
990 5038 1172 5101 raptus
1199 5027 1268 5101 ad
1309 5031 1460 5101 emtas
1500 5034 1605 5100 est)
1636 5046 1648 5081 :
1677 5044 1801 5101 mox
1826 5045 1955 5101 vero
1984 5029 2093 5101 ubi

491 5096 811 5171 subjicitur,
848 5096 1073 5171 Quisnad
1099 5098 1491 5171 plenitudinem,
1525 5096 1833 5157 etc..alludi
1862 5100 1927 5154 ad
1950 5100 2094 5171 khmc

488 5167 674 5228 Colos.
693 5187 730 5236 ι,
751 5168 824 5224 ‘24
850 5184 863 5221 :
898 5167 1167 5239 Adimpleo
1192 5184 1253 5222 ea
1270 5185 1384 5237 qua:
1408 5171 1591 5225 desunt
1612 5173 1911 5239 passionum
1933 5169 2086 5224 Chri-

490 5244 578 5299 sti.
601 5244 675 5298 lta
694 5242 747 5296 in
767 5241 849 5294 his
871 5238 1105 5293 Hilarius
1127 5239 1496 5295 adversarium
1518 5257 1640 5296 cum
1663 5240 1924 5310 Apostolo
1942 5256 2091 5295 com—

490 5325 665 5384 parat,
699 5322 759 5368 ut
802 5324 925 5383 qua:
965 5309 1116 5365 Pauli
1159 5318 1321 5379 sunt,
1353 5312 1407 5367 in
1455 5313 1602 5367 illum
1632 5315 1882 5369 conferre
1908 5313 2091 5368 videa-

495 5394 602 5440 tur.

565 5454 634 5528 (ι’)
662 5453 891 5528 Quidam
920 5467 1051 5528 mss.
1079 5468 1145 5528 es:
1161 5453 1425 5528 praphette
1451 5454 1656 5528 spiritu.

567 5522 644 5615 (ξ)
676 5525 849 5593 Editi,
878 5540 994 5596 qua:
1026 5525 1155 5595 facis
1182 5522 1570 5581 reluctantibus
1602 5542 1734 5583 mss.
1764 5536 1818 5583 et
1849 5542 2027 5600 graeco
2053 5527 2088 5586 ἃ

494 5617 746 5657 ποιησεις.

561 5666 650 5792 δὴ)
677 5665 831 5735 Apud
887 5666 1016 5720 Batl.
1069 5674 1122 5719 et
1165 5664 1284 5730 Er.,
1319 5668 1782 5736 pronuntiaverat:
1820 5671 1979 5727 male.
2027 5669 2089 5725 In

603 5755 680 5792 tce
707 5746 885 5791 autem
921 5735 1037 5790 Vat.
1074 5738 1189 5790 bas.
1234 5739 1631 5792 vramuntiabat.
1682 5740 1737 5792 ln
1787 5742 1907 5792 aliis
1962 5756 2089 5792 vero

492 5735 680 5794 codice
707 5746 885 5791 autem
921 5735 1037 5790 Vat.
1074 5738 1189 5790 bas.
1233 5739 1631 5805 praenuntiabat.
1682 5740 1737 5796 ln
1787 5742 1907 5797 aliis
1962 5756 2091 5797 vero

494 5809 678 5878 libris,
709 5807 1139 5880 praenuntiaverat
1172 5822 1191 5861 :
1240 5810 1438 5864 verius.
1478 5807 1617 5866 Tum
1644 5814 1861 5878 excusi,
1902 5822 2092 5883 myste-

2186 3291 2285 3347 niti
2311 3292 2717 3346 enarrationem
2738 3332 2755 3358 ,
2786 3290 2867 3362 (3)
2907 3301 3002 3345 aut
3047 3289 3209 3346 crede
3238 3291 3327 3361 qui
3356 3290 3504 3346 visus
3544 3299 3659 3356 est,
3688 3290 3778 3359 qui

2185 3383 2435 3456 apparuit
2461 3398 2568 3439 non
2598 3383 3025 3455 intelligentibus
3058 3398 3119 3440 se
3139 3425 3155 3450 ,
3191 3381 3272 3456 (4)
3302 3381 3380 3455 (Ις)
3405 3390 3460 3437 et
3498 3380 3673 3437 lactus
3698 3391 3783 3436 est

2185 3479 2424 3549 gentium
2449 3491 2556 3532 non
2586 3477 2948 3532 invocantium
2977 3490 3057 3541 se,
3086 3484 3139 3532 et
3161 3474 3419 3545 expandit
3439 3488 3630 3528 manus
3657 3480 3784 3529 ante

2186 3572 2446 3643 papulum
2477 3570 2939 3627 contradicentem
2971 3585 2985 3623 :
3015 3568 3086 3622 ita
3138 3577 3316 3622 tamen
3344 3574 3401 3621 ut
3442 3574 3499 3621 et
3534 3564 3782 3621 servien-

2190 3666 2329 3721 tibus
2369 3665 2471 3723 sibi
2512 3680 2710 3721 nomen
2744 3679 2943 3721 novum
2976 3670 3232 3729 vocetur,
3265 3672 3320 3716 et
3356 3661 3412 3717 in
3448 3659 3608 3715 terris
3641 3658 3787 3715 Deus

2189 3772 2350 3813 verus
2398 3757 2752 3815 benedicatur
2798 3763 2960 3825 atque
3001 3754 3233 3825 juretur.
3281 3753 3352 3820 (ι)
3391 3749 3677 3821 Prophetia
3706 3749 3786 3803 lo-

2189 3852 2394 3922 quitur,
2421 3848 2769 3921 Evangelium
2794 3856 3041 3914 testatur,
3066 3846 3358 3917 Apostolus
3378 3846 3783 3916 interpretatur,

2290 3992 2343 4065 '5)
2376 3994 2477 4049 Aut
2503 3993 2670 4065 Deum
2695 3993 2866 4048 crede.

2290 3995 2343 4065 '5)
2376 3995 2477 4049 Aut
2503 3995 2670 4049 Deum
2695 3995 2866 4048 crede.

2265 3995 2345 4138 ξι)
2387 4064 2453 4119 Ει
2479 4064 2652 4136 palam
2675 4065 2847 4136 factus
2870 4072 2943 4120 est
2970 4064 3109 4137 genti
3129 4078 3230 4118 non
3253 4062 3512 4119 invocanti
3531 4080 3608 4121 se.

2199 4180 2334 4233 rium
2358 4179 2807 4251 incorporationis.
2844 4179 3156 4249 Elegantius
3185 4193 3318 4235 mss.
3358 4180 3654 4251 mysterium
3675 4197 3793 4236 cor-

2201 4251 2503 4319 porationis.
2545 4249 2616 4306 Ut
2656 4260 2836 4306 autem
2889 4250 3074 4306 Hilarii
3120 4249 3496 4318 argumentum
3551 4255 3791 4322 apertius

2201 4330 2381 4394 pateat
2407 4361 2422 4384 ,
2447 4392 2454 4394 _
2479 4322 2712 4394 sic_uuo
2760 4322 3076 4394 syllogismo
3112 4329 3303 4394 potest
3355 4324 3739 4394 comprehendi
3775 4343 3787 4377 :

2200 4393 2384 4447 Esaias
2409 4391 2544 4446 vidit
2567 4392 2755 4456 Deum,
2777 4391 2832 4447 vt
2851 4435 2867 4460 ,
2902 4396 2929 4450 1
2960 4434 2976 4459 ,
3020 4391 3138 4447 Vidi
3175 4391 3454 4447 Dominum
3484 4391 3751 4448 sedentem
3774 4438 3789 4458 ,

2194 4465 2476 4535 etc.,atqni
2509 4478 2615 4518 non
2643 4463 2800 4535 aliam
2828 4464 2921 4519 Dei
2948 4478 3230 4535 personam
3261 4473 3640 4535 praeterquam
3666 4465 3791 4521 Filii

2195 4533 2597 4608 vidit_t._xtv.1:
2635 4533 2745 4588 Nec
2776 4537 2914 4590 oculi
2938 4531 3099 4591 nostri
3129 4531 3364 4591 viderunt
3392 4531 3561 4590 Deum
3605 4547 3794 4608 prwter

2194 4616 2280 4660 te:
2309 4604 2475 4675 Filius
2508 4606 2670 4675 igitur
2698 4614 2782 4662 est
2802 4608 2975 4663 Deus.

2276 4674 2427 4751 (i)_lu
2460 4677 2713 4751 vulgatis,
2747 4677 2968 4751 gloriam
3001 4695 3020 4733 :
3047 4694 3075 4751 a
3104 4695 3206 4749 qtta
3234 4694 3366 4734 voce
3396 4694 3505 4751 non
3529 4678 3788 4735 abhorret

2198 4747 2452 4802 Hilarius.
2486 4747 2813 4819 Reponituns
2846 4762 3022 4804 tamen
3054 4747 3297 4805 honorem
3321 4764 3387 4805 ex
3414 4747 3522 4804 tide
3552 4765 3682 4805 mss.

2267 4819 2335 4890 (i)
2368 4819 2448 4874 Ab
2470 4818 2720 4890 omnibus
2748 4818 2864 4876 lere
2890 4837 3019 4875 mss.
3053 4821 3140 4875 hic
3162 4822 3312 4877 abest
3339 4836 3602 4889 umquam,
3634 4835 3795 4876 secus

2196 4889 2327 4964 vero
2355 4890 2395 4944 l.
2426 4908 2475 4964 v,
2498 4907 2562 4964 in.
2585 4889 2680 4964 12,
2703 4904 2763 4964 ~et
2792 4892 2826 4945 Ι.
2854 4907 3001 4957 vt,n.
3031 4893 3120 4948 59.
3139 4892 3292 4964 Quod
3319 4890 3446 4964 (col.
3480 4892 3616 4964 127,7
3635 4894 3796 4964 not.b

2197 4960 2363 5034 hujus
2381 4962 2641 5031 editionis)
2665 4962 3008 5017 observatum
3037 4972 3144 5029 est,
3168 4963 3260 5018 Dei
3289 4960 3511 5018 nomine
3529 5005 3544 5028 ,
3571 4963 3660 5017 ubi
3681 4963 3799 5018 haec

2199 5033 2302 5087 vox
2323 5033 2643 5101 simpliciter
2668 5035 2905 5088 occurrit
2923 5074 2939 5100 ,
2972 5034 3185 5089 Patrem
3215 5035 3283 5089 ab
3311 5034 3548 5102 antiquis
3570 5034 3796 5104 intelligi

2195 5105 2392 5167 solere,
2422 5107 2655 5158 maxime
2686 5105 2737 5156 in
2768 5104 2921 5159 hisce
2943 5104 3168 5160 Joannis
3200 5106 3377 5161 verbis
3403 5104 3579 5159 locum
3612 5106 3795 5161 habet.

2196 5172 2286 5229 Sic
2328 5189 2491 5244 porro
2531 5172 2764 5228 Hilarius
2812 5176 3205 5231 ratiocinatur:
3240 5175 3430 5230 Esaias
3477 5191 3544 5230 ex
3574 5176 3800 5231 Joannis

2197 5245 2504 5300 testimonio
2543 5247 2712 5299 Deum
2754 5245 2889 5300 vidit
2939 5264 2951 5300 :
2985 5256 3040 5302 at
3068 5249 3238 5304 Deum
3272 5247 3489 5302 Patrem
3518 5260 3550 5300 a
3581 5248 3800 5303 nemine

2192 5315 2368 5389 visum
2396 5315 2686 5389 Johannes
2716 5316 2859 5372 idem
2909 5327 3137 5375 testatur
3169 5336 3182 5371 :
3215 5317 3348 5372 vidit
3397 5319 3559 5389 igitur
3610 5318 3802 5373 Esaias

2196 5386 2362 5442 Deum
2396 5385 2610 5441 Filium.

2266 5456 2515 5527 (klEditi
2545 5472 2667 5513 cum
2720 5459 2964 5529 pluribus
3004 5475 3136 5517 mss.
3160 5502 3174 5523 ,
3201 5467 3250 5516 et
3278 5460 3455 5527 palam
3501 5460 3671 5529 factus
3728 5467 3802 5514 est

2193 5530 2332 5598 genti
2358 5547 2458 5584 non
2489 5530 2746 5585 invocanti
2774 5547 2845 5587 se.
2880 5532 3168 5601 Exemplar
3190 5531 3354 5586 Caru.
3384 5573 3399 5597 ,
3432 5533 3598 5590 factus
3612 5541 3710 5601 _est
3751 5532 3805 5585 in

2195 5601 2362 5672 medio
2384 5603 2632 5672 gentium,
2665 5613 2770 5658 etc.
2808 5602 2999 5659 Verius
3044 5599 3371 5657 vetustiores
3414 5617 3545 5657 mss;
3595 5599 3755 5659 Colb.
3784 5643 3800 5667 ,

2198 5670 2408 5742 Retnig'.
2442 5683 2495 5728 et
2520 5673 2731 5745 Germ,
2762 5678 2928 5744 factus
2952 5685 3025 5728 est
3059 5675 3287 5745 gentium
3317 5690 3419 5729 non
3449 5675 3800 5728 invocantium

2198 5758 2273 5807 se,
2303 5746 2519 5811 supple,
2552 5742 2694 5797 Deus
2718 5742 2979 5813 praprius.

2273 5814 2338 5886 (ι)
2392 5814 2481 5871 Sic
2504 5829 2633 5870 mss.
2663 5814 2735 5870 At.
2759 5814 2912 5883 editi,
2936 5815 3220 5887 Propheta.
3242 5813 3380 5874 Nota
3399 5816 3485 5873 hic
3513 5830 3620 5873 non
3640 5815 3806 5872 modo
