4118 6186
307 334 414 393 553

1548 336 1634 393 DE
1671 333 2047 393 TRINITATE
2091 334 2296 392 LIBER
2334 334 2398 392 γ.

3501 330 3604 391 154

306 448 549 506 Ecclesia
575 448 902 516 conﬁtetur,
927 449 1095 505 Deum
1118 464 1308 506 verum
1340 464 1461 507 esse
1501 452 1590 523 qui
1624 452 1770 507 visus
1798 450 1901 517 sit;
1932 460 1988 520 Α
2011 465 2195 507 verum
2232 450 2663 508 ostenderemus.
2702 451 2789 518 Et,
2823 460 2878 506 ut
2913 451 2985 524 (f)
3012 464 3208 523 spero,
3237 465 3299 508 ea
3339 450 3606 509 dictorum

301 557 428 599 cum
457 551 637 597 tamen
669 542 835 597 Deum
884 552 1094 614 patrem
1133 543 1305 598 visum
1338 558 1497 600 nemo
1533 544 1765 600 fateatur
1802 561 1815 597 :
1848 553 1904 601 et

303 650 374 691 eo
402 635 637 690 haeretici
667 633 867 690 furoris
898 636 1142 705 prorupit
1163 636 1395 703 insania,
1422 644 1482 692 ut
1499 636 1627 693 dum
1652 637 1897 694 Conﬁteri

302 746 365 787 se
409 731 646 791 simulat.
676 730 988 801 denegaret.
1017 730 1185 801 Negat
1221 732 1364 786 enim
1418 746 1557 787 novo
1607 731 1901 787 confessio-

304 825 390 887 nis
418 824 498 895 (a)
527 824 797 895 impioque
822 824 1081 890 consilio;
1111 833 1166 879 et
1185 836 1301 880 arte
1326 824 1549 880 subdola
1579 825 1736 880 ﬁdem
1773 824 1898 880 dum

301 917 585 986 mentitur,
608 916 800 973 eludit.
825 917 957 973 Cum
980 917 1122 973 enim
1143 916 1393 973 confesso
1417 934 1522 973 uno
1550 918 1662 974 Deo
1682 917 1904 974 eodem-

300 1025 408 1080 que
431 1025 563 1065 vero
588 1019 642 1066 et
672 1011 793 1065 solo
810 1009 979 1081 justo,
1004 1010 1123 1066 solo
1145 1010 1390 1080 sapiente
1408 1051 1424 1075 ,
1452 1011 1571 1065 solo
1598 1010 1903 1066 indemuta-

302 1102 436 1167 bili,
485 1103 607 1158 solo
652 1102 982 1168 immortali,
1014 1102 1131 1157 solo
1159 1110 1409 1173 potente,
1442 1102 1725 1173 subjicitur
1748 1113 1803 1159 ct
1840 1103 1902 1158 ﬁ-

299 1200 408 1255 lius
433 1201 488 1255 in
515 1199 831 1256 diversitate
862 1199 1180 1255 substantia;
1204 1242 1220 1267 ,
1253 1214 1361 1254 non
1398 1215 1466 1254 cx
1507 1200 1614 1256 Deo
1641 1209 1797 1256 natus
1843 1201 1897 1257 in

301 1293 470 1348 Deum
495 1335 511 1359 ,
540 1291 638 1348 sed
671 1307 764 1361 per
789 1292 1133 1347 creationem
1147 1301 1428 1361 susceptus
1465 1292 1518 1346 in
1548 1292 1719 1347 filium
1745 1334 1761 1360 ,
1790 1307 1897 1348 non

296 1393 512 1440 natura:
541 1383 746 1440 habens
794 1399 990 1439 nomen
1017 1426 1032 1451 ,
1083 1384 1177 1439 sed
1226 1382 1530 1454 adoptionis
1560 1385 1781 1439 sortitus
1806 1400 1901 1453 ap-

298 1477 687 1549 pellationem;
718 1490 945 1532 necesse
973 1488 1057 1532 est
1096 1483 1158 1531 ut
1203 1475 1286 1530 his
1312 1477 1560 1532 omnibus
1588 1487 1769 1533 careat
1804 1476 1898 1532 Fi-

296 1569 428 1634 lius,
455 1585 571 1640 quae
597 1568 664 1624 ad
692 1569 1032 1640 privilegium
1075 1569 1331 1624 solitariae
1356 1569 1409 1623 in
1442 1569 1600 1625 Patre
1644 1568 1898 1640 majesta-

298 1663 371 1718 tis
398 1671 525 1717 sunt
554 1663 865 1733 prmdicata.

363 1756 457 1812 55.
488 1757 675 1812 Ariani
707 1773 869 1811 unum
888 1772 1061 1812 verum
1108 1756 1270 1812 Deum
1298 1759 1552 1813 nesciunt.
1591 1758 1715 1815 Cur.
1761 1759 1899 1824 Quid

293 1848 496 1904 duobus
538 1849 891 1918 superioribus
920 1850 1068 1904 libris
1107 1851 1388 1920 prastitum
1411 1892 1425 1915 ,
1457 1851 1582 1923 quid
1607 1855 1725 1923 jam
1763 1867 1896 1923 prc-
1926 1850 1972 1910 B

301 1941 569 1995 standum.
595 1972 669 1981 —
692 1940 876 1998 Nescit
904 1942 1156 1998 haeretica
1180 1943 1504 2013 perversitas
1531 1958 1694 1997 unum
1725 1943 1892 1998 Deum

294 2048 482 2089 verum
508 2048 677 2088 nosse
704 2043 759 2089 et
778 2035 1045 2100 confiteri;
1078 2042 1131 2090 et
1152 2043 1305 2089 extra
1331 2035 1622 2103 impietatis
1650 2050 1890 2103 sensum,

291 2126 653 2183 confessionis
677 2127 840 2198 hujus
878 2137 965 2183 est
992 2138 1045 2183 et
1082 2127 1216 2183 ﬁdes
1239 2138 1295 2183 et
1321 2127 1696 2198 intelligentia.
1742 2129 1894 2184 Prius

290 2218 634 2275 eonﬁtendus
676 2229 761 2276 est
789 2219 864 2294 (b)
894 2220 1059 2275 Pater
1104 2230 1159 2276 et
1196 2220 1369 2276 Filius
1395 2262 1411 2289 ,
1461 2230 1522 2276 ut
1565 2237 1707 2276 unus
1733 2236 1893 2277 verus

291 2313 431 2369 Dens
458 2314 634 2384 possit
681 2314 909 2385 intelligi
941 2331 954 2368 :
982 2321 1039 2369 et
1060 2314 1293 2384 cognitis
1326 2314 1680 2371 sacramentis
1705 2315 1895 2372 salutis

292 2409 547 2463 humanas
573 2449 588 2473 ,
616 2424 739 2479 quae
768 2408 821 2463 in
853 2409 1008 2464 nobis
1052 2424 1150 2479 per
1181 2409 1608 2479 regenerationis
1642 2408 1892 2464 virtutem

291 2502 346 2559 in
372 2502 538 2559 Patre
568 2514 622 2558 et
652 2502 793 2559 Filio
825 2502 893 2575 (c)
922 2514 1369 2559 consummantur
1406 2506 1473 2560 ad
1520 2506 1683 2560 vitam
1707 2548 1722 2572 ,
1764 2506 1897 2578 legis

291 2606 345 2651 et
393 2595 786 2667 prophetarum
830 2604 957 2651 sunt
986 2597 1239 2667 mysteria
1276 2578 1671 2671 consequenda.
1717 2600 1894 2658 Unum

294 2689 468 2745 Deum
500 2704 692 2745 verum
725 2704 831 2743 non
880 2689 1235 2760 apprehendit
1272 2690 1455 2761 ignara
1483 2692 1805 2764 evangelica:
1842 2702 1898 2748 et

292 2784 610 2854 apostolicae
636 2784 1040 2854 prmdicationis
1064 2785 1333 2855 impietas.
1361 2785 1527 2855 Cujus
1547 2787 1793 2857 quamvis
1823 2786 1897 2841 in-

293 2879 687 2949 telligentiam,
716 2894 889 2950 usque
924 2879 990 2933 ad
1019 2879 1473 2935 absolutissimam
1517 2896 1657 2935 verae
1683 2881 1896 2951 pietatis

291 2973 729 3042 professionem,
781 2988 846 3027 ex
886 2973 1019 3043 ipsis
1058 2973 1138 3046 (ά)
1187 2987 1373 3028 eorum
1424 2973 1684 3029 doctrinis
1739 2975 1894 3047 12⁵1

291 3065 712 3136 praestabimus;
747 3072 807 3119 ut
832 3065 1094 3120 indivisus
1131 3072 1289 3136 atque
1319 3065 1696 3134 inseparabilis
1720 3109 1734 3131 ,
1788 3084 1893 3123 non

289 3175 355 3215 ex
382 3174 621 3230 persona
641 3200 656 3222 ,
684 3159 779 3215 sed
810 3174 876 3214 ex
907 3170 1119 3226 natura,
1152 3159 1452 3214 subsistens
1476 3173 1542 3213 ex
1574 3159 1733 3214 Patre
1772 3160 1893 3215 uni-

2007 545 2246 599 omnium
2280 544 2550 600 absolutio
2576 544 2708 611 fuit,
2730 552 2793 599 ut
2823 544 2964 600 Deus
2990 560 3150 601 verus
3178 546 3607 618 intelligeretur,

2007 635 2101 707 qui
2124 636 2268 693 Deus
2293 651 2417 693 esse
2447 652 2555 692 non
2586 637 2902 707 negabatur.
2935 637 3195 705 Reliquus
3233 649 3415 696 autem
3462 656 3607 696 nunc

2007 730 2185 785 omnis
2210 745 2391 787 sermo
2418 730 2488 785 ad
2528 730 2580 786 id
2615 730 2889 801 proﬁciet,
2918 739 2977 787 ut
3002 732 3094 803 qui
3133 732 3276 788 Deus
3303 749 3463 790 verus
3484 750 3607 792 esse

2008 823 2346 894 intelligitur.
2377 837 2484 878 non
2511 824 2564 878 in
2596 824 2760 878 Deum
2789 824 3018 880 alterum
3043 824 3357 895 deputetur;
3388 828 3603 897 etquod

2004 913 2072 970 ad
2104 915 2182 986 (g)
2202 914 2433 970 alterum
2463 929 2569 971 non
2607 914 2856 986 proﬁcit,
2907 915 2975 970 ad
3022 931 3186 973 unum
3230 917 3604 989 intelligatur:

2007 1024 2170 1063 unum
2203 1017 2382 1064 autem
2431 1008 2564 1064 illud
2603 1025 2709 1064 non
2751 1009 3137 1065 subsistentem
3173 1020 3418 1067 naturam
3448 1014 3606 1084 peri-

2005 1108 2117 1156 mat
2141 1101 2198 1155 in
2226 1100 2364 1156 Filio
2382 1142 2398 1167 ,
2430 1100 2528 1157 sed
2554 1101 2606 1156 in
2630 1100 2741 1158 Deo
2767 1110 2823 1157 et
2851 1101 2963 1157 Deo
2984 1111 3227 1158 naturam
3257 1103 3350 1159 Dei
3376 1103 3603 1177 (1ι)εοιι-

2004 1202 2185 1249 servet
2208 1194 2392 1250 unius.

2077 1285 2169 1340 56.
2230 1285 2388 1353 Quod
2434 1301 2499 1340 ea:
2544 1284 2725 1359 Moyse
2756 1284 2932 1341 Filius
2985 1302 3099 1341 cum
3153 1285 3308 1343 Patre
3357 1304 3493 1343 unus
3536 1290 3604 1344 sit

2004 1376 2167 1433 Deus.
2202 1409 2274 1420 —
2298 1379 2558 1436 Veritatis
2589 1383 2726 1436 ratio
2758 1382 3025 1451 postulat,
3067 1382 3136 1439 ab
3171 1398 3239 1439 eo
3284 1384 3493 1439 initium
3520 1383 3604 1439 in-

2003 1471 2321 1541 telligentiae
2352 1474 2505 1528 istius
2532 1474 2671 1529 sumi
2697 1514 2712 1539 ,
2737 1490 2833 1544 per
2857 1490 3018 1545 quem
3038 1476 3371 1532 manifestari
3402 1476 3604 1533 smcnlo

2005 1562 2147 1619 Deus
2163 1574 2373 1635 cceptus
2394 1575 2494 1630 est,
2513 1563 2577 1637 (ὅ)
2603 1565 2783 1637 Moyse
2807 1582 3062 1639 namque,
3081 1569 3236 1639 cujus
3261 1584 3358 1624 ore
3386 1567 3504 1624 haec
3527 1568 3596 1625 de

2002 1672 2062 1712 se
2106 1658 2414 1728 unigenitus
2460 1658 2600 1713 Deus
2632 1659 2912 1729 professus
2953 1669 3039 1716 est
3078 1677 3092 1715 :
3133 1659 3352 1726 Videte,
3398 1662 3598 1726 uidete,

2001 1753 2245 1821 quoniam
2274 1767 2368 1824 ego
2393 1768 2507 1807 sunt
2536 1752 2676 1807 Deus
2696 1794 2710 1819 ,
2760 1763 2806 1807 et
2856 1770 2957 1808 non
3008 1764 3083 1808 est
3128 1754 3270 1809 Deus
3310 1763 3497 1826 prteter
3524 1772 3606 1811 me

2004 1844 2183 1916 (Deut.
2218 1860 2400 1912 xxx",
2435 1845 2548 1916 59).
2583 1844 2662 1901 Ac
2706 1860 2775 1901 ne
2806 1846 2945 1902 forte
2971 1847 3105 1904 dicti
3141 1847 3298 1918 hujus
3328 1849 3403 1920 (j)
3429 1848 3600 1904 virtu-

2000 1948 2105 1995 tem
2133 1939 2390 1997 haeretica
2413 1941 2664 2011 impietas
2687 1941 2753 1995 ad
2785 1951 2991 2011 patrem
3024 1942 3399 1999 innascibilem
3432 1942 3599 1999 Deum

1998 2033 2232 2100 referat;
2262 2044 2318 2089 et
2357 2034 2471 2103 ipsa
2497 2034 2624 2089 dicti
2657 2034 2795 2089 ratio
2816 2075 2829 2097 ,
2875 2045 2931 2089 et
2969 2035 3260 2105 Apostolus
3288 2045 3478 2090 auctor
3499 2048 3599 2090 oc-

1998 2127 2202 2191 currit,
2243 2127 2430 2196 ιιιιί-ει
2467 2142 2697 2198 persona
2728 2128 2989 2199 unigeniti
3016 2127 3145 2196 Dei,
3183 2129 3322 2183 sicut
3347 2128 3598 2198 superius

1997 2216 2112 2292 (lib.
2144 2235 2231 2287 ιν,
2274 2237 2329 2274 η.
2380 2220 2474 2288 '55)
2504 2220 2789 2277 docuimus
2812 2261 2827 2285 ,
2875 2221 3211 2293 intelligendi
3245 2223 3409 2277 totius
3439 2220 3601 2293 hujus

1997 2314 2269 2367 sermonis
2296 2314 2566 2383 interpres
2591 2324 2709 2380 est;
2733 2324 2786 2370 et
2819 2314 2925 2369 hoc
2948 2314 3091 2385 quod
3119 2314 3320 2370 dictum
3350 2323 3454 2382 est,
3486 2313 3601 2369 ιω.

1999 2408 2180 2461 tamini
2201 2417 2376 2478 gentes
2404 2425 2520 2463 cum
2545 2409 2691 2481 plebe
2711 2411 2824 2482 ejus
2851 2409 3031 2483 (Deut.
3054 2425 3225 2477 xxx",
3248 2408 3350 2474 45;
3378 2418 3424 2461 et
3447 2407 3599 2463 Rom.

1997 2516 2140 2569 xvii,
2178 2502 2303 2570 l0),
2354 2505 2630 2575 proprium
2672 2505 2791 2576 ejus
2817 2519 2943 2560 esse
2983 2505 3399 2571 demonstravit,
3436 2504 3604 2575 subji-

1997 2598 2148 2652 cicns
2174 2598 2240 2652 ad
2276 2597 2435 2654 fidem
2467 2599 2594 2653 dicti
2631 2614 2644 2651 :
2680 2598 2749 2653 Et
2787 2600 2881 2653 erit
2910 2596 3065 2653 radis:
3097 2599 3261 2665 Iesse,
3300 2610 3350 2653 et
3371 2599 3461 2669 qui
3488 2616 3600 2655 sur-

1997 2700 2077 2762 get
2106 2706 2282 2762 regere
2304 2701 2496 2762 gentes,
2520 2692 2573 2745 iu
2599 2707 2714 2745 eum
2734 2701 2909 2761 gentes
2930 2692 3205 2763 sperabunt
3233 2690 3432 2762 (Ibid.,
3464 2691 3533 2747 12
3549 2692 3588 2763 ).

1999 2783 2382 2838 Demonstrato
2410 2784 2574 2854 igitur
2592 2798 2690 2855 per
2723 2782 2940 2854 Moysen
2973 2798 3040 2838 eo
3068 2783 3155 2852 qui
3191 2782 3402 2838 dixerat
3434 2801 3447 2837 :
3476 2782 3601 2837 Non

1997 2889 2072 2935 est
2100 2879 2242 2936 Deus
2268 2889 2454 2946 praeter
2484 2896 2593 2946 me,
2620 2882 2673 2935 in
2700 2895 2767 2936 eo
2802 2881 2942 2951 quod
2984 2881 3059 2935 ait
3083 2898 3097 2935 :
3133 2879 3400 2936 Laetamini
3430 2891 3603 2952 gentes

1996 2975 2152 3030 simul
2171 2991 2289 3030 cum
2312 2991 2406 3040 eo;
2435 2984 2491 3030 et
2518 2974 2777 3044 Apostolo
2807 2972 2859 3027 id
2903 2973 3078 3041 ipsum
3112 2972 3185 3044 (lc)
3217 2973 3281 3028 ad
3309 2972 3594 3028 Dominum

2000 3075 2243 3123 nostrum
2276 3066 2462 3122 Jesum
2491 3066 2772 3122 Christum
2810 3066 3146 3135 unigenitum
3193 3064 3360 3119 Deum
3404 3063 3603 3119 intelli-

2000 3171 2183 3233 gente,
2216 3162 2273 3216 in
2304 3174 2410 3230 quo
2438 3159 2731 3216 secundum
2756 3174 2974 3215 carnem
3005 3174 3068 3215 ex
3102 3158 3281 3213 radice
3309 3157 3464 3214 Iesse
3482 3173 3603 3213 sur-

288 3255 508 3324 genitns
539 3253 912 3323 intelligatur;
967 3260 1023 3307 et
1072 3266 1168 3322 per
1196 3250 1249 3306 id
1280 3267 1417 3306 unus
1465 3251 1601 3307 Dens
1642 3254 1739 3321 sit,
1771 3254 1893 3323 quia
1924 3241 1968 3304 C
1998 3263 2158 3326 gente
2185 3268 2312 3325 rege
2344 3253 2504 3326 128
2530 3253 2773 3324 gentium
2805 3267 2932 3322 spes
2974 3260 3092 3317 cst,
3140 3250 3253 3321 ipsa
3284 3265 3429 3305 nunc
3469 3249 3599 3306 dicti

288 3362 352 3402 es
389 3355 584 3401 natura
617 3347 712 3401 Dei
743 3346 883 3401 Deus
909 3346 979 3400 sit
1012 3364 1026 3401 :
1068 3353 1244 3400 tamen
1281 3361 1347 3400 ex
1384 3345 1713 3416 propheticis
1739 3346 1899 3403 dictis

289 3440 554 3511 perfecta:
596 3439 760 3506 hujus
800 3439 1019 3493 unitatis
1048 3438 1185 3493 ﬁdes
1223 3446 1308 3494 est
1342 3436 1415 3512 (ε)
1451 3438 1809 3505 exstruenda,
1843 3448 1899 3495 et

292 3534 420 3589 hinc
443 3532 776 3601 evangelica!
807 3530 999 3585 domus
1034 3541 1159 3585 sunt
1184 3531 1429 3600 ponenda
1462 3531 1804 3595 fundamina;
1838 3540 1898 3587 ut

291 3644 391 3698 per
408 3626 662 3681 eamdem
687 3632 932 3679 naturam
960 3623 1257 3678 divinitatis
1284 3623 1442 3677 unius
1469 3640 1603 3678 unus
1630 3624 1772 3680 Deus
1801 3639 1898 3693 per

293 3719 346 3776 id
372 3718 733 3787 intelligatur.
766 3714 908 3786 quod
933 3716 985 3770 in
1020 3715 1186 3769 Deum
1216 3714 1443 3769 alterum
1482 3715 1625 3771 Deus
1654 3717 1897 3786 unigeni-

293 3821 378 3866 tus
411 3828 521 3866 non
552 3808 807 3864 refertur.
836 3806 1134 3862 Tenuimus
1163 3806 1308 3860 enim
1328 3805 1476 3859 omni
1506 3806 1606 3860 hoc
1627 3808 1897 3862 sermonis

291 3905 468 3962 nostri
499 3902 683 3957 libello
709 3915 833 3956 eum
864 3898 1146 3963 ordinem,
1196 3905 1256 3953 ut
1298 3898 1349 3951 in
1383 3897 1574 3965 quibus
1614 3899 1896 3966 superiore

292 4000 435 4055 libro
468 3996 633 4051 Deum
665 3995 831 4050 lilium
882 3994 1240 4048 docueramus
1263 4034 1278 4057 ,
1314 3993 1364 4045 in
1395 3992 1526 4062 ipsis
1555 4008 1698 4048 nunc
1728 3991 1896 4049 Deum

291 4160 355 4203 es
386 4138 760 4213 propheticis,
795 4133 1157 4213 evangelicis,
1198 4130 1619 4213 apostolicisqtm
1650 4133 1894 4213 testimo-

291 4202 401 4273 niis
444 4202 603 4267 ﬁdem
637 4202 882 4275 adstrui,
932 4202 1028 4262 sed
1071 4206 1234 4261 etiam
1278 4219 1342 4257 ex
1376 4202 1633 4258 Ecclesiae
1681 4202 1895 4258 confes-

291 4302 533 4428 “igitr,
567 4352 753 4428 codice
784 4346 1315 4428 Vat.bas._adjicitur
1337 4362 1463 4400 sum.
1500 4345 1599 4401 llic
1627 4345 1895 4402 indicatur

289 4417 525 4498 cpistola
559 4427 882 4498 Arianorum
905 4417 1386 4498 ad_Alexandrum_.

366 4500 455 4570 (b)
488 4493 923 4570 liscianarVat.
972 4493 1094 4570 bas.
1120 4531 1140 4570 ,_
1173 4505 1322 4570 uerus
1358 4488 1521 4570 Pater
1548 4504 1567 4542 :
1593 4487 1732 4570 quod
1766 4503 1890 4570 cum

1999 3348 2138 3403 ratio
2170 3349 2448 3401 tractanda
2479 3354 2596 3414 est,
2634 3354 2694 3401 ut
2723 3347 2844 3415 quia
2889 3346 3090 3400 dictum
3125 3361 3232 3399 non
3280 3344 3597 3415 ambigitur,

2000 3450 2269 3510 quatenus
2300 3439 2504 3494 dictum
2536 3440 2605 3494 sit
2626 3431 2797 3508 possit
2824 3437 3071 3507 intelligi.

2070 3532 2161 3587 37.
2198 3531 2300 3598 Qui
2330 3530 2468 3585 Deus
2490 3547 2555 3586 ea:
2581 3531 2686 3586 Deo
2712 3541 2758 3585 et
2780 3533 2832 3585 in
2862 3532 3037 3586 eadem
3064 3540 3272 3585 natura.
3301 3560 3377 3573 ——
3400 3529 3597 3586 Verum

1997 3635 2055 3682 et
2079 3625 2383 3681 absolutum
2411 3634 2467 3681 et
2496 3624 2787 3693 perfectum
2815 3626 2938 3681 ﬁdei
2971 3636 3172 3681 nostra:
3193 3634 3590 3681 sacramentum

1999 3730 2114 3788 est,
2146 3721 2310 3777 Deum
2335 3735 2403 3776 ex
2433 3722 2564 3787 Deo,
2606 3732 2661 3775 et
2690 3722 2854 3775 Deum
2898 3723 2951 3776 in
2988 3723 3097 3777 Deo
3147 3721 3392 3777 conﬁteri
3422 3736 3438 3779 :
3492 3735 3597 3775 non

2000 3814 2377 3886 corporalibus
2405 3813 2582 3869 modis
2603 3856 2617 3879 ,
2651 3814 2745 3867 sed
2784 3813 2978 3870 divinis
3008 3815 3332 3881 virtutibus;
3367 3830 3466 3869 nec
3501 3830 3598 3868 na-

2001 3916 2135 3961 tura:
2163 3908 2217 3962 in
2247 3915 2492 3961 naturam
2542 3906 2941 3976 transfusione,
2994 3906 3088 3961 sed
3137 3906 3201 3980 (Ι)
3237 3906 3498 3978 mysterio
3544 3914 3601 3961 et

2003 4008 2269 4068 potestate
2296 4008 2522 4055 naturae.
2547 3998 2663 4054 Non
2693 4001 2834 4053 enim
2861 4014 2954 4070 per
2975 3998 3339 4055 desectionetn
3361 4006 3455 4052 aut
3476 4011 3603 4068 pro-

2072 4133 2142 4205 (f)
2178 4133 2408 4189 Verbum
2465 4148 2616 4205 spero
2644 4131 2997 4205 omittitgms.
3047 4130 3171 4187 Vat.
3225 4130 3341 4186 bas.
3393 4129 3598 4187 Eodem

2000 4203 2163 4259 sensu
2198 4220 2295 4273 pro
2338 4203 2547 4274 opinari
2576 4212 2796 4274 usurpat
2847 4203 3178 4273 Augustinus
3225 4205 3384 4272 epist.
3416 4216 3558 4257 CLVII
3584 4244 3598 4268 ,

2000 4292 2058 4329 ιι,
2088 4275 2160 4329 2‘2
2187 4272 2205 4330 :'
2231 4272 2417 4331 Plures
2445 4317 2458 4340 ,
2489 4275 2664 4344 inquit
2684 4315 2698 4338 ,
2729 4272 2936 4329 Celestii
2946 4272 3078 4328 sunt
3107 4282 3416 4339 sectatores,
3447 4290 3600 4345 quam

1997 4363 2210 4419 sperarg
2230 4362 2520 4418 possumus.

2071 4416 2148 4490 (α)
2172 4412 2312 4473 Ειῖιιί
2345 4433 2467 4490 cum
2493 4414 2650 4490 unico
2686 4418 2993 4490 recentiore
3020 4430 3122 4490 ms.
3150 4412 3305 4490 Colb.
3335 4457 3350 4480 ,
3377 4416 3431 4469 in
3462 4416 3593 4490 alte-

1998 4486 2257 4543 runtnon
2287 4489 2525 4561 proﬁcit,
2652 4502 2831 4561 unum.
2869 4488 2997 4561 POst
3021 4487 3088 4541 ad
3120 4487 3378 4561 alterum,
3408 4489 3599 4558 supple

292 4550 609 4639 huiusmodi
632 4550 938 4620 a'tldiliones
971 4550 1321 4639 alibi-habeat
1346 4601 1360 4625 ,
1390 4560 1459 4639 ah
1492 4550 1894 4639 interpolatoris
1920 4550 1972 4610 D
1997 4550 2436 4639 constituendum,
2488 4550 2568 4612 vel
2598 4557 3027 4639 intelligendum;
3056 4568 3107 4611 et
3138 4565 3259 4639 post
3286 4550 3371 4611 ad
3398 4550 3558 4612 unum
3578 4598 3594 4627 ,

292 4630 460 4696 manu
494 4647 816 4693 temeratum
855 4634 1118 4703 suspicari
1150 4640 1254 4687 est.
1280 4631 1390 4690 Cur
1432 4630 1483 4684 in
1516 4630 1889 4703 haereticorum

292 4727 518 4767 sensum
555 4726 663 4764 non
701 4707 856 4763 cadat
892 4700 981 4760 Dei
1011 4705 1127 4758 veri
1162 4702 1431 4773 cognitio,
1483 4703 1562 4773 sic
1594 4704 1731 4755 ratio
1770 4700 1894 4755 red-

293 4786 448 4838 ditur
494 4785 586 4835 lib.
619 4796 743 4844 vm,
798 4794 947 4831 nunt.
971 4776 1042 4831 6:
1082 4773 1210 4829 Cum
1237 4771 1491 4845 sapientia
1514 4771 1749 4845 Qhristus
1795 4774 1890 4836 sit,

294 4872 501 4909 necesse
535 4864 610 4907 est
651 4861 705 4905 ut
733 4841 882 4904 Vestra
929 4847 1234 4919 sapientiam
1284 4841 1380 4911 sit,
1408 4845 1495 4914 qui
1518 4841 1777 4898 Christum
1806 4852 1896 4898 aut

292 4924 778 4999 igrwratcutedi':
1163 4989 1182 4999 -
1321 4998 1325 4999 ε
1492 4986 1503 4998 .
1640 4985 1652 4999 .
1829 4985 1891 4999 ..

366 4998 450 5063 te)
492 4996 591 5050 llic
640 4993 1118 5063 Spiritusfanctus
1161 4989 1334 5063 fuerat
1362 4985 1742 5063 nominandus,
1785 4985 1893 5063 (nisi

294 5056 408 5123 tota
433 5056 584 5121 esset
621 5056 765 5120 nunc
788 5064 855 5116 de
882 5061 1041 5116 Patre
1069 5069 1123 5115 et
1163 5058 1300 5113 Filio
1344 5058 1749 5123 controversia”
1783 5056 1890 5111 Sed

291 5139 665 5207 suspicionem
691 5136 889 5207 nullam
919 5132 1173 5207 relinquit
1200 5130 1323 5207 libri
1350 5145 1389 5185 tt
1416 5128 1720 5207 exordium.

368 5202 453 5283 (ξι)
487 5209 620 5283 Illud
648 5223 821 5283 eorum
848 5204 926 5259 sic
947 5202 1180 5283 refertur
1202 5202 1268 5283 ad
1293 5202 1595 5283 euangelica:
1615 5208 1896 5283 etlaposto-

293 5273 415 5335 lieé
435 5273 838 5347 prcedicationis.
870 5275 1092 5343 perinde
1121 5291 1182 5327 ac
1212 5275 1257 5327 si
1297 5273 1501 5347 dictum
1523 5278 1715 5347 esset,
1743 5286 1896 5347 euan-

291 5341 582 5424 gelicorum
603 5361 649 5405 et
676 5341 1075 5424 apostolicorum
1107 5360 1418 5424 prttconnm.
1445 5341 1647 5397 Deinde
1677 5342 1892 5424 non__in_-

292 5413 624 5493 telligendns
654 5413 733 5476 cs't
765 5418 931 5493 Filius
961 5433 989 5493 ξι
1016 5413 1186 5493 Patre
1213 5419 1379 5493 etiam
1401 5428 1467 5469 ex
1501 5428 1728 5484 persona
1759 5413 1898 5466 divi-

291 5509 399 5549 sus
421 5489 485 5548 ac
524 5492 875 5565 separabilis,
909 5489 1027 5565 nisi
1073 5496 1337 5565 quatenus
1366 5489 1469 5544 hoc
1496 5496 1702 5541 tantum
1741 5493 1898 5541 sonat

294 5580 551 5637 persona:
579 5559 860 5637 utriusque
890 5559 1313 5637 distinctionem.

377 5639 455 5709 (ε)
484 5636 539 5692 ιιι
582 5628 846 5709 vulgatis,
898 5632 1201 5709 astruenda.
1244 5632 1298 5687 ln
1330 5646 1433 5709 ms.
1472 5628 1696 5709 Carn.‘a
1723 5629 1896 5709 prima

297 5700 502 5773 Inanis,
534 5700 811 5771 struenda;
840 5721 869 5759 a
898 5706 1129 5759 secunda
1165 5715 1365 5766 autem,
1402 5700 1733 5767 instruenda,
1757 5700 1900 5757 unde

292 5790 359 5834 et
390 5780 444 5831 in
465 5794 625 5833 unum
653 5776 807 5832 Colb.
836 5776 1047 5831 transiit
1075 5776 1264 5829 eadem
1294 5775 1476 5831 lectio.
1506 5775 1693 5844 Aptius
1716 5775 1766 5827 in
1796 5790 1901 5830 ca:-

296 5852 443 5906 teris
472 5849 793 5905 assumenda.

1997 4630 2299 4701 intelligere
2329 4619 2665 4701 est'mentemr
2690 4619 2901 4701 referre,
2928 4619 3021 4684 aut
3046 4619 3317 4699 pertinere.

2071 4702 2152 4771 (Ii)
2178 4698 2342 4757 ’Unus
2388 4717 2418 4755 e
2468 4716 2600 4755 mss.
2630 4698 2788 4771 colli.
2813 4743 2828 4765 ,
2870 4698 3217 4763 consummet,
3246 4698 3387 4769 quod
3433 4700 3595 4771 etiam

1996 4768 2220 4828 Carn'ut.
2249 4771 2501 4827 secundis
2526 4772 2672 4826 curis
2696 4770 2859 4827 habet
2892 4790 2906 4826 :
2939 4772 3115 4825 minus
3148 4771 3217 4824 ad
3241 4778 3475 4824 mentem
3500 4768 3596 4824 Hi-

2073 4914 2134 4987 (i)
2167 4914 2363 4981 Excnsi
2408 4911 2852 4987 hicprmferunt,
2882 4911 3107 4982 Moyses,
3126 4919 3193 4987 et
3224 4917 3345 4976 post
3369 4909 3593 4966 verbum

1996 4981 2256 5058 professus
2299 4994 2402 5045 est,
2451 4984 2711 5058 adjiciunt
2731 4985 2809 5058 ait
2842 5000 2860 5037 :
2886 4981 3246 5058 renitentibus
3282 4997 3414 5035 mss.
3448 4989 3593 5037 toto-

1996 5053 2102 5127 qne
2127 5053 2666 5127 contextninonnihil
2695 5055 2946 5122 abrupto.
2989 5053 3253 5127 Malumus
3288 5067 3411 5106 cum
3443 5064 3590 5109 vete-

1999 5124 2145 5182 ribus
2176 5129 2345 5191 libris,
2380 5126 2557 5195 Moyse
2579 5136 2814 5196 namque,
2850 5127 2967 5179 sine
2992 5125 3065 5180 ait
3087 5166 3099 5185 .
3137 5124 3237 5197 hoc
3265 5134 3384 5197 est.
3410 5140 3591 5197 nempe

1997 5216 2029 5252 a
2060 5197 2259 5269 Moyse.
2293 5194 2499 5266 Quippe
2528 5194 2746 5267 namque
2780 5212 2877 5268 pro
2900 5212 3082 5267 nempe
3106 5194 3239 5250 alias
3263 5195 3372 5264 jam
3404 5194 3590 5252 obser-

1999 5271 2243 5325 Vavimus
2272 5270 2472 5324 Hilario
2500 5273 2779 5322 usitatum.

2071 5342 2140 5413 (ἱ)
2168 5343 2277 5413 Sic.
2301 5358 2433 5413 mss.
2462 5340 2601 5395 Editi
2633 5357 2781 5408 vero,
2810 5343 3090 5413 ueritatem.

2070 5406 2145 5486 (lt)
2176 5412 2303 5467 Bad.
2327 5455 2343 5479 ,
2374 5412 2467 5486 Er.
2492 5422 2546 5486 et
2579 5414 2723 5486 Lips.
2751 5406 2775 5480 ,⁷
2806 5411 3187 5486 ἱηηορηιὶιιυηι.
3232 5406 3500 5463 Particula
3539 5410 3593 5486 in

1999 5481 2266 5555 expuncta
2292 5494 2376 5539 est
2402 5483 2636 5538 editione
2680 5483 2802 5538 Par.
2842 5482 3069 5548 ,Habent
3112 5488 3292 5534 autem
3339 5495 3472 5535 mss.
3523 5481 3593 5534 ad

2001 5555 2303 5616 Dominum,
2336 5558 2525 5625 supple
2548 5555 2733 5625 referri
2752 5597 2767 5620 ,
2810 5555 2896 5610 vel
2927 5555 3197 5623 pertinere.

2072 5628 2135 5701 (ι)
2168 5628 2326 5701 lllud_
2336 5622 2427 5701 sed
2442 5622 2695 5698 mysterio
2719 5622 2980 5701 illustrari
3010 5632 3185 5701 potest
3208 5622 3290 5677 his
3316 5623 3590 5701 Ambrosii

2004 5694 2096 5754 lib‘.
2119 5694 2174 5752 iv
2197 5699 2266 5753 de
2290 5697 2438 5760 Fide,
2469 5694 2521 5751 cI
2548 5701 2597 5757 9.
2626 5714 2682 5752 ιι.
2710 5697 2814 5752 105
2838 5714 2850 5749 :
2877 5694 3147 5750 Generatio
3178 5712 3278 5750 non
3313 5696 3368 5750 in
3407 5697 3586 5750 uolun-

2004 5772 2121 5824 tatis
2145 5768 2480 5843 possibilitate
2503 5778 2599 5835 est,
2623 5769 2713 5822 sed
2742 5771 2794 5843 in
2813 5770 2936 5843 jure
2953 5768 3175 5843 quodam
3213 5777 3261 5822 et
3282 5767 3591 5843 proprietate

2005 5837 2205 5911 paterni
2243 5842 2441 5896 videtur
2463 5856 2572 5895 esse
2594 5841 2772 5895 secreti
2796 5837 2827 5904 ,⁷
2849 5849 2954 5895 etc.
2983 5838 3134 5906 Quod
3167 5837 3296 5895 vero
3326 5837 3412 5892 hic
3450 5854 3588 5905 mys-
