4118 6186
543 321 647 378 155

1752 320 1994 377 SANC‘I'I
2029 319 2286 378 Ill-LARH
2323 318 2633 377 EPISCOPI

3744 322 3848 379 156

543 428 853 494 tensionenr
873 444 967 492 aut
991 435 1380 495 derivationem
1404 448 1469 491 ex
1491 435 1607 492 Deo
1630 435 1774 492 Deus
1796 444 1882 492 est
1902 478 1917 503 ,
1948 437 2045 493 sed
2072 452 2137 492 ex
2165 442 2219 502 Α
2242 437 2379 493 enim
2414 452 2466 490 es
2510 434 2672 503 Deus,
2705 444 2752 491 et
2791 434 3160 503 maricium,
3190 434 3357 501 Deus,
3403 434 3575 492 Israel
3618 438 3850 493 rebatur

542 533 742 588 virtute
773 537 985 586 nar-rte
1006 531 1065 586 in
1109 538 1356 585 naturam
1399 529 1648 587 eandem
1697 531 1972 587 nativitate
2012 532 2140 588 sub-

542 625 707 682 sistit.
739 623 851 680 Res
895 625 1039 694 ipsas
1077 623 1292 694 planius
1336 638 1678 696 consequens
1707 624 1843 680 liber
1871 626 2141 697 evangeli—

546 734 735 775 cormn
763 728 925 788 atque
971 718 1397 787 apostolicorum
1445 717 1715 773 dictorum
1760 717 2031 788 interpres
2057 717 2140 773 lo-

545 820 739 883 quetur
768 826 783 866 :
815 808 915 864 sed
940 809 1156 865 interim
1184 823 1251 865 ex
1284 811 1401 878 lege
1434 819 1490 865 et
1518 810 1801 881 prophetis
1832 810 1964 877 hoc,
1997 808 2141 879 quod

544 915 599 960 et
649 902 919 972 loquimur
939 911 994 957 et
1042 901 1320 958 credimus
1341 945 1356 968 ,
1412 911 1499 957 est
1521 903 1846 959 docendum.
1878 901 2143 959 Nativitas

547 998 715 1069 igitur
740 997 835 1052 Dei
874 1012 981 1050 non
1009 1003 1190 1069 potest
1217 1012 1325 1051 non
1352 1011 1470 1051 eam
1493 1037 1508 1062 ,
1533 1012 1596 1052 ex
1629 1011 1731 1067 qua
1760 996 1999 1067 protecta
2026 1006 2140 1063 est,

550 1099 741 1144 tenere
769 1097 1037 1142 naturam.
1083 1085 1269 1157 Neque
1298 1087 1441 1143 enim
1472 1086 1617 1142 aliud
1650 1102 1809 1157 quam
1844 1088 1985 1142 Deus
2011 1088 2141 1143 seb-

546 1181 711 1246 sistit,
746 1180 891 1251 quod
936 1194 1040 1235 non
1071 1179 1289 1235 aliunde
1319 1194 1480 1250 quam
1535 1179 1609 1251 (a)
1644 1195 1712 1234 ex
1739 1180 1853 1235 Deo
1876 1179 2138 1235 subsistit.

551 1272 811 1329 Ean-dem
857 1280 1039 1328 autem
1073 1280 1318 1327 naturam
1348 1271 1423 1345 (b)
1470 1272 1543 1333 ita
1568 1314 1582 1338 ,
1615 1287 1720 1327 non
1768 1282 1829 1327 ut
1872 1280 2032 1328 natus
2074 1276 2146 1328 sit

548 1364 664 1436 ipse
689 1366 779 1435 qui
799 1365 986 1435 genuit
1028 1365 1179 1437 (nam
1198 1364 1471 1432 quomodo
1493 1365 1597 1421 erit
1624 1365 1760 1433 ipse,
1790 1379 1913 1419 cum
1935 1365 2144 1434 genitus

551 1459 707 1530 siti),
729 1456 827 1513 sed
862 1456 917 1511 iu
950 1456 1034 1512 bis
1056 1458 1191 1527 ipsis
1232 1457 1490 1512 subsistat
1520 1457 1611 1512 ille
1655 1459 1745 1528 qui
1788 1459 2004 1529 genitus
2039 1466 2143 1525 est,

554 1553 631 1627 (ι)
650 1568 769 1623 quae
792 1561 936 1608 totus
952 1563 1037 1608 est
1053 1555 1168 1621 ipse
1197 1552 1291 1623 qui
1316 1553 1527 1623 genuit:
1545 1554 1665 1625 quia
1696 1570 1807 1608 non
1831 1554 2147 1613 estaliunde

553 1646 695 1715 quod
723 1645 933 1714 genitus
963 1655 1064 1699 est.
1101 1645 1170 1699 Et
1202 1660 1299 1715 per
1327 1645 1429 1700 hoc
1462 1660 1567 1700 non
1610 1644 1845 1701 refertur
1871 1646 1939 1702 ad
1966 1647 2109 1702 aliud
2131 1689 2146 1715 ,

553 1740 699 1809 quod
725 1741 775 1795 in
806 1752 972 1794 unum
1001 1739 1245 1796 subsistit
1278 1755 1344 1794 ex
1380 1756 1489 1795 uno
1512 1757 1525 1794 :
1551 1755 1728 1810 neque
1766 1757 1961 1798 novum
2008 1741 2060 1796 in
2088 1755 2149 1797 se

2244 528 2417 600 (Emi.
2445 544 2551 584 xcv
2576 567 2591 595 ,
2623 526 2693 583 M
2716 570 2732 597 ,
2765 528 2879 599 15).
2911 527 2990 601 (ὓ)
3027 524 3105 601 (lt)
3136 528 3366 584 Esserat
3407 542 3466 585 se
3505 529 3567 584 in
3612 530 3749 586 hanc
3792 540 3852 587 et

2245 629 2451 675 naturae
2474 629 2530 674 et
2552 619 2786 675 nominis
2802 618 3223 691 inseparabilem
3238 618 3637 691 professionem
3665 621 3847 678 haere-

2246 713 2367 768 ticte
2412 712 2706 783 impietatis
2738 713 3057 783 desperatus
3090 712 3269 769 furor:
3298 722 3357 769 et
3386 716 3521 781 haec,
3559 716 3607 770 si
3636 725 3843 785 potest,

2244 807 2405 863 dictis
2430 821 2493 862 ac
2532 808 2694 863 rebus
2716 806 2887 871 unita,
2921 806 3111 863 rabido
3149 808 3385 864 vesaniae
3426 824 3541 865 sum
3583 824 3683 866 ore
3710 825 3850 867 oon-

2247 910 2452 970 cerpat.
2502 899 2563 954 lu
2601 900 2709 955 Deo
2753 900 2897 955 Deus
2938 909 3044 965 est,
3075 909 3130 955 et
3168 910 3367 970 praeter
3396 916 3519 956 eum
3564 901 3706 958 Deus
3734 917 3846 958 non

2247 1001 2362 1058 est;
2388 992 2803 1047 dissolvateum
2830 991 2929 1062 qui
2965 993 3121 1057 inest,
3157 994 3224 1048 ab
3250 1007 3317 1050 eo
3357 994 3409 1048 in
3453 1009 3567 1065 quo
3590 995 3763 1051 inest:
3795 1005 3853 1051 et

2246 1084 2572 1139 sacramenti
2599 1083 2756 1153 huius
2798 1084 3210 1154 intelligentiam
3234 1085 3441 1141 dividat
3469 1085 3551 1159 ('5)
3588 1086 3651 1159 (i)
3680 1104 3849 1157 gene-

2247 1193 2369 1234 rum
2400 1179 2677 1234 uarietate.
2702 1176 2836 1233 Nam
2874 1179 2927 1235 in
2960 1192 3031 1234 eo
3065 1177 3212 1249 quod
3248 1179 3344 1244 ait,
3376 1178 3446 1237 In
3481 1190 3529 1233 te
3565 1177 3707 1239 Deus
3746 1191 3844 1249 est,

2248 1280 2455 1329 natura:
2482 1270 2573 1325 Dei
2600 1270 2766 1340 patris
2789 1271 2849 1325 in
2872 1270 2979 1327 Deo
3010 1268 3118 1327 lilio
3148 1270 3332 1327 docuit
3374 1271 3662 1334 veritatem
3680 1315 3695 1338 ,
3722 1290 3847 1331 eum

2249 1361 2303 1416 in
2331 1376 2400 1418 eo
2425 1363 2564 1418 Deus
2595 1362 2983 1433 intelb'gereuu
3006 1376 3128 1418 esse
3152 1364 3240 1434 qui
3272 1364 3417 1419 Deus
3443 1374 3543 1421 est.
3568 1365 3629 1421 lu
3652 1383 3723 1423 eo
3751 1384 3843 1424 rc-

2248 1468 2313 1511 ro
2340 1452 2485 1524 quod
2508 1453 2766 1525 subjecit:
2791 1450 2861 1507 Et
2892 1461 3082 1524 prteter
3104 1464 3152 1509 te
3174 1471 3278 1510 non
3319 1465 3393 1510 est
3427 1455 3586 1517 Deus:
3608 1461 3851 1518 ostendit

2252 1554 2449 1617 praeter
2475 1560 2599 1601 eum
2641 1546 2809 1601 Deum
2846 1561 2955 1603 non
3001 1561 3144 1614 esse,
3198 1547 3325 1618 quia
3351 1547 3409 1603 in
3453 1563 3514 1605 se
3546 1550 3657 1606 Deo
3709 1552 3850 1609 Deus

2251 1641 2471 1695 inesset.
2520 1639 2632 1695 Hoc
2680 1654 2807 1695 vero
2835 1640 2974 1710 quod
3020 1640 3238 1697 tertium
3274 1650 3377 1707 est,
3410 1641 3487 1696 Tu
3513 1659 3567 1698 es
3610 1642 3779 1708 Deus,
3805 1654 3852 1701 et

2252 1733 2621 1797 nesciebamus,
2653 1731 2900 1791 [limante
2951 1732 3326 1804 intelligentia}
3355 1735 3499 1804 piam
3541 1745 3601 1792 et
3631 1737 3850 1794 ﬁdelem

552 1841 637 1886 est
657 1873 671 1896 ,
693 1831 839 1901 quod
859 1832 992 1887 vivit
1014 1843 1081 1887 ex
1108 1832 1231 1886 vivo
1256 1848 1271 1885 :
1295 1845 1469 1901 neque
1492 1832 1646 1887 abest
1664 1846 1693 1885 a
1722 1846 1803 1900 se,
1833 1832 1975 1903 quod
1999 1830 2149 1889 vivus
2179 1844 2227 1905 Β
2255 1835 2480 1883 testatur
2508 1826 2921 1897 prolessionem,
2944 1842 3071 1897 qute
3094 1827 3324 1897 cognitis
3353 1828 3649 1887 nativiuttis
3691 1844 3851 1902 nys-

550 1924 733 1993 genuit
778 1924 855 1995 (tl)
904 1923 961 1977 iu
1012 1923 1215 1979 vivum.
1269 1925 1348 1979 Ac
1398 1924 1570 1979 sicin
1620 1925 1971 1994 generatione
2031 1922 2149 1979 Filii

550 2015 632 2088 (i)
647 2025 699 2071 et
721 2025 966 2072 naturam
988 2032 1140 2072 suam
1164 2017 1233 2090 (a)
1249 2018 1496 2089 sequitur
1514 2019 1869 2089 incorporalis
1886 2026 2043 2089 atque
2062 2018 2149 2075 in-

550 2109 891 2164 demutabilis
925 2110 1086 2177 Deus,
1113 2110 1508 2180 incorporalem
1527 2119 1686 2181 atque
1709 2110 2148 2166 indemutabilem

553 2203 721 2257 Deum
749 2203 975 2273 gignens
1005 2220 1019 2257 :
1054 2217 1161 2258 nec
1180 2212 1431 2258 naturam
1459 2218 1613 2259 suam
1653 2202 1856 2258 deserit
1883 2220 1948 2259 ex
1972 2203 2151 2258 incor-

550 2295 726 2365 porali
768 2303 930 2365 atque
958 2292 1322 2351 indemutabili
1350 2296 1462 2351 Deo
1490 2296 1845 2366 incorporalis
1880 2306 2040 2367 atque
2068 2296 2151 2350 in-

536 2386 1030 2443 ‘detuuttabilis/Dei
1079 2386 1317 2455 perfecta
1352 2386 1641 2455 nativitas,
1686 2402 1783 2456 per
1822 2387 1926 2442 hoc
1965 2387 2150 2458 utique

549 2478 901 2534 subsistentis
923 2494 992 2534 ea
1025 2479 1137 2535 Deo
1178 2480 1270 2535 Dei
1300 2486 1721 2536 sacramentum.
1750 2478 1878 2535 Haec
1927 2479 1997 2534 ita
2030 2480 2151 2535 uni-

547 2577 762 2648 genitus
786 2577 927 2632 Deus
951 2592 1053 2650 per
1074 2587 1325 2632 sanctum
1353 2576 1575 2649 Moysen
1609 2584 1843 2633 testatur
1872 2595 1886 2630 :
1930 2576 2105 2631 Videte
2129 2618 2145 2644 ,

552 2668 714 2725 uidete
733 2711 748 2736 ,
779 2670 1025 2742 quoniam
1064 2685 1159 2743 ego
1184 2686 1301 2724 sum
1341 2669 1599 2725 Dominus
1620 2710 1637 2738 ,
1686 2678 1733 2723 et
1764 2685 1866 2724 non
1906 2677 1984 2724 est
2010 2669 2150 2727 Deus

551 2771 739 2835 praeter
774 2761 1063 2834 mweut.
1113 2778 1297 2828 sxxii,
1326 2762 1446 2834 39).
1485 2762 1606 2817 Non
1645 2770 1730 2818 est
1773 2762 1919 2818 enim
1956 2771 2149 2817 natura

552 2854 847 2909 divinitatis
872 2856 997 2923 alia,
1035 2854 1101 2927 (ί)
1123 2864 1184 2910 ιιι
1216 2865 1411 2924 praeter
1436 2869 1496 2911 se
1523 2855 1667 2912 Deus
1696 2855 1843 2912 ullus
1863 2855 1954 2910 sit.
2007 2852 2142 2910 Nam

551 2962 674 3003 cum
707 2948 823 3017 ipse
854 2948 992 3002 Deus
1022 2949 1129 3015 sit,
1160 2956 1336 3003 tamen
1360 2948 1521 3004 etiam
1552 2962 1650 3020 per
1670 2955 1878 3005 naturae
1896 2947 2147 3005 virtutem

553 3038 606 3093 in
638 3052 706 3094 eo
727 3039 869 3094 Deus
893 3049 999 3094 est.
1030 3038 1100 3094 Et
1126 3053 1225 3110 per
1245 3039 1320 3102 id,
1353 3038 1495 3109 quod
1522 3040 1637 3108 ipse
1661 3038 1805 3095 Deus
1820 3041 1904 3096 est
1932 3047 1987 3095 et
2011 3039 2065 3093 in
2084 3050 2150 3092 eo

550 3129 693 3186 Deus
718 3138 821 3194 est,
851 3146 958 3187 nun
989 3141 1073 3187 est
1105 3131 1244 3187 Deus
1271 3140 1471 3202 praeter
1493 3146 1619 3189 eum
1644 3149 1657 3187 :
1681 3147 1811 3188 cum.
1834 3146 1945 3189 non
1973 3136 2152 3188 exstet

2250 1920 2422 1985 teriis.
2454 1928 2508 1975 et
2536 1918 3133 1992 nomiue(Emmanuel)
3154 1921 3218 1975 ad
3237 1921 3435 1992 .losepb
3459 1938 3556 1993 per
3583 1923 3854 1995 Angelum

2253 2014 2495 2069 nuntiato
2535 2011 2911 2078 conﬁteretur,
2946 2010 3025 2068 Tu
3053 2014 3188 2068 enim
3219 2030 3273 2069 es
3319 2014 3477 2080 Deus,
3513 2024 3567 2071 et
3588 2018 3853 2073 nescieba-

2249 2124 2386 2174 tuus,
2419 2106 2556 2162 Deus
2601 2106 2773 2162 Israel
2820 2106 3078 2163 salvator:
3118 2108 3500 2166 subsistentem
3547 2110 3606 2165 in
3643 2127 3715 2166 eo
3750 2112 3847 2167 Dei

2249 2211 2495 2258 naturam
2513 2200 2580 2276 (j)
2620 2200 3004 2271 intelligentes,
3041 2216 3165 2257 cum
3188 2203 3239 2257 in
3272 2203 3384 2259 Deo
3415 2203 3556 2260 Deus
3575 2205 3721 2271 insit,
3750 2223 3854 2263 nec

2249 2280 2447 2368 praeter
2495 2311 2616 2351 eum
2659 2295 2817 2367 ιω
2833 2294 2921 2365 qui
2947 2304 3031 2351 est
3053 2295 3196 2353 Deus
3223 2297 3508 2367 quisquam
3546 2299 3693 2357 Deus
3716 2300 3856 2358 atius

2250 2398 2351 2452 sit:
2381 2395 2504 2465 quia
2534 2394 2651 2465 ipse
2678 2395 2838 2461 Deus,
2868 2404 2922 2449 et
2950 2394 3004 2448 in
3028 2409 3095 2450 eo
3126 2395 3286 2461 Deus,
3319 2395 3545 2451 alterius
3568 2397 3725 2453 nobis
3756 2414 3857 2454 eu-

2246 2488 2503 2559 jusquam
2546 2486 2636 2542 Dei
2669 2502 2777 2542 non
2807 2486 3079 2557 relinquat
3104 2502 3364 2545 errorem.
3391 2488 3592 2545 Ethtec
3631 2491 3854 2560 quidem

2254 2579 2459 2642 Esaias.
2502 2578 2833 2634 individuam
2887 2588 3049 2650 atque
3095 2579 3509 2649 inseparabilem
3563 2581 3738 2639 [Ruris
3798 2593 3853 2639 et

2250 2672 2371 2728 Filii
2404 2672 2740 2727 divinitatem
2771 2678 3014 2738 testatus,
3050 2671 3127 2727 ita
3153 2672 3513 2743 prophetarit.
3778 2676 3781 2681 ‘

2321 2765 2412 2822 59.
2461 2764 2547 2821 Ea:
2573 2764 2803 2820 Ieremia
2855 2764 2993 2819 idem
3036 2765 3303 2821 evincitur.
3324 2795 3397 2811 --
3422 2765 3688 2824 Jeremlas
3721 2783 3857 2831 vero

2253 2857 2603 2928 nen'dispari
2651 2857 2952 2930 prepheIiae
3005 2858 3243 2925 virtute,
3299 2857 3609 2915 indiscretus
3654 2875 3686 2915 a
3739 2860 3856 2917 Deo

2252 2961 2403 3025 patre
2440 2963 2647 3007 natura:
2696 2951 3037 3021 unigenitum
3056 2964 3179 3006 esse
3222 2950 3391 3007 Deum
3431 2951 3505 3006 ita
3542 2951 3748 3015 docuit,
3773 2953 3855 3008 di-

2250 3060 2409 3101 cens:
2447 3043 2545 3099 Hic
2574 3042 2717 3099 Deus
2736 3052 2908 3099 uoster
2926 3052 3020 3109 est,
3048 3053 3099 3099 et
3127 3059 3229 3098 non
3268 3044 3598 3114 deputabitur
3624 3047 3758 3100 alter
3784 3046 3857 3109 ad

2253 3154 2389 3193 eum.
2417 3136 2498 3209 (l)
2539 3136 2639 3204 Qui
2692 3136 2885 3191 inuenit
2925 3153 3128 3193 omnem
3165 3137 3318 3193 vitam
3356 3138 3602 3205 scientia,
3633 3147 3681 3195 st
3714 3139 3857 3197 dedit

550 3224 771 3281 aliunde
783 3222 925 3294 quod
951 3224 1090 3279 Deus
1106 3230 1209 3292 est,
1230 3233 1282 3279 et
1306 3225 1465 3297 129
1489 3225 1545 3279 in
1568 3239 1639 3283 eo
1658 3224 1798 3283 Deus
1814 3225 1905 3292 sit,
1939 3224 2142 3287 habeas
2171 3228 2217 3292 C
2247 3247 2358 3287 eam
2384 3229 2549 3285 Iacob
2579 3245 2738 3299 puero
2778 3245 2896 3295 suo,
2926 3238 2975 3284 et
3015 3228 3183 3285 Israel
3224 3230 3408 3287 dilecto
3437 3246 3552 3287 suo.
3577 3230 3711 3287 Post
3742 3234 3857 3289 lucc

549 3321 602 3374 in
631 3333 691 3373 se
718 3330 773 3374 et
795 3317 937 3388 quod
967 3317 1082 3389 ipse
1108 3324 1214 3386 est,
1243 3328 1298 3373 et
1325 3317 1402 3390 (g)
1458 3333 1533 3375 ex
1574 3332 1685 3388 quo
1722 3318 1837 3388 ipse
1875 3317 2138 3377 subsistit.

619 3411 708 3467 58.
737 3410 1019 3466 Iudividua
1053 3410 1231 3466 Patris
1257 3419 1304 3467 et
1335 3408 1465 3466 Filii
1495 3410 1739 3467 divinitas
1766 3426 1828 3466 ea:
1864 3409 2046 3467 Esaia.
2072 3441 2146 3455 --

546 3500 845 3557 Couﬁrmat
893 3514 1072 3558 autem
1113 3501 1235 3558 ﬁdei
1281 3512 1484 3558 nostra:
1520 3517 1706 3559 veram
1754 3511 1810 3559 et
1847 3503 2141 3561 salutarem

547 3594 933 3664 professionem
969 3597 1108 3651 idem
1143 3605 1305 3667 atque
1350 3612 1489 3652 unus
1549 3597 1601 3653 in
1632 3596 1880 3667 plurimis
1908 3597 2143 3667 Spiritus

460 3715 465 3721 ε
546 3686 866 3757 prepltetiae,
892 3702 988 3757 per
1032 3690 1404 3745 successiones
1433 3699 1487 3744 et
1530 3690 1809 3749 intervalla
1838 3697 2141 3760 temporum

543 3795 652 3839 uon
682 3780 968 3839 demutans
999 3783 1266 3855 religiosas
1289 3782 1555 3840 doctrinae
1588 3781 2043 3852 prtedicatiouem.
2075 3782 2145 3841 Ut

543 3875 687 3929 enim
735 3890 829 3944 per
871 3875 1093 3949 Moysen
1139 3892 1204 3935 es
1248 3891 1481 3947 persona
1533 3876 1795 3947 unigeniti
1837 3876 1932 3932 Dei
1974 3876 2140 3945 diem,

542 3966 791 4038 pleniore
819 3969 886 4025 ad
934 3969 1346 4041 intelligendum
1375 3970 1827 4029 conﬁrmarentur
1856 3969 2138 4041 profectu;

542 4075 754 4120 rursum
778 4078 1028 4120 sermone
1057 4066 1149 4121 Dei
1172 4067 1337 4137 patris
1354 4081 1417 4122 ex
1444 4080 1673 4137 persona
1699 4065 1937 4121 virorum
1960 4064 2143 4120 excel—

541 4167 723 4209 sorutn
756 4153 897 4210 idem
928 4157 1225 4227 prophetia:
1246 4156 1478 4226 Spiritus
1504 4171 1599 4231 per
1624 4156 1837 4214 Esaiam
1868 4155 2139 4228 loquitur:

544 4245 801 4312 Quoniam
824 4250 881 4302 in
909 4258 959 4303 te
983 4261 1054 4303 est
1089 4249 1245 4317 Deus,
1275 4260 1321 4305 et
1344 4266 1444 4306 non
1472 4257 1546 4304 est
1575 4258 1764 4319 praeter
1792 4257 1840 4304 te
1865 4247 2029 4307 Deus.
2059 4246 2143 4304 Tu

643 4358 695 4434 1)
730 4358 797 4434 Et
827 4369 1062 4419 naturam
1087 4380 1258 4432 suam,
1288 4373 1344 4418 ut
1366 4364 1440 4421 ita
1471 4362 1707 4430 dixerim,
1735 4363 1984 4434 sequitur.

643 4361 665 4416 1
731 4358 797 4413 Et
827 4369 1034 4419 naturam

638 4431 672 4485 2
721 4431 923 4489 luserat
961 4450 1034 4491 se.

613 4358 695 4576 33$
717 4502 966 4559 Generum
993 4522 1034 4559 ut

717 4502 966 4559 Generum
993 4504 1203 4562 veritate
1231 4504 1432 4562 abesta
1455 4514 1641 4563 nostro
1679 4504 1992 4577 exemplari.

542 4623 667 4677 torio
690 4630 932 4705 natura;
959 4621 1054 4676 lib.
1089 4637 1172 4680 vt.
1206 4638 1261 4676 η.
1300 4620 1398 4691 19,
1431 4620 1626 4677 dicitur
1652 4631 1972 4677 sacramento
2016 4620 2136 4675 sub-

540 4702 776 4838 Maii}.
804 4765 1040 4838 excusis,
1085 4781 1150 4820 ex
1183 4763 1296 4819 Deo
1338 4762 1481 4820 Deus
1512 4782 1532 4819 :
1559 4765 1795 4821 abundat
1827 4778 1929 4838 vos
1959 4762 2135 4838 Deus,

2246 3340 2407 3393 supra
2452 3332 2639 3377 terram
2673 3322 2809 3377 risus
2853 3331 2946 3388 est,
2979 3331 3027 3378 et
3070 3324 3205 3378 inter
3253 3324 3483 3380 homines
3525 3336 3855 3382 conversatus

2248 3424 2320 3470 est
2353 3412 2565 3483 (Barac.
2601 3428 2657 3469 ut
2686 3454 2700 3478 ,
2751 3411 2865 3485 56).
2921 3413 3063 3482 Quid
3088 3415 3251 3469 alium
3295 3415 3461 3470 Deum
3511 3415 3569 3471 in
3611 3416 3725 3477 ﬁlio
3756 3417 3855 3477 Dei

2250 3506 2363 3562 Deo
2405 3506 2656 3561 hmretice
2701 3506 2999 3576 supponis?
3029 3506 3184 3562 Disce
3229 3523 3393 3563 unum
3446 3509 3619 3565 Deum
3658 3526 3851 3570 verum

2247 3601 2551 3672 intelligere
2578 3608 2632 3657 et
2656 3600 2926 3657 conﬁteri.
2959 3599 3078 3656 Non
3117 3601 3259 3657 alius
3298 3602 3441 3659 Deus
3478 3602 3544 3658 ad
3570 3601 3851 3662 Christum

2251 3694 2537 3763 deputatur
2566 3702 2627 3749 ut.
2648 3693 2790 3749 Deus
2818 3693 2908 3748 sit.
2928 3693 3072 3748 Deus
3098 3702 3184 3749 est
3207 3708 3272 3750 ex
3296 3704 3519 3762 natura,
3547 3710 3615 3753 ex
3642 3697 3851 3754 nativi-

2251 3795 2380 3852 tate,
2414 3804 2478 3843 ex
2509 3789 2642 3843 Deo.
2674 3786 2828 3854 Quod
2871 3790 3015 3842 enim
3057 3787 3202 3844 Deus
3230 3795 3337 3856 est,
3362 3804 3434 3844 ex
3469 3790 3578 3844 Deo
3607 3799 3712 3856 est,
3738 3806 3849 3848 non

2251 3880 2412 3937 etiam
2442 3881 2585 3937 Deus
2605 3882 2741 3937 alius
2768 3891 2873 3937 est.
2906 3881 3062 3935 Alius
3088 3880 3233 3936 enim
3268 3881 3335 3935 ad
3360 3895 3484 3937 eum
3536 3898 3641 3937 non
3674 3882 3848 3955 depu-

2254 3984 2433 4041 tatur;
2480 3975 2603 4045 quia
2644 3989 2749 4031 non
2789 3975 2954 4030 estin
2982 3988 3053 4029 eo
3101 3974 3206 4028 alia
3252 3981 3450 4042 prieter
3500 3990 3660 4045 quam
3716 3992 3844 4047 qua:

2251 4068 2345 4124 Dei
2377 4077 2457 4123 cst
2480 4068 2700 4124 veritas.
2725 4067 2860 4137 Quid
2892 4082 3079 4122 verum
3115 4077 3169 4122 et
3211 4081 3320 4122 non
3349 4082 3558 4136 verum,
3589 4069 3716 4139 quid
3745 4069 3845 4126 de-

2243 4177 2497 4235 generem
2531 4170 2587 4219 et
2628 4161 2889 4227 nobilem,
2917 4158 3045 4233 quid
3078 4159 3349 4221 diversum
3379 4160 3453 4233 (It)
3488 4170 3542 4216 et
3569 4161 3843 4218 diversum

2244 4253 2346 4308 sub
2393 4251 2550 4307 unius
2602 4252 2697 4307 Dei
2747 4252 3003 4308 ementita
3052 4251 3310 4322 religione
3354 4253 3669 4323 componis?
3699 4253 3844 4313 Deus

2248 4439 2260 4450 .
2317 4363 2395 4495 (ἐ)
2570 4381 2677 4422 non
2707 4365 2902 4443 legitur
2933 4367 2985 4421 in
3040 4381 3141 4423 ms.
3175 4365 3630 4438 quemadmodum
3669 4384 3845 4441 neque

2248 4454 2302 4494 ιη
2377 4454 2449 4497 rae
2524 4477 2538 4494 .

2247 4454 2302 4494 111
2327 4454 2538 4497 ϋῐίῐὶϐο.

2311 4616 2505 4692 (e)ilic
2534 4618 2587 4672 in
2633 4631 2737 4692 ms.
2788 4615 2959 4692 Gurb.
3008 4619 3439 4692 superscriptum
3479 4628 3602 4692 est,
3661 4632 3718 4675 ut
3767 4624 3844 4678 ita

2242 4688 2491 4755 diuerim,
2529 4688 2671 4759 quod
2712 4699 2767 4744 et
2796 4690 2847 4744 iu
2878 4688 3105 4760 vulgatis
3125 4702 3179 4745 et
3202 4690 3257 4745 in
3280 4688 3682 4747 recentioribus
3708 4710 3841 4748 mss.

2244 4765 2506 4818 insertum
2536 4761 2669 4825 fuit,
2704 4761 2799 4817 sed
2830 4778 2935 4816 non
2960 4762 3187 4817 habetur
3215 4766 3269 4816 in
3299 4764 3709 4820 vetustioribus.

543 4830 717 4910 neque
738 4845 919 4891 exsutt
945 4836 998 4891 in
1028 4830 1155 4892 mss.
1182 4851 1411 4960 quorum
1444 4838 1494 4892 in
1526 4838 1798 4908 plerisque
1823 4836 2038 4909 deinde,
2073 4830 2133 4891 ut
2156 4836 2212 4899 D
2309 4832 2380 4906 (f)
2409 4831 2564 4897 Bad.,
2593 4830 2688 4914 Er.
2730 4843 2782 4916 et
2809 4833 2981 4902 Lips..
3010 4846 3066 4887 ut
3089 4846 3274 4906 praeter
3303 4850 3416 4887 eam
3443 4834 3581 4889 Deus
3602 4836 3840 4917 aliussit.

546 4918 600 4960 et
629 4909 792 4960 paulo
815 4916 960 4960 ante.
989 4907 1234 4960 substiti.
2318 4905 2394 4960 (al
2426 4904 2482 4958 Id
2503 4916 2605 4960 est.
2641 4915 2712 4958 tta
2743 4914 2887 4960 m‘eo
2908 4905 3066 4960 Pater
3090 4915 3196 4960 est.
3229 4916 3286 4960 ut
3317 4904 3514 4960 habeat
3538 4914 3593 4960 ct
3619 4907 3669 4960 td
3699 4906 3840 4960 uuod

1175 4925 1196 4962 ἲ

546 4918 600 4965 ει
629 4908 792 4978 paulo
815 4916 961 4971 ante,
989 4908 1171 4963 substlt

621 4978 696 5064 (ὁ)
732 4979 937 5064 Excusi
967 4980 1051 5064 bic
1079 4981 1281 5064 addunt
1305 4980 1426 5064 inde
1454 4996 1475 5036 ε
1504 4980 1656 5064 nullo
1682 4978 2012 5064 suﬂ‘ragante
2028 4993 2131 5064 ms.

553 5050 722 5123 llujus
775 5050 924 5106 vocis
970 5053 1090 5107 loco
1128 5053 1483 5123 supplendum
1512 5062 1663 5106 tenet.
1713 5051 2036 5123 Expressius
2082 5053 2134 5105 In

556 5121 873 5177 Pratellrnsi
912 5123 1098 5178 codice
1119 5165 1133 5190 ,
1162 5121 1259 5177 Dei
1302 5132 1471 5179 autem
1518 5134 1754 5178 naturam
1785 5123 1858 5175 ita
1899 5121 2087 5176 obtinet
2118 5136 2139 5175 :

557 5195 654 5249 etsi
685 5192 863 5247 minus
891 5197 1120 5249 sincere.
1151 5194 1247 5249 Hic
1285 5195 1517 5250 Hilarius
1544 5209 1646 5265 pro
1675 5209 1827 5248 more
1856 5193 2140 5264 praecludit

546 5265 723 5320 locum
756 5265 1082 5334 suspicioni,
1114 5281 1181 5320 ne
1209 5266 1445 5323 Sabellio
1468 5268 1648 5322 lavere
1668 5266 2026 5320 existimetur.

620 5336 692 5411 (c)
725 5337 816 5392 Sic
874 5339 1161 5411 pervenisti
1191 5338 1409 5411 codices
1430 5336 1610 5411 θυεμ,
1641 5336 1805 5393 Corb.
1826 5377 1843 5411 ,
1886 5336 1996 5411 duo
2036 5334 2140 5390 lle-

548 5407 680 5476 miig.’
698 5449 713 5475 ,
747 5419 858 5464 tres
908 5407 1186 5474 Vaticani,
1230 5408 1436 5465 Theod.
1459 5451 1474 5475 ,
1517 5409 1699 5464 Germ.
1738 5407 1840 5464 etc.
1871 5407 1974 5462 Alii
2010 5421 2141 5463 vero

552 5479 943 5553 nonnulli‘cum
976 5480 1224 5552 vulgatis,
1255 5482 1309 5535 in
1332 5482 1511 5553 quibus
1539 5492 1673 5535 totus
1699 5489 1772 5535 est
1792 5481 1910 5553 ipse
1937 5480 2034 5553 qui
2047 5494 2139 5553 ge-

549 5550 658 5602 nuit
684 5566 701 5604 :
728 5551 846 5623 quia
869 5568 968 5606 non
991 5568 1054 5606 ex
1077 5550 1183 5606 alio
1210 5550 1425 5623 genitus.
1455 5551 1635 5623 Neque
1655 5551 1800 5606 aliud
1819 5566 1973 5623 quam
1999 5550 2140 5604 Deus

548 5628 621 5674 est
646 5636 665 5674 :
693 5622 812 5688 quia
839 5638 939 5675 non
963 5634 1036 5676 est
1061 5622 1294 5692 aliunde,
1317 5637 1421 5682 etc.

741 5695 1061 5771 Particulam
1097 5700 1164 5771 in
1202 5690 1496 5771 adiecimus
1526 5697 1848 5751 auctoritate
1880 5707 2010 5771 mss.
2053 5690 2143 5771 Sic

488 5772 519 5784 ‘
555 5774 609 5822 et
638 5764 710 5821 lib
736 5781 838 5835 ru,
858 5783 927 5842 An.
951 5764 1020 5842 ΞΤ
1062 5785 1075 5820 :
1111 5766 1233 5825 Non
1258 5764 1390 5829 énim
1416 5785 1600 5827 novum
1622 5777 1695 5824 est
1718 5809 1735 5837 ,
1776 5770 1912 5842 quod
1941 5780 2005 5823 ea:
2032 5765 2143 5820 riuo

555 5846 827 5910 generatur
849 5837 904 5891 in
941 5838 1128 5894 vivum.

2318 4904 2394 4978 (g)
2426 4904 2605 4978 ldest,
2641 4905 2712 4958 ita
2743 4906 2887 4978 infeo
2908 4905 3066 4978 Pater
3090 4904 3196 4978 est,
3229 4916 3286 4960 ut
3317 4904 3514 4960 habeat
3538 4914 3593 4960 ct
3619 4907 3669 4961 id
3699 4906 3843 4978 quod

2242 4974 2439 5046 estietr
2452 4976 2502 5029 id
2530 4991 2595 5030 ex
2623 4990 2730 5043 quo
2760 4974 2901 5030 ﬁlius
2925 4977 3039 5046 ipse
3065 4977 3331 5032 subsistit.

2317 5047 2395 5119 (It)
2415 5045 2635 5101 Carnut.
2666 5061 2767 5101 ms.
2798 5062 2920 5102 cum
2948 5048 3152 5117 aliquot
3169 5049 3308 5116 aliis,
3337 5064 3437 5105 uec
3453 5064 3557 5105 nou
3581 5048 3841 5116 Bad.,Er.

2246 5129 2303 5175 et
2329 5120 2474 5188 Lips.
2503 5120 2698 5171 inserat
2720 5133 2791 5172 se.

2316 5190 2383 5264 (i)
2411 5190 2575 5244 Abest
2596 5205 2837 5271 generum
2856 5190 3099 5245 uarietate
3120 5206 3150 5245 a
3180 5192 3456 5247 veteribus
3481 5191 3636 5248 libris
3660 5192 3844 5260 Coll»,

2245 5260 2434 5335 Cum,
2464 5260 2699 5335 Domtg.,
2726 5258 2913 5329 Viud.,
2942 5271 3047 5317 etc.
3081 5267 3162 5318 An
3191 5279 3256 5319 ex
3285 5265 3526 5335 margine
3556 5265 3608 5319 in
3637 5272 3844 5320 textum

2395 5302 2434 5323 θ’
2467 5301 2699 5329 ιινιιυιῠο,
2744 5301 2913 5329 IIl-ul,
2943 5301 3047 5317 νῦν.

2246 5330 2730 5478 ἰπὸῐῖῗιέἳνηὶεηιίε
2767 5405 3079 5478 intelligens.
3105 5405 3174 5462 At
3213 5406 3267 5478 in
3300 5421 3432 5461 mss.
3476 5407 3843 5478 intelligendas,

2245 5473 2387 5560 quod
2415 5473 2479 5527 ad
2507 5473 2611 5529 eos
2632 5473 2999 5542 referendum,
3028 5480 3120 5547 qui
3152 5477 3310 5548 paulo
3335 5488 3461 5533 ante
3491 5473 3698 5545 dicunt,
3752 5495 3847 5533 ηι-

2244 5549 2789 5691 8‘v‘’f’llt,)mt§iucsplerique
2818 5635 2948 5677 mss.
2973 5620 3044 5677 At
3065 5620 3154 5691 qui
3172 5620 3563 5680 Carnutensem
3580 5634 3853 5690 recogno-

2246 5691 2340 5749 vit,
2376 5688 2516 5763 quod
2549 5689 2615 5763 ad
2658 5688 2862 5763 calcem
2906 5688 3178 5763 hujus—ac
3204 5694 3498 5763 superioris
3520 5692 3640 5746 libri
3679 5688 3851 5749 verbo

2247 5760 2511 5817 emendavi
2533 5760 2818 5831 signiﬁcat,
2847 5779 2951 5819 non
2978 5760 3390 5821 advertens'bac
3419 5765 3645 5820 lectione
3673 5764 3849 5833 majo-

2246 5847 2359 5891 rem
2385 5845 2507 5903 esse
2534 5833 2899 5892 membrorum
2925 5835 3257 5906 antitltesim,
3284 5836 3373 5895 hic
3399 5835 3648 5909 apposuit
3677 5836 3850 5907 parti-
