  <div class='ocr_page' id='page_1' title='image "/cluster/home/n/w/nwhite01/storage/ocr_20150623/10/hvd.32044096580394/084.png"; bbox 0 0 4118 6186; ppageno 0'>
   <div class='ocr_carea' id='block_1_1' title="bbox 279 323 371 377">
    <p class='ocr_par' dir='ltr' id='par_1_1' title="bbox 279 323 371 377">
     <span class='ocr_line' id='line_1_1' title="bbox 279 323 371 377; baseline 0.065 -7"><span class='ocrx_word' id='word_1_1' title='bbox 279 323 371 377; x_wconf 66' lang='grc' dir='ltr'><strong><em>ιῆἹ</em></strong></span> 
     </span>
    </p>
   </div>
   <div class='ocr_carea' id='block_1_2' title="bbox 1489 317 2348 376">
    <p class='ocr_par' dir='ltr' id='par_1_2' title="bbox 1489 317 2348 376">
     <span class='ocr_line' id='line_1_2' title="bbox 1489 317 2348 376; baseline -0.003 -1"><span class='ocrx_word' id='word_1_2' title='bbox 1489 318 1576 375; x_wconf 75' lang='lat' dir='ltr'><strong><em>DE</em></strong></span> <span class='ocrx_word' id='word_1_3' title='bbox 1605 317 1978 376; x_wconf 76' lang='lat' dir='ltr'><strong><em>TRINITATE</em></strong></span> <span class='ocrx_word' id='word_1_4' title='bbox 2018 317 2219 375; x_wconf 77' lang='lat' dir='ltr'><strong><em>LIBER</em></strong></span> <span class='ocrx_word' id='word_1_5' title='bbox 2261 317 2348 373; x_wconf 75' lang='lat' dir='ltr'><strong><em>Vl.</em></strong></span> 
     </span>
    </p>
   </div>
   <div class='ocr_carea' id='block_1_3' title="bbox 3462 317 3563 376">
    <p class='ocr_par' dir='ltr' id='par_1_3' title="bbox 3462 317 3563 376">
     <span class='ocr_line' id='line_1_3' title="bbox 3462 317 3563 376; baseline 0.02 -2"><span class='ocrx_word' id='word_1_6' title='bbox 3462 317 3563 376; x_wconf 72' lang='grc'><strong><em>158</em></strong></span> 
     </span>
    </p>
   </div>
   <div class='ocr_carea' id='block_1_4' title="bbox 268 420 3568 504">
    <p class='ocr_par' dir='ltr' id='par_1_4' title="bbox 268 420 3568 504">
     <span class='ocr_line' id='line_1_4' title="bbox 268 420 3568 504; baseline -0.001 -14"><span class='ocrx_word' id='word_1_7' title='bbox 268 446 352 490; x_wconf 86' lang='lat' dir='ltr'><strong><em>est</em></strong></span> <span class='ocrx_word' id='word_1_8' title='bbox 382 444 553 504; x_wconf 79' lang='lat' dir='ltr'><strong><em>pater,</em></strong></span> <span class='ocrx_word' id='word_1_9' title='bbox 586 434 734 488; x_wconf 81' lang='lat' dir='ltr'><strong><em>Deus</em></strong></span> <span class='ocrx_word' id='word_1_10' title='bbox 757 443 838 488; x_wconf 76' lang='lat' dir='ltr'><strong><em>est</em></strong></span> <span class='ocrx_word' id='word_1_11' title='bbox 867 443 921 489; x_wconf 88' lang='lat' dir='ltr'><strong><em>et</em></strong></span> <span class='ocrx_word' id='word_1_12' title='bbox 959 433 1120 487; x_wconf 75' lang='lat' dir='ltr'><strong><em>ﬁlius.</em></strong></span> <span class='ocrx_word' id='word_1_13' title='bbox 1166 432 1222 486; x_wconf 90' lang='lat' dir='ltr'><strong><em>In</em></strong></span> <span class='ocrx_word' id='word_1_14' title='bbox 1260 434 1372 489; x_wconf 86' lang='lat' dir='ltr'><strong><em>Deo</em></strong></span> <span class='ocrx_word' id='word_1_15' title='bbox 1396 433 1540 490; x_wconf 85' lang='lat' dir='ltr'><strong><em>Deus</em></strong></span> <span class='ocrx_word' id='word_1_16' title='bbox 1569 420 1683 500; x_wconf 78' lang='lat' dir='ltr'><strong><em>est;</em></strong></span> <span class='ocrx_word' id='word_1_17' title='bbox 1719 448 1858 504; x_wconf 70' lang='lat' dir='ltr'><strong><em>prat-</em></strong></span> <span class='ocrx_word' id='word_1_18' title='bbox 1890 436 1942 495; x_wconf 81' lang='grc' dir='ltr'>Λ</span> <span class='ocrx_word' id='word_1_19' title='bbox 2039 434 2192 488; x_wconf 81' lang='lat' dir='ltr'><strong><em>trinis</em></strong></span> <span class='ocrx_word' id='word_1_20' title='bbox 2220 433 2659 488; x_wconf 76' lang='lat' dir='ltr'><strong><em>immedicabiliter</em></strong></span> <span class='ocrx_word' id='word_1_21' title='bbox 2718 431 2933 497; x_wconf 78' lang='lat' dir='ltr'><strong><em>imbuta,</em></strong></span> <span class='ocrx_word' id='word_1_22' title='bbox 2986 447 3142 487; x_wconf 77' lang='lat' dir='ltr'><strong><em>nosos</em></strong></span> <span class='ocrx_word' id='word_1_23' title='bbox 3176 432 3298 488; x_wconf 74' lang='lat' dir='ltr'><strong><em>illos</em></strong></span> <span class='ocrx_word' id='word_1_24' title='bbox 3338 431 3568 488; x_wconf 71' lang='lat' dir='ltr'><strong><em>doctores</em></strong></span> 
     </span>
    </p>
   </div>
   <div class='ocr_carea' id='block_1_5' title="bbox 270 527 1865 599">
    <p class='ocr_par' dir='ltr' id='par_1_5' title="bbox 270 527 1865 599">
     <span class='ocr_line' id='line_1_5' title="bbox 270 527 1865 599; baseline 0.001 -16"><span class='ocrx_word' id='word_1_25' title='bbox 270 539 350 584; x_wconf 88' lang='lat' dir='ltr'><strong><em>ter</em></strong></span> <span class='ocrx_word' id='word_1_26' title='bbox 371 544 495 584; x_wconf 84' lang='lat' dir='ltr'><strong><em>eum</em></strong></span> <span class='ocrx_word' id='word_1_27' title='bbox 537 528 682 583; x_wconf 77' lang='lat' dir='ltr'><strong><em>Deus</em></strong></span> <span class='ocrx_word' id='word_1_28' title='bbox 713 544 824 582; x_wconf 86' lang='lat' dir='ltr'><strong><em>non</em></strong></span> <span class='ocrx_word' id='word_1_29' title='bbox 877 536 982 593; x_wconf 87' lang='lat' dir='ltr'><strong><em>est,</em></strong></span> <span class='ocrx_word' id='word_1_30' title='bbox 1016 543 1122 582; x_wconf 82' lang='lat' dir='ltr'><strong><em>non</em></strong></span> <span class='ocrx_word' id='word_1_31' title='bbox 1153 529 1292 584; x_wconf 78' lang='lat' dir='ltr'><strong><em>alter</em></strong></span> <span class='ocrx_word' id='word_1_32' title='bbox 1317 527 1384 583; x_wconf 81' lang='lat' dir='ltr'><strong><em>ad</em></strong></span> <span class='ocrx_word' id='word_1_33' title='bbox 1418 543 1548 584; x_wconf 87' lang='lat' dir='ltr'><strong><em>eum</em></strong></span> <span class='ocrx_word' id='word_1_34' title='bbox 1575 528 1865 599; x_wconf 70' lang='lat' dir='ltr'><strong><em>deputatur</em></strong></span> 
     </span>
    </p>
   </div>
   <div class='ocr_carea' id='block_1_6' title="bbox 265 620 1862 693">
    <p class='ocr_par' dir='ltr' id='par_1_6' title="bbox 265 620 1862 693">
     <span class='ocr_line' id='line_1_6' title="bbox 265 620 1862 693; baseline 0.001 -16"><span class='ocrx_word' id='word_1_35' title='bbox 265 632 326 678; x_wconf 82' lang='lat' dir='ltr'><strong><em>ut</em></strong></span> <span class='ocrx_word' id='word_1_36' title='bbox 350 623 492 677; x_wconf 84' lang='lat' dir='ltr'><strong><em>Deus</em></strong></span> <span class='ocrx_word' id='word_1_37' title='bbox 515 621 604 676; x_wconf 91' lang='lat' dir='ltr'><strong><em>sit.</em></strong></span> <span class='ocrx_word' id='word_1_38' title='bbox 650 621 706 676; x_wconf 87' lang='lat' dir='ltr'><strong><em>In</em></strong></span> <span class='ocrx_word' id='word_1_39' title='bbox 744 620 832 676; x_wconf 86' lang='lat' dir='ltr'><strong><em>his</em></strong></span> <span class='ocrx_word' id='word_1_40' title='bbox 856 622 902 676; x_wconf 88' lang='lat' dir='ltr'><strong><em>si</em></strong></span> <span class='ocrx_word' id='word_1_41' title='bbox 949 637 1115 677; x_wconf 78' lang='lat' dir='ltr'><strong><em>unum</em></strong></span> <span class='ocrx_word' id='word_1_42' title='bbox 1153 623 1325 693; x_wconf 81' lang='lat' dir='ltr'><strong><em>magis</em></strong></span> <span class='ocrx_word' id='word_1_43' title='bbox 1349 637 1510 693; x_wconf 78' lang='lat' dir='ltr'><strong><em>quam</em></strong></span> <span class='ocrx_word' id='word_1_44' title='bbox 1565 623 1862 678; x_wconf 79' lang='lat' dir='ltr'><strong><em>solitarium</em></strong></span> 
     </span>
    </p>
   </div>
   <div class='ocr_carea' id='block_1_7' title="bbox 267 714 1857 786">
    <p class='ocr_par' dir='ltr' id='par_1_7' title="bbox 267 714 1857 786">
     <span class='ocr_line' id='line_1_7' title="bbox 267 714 1857 786; baseline 0 -16"><span class='ocrx_word' id='word_1_45' title='bbox 267 715 436 770; x_wconf 83' lang='lat' dir='ltr'><strong><em>Deum</em></strong></span> <span class='ocrx_word' id='word_1_46' title='bbox 471 715 779 786; x_wconf 79' lang='lat' dir='ltr'><strong><em>intelliges;</em></strong></span> <span class='ocrx_word' id='word_1_47' title='bbox 833 714 1088 769; x_wconf 67' lang='lat' dir='ltr'><strong><em>Ecclesia:</em></strong></span> <span class='ocrx_word' id='word_1_48' title='bbox 1134 715 1448 785; x_wconf 75' lang='lat' dir='ltr'><strong><em>religionem</em></strong></span> <span class='ocrx_word' id='word_1_49' title='bbox 1501 716 1857 784; x_wconf 78' lang='lat' dir='ltr'><strong><em>proﬁteberis,</em></strong></span> 
     </span>
    </p>
   </div>
   <div class='ocr_carea' id='block_1_8' title="bbox 269 808 1862 880">
    <p class='ocr_par' dir='ltr' id='par_1_8' title="bbox 269 808 1862 880">
     <span class='ocr_line' id='line_1_8' title="bbox 269 808 1862 880; baseline 0.002 -19"><span class='ocrx_word' id='word_1_50' title='bbox 269 825 387 880; x_wconf 74' lang='lat' dir='ltr'><strong><em>qua:</em></strong></span> <span class='ocrx_word' id='word_1_51' title='bbox 438 809 652 863; x_wconf 88' lang='lat' dir='ltr'><strong><em>Patrem</em></strong></span> <span class='ocrx_word' id='word_1_52' title='bbox 722 809 773 862; x_wconf 91' lang='lat' dir='ltr'><strong><em>in</em></strong></span> <span class='ocrx_word' id='word_1_53' title='bbox 831 809 967 864; x_wconf 84' lang='lat' dir='ltr'><strong><em>Filio</em></strong></span> <span class='ocrx_word' id='word_1_54' title='bbox 1023 809 1329 864; x_wconf 77' lang='lat' dir='ltr'><strong><em>conﬁtetur.</em></strong></span> <span class='ocrx_word' id='word_1_55' title='bbox 1371 808 1464 864; x_wconf 88' lang='lat' dir='ltr'><strong><em>Sin</em></strong></span> <span class='ocrx_word' id='word_1_56' title='bbox 1512 823 1641 863; x_wconf 84' lang='lat' dir='ltr'><strong><em>vero</em></strong></span> <span class='ocrx_word' id='word_1_57' title='bbox 1697 824 1862 863; x_wconf 78' lang='lat' dir='ltr'><strong><em>tinum</em></strong></span> 
     </span>
    </p>
   </div>
   <div class='ocr_carea' id='block_1_9' title="bbox 269 901 1864 970">
    <p class='ocr_par' dir='ltr' id='par_1_9' title="bbox 269 901 1864 970">
     <span class='ocr_line' id='line_1_9' title="bbox 269 901 1864 970; baseline 0 -14"><span class='ocrx_word' id='word_1_58' title='bbox 269 902 432 956; x_wconf 88' lang='lat' dir='ltr'><strong><em>Deum</em></strong></span> <span class='ocrx_word' id='word_1_59' title='bbox 452 942 468 967; x_wconf 93' lang='lat'><strong><em>,</em></strong></span> <span class='ocrx_word' id='word_1_60' title='bbox 499 901 565 955; x_wconf 89' lang='lat' dir='ltr'><strong><em>ad</em></strong></span> <span class='ocrx_word' id='word_1_61' title='bbox 583 901 815 957; x_wconf 88' lang='lat' dir='ltr'><strong><em>solitarii</em></strong></span> <span class='ocrx_word' id='word_1_62' title='bbox 839 901 1308 970; x_wconf 83' lang='lat' dir='ltr'><strong><em>signiﬁcationem,</em></strong></span> <span class='ocrx_word' id='word_1_63' title='bbox 1333 901 1653 956; x_wconf 80' lang='lat' dir='ltr'><strong><em>sacramenti</em></strong></span> <span class='ocrx_word' id='word_1_64' title='bbox 1670 901 1864 956; x_wconf 68' lang='lat' dir='ltr'><strong><em>caeles-</em></strong></span> 
     </span>
    </p>
   </div>
   <div class='ocr_carea' id='block_1_10' title="bbox 268 993 1858 1067">
    <p class='ocr_par' dir='ltr' id='par_1_10' title="bbox 268 993 1858 1067">
     <span class='ocr_line' id='line_1_10' title="bbox 268 993 1858 1067; baseline 0.001 -19"><span class='ocrx_word' id='word_1_65' title='bbox 268 996 332 1048; x_wconf 87' lang='lat' dir='ltr'><strong><em>tis</em></strong></span> <span class='ocrx_word' id='word_1_66' title='bbox 360 996 578 1064; x_wconf 82' lang='lat' dir='ltr'><strong><em>ignarus</em></strong></span> <span class='ocrx_word' id='word_1_67' title='bbox 622 994 918 1055; x_wconf 84' lang='lat' dir='ltr'><strong><em>obtendis:</em></strong></span> <span class='ocrx_word' id='word_1_68' title='bbox 949 1003 1100 1049; x_wconf 78' lang='lat' dir='ltr'><strong><em>extra</em></strong></span> <span class='ocrx_word' id='word_1_69' title='bbox 1143 993 1508 1064; x_wconf 66' lang='lat' dir='ltr'><strong>cognitionem</strong></span> <span class='ocrx_word' id='word_1_70' title='bbox 1552 996 1644 1050; x_wconf 86' lang='lat' dir='ltr'><strong><em>Dei</em></strong></span> <span class='ocrx_word' id='word_1_71' title='bbox 1673 993 1752 1067; x_wconf 78' lang='grc' dir='ltr'><strong><em>(α)</em></strong></span> <span class='ocrx_word' id='word_1_72' title='bbox 1777 1009 1858 1063; x_wconf 88' lang='lat' dir='ltr'><strong><em>es,</em></strong></span> 
     </span>
    </p>
   </div>
   <div class='ocr_carea' id='block_1_11' title="bbox 267 1087 1247 1144">
    <p class='ocr_par' dir='ltr' id='par_1_11' title="bbox 267 1087 1247 1144">
     <span class='ocr_line' id='line_1_11' title="bbox 267 1087 1247 1144; baseline -0.001 -2"><span class='ocrx_word' id='word_1_73' title='bbox 267 1088 429 1144; x_wconf 85' lang='lat' dir='ltr'><strong><em>Deum</em></strong></span> <span class='ocrx_word' id='word_1_74' title='bbox 455 1088 508 1142; x_wconf 85' lang='lat' dir='ltr'><strong><em>in</em></strong></span> <span class='ocrx_word' id='word_1_75' title='bbox 540 1088 653 1143; x_wconf 88' lang='lat' dir='ltr'><strong><em>Deo</em></strong></span> <span class='ocrx_word' id='word_1_76' title='bbox 672 1102 793 1142; x_wconf 87' lang='lat' dir='ltr'><strong><em>esse</em></strong></span> <span class='ocrx_word' id='word_1_77' title='bbox 823 1102 932 1142; x_wconf 89' lang='lat' dir='ltr'><strong><em>non</em></strong></span> <span class='ocrx_word' id='word_1_78' title='bbox 958 1087 1247 1142; x_wconf 86' lang='lat' dir='ltr'><strong><em>conﬁtens.</em></strong></span> 
     </span>
    </p>
   </div>
   <div class='ocr_carea' id='block_1_12' title="bbox 589 1247 1502 1324">
    <p class='ocr_par' dir='ltr' id='par_1_12' title="bbox 589 1247 1502 1324">
     <span class='ocr_line' id='line_1_12' title="bbox 589 1247 1502 1324; baseline -0.013 -9"><span class='ocrx_word' id='word_1_79' title='bbox 589 1251 765 1324; x_wconf 76' lang='grc'><strong><em>131·</em></strong></span> <span class='ocrx_word' id='word_1_80' title='bbox 777 1249 932 1323; x_wconf 73' lang='grc'><strong><em>132</em></strong></span> <span class='ocrx_word' id='word_1_81' title='bbox 972 1248 1174 1304; x_wconf 78' lang='lat' dir='ltr'><strong>LIBER</strong></span> <span class='ocrx_word' id='word_1_82' title='bbox 1214 1247 1502 1304; x_wconf 75' lang='lat' dir='ltr'><strong><em>SEXTUS.</em></strong></span> 
     </span>
    </p>
   </div>
   <div class='ocr_carea' id='block_1_13' title="bbox 264 1361 1859 1431">
    <p class='ocr_par' dir='ltr' id='par_1_13' title="bbox 264 1361 1859 1431">
     <span class='ocr_line' id='line_1_13' title="bbox 264 1361 1859 1431; baseline 0 -13"><span class='ocrx_word' id='word_1_83' title='bbox 264 1362 451 1418; x_wconf 81' lang='lat' dir='ltr'><strong><em>Statim</em></strong></span> <span class='ocrx_word' id='word_1_84' title='bbox 475 1363 539 1418; x_wconf 88' lang='lat' dir='ltr'><strong><em>ab</em></strong></span> <span class='ocrx_word' id='word_1_85' title='bbox 557 1363 772 1418; x_wconf 71' lang='lat' dir='ltr'><strong><em>exordio</em></strong></span> <span class='ocrx_word' id='word_1_86' title='bbox 795 1369 1128 1431; x_wconf 72' lang='lat' dir='ltr'><strong><em>reprozsentat</em></strong></span> <span class='ocrx_word' id='word_1_87' title='bbox 1149 1361 1396 1416; x_wconf 76' lang='lat' dir='ltr'><strong><em>Arionem</em></strong></span> <span class='ocrx_word' id='word_1_88' title='bbox 1416 1362 1550 1416; x_wconf 85' lang='lat' dir='ltr'><strong><em>luem</em></strong></span> <span class='ocrx_word' id='word_1_89' title='bbox 1578 1378 1667 1431; x_wconf 84' lang='lat' dir='ltr'><strong><em>per</em></strong></span> <span class='ocrx_word' id='word_1_90' title='bbox 1685 1378 1859 1418; x_wconf 79' lang='lat' dir='ltr'><strong><em>omnes</em></strong></span> 
     </span>
    </p>
   </div>
   <div class='ocr_carea' id='block_1_14' title="bbox 335 1453 1859 1528">
    <p class='ocr_par' dir='ltr' id='par_1_14' title="bbox 335 1453 1859 1528">
     <span class='ocr_line' id='line_1_14' title="bbox 335 1453 1859 1528; baseline 0 -17"><span class='ocrx_word' id='word_1_91' title='bbox 335 1461 498 1528; x_wconf 80' lang='lat' dir='ltr'><strong><em>ferme</em></strong></span> <span class='ocrx_word' id='word_1_92' title='bbox 522 1456 722 1525; x_wconf 86' lang='lat' dir='ltr'><strong><em>imperii</em></strong></span> <span class='ocrx_word' id='word_1_93' title='bbox 749 1453 970 1509; x_wconf 88' lang='lat' dir='ltr'><strong><em>Romani</em></strong></span> <span class='ocrx_word' id='word_1_94' title='bbox 1010 1455 1294 1524; x_wconf 75' lang='lat' dir='ltr'><strong><em>provincias</em></strong></span> <span class='ocrx_word' id='word_1_95' title='bbox 1320 1463 1635 1524; x_wconf 77' lang='lat' dir='ltr'><strong><em>grassantem</em></strong></span> <span class='ocrx_word' id='word_1_96' title='bbox 1660 1471 1678 1508; x_wconf 92' lang='lat'><strong><em>:</em></strong></span> <span class='ocrx_word' id='word_1_97' title='bbox 1708 1459 1859 1528; x_wconf 84' lang='lat' dir='ltr'><strong><em>cujus</em></strong></span> 
     </span>
    </p>
   </div>
   <div class='ocr_carea' id='block_1_15' title="bbox 336 1545 1860 1619">
    <p class='ocr_par' dir='ltr' id='par_1_15' title="bbox 336 1545 1860 1619">
     <span class='ocr_line' id='line_1_15' title="bbox 336 1545 1860 1619; baseline 0 -19"><span class='ocrx_word' id='word_1_98' title='bbox 336 1547 644 1619; x_wconf 78' lang='lat' dir='ltr'><strong><em>difﬁcillima</em></strong></span> <span class='ocrx_word' id='word_1_99' title='bbox 691 1562 817 1600; x_wconf 87' lang='lat' dir='ltr'><strong><em>cura</em></strong></span> <span class='ocrx_word' id='word_1_100' title='bbox 854 1545 939 1612; x_wconf 89' lang='lat' dir='ltr'><strong><em>sit,</em></strong></span> <span class='ocrx_word' id='word_1_101' title='bbox 976 1546 1100 1617; x_wconf 91' lang='lat' dir='ltr'><strong><em>quia</em></strong></span> <span class='ocrx_word' id='word_1_102' title='bbox 1140 1561 1282 1601; x_wconf 84' lang='lat' dir='ltr'><strong><em>error</em></strong></span> <span class='ocrx_word' id='word_1_103' title='bbox 1307 1561 1372 1599; x_wconf 79' lang='lat' dir='ltr'><strong><em>es:</em></strong></span> <span class='ocrx_word' id='word_1_104' title='bbox 1399 1545 1735 1614; x_wconf 86' lang='lat' dir='ltr'><strong><em>plurimorum</em></strong></span> <span class='ocrx_word' id='word_1_105' title='bbox 1775 1564 1860 1600; x_wconf 84' lang='lat' dir='ltr'><strong><em>as-</em></strong></span> 
     </span>
    </p>
   </div>
   <div class='ocr_carea' id='block_1_16' title="bbox 328 1639 1858 1713">
    <p class='ocr_par' dir='ltr' id='par_1_16' title="bbox 328 1639 1858 1713">
     <span class='ocr_line' id='line_1_16' title="bbox 328 1639 1858 1713; baseline -0.001 -17"><span class='ocrx_word' id='word_1_106' title='bbox 328 1659 480 1696; x_wconf 79' lang='lat' dir='ltr'><strong><em>sensu</em></strong></span> <span class='ocrx_word' id='word_1_107' title='bbox 506 1642 764 1713; x_wconf 82' lang='lat' dir='ltr'><strong><em>publicam</em></strong></span> <span class='ocrx_word' id='word_1_108' title='bbox 802 1642 902 1696; x_wconf 88' lang='lat' dir='ltr'><strong><em>sibi</em></strong></span> <span class='ocrx_word' id='word_1_109' title='bbox 930 1644 1289 1695; x_wconf 72' lang='lat' dir='ltr'><strong><em>auctoritatem</em></strong></span> <span class='ocrx_word' id='word_1_110' title='bbox 1337 1651 1700 1708; x_wconf 85' lang='lat' dir='ltr'><strong><em>comparasset.</em></strong></span> <span class='ocrx_word' id='word_1_111' title='bbox 1731 1639 1858 1712; x_wconf 76' lang='lat' dir='ltr'><strong><em>Epi-</em></strong></span> 
     </span>
    </p>
   </div>
   <div class='ocr_carea' id='block_1_17' title="bbox 322 1735 1854 1806">
    <p class='ocr_par' dir='ltr' id='par_1_17' title="bbox 322 1735 1854 1806">
     <span class='ocr_line' id='line_1_17' title="bbox 322 1735 1854 1806; baseline 0.002 -17"><span class='ocrx_word' id='word_1_112' title='bbox 322 1736 518 1806; x_wconf 78' lang='lat' dir='ltr'><strong><em>scopali</em></strong></span> <span class='ocrx_word' id='word_1_113' title='bbox 543 1745 712 1789; x_wconf 85' lang='lat' dir='ltr'><strong><em>tamen</em></strong></span> <span class='ocrx_word' id='word_1_114' title='bbox 752 1737 949 1806; x_wconf 78' lang='lat' dir='ltr'><strong><em>afﬁcto,</em></strong></span> <span class='ocrx_word' id='word_1_115' title='bbox 975 1745 1023 1788; x_wconf 86' lang='lat' dir='ltr'><strong><em>et</em></strong></span> <span class='ocrx_word' id='word_1_116' title='bbox 1051 1735 1304 1806; x_wconf 85' lang='lat' dir='ltr'><strong><em>plurimos</em></strong></span> <span class='ocrx_word' id='word_1_117' title='bbox 1323 1735 1390 1788; x_wconf 79' lang='lat' dir='ltr'><strong><em>ad</em></strong></span> <span class='ocrx_word' id='word_1_118' title='bbox 1429 1735 1686 1788; x_wconf 71' lang='lat' dir='ltr'><strong><em>veritatem</em></strong></span> <span class='ocrx_word' id='word_1_119' title='bbox 1712 1751 1854 1792; x_wconf 71' lang='lat' dir='ltr'><strong><em>reuo-</em></strong></span> 
     </span>
    </p>
   </div>
   <div class='ocr_carea' id='block_1_18' title="bbox 2041 527 2750 597">
    <p class='ocr_par' dir='ltr' id='par_1_18' title="bbox 2041 527 2750 597">
     <span class='ocr_line' id='line_1_18' title="bbox 2041 527 2750 597; baseline -0.001 -15"><span class='ocrx_word' id='word_1_120' title='bbox 2041 539 2144 584; x_wconf 88' lang='lat' dir='ltr'><strong><em>tom</em></strong></span> <span class='ocrx_word' id='word_1_121' title='bbox 2173 528 2318 582; x_wconf 87' lang='lat' dir='ltr'><strong><em>tarde</em></strong></span> <span class='ocrx_word' id='word_1_122' title='bbox 2343 527 2441 581; x_wconf 84' lang='lat' dir='ltr'><strong><em>sibi</em></strong></span> <span class='ocrx_word' id='word_1_123' title='bbox 2463 527 2750 597; x_wconf 81' lang='lat' dir='ltr'><strong><em>protulerit.</em></strong></span> 
     </span>
    </p>
   </div>
   <div class='ocr_carea' id='block_1_19' title="bbox 1967 619 3571 690">
    <p class='ocr_par' dir='ltr' id='par_1_19' title="bbox 1967 619 3571 690">
     <span class='ocr_line' id='line_1_19' title="bbox 1967 619 3571 690; baseline -0.002 -12"><span class='ocrx_word' id='word_1_124' title='bbox 1967 623 2200 678; x_wconf 83' lang='lat' dir='ltr'><strong><em>Tandem</em></strong></span> <span class='ocrx_word' id='word_1_125' title='bbox 2245 621 2313 674; x_wconf 90' lang='lat' dir='ltr'><strong><em>od</em></strong></span> <span class='ocrx_word' id='word_1_126' title='bbox 2351 637 2524 675; x_wconf 78' lang='lat' dir='ltr'><strong><em>verum</em></strong></span> <span class='ocrx_word' id='word_1_127' title='bbox 2564 620 2718 689; x_wconf 77' lang='lat' dir='ltr'><strong><em>fidem</em></strong></span> <span class='ocrx_word' id='word_1_128' title='bbox 2766 620 3124 674; x_wconf 73' lang='lat' dir='ltr'><strong><em>stabiliendum</em></strong></span> <span class='ocrx_word' id='word_1_129' title='bbox 3162 621 3312 674; x_wconf 82' lang='lat' dir='ltr'><strong><em>venit.</em></strong></span> <span class='ocrx_word' id='word_1_130' title='bbox 3355 619 3425 672; x_wconf 84' lang='lat' dir='ltr'><strong><em>Et</em></strong></span> <span class='ocrx_word' id='word_1_131' title='bbox 3449 619 3571 690; x_wconf 83' lang='lat' dir='ltr'><strong><em>quia</em></strong></span> 
     </span>
    </p>
   </div>
   <div class='ocr_carea' id='block_1_20' title="bbox 2041 710 3572 781">
    <p class='ocr_par' dir='ltr' id='par_1_20' title="bbox 2041 710 3572 781">
     <span class='ocr_line' id='line_1_20' title="bbox 2041 710 3572 781; baseline -0.002 -12"><span class='ocrx_word' id='word_1_132' title='bbox 2041 715 2244 769; x_wconf 79' lang='lat' dir='ltr'><strong><em>Christo</em></strong></span> <span class='ocrx_word' id='word_1_133' title='bbox 2266 715 2428 766; x_wconf 80' lang='lat' dir='ltr'><strong><em>inesse</em></strong></span> <span class='ocrx_word' id='word_1_134' title='bbox 2453 723 2690 766; x_wconf 84' lang='lat' dir='ltr'><strong><em>naturam</em></strong></span> <span class='ocrx_word' id='word_1_135' title='bbox 2712 710 2811 764; x_wconf 87' lang='lat' dir='ltr'><strong><em>Dei</em></strong></span> <span class='ocrx_word' id='word_1_136' title='bbox 2840 714 3088 781; x_wconf 83' lang='lat' dir='ltr'><strong><em>sequitur,</em></strong></span> <span class='ocrx_word' id='word_1_137' title='bbox 3112 713 3156 766; x_wconf 88' lang='lat' dir='ltr'><strong><em>si</em></strong></span> <span class='ocrx_word' id='word_1_138' title='bbox 3183 729 3328 766; x_wconf 80' lang='lat' dir='ltr'><strong><em>uerus</em></strong></span> <span class='ocrx_word' id='word_1_139' title='bbox 3345 713 3412 765; x_wconf 84' lang='lat' dir='ltr'><strong><em>sit</em></strong></span> <span class='ocrx_word' id='word_1_140' title='bbox 3430 713 3572 779; x_wconf 82' lang='lat' dir='ltr'><strong><em>ﬁlius</em></strong></span> 
     </span>
    </p>
   </div>
   <div class='ocr_carea' id='block_1_21' title="bbox 2042 805 3570 877">
    <p class='ocr_par' dir='ltr' id='par_1_21' title="bbox 2042 805 3570 877">
     <span class='ocr_line' id='line_1_21' title="bbox 2042 805 3570 877; baseline -0.001 -16"><span class='ocrx_word' id='word_1_141' title='bbox 2042 807 2138 863; x_wconf 89' lang='lat' dir='ltr'><strong><em>Dei</em></strong></span> <span class='ocrx_word' id='word_1_142' title='bbox 2162 826 2182 874; x_wconf 80' lang='lat'><strong><em>,&#39;</em></strong></span> <span class='ocrx_word' id='word_1_143' title='bbox 2207 817 2462 877; x_wconf 86' lang='lat' dir='ltr'><strong><em>postrema</em></strong></span> <span class='ocrx_word' id='word_1_144' title='bbox 2487 823 2548 860; x_wconf 90' lang='lat' dir='ltr'><strong><em>ac</em></strong></span> <span class='ocrx_word' id='word_1_145' title='bbox 2575 805 2839 875; x_wconf 85' lang='lat' dir='ltr'><strong><em>potissima</em></strong></span> <span class='ocrx_word' id='word_1_146' title='bbox 2867 807 3024 876; x_wconf 82' lang='lat' dir='ltr'><strong><em>hujus</em></strong></span> <span class='ocrx_word' id='word_1_147' title='bbox 3045 806 3160 858; x_wconf 83' lang='lat' dir='ltr'><strong><em>libri</em></strong></span> <span class='ocrx_word' id='word_1_148' title='bbox 3185 815 3330 874; x_wconf 86' lang='lat' dir='ltr'><strong><em>parte</em></strong></span> <span class='ocrx_word' id='word_1_149' title='bbox 3348 822 3462 858; x_wconf 82' lang='lat' dir='ltr'><strong><em>eum</em></strong></span> <span class='ocrx_word' id='word_1_150' title='bbox 3489 822 3570 859; x_wconf 78' lang='lat' dir='ltr'><strong><em>ae-</em></strong></span> 
     </span>
    </p>
   </div>
   <div class='ocr_carea' id='block_1_22' title="bbox 2039 897 3570 967">
    <p class='ocr_par' dir='ltr' id='par_1_22' title="bbox 2039 897 3570 967">
     <span class='ocr_line' id='line_1_22' title="bbox 2039 897 3570 967; baseline -0.003 -7"><span class='ocrx_word' id='word_1_151' title='bbox 2039 921 2153 960; x_wconf 81' lang='lat' dir='ltr'><strong><em>rum</em></strong></span> <span class='ocrx_word' id='word_1_152' title='bbox 2183 919 2244 956; x_wconf 89' lang='lat' dir='ltr'><strong><em>ac</em></strong></span> <span class='ocrx_word' id='word_1_153' title='bbox 2272 901 2578 965; x_wconf 78' lang='lat' dir='ltr'><strong><em>naturalem,</em></strong></span> <span class='ocrx_word' id='word_1_154' title='bbox 2607 907 2656 953; x_wconf 88' lang='lat' dir='ltr'><strong><em>et</em></strong></span> <span class='ocrx_word' id='word_1_155' title='bbox 2680 915 2784 952; x_wconf 87' lang='lat' dir='ltr'><strong><em>non</em></strong></span> <span class='ocrx_word' id='word_1_156' title='bbox 2804 899 3124 967; x_wconf 71' lang='lat' dir='ltr'><strong><em>adoptivum,</em></strong></span> <span class='ocrx_word' id='word_1_157' title='bbox 3151 897 3245 952; x_wconf 87' lang='lat' dir='ltr'><strong><em>Dei</em></strong></span> <span class='ocrx_word' id='word_1_158' title='bbox 3266 900 3434 965; x_wconf 74' lang='lat' dir='ltr'><strong><em>ﬁlium</em></strong></span> <span class='ocrx_word' id='word_1_159' title='bbox 3463 917 3570 956; x_wconf 82' lang='lat' dir='ltr'><strong><em>esse</em></strong></span> 
     </span>
    </p>
   </div>
   <div class='ocr_carea' id='block_1_23' title="bbox 2039 990 3566 1060">
    <p class='ocr_par' dir='ltr' id='par_1_23' title="bbox 2039 990 3566 1060">
     <span class='ocr_line' id='line_1_23' title="bbox 2039 990 3566 1060; baseline -0.003 -10"><span class='ocrx_word' id='word_1_160' title='bbox 2039 992 2658 1050; x_wconf 76' lang='lat' dir='ltr'><strong><em>dernonstrattestimonio</em></strong></span> <span class='ocrx_word' id='word_1_161' title='bbox 2692 991 2891 1057; x_wconf 78' lang='lat' dir='ltr'><strong><em>Patris,</em></strong></span> <span class='ocrx_word' id='word_1_162' title='bbox 2926 990 3052 1044; x_wconf 83' lang='lat' dir='ltr'><strong>Filii</strong></span> <span class='ocrx_word' id='word_1_163' title='bbox 3075 992 3262 1060; x_wconf 78' lang='lat' dir='ltr'><strong><em>ipsius,</em></strong></span> <span class='ocrx_word' id='word_1_164' title='bbox 3299 993 3566 1058; x_wconf 83' lang='lat' dir='ltr'><strong><em>apostolo-</em></strong></span> 
     </span>
    </p>
   </div>
   <div class='ocr_carea' id='block_1_24' title="bbox 2038 1083 3572 1156">
    <p class='ocr_par' dir='ltr' id='par_1_24' title="bbox 2038 1083 3572 1156">
     <span class='ocr_line' id='line_1_24' title="bbox 2038 1083 3572 1156; baseline -0.003 -14"><span class='ocrx_word' id='word_1_165' title='bbox 2038 1104 2152 1142; x_wconf 85' lang='lat' dir='ltr'><strong><em>rum</em></strong></span> <span class='ocrx_word' id='word_1_166' title='bbox 2177 1088 2232 1141; x_wconf 86' lang='lat' dir='ltr'><strong><em>in</em></strong></span> <span class='ocrx_word' id='word_1_167' title='bbox 2259 1103 2418 1140; x_wconf 86' lang='lat' dir='ltr'><strong><em>unum</em></strong></span> <span class='ocrx_word' id='word_1_168' title='bbox 2441 1085 2867 1156; x_wconf 81' lang='lat' dir='ltr'><strong><em>conspirantium,</em></strong></span> <span class='ocrx_word' id='word_1_169' title='bbox 2899 1101 2960 1138; x_wconf 90' lang='lat' dir='ltr'><strong><em>ac</em></strong></span> <span class='ocrx_word' id='word_1_170' title='bbox 2987 1085 3200 1138; x_wconf 76' lang='lat' dir='ltr'><strong><em>seorsint</em></strong></span> <span class='ocrx_word' id='word_1_171' title='bbox 3233 1083 3394 1149; x_wconf 84' lang='lat' dir='ltr'><strong><em>Petri,</em></strong></span> <span class='ocrx_word' id='word_1_172' title='bbox 3428 1083 3572 1138; x_wconf 85' lang='lat' dir='ltr'><strong><em>Pau-</em></strong></span> 
     </span>
    </p>
   </div>
   <div class='ocr_carea' id='block_1_25' title="bbox 2037 1176 3564 1246">
    <p class='ocr_par' dir='ltr' id='par_1_25' title="bbox 2037 1176 3564 1246">
     <span class='ocr_line' id='line_1_25' title="bbox 2037 1176 3564 1246; baseline -0.004 -10"><span class='ocrx_word' id='word_1_173' title='bbox 2037 1183 2095 1246; x_wconf 91' lang='lat' dir='ltr'><strong><em>li,</em></strong></span> <span class='ocrx_word' id='word_1_174' title='bbox 2126 1181 2348 1235; x_wconf 80' lang='lat' dir='ltr'><strong><em>Joannis</em></strong></span> <span class='ocrx_word' id='word_1_175' title='bbox 2373 1196 2394 1245; x_wconf 81' lang='lat'><strong><em>,&#39;</em></strong></span> <span class='ocrx_word' id='word_1_176' title='bbox 2433 1194 2523 1233; x_wconf 86' lang='lat' dir='ltr'><strong><em>nec</em></strong></span> <span class='ocrx_word' id='word_1_177' title='bbox 2546 1194 2646 1232; x_wconf 82' lang='lat' dir='ltr'><strong><em>non</em></strong></span> <span class='ocrx_word' id='word_1_178' title='bbox 2689 1176 2930 1242; x_wconf 61' lang='lat' dir='ltr'><strong><em>Marthae,</em></strong></span> <span class='ocrx_word' id='word_1_179' title='bbox 2955 1178 3077 1230; x_wconf 70' lang='lat' dir='ltr'><strong><em>ca&#39;ci</em></strong></span> <span class='ocrx_word' id='word_1_180' title='bbox 3107 1176 3232 1240; x_wconf 71' lang='lat' dir='ltr'><strong><em>nisti,</em></strong></span> <span class='ocrx_word' id='word_1_181' title='bbox 3251 1177 3564 1246; x_wconf 68' lang='lat' dir='ltr'><strong><em>daemonum,</em></strong></span> 
     </span>
    </p>
   </div>
   <div class='ocr_carea' id='block_1_26' title="bbox 2036 1271 3566 1342">
    <p class='ocr_par' dir='ltr' id='par_1_26' title="bbox 2036 1271 3566 1342">
     <span class='ocr_line' id='line_1_26' title="bbox 2036 1271 3566 1342; baseline -0.004 -10"><span class='ocrx_word' id='word_1_182' title='bbox 2036 1276 2363 1340; x_wconf 67' lang='lat' dir='ltr'><strong><em>Judozorum,</em></strong></span> <span class='ocrx_word' id='word_1_183' title='bbox 2397 1273 2734 1339; x_wconf 77' lang='lat' dir='ltr'><strong><em>quorumdam</em></strong></span> <span class='ocrx_word' id='word_1_184' title='bbox 2757 1273 2810 1325; x_wconf 85' lang='lat' dir='ltr'><strong><em>in</em></strong></span> <span class='ocrx_word' id='word_1_185' title='bbox 2834 1272 2962 1325; x_wconf 88' lang='lat' dir='ltr'><strong><em>mari</em></strong></span> <span class='ocrx_word' id='word_1_186' title='bbox 2993 1271 3414 1336; x_wconf 72' lang='lat' dir='ltr'><strong><em>periclitantium,</em></strong></span> <span class='ocrx_word' id='word_1_187' title='bbox 3438 1288 3566 1342; x_wconf 74' lang='lat' dir='ltr'><strong><em>gsn-</em></strong></span> 
     </span>
    </p>
   </div>
   <div class='ocr_carea' id='block_1_27' title="bbox 2039 1364 2774 1437">
    <p class='ocr_par' dir='ltr' id='par_1_27' title="bbox 2039 1364 2774 1437">
     <span class='ocr_line' id='line_1_27' title="bbox 2039 1364 2774 1437; baseline -0.01 -14"><span class='ocrx_word' id='word_1_188' title='bbox 2039 1370 2167 1423; x_wconf 78' lang='lat' dir='ltr'><strong><em>tiunt</em></strong></span> <span class='ocrx_word' id='word_1_189' title='bbox 2197 1368 2412 1437; x_wconf 82' lang='lat' dir='ltr'><strong><em>denique</em></strong></span> <span class='ocrx_word' id='word_1_190' title='bbox 2438 1364 2774 1437; x_wconf 72' lang='lat' dir='ltr'><strong><em>confessione.</em></strong></span> 
     </span>
    </p>
   </div>
   <div class='ocr_carea' id='block_1_28' title="bbox 2039 1544 3568 1616">
    <p class='ocr_par' dir='ltr' id='par_1_28' title="bbox 2039 1544 3568 1616">
     <span class='ocr_line' id='line_1_28' title="bbox 2039 1544 3568 1616; baseline -0.007 -10"><span class='ocrx_word' id='word_1_191' title='bbox 2039 1552 2094 1606; x_wconf 75' lang='lat' dir='ltr'><strong><em>l.</em></strong></span> <span class='ocrx_word' id='word_1_192' title='bbox 2135 1547 2358 1603; x_wconf 64' lang='lat' dir='ltr'><strong><em>Heresis</em></strong></span> <span class='ocrx_word' id='word_1_193' title='bbox 2411 1545 2608 1600; x_wconf 77' lang='lat' dir='ltr'><strong><em>Ariona</em></strong></span> <span class='ocrx_word' id='word_1_194' title='bbox 2658 1547 2760 1599; x_wconf 83' lang='lat' dir='ltr'><strong><em>late</em></strong></span> <span class='ocrx_word' id='word_1_195' title='bbox 2798 1559 3007 1615; x_wconf 86' lang='lat' dir='ltr'><strong><em>serpens</em></strong></span> <span class='ocrx_word' id='word_1_196' title='bbox 3059 1559 3193 1616; x_wconf 73' lang='lat' dir='ltr'><strong><em>wgre</em></strong></span> <span class='ocrx_word' id='word_1_197' title='bbox 3231 1544 3417 1613; x_wconf 86' lang='lat' dir='ltr'><strong><em>depelli</em></strong></span> <span class='ocrx_word' id='word_1_198' title='bbox 3474 1561 3568 1615; x_wconf 78' lang='lat' dir='ltr'><strong><em>po-</em></strong></span> 
     </span>
    </p>
   </div>
   <div class='ocr_carea' id='block_1_29' title="bbox 1961 1635 3556 1703">
    <p class='ocr_par' dir='ltr' id='par_1_29' title="bbox 1961 1635 3556 1703">
     <span class='ocr_line' id='line_1_29' title="bbox 1961 1635 3556 1703; baseline -0.004 -7"><span class='ocrx_word' id='word_1_199' title='bbox 1961 1653 2070 1698; x_wconf 81' lang='lat' dir='ltr'><strong><em>test.</em></strong></span> <span class='ocrx_word' id='word_1_200' title='bbox 2098 1669 2172 1684; x_wconf 80' lang='lat'><strong><em>-~</em></strong></span> <span class='ocrx_word' id='word_1_201' title='bbox 2208 1641 2324 1695; x_wconf 83' lang='lat' dir='ltr'><strong>Non</strong></span> <span class='ocrx_word' id='word_1_202' title='bbox 2361 1654 2486 1694; x_wconf 84' lang='lat' dir='ltr'><strong><em>sum</em></strong></span> <span class='ocrx_word' id='word_1_203' title='bbox 2514 1639 2746 1698; x_wconf 63' lang='lat' dir='ltr'><strong><em>nescius,</em></strong></span> <span class='ocrx_word' id='word_1_204' title='bbox 2773 1635 3091 1690; x_wconf 79' lang='lat' dir='ltr'><strong><em>difﬁcillimo</em></strong></span> <span class='ocrx_word' id='word_1_205' title='bbox 3115 1653 3200 1691; x_wconf 89' lang='lat' dir='ltr'><strong><em>me</em></strong></span> <span class='ocrx_word' id='word_1_206' title='bbox 3229 1637 3556 1703; x_wconf 67' lang='lat' dir='ltr'><strong><em>sstierrimo-</em></strong></span> 
     </span>
    </p>
   </div>
   <div class='ocr_carea' id='block_1_30' title="bbox 1962 1731 3562 1809">
    <p class='ocr_par' dir='ltr' id='par_1_30' title="bbox 1962 1731 3562 1809">
     <span class='ocr_line' id='line_1_30' title="bbox 1962 1731 3562 1809; baseline -0.003 -17"><span class='ocrx_word' id='word_1_207' title='bbox 1962 1755 2068 1809; x_wconf 85' lang='lat' dir='ltr'><strong><em>que</em></strong></span> <span class='ocrx_word' id='word_1_208' title='bbox 2092 1749 2334 1808; x_wconf 78' lang='lat' dir='ltr'><strong><em>tempore</em></strong></span> <span class='ocrx_word' id='word_1_209' title='bbox 2354 1735 2594 1790; x_wconf 80' lang='lat' dir='ltr'><strong><em>scribere</em></strong></span> <span class='ocrx_word' id='word_1_210' title='bbox 2622 1732 2735 1788; x_wconf 72' lang='lat' dir='ltr'><strong><em>haec</em></strong></span> <span class='ocrx_word' id='word_1_211' title='bbox 2755 1731 3042 1788; x_wconf 83' lang='lat' dir='ltr'><strong><em>adversum</em></strong></span> <span class='ocrx_word' id='word_1_212' title='bbox 3073 1748 3324 1786; x_wconf 79' lang='lat' dir='ltr'><strong><em>vesanam</em></strong></span> <span class='ocrx_word' id='word_1_213' title='bbox 3371 1733 3562 1802; x_wconf 84' lang='lat' dir='ltr'><strong><em>impio-</em></strong></span> 
     </span>
    </p>
   </div>
   <div class='ocr_carea' id='block_1_31' title="bbox 318 1817 1843 1900">
    <p class='ocr_par' dir='ltr' id='par_1_31' title="bbox 318 1817 1843 1900">
     <span class='ocr_line' id='line_1_31' title="bbox 318 1817 1843 1900; baseline -0.001 -19"><span class='ocrx_word' id='word_1_214' title='bbox 318 1817 472 1882; x_wconf 77' lang='lat' dir='ltr'><strong><em>candi</em></strong></span> <span class='ocrx_word' id='word_1_215' title='bbox 499 1844 592 1900; x_wconf 89' lang='lat' dir='ltr'><strong><em>spe</em></strong></span> <span class='ocrx_word' id='word_1_216' title='bbox 614 1829 871 1881; x_wconf 84' lang='lat' dir='ltr'><strong><em>adductus</em></strong></span> <span class='ocrx_word' id='word_1_217' title='bbox 897 1827 1137 1881; x_wconf 78' lang='lat' dir='ltr'><strong><em>Hilarius</em></strong></span> <span class='ocrx_word' id='word_1_218' title='bbox 1163 1827 1284 1894; x_wconf 78' lang='lat' dir='ltr'><strong><em>ﬁdei</em></strong></span> <span class='ocrx_word' id='word_1_219' title='bbox 1320 1827 1664 1890; x_wconf 80' lang='lat' dir='ltr'><strong><em>patrocinium</em></strong></span> <span class='ocrx_word' id='word_1_220' title='bbox 1690 1827 1843 1880; x_wconf 77' lang='lat' dir='ltr'><strong><em>susci-</em></strong></span> 
     </span>
    </p>
   </div>
   <div class='ocr_carea' id='block_1_32' title="bbox 1946 1817 3555 1900">
    <p class='ocr_par' dir='ltr' id='par_1_32' title="bbox 1955 1826 3555 1895">
     <span class='ocr_line' id='line_1_32' title="bbox 1955 1826 3555 1895; baseline -0.005 -9"><span class='ocrx_word' id='word_1_221' title='bbox 1955 1850 2071 1887; x_wconf 91' lang='lat' dir='ltr'><strong><em>rum</em></strong></span> <span class='ocrx_word' id='word_1_222' title='bbox 2107 1831 2378 1895; x_wconf 66' lang='lat' dir='ltr'><strong><em>haeresim,</em></strong></span> <span class='ocrx_word' id='word_1_223' title='bbox 2397 1830 2486 1883; x_wconf 85' lang='lat' dir='ltr'><strong><em>Dei</em></strong></span> <span class='ocrx_word' id='word_1_224' title='bbox 2519 1829 2685 1882; x_wconf 79' lang='lat' dir='ltr'><strong><em>ﬁlium</em></strong></span> <span class='ocrx_word' id='word_1_225' title='bbox 2708 1835 3012 1881; x_wconf 80' lang='lat' dir='ltr'><strong><em>creaturam</em></strong></span> <span class='ocrx_word' id='word_1_226' title='bbox 3027 1841 3150 1881; x_wconf 81' lang='lat' dir='ltr'><strong><em>esse</em></strong></span> <span class='ocrx_word' id='word_1_227' title='bbox 3174 1826 3555 1889; x_wconf 75' lang='lat' dir='ltr'><strong><em>afﬁrmantem,</em></strong></span> 
     </span>
    </p>
   </div>
   <div class='ocr_carea' id='block_1_33' title="bbox 319 1918 1855 1989">
    <p class='ocr_par' dir='ltr' id='par_1_33' title="bbox 319 1918 1855 1989">
     <span class='ocr_line' id='line_1_33' title="bbox 319 1918 1855 1989; baseline -0.001 -16"><span class='ocrx_word' id='word_1_228' title='bbox 319 1922 412 1988; x_wconf 82' lang='lat' dir='ltr'><strong><em>pit.</em></strong></span> <span class='ocrx_word' id='word_1_229' title='bbox 456 1921 775 1974; x_wconf 77' lang='lat' dir='ltr'><strong><em>Arianorum</em></strong></span> <span class='ocrx_word' id='word_1_230' title='bbox 820 1920 1045 1989; x_wconf 84' lang='lat' dir='ltr'><strong><em>partium</em></strong></span> <span class='ocrx_word' id='word_1_231' title='bbox 1101 1919 1372 1988; x_wconf 80' lang='lat' dir='ltr'><strong><em>epistolam</em></strong></span> <span class='ocrx_word' id='word_1_232' title='bbox 1415 1920 1469 1972; x_wconf 87' lang='lat' dir='ltr'><strong><em>in</em></strong></span> <span class='ocrx_word' id='word_1_233' title='bbox 1507 1929 1691 1988; x_wconf 84' lang='lat' dir='ltr'><strong><em>quarto</em></strong></span> <span class='ocrx_word' id='word_1_234' title='bbox 1739 1918 1855 1972; x_wconf 83' lang='lat' dir='ltr'><strong><em>licet</em></strong></span> 
     </span>
    </p>
   </div>
   <div class='ocr_carea' id='block_1_34' title="bbox 316 2012 1850 2084">
    <p class='ocr_par' dir='ltr' id='par_1_34' title="bbox 316 2012 1850 2084">
     <span class='ocr_line' id='line_1_34' title="bbox 316 2012 1850 2084; baseline -0.003 -17"><span class='ocrx_word' id='word_1_235' title='bbox 316 2015 469 2077; x_wconf 79' lang='lat' dir='ltr'><strong><em>libro,</em></strong></span> <span class='ocrx_word' id='word_1_236' title='bbox 493 2022 550 2067; x_wconf 86' lang='lat' dir='ltr'><strong><em>ut</em></strong></span> <span class='ocrx_word' id='word_1_237' title='bbox 578 2029 689 2066; x_wconf 88' lang='lat' dir='ltr'><strong><em>eam</em></strong></span> <span class='ocrx_word' id='word_1_238' title='bbox 712 2029 777 2066; x_wconf 76' lang='lat' dir='ltr'><strong><em>ea:</em></strong></span> <span class='ocrx_word' id='word_1_239' title='bbox 805 2013 914 2083; x_wconf 83' lang='lat' dir='ltr'><strong><em>lege</em></strong></span> <span class='ocrx_word' id='word_1_240' title='bbox 937 2021 982 2066; x_wconf 89' lang='lat' dir='ltr'><strong><em>et</em></strong></span> <span class='ocrx_word' id='word_1_241' title='bbox 1013 2012 1272 2084; x_wconf 83' lang='lat' dir='ltr'><strong><em>prophetis</em></strong></span> <span class='ocrx_word' id='word_1_242' title='bbox 1315 2012 1589 2082; x_wconf 84' lang='lat' dir='ltr'><strong><em>refelleret,</em></strong></span> <span class='ocrx_word' id='word_1_243' title='bbox 1620 2013 1850 2082; x_wconf 70' lang='lat' dir='ltr'><strong><em>exscrip-</em></strong></span> 
     </span>
    </p>
   </div>
   <div class='ocr_carea' id='block_1_35' title="bbox 317 2103 1854 2174">
    <p class='ocr_par' dir='ltr' id='par_1_35' title="bbox 317 2103 1854 2174">
     <span class='ocr_line' id='line_1_35' title="bbox 317 2103 1854 2174; baseline 0.002 -19"><span class='ocrx_word' id='word_1_244' title='bbox 317 2115 448 2168; x_wconf 77' lang='lat' dir='ltr'><strong><em>tam,</em></strong></span> <span class='ocrx_word' id='word_1_245' title='bbox 481 2104 536 2156; x_wconf 89' lang='lat' dir='ltr'><strong><em>in</em></strong></span> <span class='ocrx_word' id='word_1_246' title='bbox 562 2103 658 2157; x_wconf 85' lang='lat' dir='ltr'><strong><em>hoc</em></strong></span> <span class='ocrx_word' id='word_1_247' title='bbox 685 2119 892 2158; x_wconf 75' lang='lat' dir='ltr'><strong><em>rursum</em></strong></span> <span class='ocrx_word' id='word_1_248' title='bbox 918 2104 1181 2168; x_wconf 71' lang='lat' dir='ltr'><strong><em>exscribit,</em></strong></span> <span class='ocrx_word' id='word_1_249' title='bbox 1207 2113 1262 2156; x_wconf 88' lang='lat' dir='ltr'><strong><em>ut</em></strong></span> <span class='ocrx_word' id='word_1_250' title='bbox 1284 2105 1510 2157; x_wconf 77' lang='lat' dir='ltr'><strong><em>eamdem</em></strong></span> <span class='ocrx_word' id='word_1_251' title='bbox 1534 2120 1599 2158; x_wconf 79' lang='lat' dir='ltr'><strong><em>ea:</em></strong></span> <span class='ocrx_word' id='word_1_252' title='bbox 1622 2103 1854 2174; x_wconf 73' lang='lat' dir='ltr'><strong><em>Euange-</em></strong></span> 
     </span>
    </p>
   </div>
   <div class='ocr_carea' id='block_1_36' title="bbox 315 2194 1851 2265">
    <p class='ocr_par' dir='ltr' id='par_1_36' title="bbox 315 2194 1851 2265">
     <span class='ocr_line' id='line_1_36' title="bbox 315 2194 1851 2265; baseline -0.001 -15"><span class='ocrx_word' id='word_1_253' title='bbox 315 2197 396 2250; x_wconf 73' lang='lat' dir='ltr'><strong><em>lii:</em></strong></span> <span class='ocrx_word' id='word_1_254' title='bbox 435 2208 482 2248; x_wconf 89' lang='lat' dir='ltr'><strong><em>et</em></strong></span> <span class='ocrx_word' id='word_1_255' title='bbox 516 2194 769 2264; x_wconf 88' lang='lat' dir='ltr'><strong><em>apostolis</em></strong></span> <span class='ocrx_word' id='word_1_256' title='bbox 793 2195 995 2265; x_wconf 82' lang='lat' dir='ltr'><strong><em>plenius</em></strong></span> <span class='ocrx_word' id='word_1_257' title='bbox 1036 2198 1287 2265; x_wconf 78' lang='lat' dir='ltr'><strong><em>confutet.</em></strong></span> <span class='ocrx_word' id='word_1_258' title='bbox 1321 2195 1488 2261; x_wconf 85' lang='lat' dir='ltr'><strong><em>Quam</em></strong></span> <span class='ocrx_word' id='word_1_259' title='bbox 1513 2195 1695 2249; x_wconf 87' lang='lat' dir='ltr'><strong><em>deinde</em></strong></span> <span class='ocrx_word' id='word_1_260' title='bbox 1732 2211 1851 2265; x_wconf 89' lang='lat' dir='ltr'><strong><em>per-</em></strong></span> 
     </span>
    </p>
   </div>
   <div class='ocr_carea' id='block_1_37' title="bbox 311 2288 1851 2358">
    <p class='ocr_par' dir='ltr' id='par_1_37' title="bbox 311 2288 1851 2358">
     <span class='ocr_line' id='line_1_37' title="bbox 311 2288 1851 2358; baseline 0 -14"><span class='ocrx_word' id='word_1_261' title='bbox 311 2305 546 2353; x_wconf 84' lang='lat' dir='ltr'><strong><em>currens,</em></strong></span> <span class='ocrx_word' id='word_1_262' title='bbox 592 2289 755 2344; x_wconf 76' lang='lat' dir='ltr'><strong><em>nodos</em></strong></span> <span class='ocrx_word' id='word_1_263' title='bbox 798 2288 941 2343; x_wconf 75' lang='lat' dir='ltr'><strong><em>illius</em></strong></span> <span class='ocrx_word' id='word_1_264' title='bbox 992 2290 1216 2358; x_wconf 73' lang='lat' dir='ltr'><strong><em>explicat</em></strong></span> <span class='ocrx_word' id='word_1_265' title='bbox 1242 2305 1304 2342; x_wconf 86' lang='lat' dir='ltr'><strong><em>ac</em></strong></span> <span class='ocrx_word' id='word_1_266' title='bbox 1351 2304 1598 2342; x_wconf 76' lang='lat' dir='ltr'><strong><em>uenenum</em></strong></span> <span class='ocrx_word' id='word_1_267' title='bbox 1637 2290 1851 2358; x_wconf 88' lang='lat' dir='ltr'><strong><em>pandit:</em></strong></span> 
     </span>
    </p>
   </div>
   <div class='ocr_carea' id='block_1_38' title="bbox 309 2379 1848 2452">
    <p class='ocr_par' dir='ltr' id='par_1_38' title="bbox 309 2379 1848 2452">
     <span class='ocr_line' id='line_1_38' title="bbox 309 2379 1848 2452; baseline -0.003 -17"><span class='ocrx_word' id='word_1_268' title='bbox 309 2386 397 2452; x_wconf 80' lang='lat' dir='ltr'><strong><em>qui</em></strong></span> <span class='ocrx_word' id='word_1_269' title='bbox 441 2382 700 2446; x_wconf 76' lang='lat' dir='ltr'><strong><em>uidelicet,</em></strong></span> <span class='ocrx_word' id='word_1_270' title='bbox 752 2381 1108 2434; x_wconf 61' lang='lat' dir='ltr'><strong><em>hereticorum</em></strong></span> <span class='ocrx_word' id='word_1_271' title='bbox 1167 2379 1584 2446; x_wconf 78' lang='lat' dir='ltr'><strong><em>damnandorum</em></strong></span> <span class='ocrx_word' id='word_1_272' title='bbox 1621 2380 1848 2448; x_wconf 83' lang='lat' dir='ltr'><strong><em>obtentu,</em></strong></span> 
     </span>
    </p>
   </div>
   <div class='ocr_carea' id='block_1_39' title="bbox 311 2470 1846 2546">
    <p class='ocr_par' dir='ltr' id='par_1_39' title="bbox 311 2470 1846 2546">
     <span class='ocr_line' id='line_1_39' title="bbox 311 2470 1846 2546; baseline -0.002 -18"><span class='ocrx_word' id='word_1_273' title='bbox 311 2477 424 2546; x_wconf 85' lang='lat' dir='ltr'><strong><em>pias</em></strong></span> <span class='ocrx_word' id='word_1_274' title='bbox 466 2474 721 2529; x_wconf 74' lang='lat' dir='ltr'><strong><em>Ecclesia:</em></strong></span> <span class='ocrx_word' id='word_1_275' title='bbox 756 2489 922 2538; x_wconf 77' lang='lat' dir='ltr'><strong><em>uoces,</em></strong></span> <span class='ocrx_word' id='word_1_276' title='bbox 965 2472 1161 2527; x_wconf 81' lang='lat' dir='ltr'><strong><em>Filium</em></strong></span> <span class='ocrx_word' id='word_1_277' title='bbox 1202 2489 1264 2527; x_wconf 80' lang='lat' dir='ltr'><strong><em>ea:</em></strong></span> <span class='ocrx_word' id='word_1_278' title='bbox 1290 2470 1399 2526; x_wconf 84' lang='lat' dir='ltr'><strong><em>Deo</em></strong></span> <span class='ocrx_word' id='word_1_279' title='bbox 1445 2473 1722 2540; x_wconf 87' lang='lat' dir='ltr'><strong><em>prolatum,</em></strong></span> <span class='ocrx_word' id='word_1_280' title='bbox 1753 2479 1846 2525; x_wconf 78' lang='lat' dir='ltr'><strong><em>Ito-</em></strong></span> 
     </span>
    </p>
   </div>
   <div class='ocr_carea' id='block_1_40' title="bbox 309 2566 1843 2635">
    <p class='ocr_par' dir='ltr' id='par_1_40' title="bbox 309 2566 1843 2635">
     <span class='ocr_line' id='line_1_40' title="bbox 309 2566 1843 2635; baseline 0 -15"><span class='ocrx_word' id='word_1_281' title='bbox 309 2568 573 2632; x_wconf 85' lang='lat' dir='ltr'><strong><em>rnousion,</em></strong></span> <span class='ocrx_word' id='word_1_282' title='bbox 625 2566 798 2620; x_wconf 82' lang='lat' dir='ltr'><strong><em>lumen</em></strong></span> <span class='ocrx_word' id='word_1_283' title='bbox 841 2567 906 2620; x_wconf 83' lang='lat' dir='ltr'><strong><em>de</em></strong></span> <span class='ocrx_word' id='word_1_284' title='bbox 948 2566 1158 2629; x_wconf 86' lang='lat' dir='ltr'><strong><em>lumine,</em></strong></span> <span class='ocrx_word' id='word_1_285' title='bbox 1190 2575 1238 2620; x_wconf 80' lang='lat' dir='ltr'><strong><em>ct</em></strong></span> <span class='ocrx_word' id='word_1_286' title='bbox 1283 2566 1394 2620; x_wconf 87' lang='lat' dir='ltr'><strong><em>sine</em></strong></span> <span class='ocrx_word' id='word_1_287' title='bbox 1422 2567 1568 2619; x_wconf 85' lang='lat' dir='ltr'><strong><em>initio</em></strong></span> <span class='ocrx_word' id='word_1_288' title='bbox 1597 2566 1843 2635; x_wconf 76' lang='lat' dir='ltr'><strong><em>genitum,</em></strong></span> 
     </span>
    </p>
   </div>
   <div class='ocr_carea' id='block_1_41' title="bbox 311 2656 1843 2729">
    <p class='ocr_par' dir='ltr' id='par_1_41' title="bbox 311 2656 1843 2729">
     <span class='ocr_line' id='line_1_41' title="bbox 311 2656 1843 2729; baseline -0.002 -16"><span class='ocrx_word' id='word_1_289' title='bbox 311 2660 636 2729; x_wconf 80' lang='lat' dir='ltr'><strong><em>supprimere</em></strong></span> <span class='ocrx_word' id='word_1_290' title='bbox 658 2667 866 2720; x_wconf 84' lang='lat' dir='ltr'><strong><em>tentent,</em></strong></span> <span class='ocrx_word' id='word_1_291' title='bbox 887 2667 933 2711; x_wconf 91' lang='lat' dir='ltr'><strong><em>et</em></strong></span> <span class='ocrx_word' id='word_1_292' title='bbox 953 2662 1203 2711; x_wconf 70' lang='lat' dir='ltr'><strong><em>exstincta</em></strong></span> <span class='ocrx_word' id='word_1_293' title='bbox 1221 2656 1323 2726; x_wconf 79' lang='lat' dir='ltr'><strong><em>ﬁde</em></strong></span> <span class='ocrx_word' id='word_1_294' title='bbox 1335 2657 1567 2711; x_wconf 69' lang='lat' dir='ltr'><strong><em>haeresim</em></strong></span> <span class='ocrx_word' id='word_1_295' title='bbox 1585 2657 1843 2711; x_wconf 80' lang='lat' dir='ltr'><strong><em>inducere.</em></strong></span> 
     </span>
    </p>
   </div>
   <div class='ocr_carea' id='block_1_42' title="bbox 313 2751 1848 2821">
    <p class='ocr_par' dir='ltr' id='par_1_42' title="bbox 313 2751 1848 2821">
     <span class='ocr_line' id='line_1_42' title="bbox 313 2751 1848 2821; baseline -0.001 -16"><span class='ocrx_word' id='word_1_296' title='bbox 313 2751 576 2819; x_wconf 81' lang='lat' dir='ltr'><strong><em>Quocirca</em></strong></span> <span class='ocrx_word' id='word_1_297' title='bbox 600 2752 740 2821; x_wconf 82' lang='lat' dir='ltr'><strong><em>quod</em></strong></span> <span class='ocrx_word' id='word_1_298' title='bbox 769 2752 910 2821; x_wconf 85' lang='lat' dir='ltr'><strong><em>apud</em></strong></span> <span class='ocrx_word' id='word_1_299' title='bbox 933 2752 1195 2806; x_wconf 76' lang='lat' dir='ltr'><strong><em>htereticos</em></strong></span> <span class='ocrx_word' id='word_1_300' title='bbox 1220 2752 1460 2806; x_wconf 76' lang='lat' dir='ltr'><strong><em>vitiosum</em></strong></span> <span class='ocrx_word' id='word_1_301' title='bbox 1481 2763 1552 2804; x_wconf 75' lang='lat' dir='ltr'><strong><em>est</em></strong></span> <span class='ocrx_word' id='word_1_302' title='bbox 1581 2752 1768 2821; x_wconf 84' lang='lat' dir='ltr'><strong><em>aperit,</em></strong></span> <span class='ocrx_word' id='word_1_303' title='bbox 1799 2760 1848 2806; x_wconf 85' lang='lat' dir='ltr'><strong><em>et</em></strong></span> 
     </span>
    </p>
   </div>
   <div class='ocr_carea' id='block_1_43' title="bbox 307 2844 1846 2916">
    <p class='ocr_par' dir='ltr' id='par_1_43' title="bbox 307 2844 1846 2916">
     <span class='ocr_line' id='line_1_43' title="bbox 307 2844 1846 2916; baseline 0 -16"><span class='ocrx_word' id='word_1_304' title='bbox 307 2845 370 2900; x_wconf 75' lang='lat' dir='ltr'><strong><em>ab</em></strong></span> <span class='ocrx_word' id='word_1_305' title='bbox 407 2844 643 2900; x_wconf 83' lang='lat' dir='ltr'><strong><em>Ecclesia</em></strong></span> <span class='ocrx_word' id='word_1_306' title='bbox 674 2846 914 2900; x_wconf 87' lang='lat' dir='ltr'><strong><em>damnari</em></strong></span> <span class='ocrx_word' id='word_1_307' title='bbox 945 2845 1194 2912; x_wconf 76' lang='lat' dir='ltr'><strong><em>declarat,</em></strong></span> <span class='ocrx_word' id='word_1_308' title='bbox 1223 2846 1591 2913; x_wconf 81' lang='lat' dir='ltr'><strong><em>conﬁrmatque</em></strong></span> <span class='ocrx_word' id='word_1_309' title='bbox 1631 2847 1764 2916; x_wconf 74' lang='lat' dir='ltr'><strong><em>quod</em></strong></span> <span class='ocrx_word' id='word_1_310' title='bbox 1792 2847 1846 2901; x_wconf 86' lang='lat' dir='ltr'><strong><em>in</em></strong></span> 
     </span>
    </p>
   </div>
   <div class='ocr_carea' id='block_1_44' title="bbox 309 2938 841 3008">
    <p class='ocr_par' dir='ltr' id='par_1_44' title="bbox 309 2938 841 3008">
     <span class='ocr_line' id='line_1_44' title="bbox 309 2938 841 3008; baseline -0.002 -15"><span class='ocrx_word' id='word_1_311' title='bbox 309 2956 366 2993; x_wconf 85' lang='lat' dir='ltr'><strong><em>eo</em></strong></span> <span class='ocrx_word' id='word_1_312' title='bbox 397 2939 482 3008; x_wconf 83' lang='lat' dir='ltr'><strong><em>pie</em></strong></span> <span class='ocrx_word' id='word_1_313' title='bbox 505 2938 841 3008; x_wconf 64' lang='lat' dir='ltr'><strong><em>medicatur.</em></strong></span> 
     </span>
    </p>
   </div>
   <div class='ocr_carea' id='block_1_45' title="bbox 250 3029 1846 3099">
    <p class='ocr_par' dir='ltr' id='par_1_45' title="bbox 250 3029 1846 3099">
     <span class='ocr_line' id='line_1_45' title="bbox 250 3029 1846 3099; baseline 0.001 -15"><span class='ocrx_word' id='word_1_314' title='bbox 250 3029 374 3084; x_wconf 83' lang='lat' dir='ltr'><strong><em>Tum</em></strong></span> <span class='ocrx_word' id='word_1_315' title='bbox 396 3047 462 3085; x_wconf 78' lang='lat' dir='ltr'><strong><em>ea:</em></strong></span> <span class='ocrx_word' id='word_1_316' title='bbox 479 3031 751 3085; x_wconf 82' lang='lat' dir='ltr'><strong><em>occasione</em></strong></span> <span class='ocrx_word' id='word_1_317' title='bbox 770 3032 1014 3085; x_wconf 76' lang='lat' dir='ltr'><strong><em>humana:</em></strong></span> <span class='ocrx_word' id='word_1_318' title='bbox 1028 3031 1264 3086; x_wconf 83' lang='lat' dir='ltr'><strong><em>rationis.</em></strong></span> <span class='ocrx_word' id='word_1_319' title='bbox 1286 3046 1384 3099; x_wconf 85' lang='lat' dir='ltr'><strong><em>qua</em></strong></span> <span class='ocrx_word' id='word_1_320' title='bbox 1404 3031 1737 3098; x_wconf 84' lang='lat' dir='ltr'><strong><em>compositum</em></strong></span> <span class='ocrx_word' id='word_1_321' title='bbox 1758 3041 1846 3086; x_wconf 87' lang='lat' dir='ltr'><strong><em>aut</em></strong></span> 
     </span>
    </p>
   </div>
   <div class='ocr_carea' id='block_1_46' title="bbox 307 3123 1844 3195">
    <p class='ocr_par' dir='ltr' id='par_1_46' title="bbox 307 3123 1844 3195">
     <span class='ocr_line' id='line_1_46' title="bbox 307 3123 1844 3195; baseline 0.003 -18"><span class='ocrx_word' id='word_1_322' title='bbox 307 3141 626 3190; x_wconf 76' lang='lat' dir='ltr'><strong><em>corporeum</em></strong></span> <span class='ocrx_word' id='word_1_323' title='bbox 649 3128 760 3195; x_wconf 90' lang='lat' dir='ltr'><strong><em>fore</em></strong></span> <span class='ocrx_word' id='word_1_324' title='bbox 786 3123 952 3178; x_wconf 83' lang='lat' dir='ltr'><strong><em>Deum</em></strong></span> <span class='ocrx_word' id='word_1_325' title='bbox 982 3125 1178 3189; x_wconf 78' lang='lat' dir='ltr'><strong><em>uolunt,</em></strong></span> <span class='ocrx_word' id='word_1_326' title='bbox 1197 3125 1241 3178; x_wconf 87' lang='lat' dir='ltr'><strong><em>si</em></strong></span> <span class='ocrx_word' id='word_1_327' title='bbox 1269 3125 1405 3195; x_wconf 88' lang='lat' dir='ltr'><strong><em>quod</em></strong></span> <span class='ocrx_word' id='word_1_328' title='bbox 1425 3141 1490 3180; x_wconf 77' lang='lat' dir='ltr'><strong><em>ex</em></strong></span> <span class='ocrx_word' id='word_1_329' title='bbox 1518 3126 1635 3195; x_wconf 87' lang='lat' dir='ltr'><strong><em>ipso</em></strong></span> <span class='ocrx_word' id='word_1_330' title='bbox 1661 3138 1746 3180; x_wconf 84' lang='lat' dir='ltr'><strong><em>aut</em></strong></span> <span class='ocrx_word' id='word_1_331' title='bbox 1779 3142 1844 3182; x_wconf 81' lang='lat' dir='ltr'><strong><em>ex</em></strong></span> 
     </span>
    </p>
   </div>
   <div class='ocr_carea' id='block_1_47' title="bbox 1957 1917 3561 1997">
    <p class='ocr_par' dir='ltr' id='par_1_47' title="bbox 1957 1917 3561 1997">
     <span class='ocr_line' id='line_1_47' title="bbox 1957 1917 3561 1997; baseline -0.005 -17"><span class='ocrx_word' id='word_1_332' title='bbox 1957 1939 2270 1997; x_wconf 79' lang='lat' dir='ltr'><strong><em>aggressum</em></strong></span> <span class='ocrx_word' id='word_1_333' title='bbox 2294 1922 2480 1984; x_wconf 78' lang='lat' dir='ltr'><strong><em>fuisse;</em></strong></span> <span class='ocrx_word' id='word_1_334' title='bbox 2495 1921 2677 1975; x_wconf 88' lang='lat' dir='ltr'><strong><em>mltis</em></strong></span> <span class='ocrx_word' id='word_1_335' title='bbox 2700 1919 2808 1988; x_wconf 83' lang='lat' dir='ltr'><strong><em>jam</em></strong></span> <span class='ocrx_word' id='word_1_336' title='bbox 2826 1934 2920 1989; x_wconf 90' lang='lat' dir='ltr'><strong><em>per</em></strong></span> <span class='ocrx_word' id='word_1_337' title='bbox 2933 1933 3124 1973; x_wconf 87' lang='lat' dir='ltr'><strong><em>omnes</em></strong></span> <span class='ocrx_word' id='word_1_338' title='bbox 3144 1917 3312 1971; x_wconf 80' lang='lat' dir='ltr'><strong><em>ferme</em></strong></span> <span class='ocrx_word' id='word_1_339' title='bbox 3336 1917 3561 1972; x_wconf 82' lang='lat' dir='ltr'><strong><em>Romani</em></strong></span> 
     </span>
    </p>
   </div>
   <div class='ocr_carea' id='block_1_48' title="bbox 1958 2010 3557 2090">
    <p class='ocr_par' dir='ltr' id='par_1_48' title="bbox 1958 2010 3557 2090">
     <span class='ocr_line' id='line_1_48' title="bbox 1958 2010 3557 2090; baseline -0.006 -14"><span class='ocrx_word' id='word_1_340' title='bbox 1958 2018 2173 2090; x_wconf 84' lang='lat' dir='ltr'><strong><em>imperii</em></strong></span> <span class='ocrx_word' id='word_1_341' title='bbox 2217 2016 2521 2087; x_wconf 77' lang='lat' dir='ltr'><strong><em>provincias</em></strong></span> <span class='ocrx_word' id='word_1_342' title='bbox 2575 2014 2821 2070; x_wconf 87' lang='lat' dir='ltr'><strong><em>ecclesiis</em></strong></span> <span class='ocrx_word' id='word_1_343' title='bbox 2853 2013 3046 2066; x_wconf 90' lang='lat' dir='ltr'><strong><em>morbo</em></strong></span> <span class='ocrx_word' id='word_1_344' title='bbox 3091 2010 3365 2082; x_wconf 72' lang='lat' dir='ltr'><strong><em>pestiferae</em></strong></span> <span class='ocrx_word' id='word_1_345' title='bbox 3398 2011 3557 2080; x_wconf 81' lang='lat' dir='ltr'><strong><em>hujus</em></strong></span> 
     </span>
    </p>
   </div>
   <div class='ocr_carea' id='block_1_49' title="bbox 1955 2102 3560 2184">
    <p class='ocr_par' dir='ltr' id='par_1_49' title="bbox 1955 2102 3560 2184">
     <span class='ocr_line' id='line_1_49' title="bbox 1955 2102 3560 2184; baseline -0.007 -15"><span class='ocrx_word' id='word_1_346' title='bbox 1955 2109 2352 2184; x_wconf 70' lang='lat' dir='ltr'><strong><em>prndicationis</em></strong></span> <span class='ocrx_word' id='word_1_347' title='bbox 2383 2108 2616 2170; x_wconf 76' lang='lat' dir='ltr'><strong><em>iniectis,</em></strong></span> <span class='ocrx_word' id='word_1_348' title='bbox 2638 2117 2692 2162; x_wconf 89' lang='lat' dir='ltr'><strong><em>et</em></strong></span> <span class='ocrx_word' id='word_1_349' title='bbox 2712 2107 2859 2160; x_wconf 84' lang='lat' dir='ltr'><strong><em>velut</em></strong></span> <span class='ocrx_word' id='word_1_350' title='bbox 2882 2105 2946 2159; x_wconf 86' lang='lat' dir='ltr'><strong><em>ad</em></strong></span> <span class='ocrx_word' id='word_1_351' title='bbox 2979 2106 3080 2174; x_wconf 64' lang='lat' dir='ltr'><strong><em>piae</em></strong></span> <span class='ocrx_word' id='word_1_352' title='bbox 3105 2102 3228 2160; x_wconf 88' lang='lat' dir='ltr'><strong><em>ﬁdei</em></strong></span> <span class='ocrx_word' id='word_1_353' title='bbox 3256 2103 3416 2173; x_wconf 83' lang='lat' dir='ltr'><strong><em>hujus</em></strong></span> <span class='ocrx_word' id='word_1_354' title='bbox 3446 2119 3560 2158; x_wconf 80' lang='lat' dir='ltr'><strong><em>ma-</em></strong></span> 
     </span>
    </p>
   </div>
   <div class='ocr_carea' id='block_1_50' title="bbox 1956 2194 3553 2272">
    <p class='ocr_par' dir='ltr' id='par_1_50' title="bbox 1956 2194 3553 2272">
     <span class='ocr_line' id='line_1_50' title="bbox 1956 2194 3553 2272; baseline -0.007 -11"><span class='ocrx_word' id='word_1_355' title='bbox 1956 2206 2007 2261; x_wconf 85' lang='lat' dir='ltr'><strong><em>le</em></strong></span> <span class='ocrx_word' id='word_1_356' title='bbox 2037 2211 2345 2272; x_wconf 87' lang='lat' dir='ltr'><strong><em>usurpatam</em></strong></span> <span class='ocrx_word' id='word_1_357' title='bbox 2380 2198 2808 2270; x_wconf 80' lang='lat' dir='ltr'><strong><em>persuasionem,</em></strong></span> <span class='ocrx_word' id='word_1_358' title='bbox 2857 2196 3017 2265; x_wconf 77' lang='lat' dir='ltr'><strong><em>longo</em></strong></span> <span class='ocrx_word' id='word_1_359' title='bbox 3045 2194 3305 2250; x_wconf 66' lang='lat' dir='ltr'><strong><em>doctrinae</em></strong></span> <span class='ocrx_word' id='word_1_360' title='bbox 3351 2210 3470 2258; x_wconf 88' lang='lat' dir='ltr'><strong><em>usu,</em></strong></span> <span class='ocrx_word' id='word_1_361' title='bbox 3499 2204 3553 2250; x_wconf 84' lang='lat' dir='ltr'><strong><em>et</em></strong></span> 
     </span>
    </p>
   </div>
   <div class='ocr_carea' id='block_1_51' title="bbox 1955 2288 3557 2362">
    <p class='ocr_par' dir='ltr' id='par_1_51' title="bbox 1955 2288 3557 2362">
     <span class='ocr_line' id='line_1_51' title="bbox 1955 2288 3557 2362; baseline -0.009 -6"><span class='ocrx_word' id='word_1_362' title='bbox 1955 2301 2216 2356; x_wconf 80' lang='lat' dir='ltr'><strong><em>ementita</em></strong></span> <span class='ocrx_word' id='word_1_363' title='bbox 2243 2294 2461 2351; x_wconf 87' lang='lat' dir='ltr'><strong><em>nomine</em></strong></span> <span class='ocrx_word' id='word_1_364' title='bbox 2491 2307 2634 2348; x_wconf 76' lang='lat' dir='ltr'><strong><em>vera:</em></strong></span> <span class='ocrx_word' id='word_1_365' title='bbox 2680 2289 2956 2362; x_wconf 78' lang='lat' dir='ltr'><strong><em>religionis</em></strong></span> <span class='ocrx_word' id='word_1_366' title='bbox 2980 2288 3229 2350; x_wconf 88' lang='lat' dir='ltr'><strong><em>imbutis.</em></strong></span> <span class='ocrx_word' id='word_1_367' title='bbox 3265 2305 3367 2342; x_wconf 87' lang='lat' dir='ltr'><strong><em>non</em></strong></span> <span class='ocrx_word' id='word_1_368' title='bbox 3398 2289 3557 2359; x_wconf 82' lang='lat' dir='ltr'><strong><em>igno—</em></strong></span> 
     </span>
    </p>
   </div>
   <div class='ocr_carea' id='block_1_52' title="bbox 1953 2380 3559 2452">
    <p class='ocr_par' dir='ltr' id='par_1_52' title="bbox 1953 2380 3559 2452">
     <span class='ocr_line' id='line_1_52' title="bbox 1953 2380 3559 2452; baseline -0.007 -5"><span class='ocrx_word' id='word_1_369' title='bbox 1953 2407 2079 2447; x_wconf 84' lang='lat' dir='ltr'><strong><em>rans</em></strong></span> <span class='ocrx_word' id='word_1_370' title='bbox 2122 2388 2399 2443; x_wconf 71' lang='lat' dir='ltr'><strong><em>dil&#39;ﬁcilem</em></strong></span> <span class='ocrx_word' id='word_1_371' title='bbox 2427 2400 2547 2439; x_wconf 83' lang='lat' dir='ltr'><strong><em>esse</em></strong></span> <span class='ocrx_word' id='word_1_372' title='bbox 2575 2385 2642 2438; x_wconf 89' lang='lat' dir='ltr'><strong><em>ad</em></strong></span> <span class='ocrx_word' id='word_1_373' title='bbox 2689 2382 3083 2438; x_wconf 80' lang='lat' dir='ltr'><strong><em>emendationis</em></strong></span> <span class='ocrx_word' id='word_1_374' title='bbox 3115 2380 3412 2452; x_wconf 81' lang='lat' dir='ltr'><strong><em>profectum</em></strong></span> <span class='ocrx_word' id='word_1_375' title='bbox 3467 2395 3559 2435; x_wconf 79' lang='lat' dir='ltr'><strong><em>ro-</em></strong></span> 
     </span>
    </p>
   </div>
   <div class='ocr_carea' id='block_1_53' title="bbox 1953 2473 3546 2550">
    <p class='ocr_par' dir='ltr' id='par_1_53' title="bbox 1953 2473 3546 2550">
     <span class='ocr_line' id='line_1_53' title="bbox 1953 2473 3546 2550; baseline -0.008 -11"><span class='ocrx_word' id='word_1_376' title='bbox 1953 2485 2236 2548; x_wconf 75' lang='lat' dir='ltr'><strong><em>luntatem,</em></strong></span> <span class='ocrx_word' id='word_1_377' title='bbox 2263 2495 2425 2550; x_wconf 76' lang='lat' dir='ltr'><strong><em>quam</em></strong></span> <span class='ocrx_word' id='word_1_378' title='bbox 2457 2479 2510 2532; x_wconf 79' lang='lat' dir='ltr'><strong><em>in</em></strong></span> <span class='ocrx_word' id='word_1_379' title='bbox 2526 2478 2732 2532; x_wconf 83' lang='lat' dir='ltr'><strong><em>erroris</em></strong></span> <span class='ocrx_word' id='word_1_380' title='bbox 2759 2475 2843 2533; x_wconf 83' lang='lat' dir='ltr'><strong><em>sui</em></strong></span> <span class='ocrx_word' id='word_1_381' title='bbox 2867 2473 3048 2529; x_wconf 86' lang='lat' dir='ltr'><strong><em>studio</em></strong></span> <span class='ocrx_word' id='word_1_382' title='bbox 3071 2489 3166 2542; x_wconf 89' lang='lat' dir='ltr'><strong><em>per</em></strong></span> <span class='ocrx_word' id='word_1_383' title='bbox 3188 2473 3546 2543; x_wconf 82' lang='lat' dir='ltr'><strong><em>plurimorum</em></strong></span> 
     </span>
    </p>
   </div>
   <div class='ocr_carea' id='block_1_54' title="bbox 1950 2563 3550 2639">
    <p class='ocr_par' dir='ltr' id='par_1_54' title="bbox 1950 2563 3550 2639">
     <span class='ocr_line' id='line_1_54' title="bbox 1950 2563 3550 2639; baseline -0.008 -8"><span class='ocrx_word' id='word_1_384' title='bbox 1950 2589 2232 2631; x_wconf 85' lang='lat' dir='ltr'><strong><em>assensum</em></strong></span> <span class='ocrx_word' id='word_1_385' title='bbox 2262 2571 2554 2626; x_wconf 78' lang='lat' dir='ltr'><strong><em>auctoritas</em></strong></span> <span class='ocrx_word' id='word_1_386' title='bbox 2581 2567 2812 2639; x_wconf 65' lang='lat' dir='ltr'><strong><em>publicat</em></strong></span> <span class='ocrx_word' id='word_1_387' title='bbox 2838 2568 2947 2635; x_wconf 86' lang='lat' dir='ltr'><strong><em>jam</em></strong></span> <span class='ocrx_word' id='word_1_388' title='bbox 2996 2565 3278 2620; x_wconf 70' lang='lat' dir='ltr'><strong><em>sententia:</em></strong></span> <span class='ocrx_word' id='word_1_389' title='bbox 3304 2563 3550 2618; x_wconf 87' lang='lat' dir='ltr'><strong><em>contine-</em></strong></span> 
     </span>
    </p>
   </div>
   <div class='ocr_carea' id='block_1_55' title="bbox 1948 2659 3550 2733">
    <p class='ocr_par' dir='ltr' id='par_1_55' title="bbox 1948 2659 3550 2733">
     <span class='ocr_line' id='line_1_55' title="bbox 1948 2659 3550 2733; baseline -0.004 -9"><span class='ocrx_word' id='word_1_390' title='bbox 1948 2679 2053 2724; x_wconf 83' lang='lat' dir='ltr'><strong><em>ret.</em></strong></span> <span class='ocrx_word' id='word_1_391' title='bbox 2082 2668 2276 2725; x_wconf 80' lang='lat' dir='ltr'><strong><em>Gravis</em></strong></span> <span class='ocrx_word' id='word_1_392' title='bbox 2303 2667 2446 2721; x_wconf 85' lang='lat' dir='ltr'><strong><em>enim</em></strong></span> <span class='ocrx_word' id='word_1_393' title='bbox 2470 2673 2525 2720; x_wconf 90' lang='lat' dir='ltr'><strong><em>et</em></strong></span> <span class='ocrx_word' id='word_1_394' title='bbox 2543 2663 2877 2733; x_wconf 78' lang='lat' dir='ltr'><strong><em>periculosus</em></strong></span> <span class='ocrx_word' id='word_1_395' title='bbox 2906 2670 2989 2716; x_wconf 88' lang='lat' dir='ltr'><strong><em>est</em></strong></span> <span class='ocrx_word' id='word_1_396' title='bbox 3015 2677 3168 2715; x_wconf 88' lang='lat' dir='ltr'><strong><em>error</em></strong></span> <span class='ocrx_word' id='word_1_397' title='bbox 3192 2660 3246 2712; x_wconf 90' lang='lat' dir='ltr'><strong><em>in</em></strong></span> <span class='ocrx_word' id='word_1_398' title='bbox 3271 2659 3550 2730; x_wconf 78' lang='lat' dir='ltr'><strong><em>plurimis:</em></strong></span> 
     </span>
    </p>
   </div>
   <div class='ocr_carea' id='block_1_56' title="bbox 1948 2751 3549 2826">
    <p class='ocr_par' dir='ltr' id='par_1_56' title="bbox 1948 2751 3549 2826">
     <span class='ocr_line' id='line_1_56' title="bbox 1948 2751 3549 2826; baseline -0.007 -9"><span class='ocrx_word' id='word_1_399' title='bbox 1948 2771 2005 2817; x_wconf 86' lang='lat' dir='ltr'><strong><em>et</em></strong></span> <span class='ocrx_word' id='word_1_400' title='bbox 2052 2762 2344 2815; x_wconf 79' lang='lat' dir='ltr'><strong><em>multorum</em></strong></span> <span class='ocrx_word' id='word_1_401' title='bbox 2395 2758 2599 2826; x_wconf 85' lang='lat' dir='ltr'><strong><em>lapsus,</em></strong></span> <span class='ocrx_word' id='word_1_402' title='bbox 2645 2753 2857 2809; x_wconf 86' lang='lat' dir='ltr'><strong><em>etiamsi</em></strong></span> <span class='ocrx_word' id='word_1_403' title='bbox 2908 2768 2969 2808; x_wconf 87' lang='lat' dir='ltr'><strong><em>se</em></strong></span> <span class='ocrx_word' id='word_1_404' title='bbox 3020 2751 3306 2821; x_wconf 87' lang='lat' dir='ltr'><strong><em>intelligat,</em></strong></span> <span class='ocrx_word' id='word_1_405' title='bbox 3369 2759 3549 2805; x_wconf 82' lang='lat' dir='ltr'><strong><em>tamen</em></strong></span> 
     </span>
    </p>
   </div>
   <div class='ocr_carea' id='block_1_57' title="bbox 1948 2843 3542 2921">
    <p class='ocr_par' dir='ltr' id='par_1_57' title="bbox 1948 2843 3542 2921">
     <span class='ocr_line' id='line_1_57' title="bbox 1948 2843 3542 2921; baseline -0.006 -14"><span class='ocrx_word' id='word_1_406' title='bbox 1948 2851 2271 2921; x_wconf 77' lang='lat' dir='ltr'><strong><em>exsurgendi</em></strong></span> <span class='ocrx_word' id='word_1_407' title='bbox 2321 2849 2523 2919; x_wconf 87' lang='lat' dir='ltr'><strong><em>pudore</em></strong></span> <span class='ocrx_word' id='word_1_408' title='bbox 2571 2845 2954 2902; x_wconf 76' lang='lat' dir='ltr'><strong><em>auctoritatem</em></strong></span> <span class='ocrx_word' id='word_1_409' title='bbox 2994 2843 3096 2898; x_wconf 80' lang='lat' dir='ltr'><strong><em>sibi</em></strong></span> <span class='ocrx_word' id='word_1_410' title='bbox 3142 2843 3442 2914; x_wconf 68' lang='lat' dir='ltr'><strong><em>praesumit,</em></strong></span> <span class='ocrx_word' id='word_1_411' title='bbox 3475 2857 3542 2898; x_wconf 81' lang='lat' dir='ltr'><strong><em>ex</em></strong></span> 
     </span>
    </p>
   </div>
   <div class='ocr_carea' id='block_1_58' title="bbox 1950 2933 3549 3006">
    <p class='ocr_par' dir='ltr' id='par_1_58' title="bbox 1950 2933 3549 3006">
     <span class='ocr_line' id='line_1_58' title="bbox 1950 2933 3549 3006; baseline -0.008 -6"><span class='ocrx_word' id='word_1_412' title='bbox 1950 2957 2177 3000; x_wconf 81' lang='lat' dir='ltr'><strong><em>numero</em></strong></span> <span class='ocrx_word' id='word_1_413' title='bbox 2219 2943 2420 2996; x_wconf 85' lang='lat' dir='ltr'><strong><em>habens</em></strong></span> <span class='ocrx_word' id='word_1_414' title='bbox 2460 2940 2562 2994; x_wconf 90' lang='lat' dir='ltr'><strong><em>hoc</em></strong></span> <span class='ocrx_word' id='word_1_415' title='bbox 2585 2939 2660 3005; x_wconf 92' lang='lat' dir='ltr'><strong><em>(b)</em></strong></span> <span class='ocrx_word' id='word_1_416' title='bbox 2704 2937 3073 3006; x_wconf 65' lang='lat' dir='ltr'><strong><em>impudentiae,</em></strong></span> <span class='ocrx_word' id='word_1_417' title='bbox 3113 2933 3337 3004; x_wconf 85' lang='lat' dir='ltr'><strong><em>utquod</em></strong></span> <span class='ocrx_word' id='word_1_418' title='bbox 3381 2946 3549 2998; x_wconf 84' lang='lat' dir='ltr'><strong><em>errat,</em></strong></span> 
     </span>
    </p>
   </div>
   <div class='ocr_carea' id='block_1_59' title="bbox 1949 3027 3542 3109">
    <p class='ocr_par' dir='ltr' id='par_1_59' title="bbox 1949 3027 3542 3109">
     <span class='ocr_line' id='line_1_59' title="bbox 1949 3027 3542 3109; baseline -0.008 -17"><span class='ocrx_word' id='word_1_419' title='bbox 1949 3036 2286 3109; x_wconf 85' lang='lat' dir='ltr'><strong><em>prudentiam</em></strong></span> <span class='ocrx_word' id='word_1_420' title='bbox 2317 3033 2449 3088; x_wconf 84' lang='lat' dir='ltr'><strong><em>velit</em></strong></span> <span class='ocrx_word' id='word_1_421' title='bbox 2469 3031 2804 3097; x_wconf 78' lang='lat' dir='ltr'><strong><em>existimari;</em></strong></span> <span class='ocrx_word' id='word_1_422' title='bbox 2835 3039 2892 3085; x_wconf 85' lang='lat' dir='ltr'><strong><em>et</em></strong></span> <span class='ocrx_word' id='word_1_423' title='bbox 2922 3029 3063 3100; x_wconf 88' lang='lat' dir='ltr'><strong><em>quod</em></strong></span> <span class='ocrx_word' id='word_1_424' title='bbox 3092 3042 3214 3082; x_wconf 85' lang='lat' dir='ltr'><strong><em>cum</em></strong></span> <span class='ocrx_word' id='word_1_425' title='bbox 3247 3027 3435 3082; x_wconf 90' lang='lat' dir='ltr'><strong><em>multis</em></strong></span> <span class='ocrx_word' id='word_1_426' title='bbox 3451 3041 3542 3081; x_wconf 90' lang='lat' dir='ltr'><strong><em>er-</em></strong></span> 
     </span>
    </p>
   </div>
   <div class='ocr_carea' id='block_1_60' title="bbox 1947 3121 3550 3199">
    <p class='ocr_par' dir='ltr' id='par_1_60' title="bbox 1947 3121 3550 3199">
     <span class='ocr_line' id='line_1_60' title="bbox 1947 3121 3550 3199; baseline -0.008 -13"><span class='ocrx_word' id='word_1_427' title='bbox 1947 3140 2050 3195; x_wconf 83' lang='lat' dir='ltr'><strong><em>rat,</em></strong></span> <span class='ocrx_word' id='word_1_428' title='bbox 2085 3128 2487 3199; x_wconf 76' lang='lat' dir='ltr'><strong><em>intelligentiam</em></strong></span> <span class='ocrx_word' id='word_1_429' title='bbox 2513 3140 2636 3181; x_wconf 87' lang='lat' dir='ltr'><strong><em>esse</em></strong></span> <span class='ocrx_word' id='word_1_430' title='bbox 2683 3132 2892 3180; x_wconf 75' lang='lat' dir='ltr'><strong><em>asserat</em></strong></span> <span class='ocrx_word' id='word_1_431' title='bbox 2911 3121 3178 3186; x_wconf 80' lang='lat' dir='ltr'><strong><em>veritatis,</em></strong></span> <span class='ocrx_word' id='word_1_432' title='bbox 3217 3121 3343 3178; x_wconf 90' lang='lat' dir='ltr'><strong><em>dum</em></strong></span> <span class='ocrx_word' id='word_1_433' title='bbox 3372 3121 3550 3176; x_wconf 85' lang='lat' dir='ltr'><strong><em>minus</em></strong></span> 
     </span>
    </p>
   </div>
   <div class='ocr_carea' id='block_1_61' title="bbox 307 3219 1843 3296">
    <p class='ocr_par' dir='ltr' id='par_1_61' title="bbox 307 3219 1843 3292">
     <span class='ocr_line' id='line_1_61' title="bbox 307 3219 1843 3292; baseline 0.001 -19"><span class='ocrx_word' id='word_1_434' title='bbox 307 3231 468 3275; x_wconf 88' lang='lat' dir='ltr'><strong><em>utero</em></strong></span> <span class='ocrx_word' id='word_1_435' title='bbox 507 3221 672 3290; x_wconf 86' lang='lat' dir='ltr'><strong><em>ipsius</em></strong></span> <span class='ocrx_word' id='word_1_436' title='bbox 696 3221 924 3292; x_wconf 84' lang='lat' dir='ltr'><strong><em>genitum</em></strong></span> <span class='ocrx_word' id='word_1_437' title='bbox 958 3236 1065 3275; x_wconf 83' lang='lat' dir='ltr'><strong><em>esse</em></strong></span> <span class='ocrx_word' id='word_1_438' title='bbox 1095 3219 1290 3274; x_wconf 83' lang='lat' dir='ltr'><strong><em>Filium</em></strong></span> <span class='ocrx_word' id='word_1_439' title='bbox 1317 3220 1566 3290; x_wconf 85' lang='lat' dir='ltr'><strong><em>scriptum</em></strong></span> <span class='ocrx_word' id='word_1_440' title='bbox 1611 3222 1697 3287; x_wconf 86' lang='lat' dir='ltr'><strong><em>sit,</em></strong></span> <span class='ocrx_word' id='word_1_441' title='bbox 1730 3237 1843 3276; x_wconf 82' lang='lat' dir='ltr'><strong><em>cunt</em></strong></span> 
     </span>
    </p>
   </div>
   <div class='ocr_carea' id='block_1_62' title="bbox 1946 3219 2982 3296">
    <p class='ocr_par' dir='ltr' id='par_1_62' title="bbox 1947 3219 2982 3282">
     <span class='ocr_line' id='line_1_62' title="bbox 1947 3219 2982 3282; baseline -0.011 0"><span class='ocrx_word' id='word_1_442' title='bbox 1947 3226 2152 3282; x_wconf 80' lang='lat' dir='ltr'><strong><em>erroris</em></strong></span> <span class='ocrx_word' id='word_1_443' title='bbox 2182 3239 2304 3279; x_wconf 81' lang='lat' dir='ltr'><strong><em>esse</em></strong></span> <span class='ocrx_word' id='word_1_444' title='bbox 2331 3221 2670 3276; x_wconf 44' lang='lat' dir='ltr'><strong><em>exittimatur</em></strong></span> <span class='ocrx_word' id='word_1_445' title='bbox 2697 3221 2748 3273; x_wconf 91' lang='lat' dir='ltr'><strong><em>in</em></strong></span> <span class='ocrx_word' id='word_1_446' title='bbox 2780 3219 2982 3273; x_wconf 91' lang='lat' dir='ltr'><strong><em>multis.</em></strong></span> 
     </span>
    </p>
   </div>
   <div class='ocr_carea' id='block_1_63' title="bbox 305 3315 1846 3387">
    <p class='ocr_par' dir='ltr' id='par_1_63' title="bbox 305 3315 1846 3387">
     <span class='ocr_line' id='line_1_63' title="bbox 305 3315 1846 3387; baseline 0.001 -19"><span class='ocrx_word' id='word_1_447' title='bbox 305 3331 368 3370; x_wconf 76' lang='lat' dir='ltr'><strong><em>ea:</em></strong></span> <span class='ocrx_word' id='word_1_448' title='bbox 397 3326 618 3384; x_wconf 86' lang='lat' dir='ltr'><strong><em>paterna</em></strong></span> <span class='ocrx_word' id='word_1_449' title='bbox 661 3316 950 3369; x_wconf 83' lang='lat' dir='ltr'><strong><em>substantia</em></strong></span> <span class='ocrx_word' id='word_1_450' title='bbox 991 3315 1374 3387; x_wconf 81' lang='lat' dir='ltr'><strong><em>intelligamus:</em></strong></span> <span class='ocrx_word' id='word_1_451' title='bbox 1418 3316 1645 3370; x_wconf 75' lang='lat' dir='ltr'><strong><em>observat</em></strong></span> <span class='ocrx_word' id='word_1_452' title='bbox 1680 3316 1846 3384; x_wconf 76' lang='lat' dir='ltr'><strong><em>primo</em></strong></span> 
     </span>
    </p>
   </div>
   <div class='ocr_carea' id='block_1_64' title="bbox 305 3408 1846 3480">
    <p class='ocr_par' dir='ltr' id='par_1_64' title="bbox 305 3408 1846 3480">
     <span class='ocr_line' id='line_1_64' title="bbox 305 3408 1846 3480; baseline -0.001 -16"><span class='ocrx_word' id='word_1_453' title='bbox 305 3411 546 3464; x_wconf 67' lang='lat' dir='ltr'><strong><em>heresim</em></strong></span> <span class='ocrx_word' id='word_1_454' title='bbox 575 3409 829 3463; x_wconf 85' lang='lat' dir='ltr'><strong><em>audacem</em></strong></span> <span class='ocrx_word' id='word_1_455' title='bbox 858 3409 1062 3480; x_wconf 81' lang='lat' dir='ltr'><strong><em>quidem</em></strong></span> <span class='ocrx_word' id='word_1_456' title='bbox 1105 3424 1233 3470; x_wconf 87' lang='lat' dir='ltr'><strong><em>esse,</em></strong></span> <span class='ocrx_word' id='word_1_457' title='bbox 1262 3408 1352 3463; x_wconf 88' lang='lat' dir='ltr'><strong><em>sed</em></strong></span> <span class='ocrx_word' id='word_1_458' title='bbox 1387 3410 1658 3477; x_wconf 83' lang='lat' dir='ltr'><strong><em>prudentia</em></strong></span> <span class='ocrx_word' id='word_1_459' title='bbox 1686 3409 1846 3462; x_wconf 86' lang='lat' dir='ltr'><strong><em>desti-</em></strong></span> 
     </span>
    </p>
   </div>
   <div class='ocr_carea' id='block_1_65' title="bbox 309 3503 1848 3575">
    <p class='ocr_par' dir='ltr' id='par_1_65' title="bbox 309 3503 1848 3575">
     <span class='ocr_line' id='line_1_65' title="bbox 309 3503 1848 3575; baseline 0 -17"><span class='ocrx_word' id='word_1_460' title='bbox 309 3517 476 3560; x_wconf 80' lang='lat' dir='ltr'><strong><em>tutom</em></strong></span> <span class='ocrx_word' id='word_1_461' title='bbox 495 3521 514 3558; x_wconf 91' lang='lat'><strong><em>:</em></strong></span> <span class='ocrx_word' id='word_1_462' title='bbox 543 3504 729 3559; x_wconf 87' lang='lat' dir='ltr'><strong><em>deinde</em></strong></span> <span class='ocrx_word' id='word_1_463' title='bbox 758 3505 934 3575; x_wconf 84' lang='lat' dir='ltr'><strong><em>negari</em></strong></span> <span class='ocrx_word' id='word_1_464' title='bbox 965 3520 1067 3558; x_wconf 90' lang='lat' dir='ltr'><strong><em>non</em></strong></span> <span class='ocrx_word' id='word_1_465' title='bbox 1091 3520 1258 3574; x_wconf 82' lang='lat' dir='ltr'><strong><em>posse,</em></strong></span> <span class='ocrx_word' id='word_1_466' title='bbox 1288 3504 1410 3571; x_wconf 86' lang='lat' dir='ltr'><strong><em>quin</em></strong></span> <span class='ocrx_word' id='word_1_467' title='bbox 1436 3504 1664 3558; x_wconf 78' lang='lat' dir='ltr'><strong><em>Christus</em></strong></span> <span class='ocrx_word' id='word_1_468' title='bbox 1703 3503 1848 3558; x_wconf 68' lang='lat' dir='ltr'><strong><em>dixe-</em></strong></span> 
     </span>
    </p>
   </div>
   <div class='ocr_carea' id='block_1_66' title="bbox 305 3599 1842 3669">
    <p class='ocr_par' dir='ltr' id='par_1_66' title="bbox 305 3599 1842 3669">
     <span class='ocr_line' id='line_1_66' title="bbox 305 3599 1842 3669; baseline 0.002 -18"><span class='ocrx_word' id='word_1_469' title='bbox 305 3601 394 3665; x_wconf 87' lang='lat' dir='ltr'><strong><em>rit,</em></strong></span> <span class='ocrx_word' id='word_1_470' title='bbox 428 3599 504 3653; x_wconf 75' lang='lat' dir='ltr'><strong><em>Ex</em></strong></span> <span class='ocrx_word' id='word_1_471' title='bbox 551 3600 670 3668; x_wconf 88' lang='lat' dir='ltr'><strong><em>ipso</em></strong></span> <span class='ocrx_word' id='word_1_472' title='bbox 696 3612 813 3654; x_wconf 85' lang='lat' dir='ltr'><strong><em>sum</em></strong></span> <span class='ocrx_word' id='word_1_473' title='bbox 839 3615 852 3666; x_wconf 91' lang='lat'><strong>;</strong></span> <span class='ocrx_word' id='word_1_474' title='bbox 904 3607 971 3661; x_wconf 87' lang='lat' dir='ltr'><strong><em>et,</em></strong></span> <span class='ocrx_word' id='word_1_475' title='bbox 1002 3599 1097 3652; x_wconf 87' lang='lat' dir='ltr'><strong><em>hoc</em></strong></span> <span class='ocrx_word' id='word_1_476' title='bbox 1120 3599 1338 3652; x_wconf 84' lang='lat' dir='ltr'><strong><em>dicendo</em></strong></span> <span class='ocrx_word' id='word_1_477' title='bbox 1357 3639 1372 3662; x_wconf 88' lang='lat'><strong><em>,</em></strong></span> <span class='ocrx_word' id='word_1_478' title='bbox 1405 3615 1459 3653; x_wconf 82' lang='lat' dir='ltr'><strong><em>se</em></strong></span> <span class='ocrx_word' id='word_1_479' title='bbox 1487 3615 1646 3669; x_wconf 82' lang='lat' dir='ltr'><strong><em>neque</em></strong></span> <span class='ocrx_word' id='word_1_480' title='bbox 1679 3615 1743 3652; x_wconf 80' lang='lat' dir='ltr'><strong><em>ea:</em></strong></span> <span class='ocrx_word' id='word_1_481' title='bbox 1765 3601 1842 3654; x_wconf 82' lang='lat' dir='ltr'><strong><em>ni-</em></strong></span> 
     </span>
    </p>
   </div>
   <div class='ocr_carea' id='block_1_67' title="bbox 302 3691 1843 3764">
    <p class='ocr_par' dir='ltr' id='par_1_67' title="bbox 302 3691 1843 3764">
     <span class='ocr_line' id='line_1_67' title="bbox 302 3691 1843 3764; baseline 0.002 -20"><span class='ocrx_word' id='word_1_482' title='bbox 302 3694 408 3746; x_wconf 79' lang='lat' dir='ltr'><strong><em>hilo</em></strong></span> <span class='ocrx_word' id='word_1_483' title='bbox 438 3735 453 3758; x_wconf 96' lang='lat'><strong><em>,</em></strong></span> <span class='ocrx_word' id='word_1_484' title='bbox 508 3707 671 3763; x_wconf 82' lang='lat' dir='ltr'><strong><em>neque</em></strong></span> <span class='ocrx_word' id='word_1_485' title='bbox 707 3707 771 3746; x_wconf 73' lang='lat' dir='ltr'><strong><em>ea:</em></strong></span> <span class='ocrx_word' id='word_1_486' title='bbox 815 3692 920 3746; x_wconf 89' lang='lat' dir='ltr'><strong><em>alio</em></strong></span> <span class='ocrx_word' id='word_1_487' title='bbox 967 3708 1125 3764; x_wconf 85' lang='lat' dir='ltr'><strong><em>quam</em></strong></span> <span class='ocrx_word' id='word_1_488' title='bbox 1163 3707 1226 3746; x_wconf 71' lang='lat' dir='ltr'><strong><em>es</em></strong></span> <span class='ocrx_word' id='word_1_489' title='bbox 1301 3691 1476 3746; x_wconf 85' lang='lat' dir='ltr'><strong><em>Patris</em></strong></span> <span class='ocrx_word' id='word_1_490' title='bbox 1535 3692 1843 3762; x_wconf 84' lang='lat' dir='ltr'><strong><em>substantia,</em></strong></span> 
     </span>
    </p>
   </div>
   <div class='ocr_carea' id='block_1_68' title="bbox 304 3786 1844 3857">
    <p class='ocr_par' dir='ltr' id='par_1_68' title="bbox 304 3786 1844 3857">
     <span class='ocr_line' id='line_1_68' title="bbox 304 3786 1844 3857; baseline -0.001 -18"><span class='ocrx_word' id='word_1_491' title='bbox 304 3802 467 3855; x_wconf 80' lang='lat' dir='ltr'><strong><em>neque</em></strong></span> <span class='ocrx_word' id='word_1_492' title='bbox 514 3801 630 3839; x_wconf 87' lang='lat' dir='ltr'><strong><em>cum</em></strong></span> <span class='ocrx_word' id='word_1_493' title='bbox 681 3799 742 3840; x_wconf 85' lang='lat' dir='ltr'><strong><em>eo</em></strong></span> <span class='ocrx_word' id='word_1_494' title='bbox 793 3801 858 3840; x_wconf 78' lang='lat' dir='ltr'><strong><em>ea:</em></strong></span> <span class='ocrx_word' id='word_1_495' title='bbox 902 3801 1002 3857; x_wconf 84' lang='lat' dir='ltr'><strong><em>quo</em></strong></span> <span class='ocrx_word' id='word_1_496' title='bbox 1056 3795 1130 3840; x_wconf 89' lang='lat' dir='ltr'><strong><em>est</em></strong></span> <span class='ocrx_word' id='word_1_497' title='bbox 1195 3786 1427 3839; x_wconf 87' lang='lat' dir='ltr'><strong><em>eumdem</em></strong></span> <span class='ocrx_word' id='word_1_498' title='bbox 1476 3802 1584 3840; x_wconf 85' lang='lat' dir='ltr'><strong><em>esse</em></strong></span> <span class='ocrx_word' id='word_1_499' title='bbox 1661 3788 1844 3856; x_wconf 80' lang='lat' dir='ltr'><strong><em>testiﬁ-</em></strong></span> 
     </span>
    </p>
   </div>
   <div class='ocr_carea' id='block_1_69' title="bbox 303 3875 1838 3947">
    <p class='ocr_par' dir='ltr' id='par_1_69' title="bbox 303 3875 1838 3947">
     <span class='ocr_line' id='line_1_69' title="bbox 303 3875 1838 3947; baseline 0.001 -17"><span class='ocrx_word' id='word_1_500' title='bbox 303 3888 450 3931; x_wconf 82' lang='lat' dir='ltr'><strong><em>catus</em></strong></span> <span class='ocrx_word' id='word_1_501' title='bbox 500 3878 570 3930; x_wconf 89' lang='lat' dir='ltr'><strong><em>sit</em></strong></span> <span class='ocrx_word' id='word_1_502' title='bbox 607 3893 628 3931; x_wconf 89' lang='lat'><strong><em>:</em></strong></span> <span class='ocrx_word' id='word_1_503' title='bbox 669 3877 872 3931; x_wconf 72' lang='lat' dir='ltr'><strong><em>domum</em></strong></span> <span class='ocrx_word' id='word_1_504' title='bbox 945 3877 1090 3943; x_wconf 85' lang='lat' dir='ltr'><strong><em>nefas</em></strong></span> <span class='ocrx_word' id='word_1_505' title='bbox 1149 3892 1258 3931; x_wconf 85' lang='lat' dir='ltr'><strong><em>esse</em></strong></span> <span class='ocrx_word' id='word_1_506' title='bbox 1287 3875 1397 3931; x_wconf 80' lang='lat' dir='ltr'><strong><em>Deo</em></strong></span> <span class='ocrx_word' id='word_1_507' title='bbox 1445 3895 1546 3932; x_wconf 89' lang='lat' dir='ltr'><strong><em>non</em></strong></span> <span class='ocrx_word' id='word_1_508' title='bbox 1616 3879 1838 3947; x_wconf 82' lang='lat' dir='ltr'><strong><em>credere,</em></strong></span> 
     </span>
    </p>
   </div>
   <div class='ocr_carea' id='block_1_70' title="bbox 303 3967 1845 4041">
    <p class='ocr_par' dir='ltr' id='par_1_70' title="bbox 303 3967 1845 4041">
     <span class='ocr_line' id='line_1_70' title="bbox 303 3967 1845 4041; baseline 0.001 -18"><span class='ocrx_word' id='word_1_509' title='bbox 303 3971 538 4041; x_wconf 80' lang='lat' dir='ltr'><strong><em>adeoque</em></strong></span> <span class='ocrx_word' id='word_1_510' title='bbox 565 3971 812 4024; x_wconf 71' lang='lat' dir='ltr'><strong><em>humatus</em></strong></span> <span class='ocrx_word' id='word_1_511' title='bbox 841 3970 1030 4024; x_wconf 84' lang='lat' dir='ltr'><strong><em>rationi</em></strong></span> <span class='ocrx_word' id='word_1_512' title='bbox 1057 3985 1173 4040; x_wconf 70' lang='lat' dir='ltr'><strong><em>qua</em></strong></span> <span class='ocrx_word' id='word_1_513' title='bbox 1215 3967 1407 4024; x_wconf 84' lang='lat' dir='ltr'><strong><em>Christi</em></strong></span> <span class='ocrx_word' id='word_1_514' title='bbox 1434 3971 1720 4024; x_wconf 90' lang='lat' dir='ltr'><strong><em>testimonio</em></strong></span> <span class='ocrx_word' id='word_1_515' title='bbox 1749 3979 1845 4025; x_wconf 86' lang='lat' dir='ltr'><strong><em>ad-</em></strong></span> 
     </span>
    </p>
   </div>
   <div class='ocr_carea' id='block_1_71' title="bbox 300 4063 1840 4134">
    <p class='ocr_par' dir='ltr' id='par_1_71' title="bbox 300 4063 1840 4134">
     <span class='ocr_line' id='line_1_71' title="bbox 300 4063 1840 4134; baseline 0.001 -17"><span class='ocrx_word' id='word_1_516' title='bbox 300 4074 532 4118; x_wconf 67' lang='lat' dir='ltr'><strong><em>versetur</em></strong></span> <span class='ocrx_word' id='word_1_517' title='bbox 561 4064 731 4118; x_wconf 88' lang='lat' dir='ltr'><strong><em>locum</em></strong></span> <span class='ocrx_word' id='word_1_518' title='bbox 763 4063 959 4117; x_wconf 86' lang='lat' dir='ltr'><strong><em>nullum</em></strong></span> <span class='ocrx_word' id='word_1_519' title='bbox 985 4079 1117 4126; x_wconf 86' lang='lat' dir='ltr'><strong><em>esse,</em></strong></span> <span class='ocrx_word' id='word_1_520' title='bbox 1149 4079 1213 4116; x_wconf 87' lang='lat' dir='ltr'><strong><em>ac</em></strong></span> <span class='ocrx_word' id='word_1_521' title='bbox 1259 4063 1376 4116; x_wconf 89' lang='lat' dir='ltr'><strong><em>licet</em></strong></span> <span class='ocrx_word' id='word_1_522' title='bbox 1411 4063 1566 4134; x_wconf 89' lang='lat' dir='ltr'><strong><em>plura</em></strong></span> <span class='ocrx_word' id='word_1_523' title='bbox 1615 4074 1840 4132; x_wconf 84' lang='lat' dir='ltr'><strong><em>possent,</em></strong></span> 
     </span>
    </p>
   </div>
   <div class='ocr_carea' id='block_1_72' title="bbox 303 4151 1843 4224">
    <p class='ocr_par' dir='ltr' id='par_1_72' title="bbox 303 4151 1843 4224">
     <span class='ocr_line' id='line_1_72' title="bbox 303 4151 1843 4224; baseline 0.001 -16"><span class='ocrx_word' id='word_1_524' title='bbox 303 4156 450 4208; x_wconf 82' lang='lat' dir='ltr'><strong><em>aliud</em></strong></span> <span class='ocrx_word' id='word_1_525' title='bbox 478 4164 650 4208; x_wconf 80' lang='lat' dir='ltr'><strong><em>tamen</em></strong></span> <span class='ocrx_word' id='word_1_526' title='bbox 676 4155 724 4209; x_wconf 83' lang='lat' dir='ltr'><strong><em>si</em></strong></span> <span class='ocrx_word' id='word_1_527' title='bbox 753 4155 946 4224; x_wconf 84' lang='lat' dir='ltr'><strong><em>opponi</em></strong></span> <span class='ocrx_word' id='word_1_528' title='bbox 968 4169 1071 4207; x_wconf 87' lang='lat' dir='ltr'><strong><em>non</em></strong></span> <span class='ocrx_word' id='word_1_529' title='bbox 1100 4153 1300 4208; x_wconf 85' lang='lat' dir='ltr'><strong><em>debere.</em></strong></span> <span class='ocrx_word' id='word_1_530' title='bbox 1328 4151 1428 4206; x_wconf 82' lang='lat' dir='ltr'><strong><em>Hic</em></strong></span> <span class='ocrx_word' id='word_1_531' title='bbox 1448 4165 1843 4210; x_wconf 85' lang='lat' dir='ltr'><strong><em>commemorata</em></strong></span> 
     </span>
    </p>
   </div>
   <div class='ocr_carea' id='block_1_73' title="bbox 302 4244 1844 4316">
    <p class='ocr_par' dir='ltr' id='par_1_73' title="bbox 302 4244 1844 4316">
     <span class='ocr_line' id='line_1_73' title="bbox 302 4244 1844 4316; baseline 0.001 -15"><span class='ocrx_word' id='word_1_532' title='bbox 302 4248 665 4301; x_wconf 66' lang='lat' dir='ltr'><strong><em>hereticorum</em></strong></span> <span class='ocrx_word' id='word_1_533' title='bbox 713 4247 1000 4312; x_wconf 84' lang='lat' dir='ltr'><strong><em>sententia,</em></strong></span> <span class='ocrx_word' id='word_1_534' title='bbox 1078 4263 1180 4316; x_wconf 89' lang='lat' dir='ltr'><strong><em>qua</em></strong></span> <span class='ocrx_word' id='word_1_535' title='bbox 1249 4244 1510 4300; x_wconf 86' lang='lat' dir='ltr'><strong><em>Christum</em></strong></span> <span class='ocrx_word' id='word_1_536' title='bbox 1563 4247 1733 4316; x_wconf 77' lang='lat' dir='ltr'><strong><em>ﬁlium</em></strong></span> <span class='ocrx_word' id='word_1_537' title='bbox 1778 4259 1844 4302; x_wconf 72' lang='lat' dir='ltr'><strong><em>ea:</em></strong></span> 
     </span>
    </p>
   </div>
   <div class='ocr_carea' id='block_1_74' title="bbox 302 4335 1843 4411">
    <p class='ocr_par' dir='ltr' id='par_1_74' title="bbox 302 4335 1843 4411">
     <span class='ocr_line' id='line_1_74' title="bbox 302 4335 1843 4411; baseline -0.001 -17"><span class='ocrx_word' id='word_1_538' title='bbox 302 4341 606 4410; x_wconf 77' lang='lat' dir='ltr'><strong><em>adoptione,</em></strong></span> <span class='ocrx_word' id='word_1_539' title='bbox 651 4355 714 4393; x_wconf 65' lang='lat' dir='ltr'><strong><em>ea</em></strong></span> <span class='ocrx_word' id='word_1_540' title='bbox 758 4338 1137 4411; x_wconf 86' lang='lat' dir='ltr'><strong><em>nuncupatione</em></strong></span> <span class='ocrx_word' id='word_1_541' title='bbox 1184 4335 1372 4404; x_wconf 83' lang='lat' dir='ltr'><strong><em>Deum,</em></strong></span> <span class='ocrx_word' id='word_1_542' title='bbox 1414 4338 1731 4409; x_wconf 82' lang='lat' dir='ltr'><strong><em>unigenitum</em></strong></span> <span class='ocrx_word' id='word_1_543' title='bbox 1780 4356 1843 4394; x_wconf 75' lang='lat' dir='ltr'><strong><em>ea:</em></strong></span> 
     </span>
    </p>
   </div>
   <div class='ocr_carea' id='block_1_75' title="bbox 306 4430 1842 4501">
    <p class='ocr_par' dir='ltr' id='par_1_75' title="bbox 306 4430 1842 4501">
     <span class='ocr_line' id='line_1_75' title="bbox 306 4430 1842 4501; baseline 0.001 -15"><span class='ocrx_word' id='word_1_544' title='bbox 306 4433 594 4501; x_wconf 79' lang='lat' dir='ltr'><strong><em>priuilegio,</em></strong></span> <span class='ocrx_word' id='word_1_545' title='bbox 619 4442 665 4484; x_wconf 83' lang='lat' dir='ltr'><strong><em>et</em></strong></span> <span class='ocrx_word' id='word_1_546' title='bbox 692 4449 757 4486; x_wconf 79' lang='lat' dir='ltr'><strong><em>ea:</em></strong></span> <span class='ocrx_word' id='word_1_547' title='bbox 787 4431 965 4485; x_wconf 84' lang='lat' dir='ltr'><strong><em>ordine</em></strong></span> <span class='ocrx_word' id='word_1_548' title='bbox 1004 4447 1153 4500; x_wconf 85' lang='lat' dir='ltr'><strong><em>quem</em></strong></span> <span class='ocrx_word' id='word_1_549' title='bbox 1175 4431 1228 4483; x_wconf 88' lang='lat' dir='ltr'><strong><em>in</em></strong></span> <span class='ocrx_word' id='word_1_550' title='bbox 1253 4430 1404 4484; x_wconf 83' lang='lat' dir='ltr'><strong><em>rebus</em></strong></span> <span class='ocrx_word' id='word_1_551' title='bbox 1431 4431 1613 4484; x_wconf 87' lang='lat' dir='ltr'><strong><em>creatis</em></strong></span> <span class='ocrx_word' id='word_1_552' title='bbox 1653 4431 1842 4488; x_wconf 86' lang='lat' dir='ltr'><strong><em>obtinet</em></strong></span> 
     </span>
    </p>
   </div>
   <div class='ocr_carea' id='block_1_76' title="bbox 306 4516 1840 4605">
    <p class='ocr_par' dir='ltr' id='par_1_76' title="bbox 306 4516 1840 4605">
     <span class='ocr_line' id='line_1_76' title="bbox 306 4516 1840 4605; baseline -0.002 -27"><span class='ocrx_word' id='word_1_553' title='bbox 306 4525 706 4595; x_wconf 86' lang='lat' dir='ltr'><strong><em>primogenitum</em></strong></span> <span class='ocrx_word' id='word_1_554' title='bbox 735 4524 1156 4605; x_wconf 64' lang='lat' dir='ltr'><strong><em>interpretantur,</em></strong></span> <span class='ocrx_word' id='word_1_555' title='bbox 1181 4521 1251 4575; x_wconf 86' lang='lat' dir='ltr'><strong><em>ad</em></strong></span> <span class='ocrx_word' id='word_1_556' title='bbox 1269 4516 1435 4575; x_wconf 86' lang='lat' dir='ltr'><strong><em>Deum</em></strong></span> <span class='ocrx_word' id='word_1_557' title='bbox 1473 4538 1581 4576; x_wconf 86' lang='lat' dir='ltr'><strong><em>sese</em></strong></span> <span class='ocrx_word' id='word_1_558' title='bbox 1632 4539 1840 4578; x_wconf 82' lang='lat' dir='ltr'><strong><em>conver-</em></strong></span> 
     </span>
    </p>
   </div>
   <div class='ocr_carea' id='block_1_77' title="bbox 2029 3309 3550 3393">
    <p class='ocr_par' dir='ltr' id='par_1_77' title="bbox 2029 3309 3550 3393">
     <span class='ocr_line' id='line_1_77' title="bbox 2029 3309 3550 3393; baseline -0.008 -19"><span class='ocrx_word' id='word_1_559' title='bbox 2029 3319 2182 3393; x_wconf 73' lang='lat'><strong><em>133</em></strong></span> <span class='ocrx_word' id='word_1_560' title='bbox 2213 3315 2275 3375; x_wconf 71' lang='grc'><strong>2.</strong></span> <span class='ocrx_word' id='word_1_561' title='bbox 2312 3317 2388 3371; x_wconf 77' lang='lat' dir='ltr'><strong><em>Ad</em></strong></span> <span class='ocrx_word' id='word_1_562' title='bbox 2432 3333 2543 3370; x_wconf 87' lang='lat' dir='ltr'><strong><em>eant</em></strong></span> <span class='ocrx_word' id='word_1_563' title='bbox 2587 3314 2921 3386; x_wconf 88' lang='lat' dir='ltr'><strong><em>refellendam</em></strong></span> <span class='ocrx_word' id='word_1_564' title='bbox 2963 3311 3088 3383; x_wconf 89' lang='lat' dir='ltr'><strong><em>quid</em></strong></span> <span class='ocrx_word' id='word_1_565' title='bbox 3138 3309 3400 3364; x_wconf 81' lang='lat' dir='ltr'><strong><em>Hilarium</em></strong></span> <span class='ocrx_word' id='word_1_566' title='bbox 3443 3323 3550 3362; x_wconf 87' lang='lat' dir='ltr'><strong><em>mo—</em></strong></span> 
     </span>
    </p>
   </div>
   <div class='ocr_carea' id='block_1_78' title="bbox 1950 3399 3548 3479">
    <p class='ocr_par' dir='ltr' id='par_1_78' title="bbox 1950 3399 3548 3479">
     <span class='ocr_line' id='line_1_78' title="bbox 1950 3399 3548 3479; baseline -0.008 -11"><span class='ocrx_word' id='word_1_567' title='bbox 1950 3424 2080 3469; x_wconf 83' lang='lat' dir='ltr'><strong><em>ueat.</em></strong></span> <span class='ocrx_word' id='word_1_568' title='bbox 2107 3442 2176 3452; x_wconf 89' lang='lat'>—</span> <span class='ocrx_word' id='word_1_569' title='bbox 2207 3413 2282 3466; x_wconf 77' lang='lat' dir='ltr'><strong><em>Ac</em></strong></span> <span class='ocrx_word' id='word_1_570' title='bbox 2315 3411 2445 3465; x_wconf 87' lang='lat' dir='ltr'><strong><em>mihi</em></strong></span> <span class='ocrx_word' id='word_1_571' title='bbox 2477 3409 2691 3479; x_wconf 84' lang='lat' dir='ltr'><strong><em>quidem</em></strong></span> <span class='ocrx_word' id='word_1_572' title='bbox 2728 3417 2922 3476; x_wconf 54' lang='lat' dir='ltr'><strong><em>praeter</em></strong></span> <span class='ocrx_word' id='word_1_573' title='bbox 2955 3405 3116 3459; x_wconf 76' lang='lat' dir='ltr'><strong><em>studii</em></strong></span> <span class='ocrx_word' id='word_1_574' title='bbox 3146 3405 3250 3460; x_wconf 88' lang='lat' dir='ltr'><strong><em>mei</em></strong></span> <span class='ocrx_word' id='word_1_575' title='bbox 3279 3414 3441 3474; x_wconf 86' lang='lat' dir='ltr'><strong><em>atque</em></strong></span> <span class='ocrx_word' id='word_1_576' title='bbox 3467 3399 3548 3456; x_wconf 82' lang='lat' dir='ltr'><strong><em>of-</em></strong></span> 
     </span>
    </p>
   </div>
   <div class='ocr_carea' id='block_1_79' title="bbox 1949 3498 3541 3572">
    <p class='ocr_par' dir='ltr' id='par_1_79' title="bbox 1949 3498 3541 3572">
     <span class='ocr_line' id='line_1_79' title="bbox 1949 3498 3541 3572; baseline -0.008 -10"><span class='ocrx_word' id='word_1_577' title='bbox 1949 3506 2055 3562; x_wconf 82' lang='lat' dir='ltr'><strong><em>ﬁcii</em></strong></span> <span class='ocrx_word' id='word_1_578' title='bbox 2094 3505 2495 3566; x_wconf 79' lang='lat' dir='ltr'><strong><em>necessitatem,</em></strong></span> <span class='ocrx_word' id='word_1_579' title='bbox 2538 3517 2641 3572; x_wconf 78' lang='lat' dir='ltr'><strong><em>qua</em></strong></span> <span class='ocrx_word' id='word_1_580' title='bbox 2694 3501 2796 3556; x_wconf 78' lang='lat' dir='ltr'><strong><em>huc</em></strong></span> <span class='ocrx_word' id='word_1_581' title='bbox 2827 3499 2900 3571; x_wconf 89' lang='lat' dir='ltr'><strong><em>(c)</em></strong></span> <span class='ocrx_word' id='word_1_582' title='bbox 2952 3500 3210 3554; x_wconf 64' lang='lat' dir='ltr'><strong><em>Ecclesia:</em></strong></span> <span class='ocrx_word' id='word_1_583' title='bbox 3253 3498 3541 3567; x_wconf 82' lang='lat' dir='ltr'><strong><em>epierpns</em></strong></span> 
     </span>
    </p>
   </div>
   <div class='ocr_carea' id='block_1_80' title="bbox 1950 3591 3546 3668">
    <p class='ocr_par' dir='ltr' id='par_1_80' title="bbox 1950 3591 3546 3668">
     <span class='ocr_line' id='line_1_80' title="bbox 1950 3591 3546 3668; baseline -0.006 -18"><span class='ocrx_word' id='word_1_584' title='bbox 1950 3597 2350 3668; x_wconf 71' lang='lat' dir='ltr'><strong><em>praedicationis</em></strong></span> <span class='ocrx_word' id='word_1_585' title='bbox 2375 3595 2703 3664; x_wconf 67' lang='lat' dir='ltr'><strong><em>evangelica!</em></strong></span> <span class='ocrx_word' id='word_1_586' title='bbox 2724 3593 2897 3647; x_wconf 85' lang='lat' dir='ltr'><strong><em>debeo</em></strong></span> <span class='ocrx_word' id='word_1_587' title='bbox 2938 3591 3334 3650; x_wconf 86' lang='lat' dir='ltr'><strong><em>ministerium;</em></strong></span> <span class='ocrx_word' id='word_1_588' title='bbox 3367 3596 3546 3642; x_wconf 82' lang='lat' dir='ltr'><strong><em>tamen</em></strong></span> 
     </span>
    </p>
   </div>
   <div class='ocr_carea' id='block_1_81' title="bbox 1950 3683 3547 3761">
    <p class='ocr_par' dir='ltr' id='par_1_81' title="bbox 1950 3683 3547 3761">
     <span class='ocr_line' id='line_1_81' title="bbox 1950 3683 3547 3761; baseline -0.007 -14"><span class='ocrx_word' id='word_1_589' title='bbox 1950 3707 2016 3747; x_wconf 90' lang='lat' dir='ltr'><strong><em>eo</em></strong></span> <span class='ocrx_word' id='word_1_590' title='bbox 2053 3690 2371 3761; x_wconf 86' lang='lat' dir='ltr'><strong><em>propensior</em></strong></span> <span class='ocrx_word' id='word_1_591' title='bbox 2410 3703 2538 3743; x_wconf 80' lang='lat' dir='ltr'><strong><em>cura</em></strong></span> <span class='ocrx_word' id='word_1_592' title='bbox 2578 3687 2644 3741; x_wconf 86' lang='lat' dir='ltr'><strong><em>ad</em></strong></span> <span class='ocrx_word' id='word_1_593' title='bbox 2683 3687 3027 3741; x_wconf 80' lang='lat' dir='ltr'><strong><em>seribendum</em></strong></span> <span class='ocrx_word' id='word_1_594' title='bbox 3071 3685 3189 3745; x_wconf 87' lang='lat' dir='ltr'><strong><em>luit,</em></strong></span> <span class='ocrx_word' id='word_1_595' title='bbox 3238 3700 3346 3753; x_wconf 91' lang='lat' dir='ltr'><strong><em>quo</em></strong></span> <span class='ocrx_word' id='word_1_596' title='bbox 3378 3683 3547 3751; x_wconf 78' lang='lat' dir='ltr'><strong><em>magis</em></strong></span> 
     </span>
    </p>
   </div>
   <div class='ocr_carea' id='block_1_82' title="bbox 1951 3775 3543 3854">
    <p class='ocr_par' dir='ltr' id='par_1_82' title="bbox 1951 3775 3543 3854">
     <span class='ocr_line' id='line_1_82' title="bbox 1951 3775 3543 3854; baseline -0.009 -15"><span class='ocrx_word' id='word_1_597' title='bbox 1951 3785 2134 3854; x_wconf 87' lang='lat' dir='ltr'><strong><em>plures</em></strong></span> <span class='ocrx_word' id='word_1_598' title='bbox 2160 3780 2401 3853; x_wconf 83' lang='lat' dir='ltr'><strong><em>periculo</em></strong></span> <span class='ocrx_word' id='word_1_599' title='bbox 2445 3779 2675 3833; x_wconf 89' lang='lat' dir='ltr'><strong><em>inﬁdelis</em></strong></span> <span class='ocrx_word' id='word_1_600' title='bbox 2713 3776 3083 3845; x_wconf 64' lang='lat' dir='ltr'><strong><em>intelligentia:</em></strong></span> <span class='ocrx_word' id='word_1_601' title='bbox 3123 3775 3543 3837; x_wconf 79' lang='lat' dir='ltr'><strong><em>detinebantur;</em></strong></span> 
     </span>
    </p>
   </div>
   <div class='ocr_carea' id='block_1_83' title="bbox 1949 3863 3542 3945">
    <p class='ocr_par' dir='ltr' id='par_1_83' title="bbox 1949 3863 3542 3945">
     <span class='ocr_line' id='line_1_83' title="bbox 1949 3863 3542 3945; baseline -0.009 -15"><span class='ocrx_word' id='word_1_602' title='bbox 1949 3876 2169 3930; x_wconf 87' lang='lat' dir='ltr'><strong><em>uberius</em></strong></span> <span class='ocrx_word' id='word_1_603' title='bbox 2198 3873 2452 3945; x_wconf 83' lang='lat' dir='ltr'><strong><em>gaudium</em></strong></span> <span class='ocrx_word' id='word_1_604' title='bbox 2488 3878 2811 3926; x_wconf 85' lang='lat' dir='ltr'><strong><em>consectans</em></strong></span> <span class='ocrx_word' id='word_1_605' title='bbox 2849 3884 2918 3923; x_wconf 81' lang='lat' dir='ltr'><strong><em>ex</em></strong></span> <span class='ocrx_word' id='word_1_606' title='bbox 2946 3868 3118 3922; x_wconf 89' lang='lat' dir='ltr'><strong><em>salute</em></strong></span> <span class='ocrx_word' id='word_1_607' title='bbox 3149 3867 3463 3929; x_wconf 86' lang='lat' dir='ltr'><strong><em>multorum,</em></strong></span> <span class='ocrx_word' id='word_1_608' title='bbox 3499 3863 3542 3916; x_wconf 88' lang='lat' dir='ltr'><strong><em>si</em></strong></span> 
     </span>
    </p>
   </div>
   <div class='ocr_carea' id='block_1_84' title="bbox 1946 3955 3542 4037">
    <p class='ocr_par' dir='ltr' id='par_1_84' title="bbox 1946 3955 3542 4037">
     <span class='ocr_line' id='line_1_84' title="bbox 1946 3955 3542 4037; baseline -0.008 -16"><span class='ocrx_word' id='word_1_609' title='bbox 1946 3965 2174 4037; x_wconf 79' lang='lat' dir='ltr'><strong><em>cognitis</em></strong></span> <span class='ocrx_word' id='word_1_610' title='bbox 2205 3964 2558 4020; x_wconf 85' lang='lat' dir='ltr'><strong><em>sacramentis</em></strong></span> <span class='ocrx_word' id='word_1_611' title='bbox 2596 3960 2852 4032; x_wconf 69' lang='lat' dir='ltr'><strong><em>perlecta:</em></strong></span> <span class='ocrx_word' id='word_1_612' title='bbox 2895 3961 2948 4014; x_wconf 90' lang='lat' dir='ltr'><strong><em>in</em></strong></span> <span class='ocrx_word' id='word_1_613' title='bbox 2994 3960 3158 4012; x_wconf 83' lang='lat' dir='ltr'><strong><em>Deum</em></strong></span> <span class='ocrx_word' id='word_1_614' title='bbox 3189 3955 3334 4021; x_wconf 87' lang='lat' dir='ltr'><strong><em>ﬁdei,</em></strong></span> <span class='ocrx_word' id='word_1_615' title='bbox 3378 3955 3542 4022; x_wconf 74' lang='lat' dir='ltr'><strong><em>impia</em></strong></span> 
     </span>
    </p>
   </div>
   <div class='ocr_carea' id='block_1_85' title="bbox 1946 4049 3545 4116">
    <p class='ocr_par' dir='ltr' id='par_1_85' title="bbox 1946 4049 3545 4116">
     <span class='ocr_line' id='line_1_85' title="bbox 1946 4049 3545 4116; baseline -0.008 -2"><span class='ocrx_word' id='word_1_616' title='bbox 1946 4060 2197 4114; x_wconf 74' lang='lat' dir='ltr'><strong><em>humana:</em></strong></span> <span class='ocrx_word' id='word_1_617' title='bbox 2216 4057 2457 4112; x_wconf 70' lang='lat' dir='ltr'><strong><em>stultitim</em></strong></span> <span class='ocrx_word' id='word_1_618' title='bbox 2481 4056 2720 4110; x_wconf 88' lang='lat' dir='ltr'><strong><em>instituta</em></strong></span> <span class='ocrx_word' id='word_1_619' title='bbox 2750 4054 3088 4116; x_wconf 82' lang='lat' dir='ltr'><strong><em>desererent,</em></strong></span> <span class='ocrx_word' id='word_1_620' title='bbox 3122 4060 3177 4105; x_wconf 88' lang='lat' dir='ltr'><strong><em>et</em></strong></span> <span class='ocrx_word' id='word_1_621' title='bbox 3201 4067 3260 4104; x_wconf 84' lang='lat' dir='ltr'><strong><em>se</em></strong></span> <span class='ocrx_word' id='word_1_622' title='bbox 3294 4050 3401 4104; x_wconf 81' lang='lat' dir='ltr'><strong><em>Deo</em></strong></span> <span class='ocrx_word' id='word_1_623' title='bbox 3425 4049 3545 4104; x_wconf 82' lang='lat' dir='ltr'><strong><em>red-</em></strong></span> 
     </span>
    </p>
   </div>
   <div class='ocr_carea' id='block_1_86' title="bbox 1944 4142 3542 4218">
    <p class='ocr_par' dir='ltr' id='par_1_86' title="bbox 1944 4142 3542 4218">
     <span class='ocr_line' id='line_1_86' title="bbox 1944 4142 3542 4218; baseline -0.008 -10"><span class='ocrx_word' id='word_1_624' title='bbox 1944 4154 2139 4208; x_wconf 87' lang='lat' dir='ltr'><strong><em>derent</em></strong></span> <span class='ocrx_word' id='word_1_625' title='bbox 2161 4150 2429 4206; x_wconf 73' lang='lat' dir='ltr'><strong><em>haereticis</em></strong></span> <span class='ocrx_word' id='word_1_626' title='bbox 2456 4147 2774 4218; x_wconf 71' lang='lat' dir='ltr'><strong><em>repudiatis.</em></strong></span> <span class='ocrx_word' id='word_1_627' title='bbox 2807 4155 2966 4212; x_wconf 78' lang='lat' dir='ltr'><strong><em>atque</em></strong></span> <span class='ocrx_word' id='word_1_628' title='bbox 2993 4161 3021 4198; x_wconf 87' lang='lat' dir='ltr'><strong><em>a</em></strong></span> <span class='ocrx_word' id='word_1_629' title='bbox 3050 4143 3172 4197; x_wconf 91' lang='lat' dir='ltr'><strong><em>cibo</em></strong></span> <span class='ocrx_word' id='word_1_630' title='bbox 3201 4142 3417 4206; x_wconf 89' lang='lat' dir='ltr'><strong><em>mortis,</em></strong></span> <span class='ocrx_word' id='word_1_631' title='bbox 3435 4155 3542 4209; x_wconf 81' lang='lat' dir='ltr'><strong><em>quo</em></strong></span> 
     </span>
    </p>
   </div>
   <div class='ocr_carea' id='block_1_87' title="bbox 1945 4233 3542 4315">
    <p class='ocr_par' dir='ltr' id='par_1_87' title="bbox 1945 4233 3542 4315">
     <span class='ocr_line' id='line_1_87' title="bbox 1945 4233 3542 4315; baseline -0.008 -14"><span class='ocrx_word' id='word_1_632' title='bbox 1945 4246 1999 4302; x_wconf 91' lang='lat' dir='ltr'><strong>in</strong></span> <span class='ocrx_word' id='word_1_633' title='bbox 2038 4245 2284 4315; x_wconf 82' lang='lat' dir='ltr'><strong><em>laqueum</em></strong></span> <span class='ocrx_word' id='word_1_634' title='bbox 2324 4257 2456 4296; x_wconf 77' lang='lat' dir='ltr'><strong><em>aves</em></strong></span> <span class='ocrx_word' id='word_1_635' title='bbox 2492 4241 2672 4296; x_wconf 89' lang='lat' dir='ltr'><strong><em>solent</em></strong></span> <span class='ocrx_word' id='word_1_636' title='bbox 2706 4239 2854 4304; x_wconf 89' lang='lat' dir='ltr'><strong>illici,</strong></span> <span class='ocrx_word' id='word_1_637' title='bbox 2888 4239 2940 4291; x_wconf 91' lang='lat' dir='ltr'><strong><em>in</em></strong></span> <span class='ocrx_word' id='word_1_638' title='bbox 2983 4237 3218 4289; x_wconf 81' lang='lat' dir='ltr'><strong><em>volatum</em></strong></span> <span class='ocrx_word' id='word_1_639' title='bbox 3261 4250 3318 4287; x_wconf 83' lang='lat' dir='ltr'><strong><em>se</em></strong></span> <span class='ocrx_word' id='word_1_640' title='bbox 3356 4233 3542 4288; x_wconf 62' lang='lat' dir='ltr'><strong><em>liber-te</em></strong></span> 
     </span>
    </p>
   </div>
   <div class='ocr_carea' id='block_1_88' title="bbox 1945 4319 3546 4408">
    <p class='ocr_par' dir='ltr' id='par_1_88' title="bbox 1945 4319 3546 4408">
     <span class='ocr_line' id='line_1_88' title="bbox 1945 4319 3546 4408; baseline -0.009 -12"><span class='ocrx_word' id='word_1_641' title='bbox 1945 4340 2252 4396; x_wconf 86' lang='lat' dir='ltr'><strong><em>securitatis</em></strong></span> <span class='ocrx_word' id='word_1_642' title='bbox 2285 4339 2588 4408; x_wconf 85' lang='lat' dir='ltr'><strong><em>erigerent;</em></strong></span> <span class='ocrx_word' id='word_1_643' title='bbox 2635 4319 3100 4407; x_wconf 65' lang='lat' dir='ltr'><strong><em>senuerenturque</em></strong></span> <span class='ocrx_word' id='word_1_644' title='bbox 3143 4330 3416 4384; x_wconf 75' lang='lat' dir='ltr'><strong><em>Christum</em></strong></span> <span class='ocrx_word' id='word_1_645' title='bbox 3444 4329 3546 4383; x_wconf 90' lang='lat' dir='ltr'><strong><em>du-</em></strong></span> 
     </span>
    </p>
   </div>
   <div class='ocr_carea' id='block_1_89' title="bbox 1943 4421 3539 4503">
    <p class='ocr_par' dir='ltr' id='par_1_89' title="bbox 1943 4421 3539 4503">
     <span class='ocr_line' id='line_1_89' title="bbox 1943 4421 3539 4503; baseline -0.008 -14"><span class='ocrx_word' id='word_1_646' title='bbox 1943 4449 2084 4500; x_wconf 91' lang='lat' dir='ltr'><strong><em>cem,</em></strong></span> <span class='ocrx_word' id='word_1_647' title='bbox 2122 4432 2416 4503; x_wconf 89' lang='lat' dir='ltr'><strong><em>prophetas</em></strong></span> <span class='ocrx_word' id='word_1_648' title='bbox 2455 4431 2693 4494; x_wconf 87' lang='lat' dir='ltr'><strong><em>nuntios,</em></strong></span> <span class='ocrx_word' id='word_1_649' title='bbox 2749 4426 3042 4498; x_wconf 85' lang='lat' dir='ltr'><strong><em>Apostolos</em></strong></span> <span class='ocrx_word' id='word_1_650' title='bbox 3086 4424 3337 4494; x_wconf 69' lang='lat' dir='ltr'><strong><em>prains,</em></strong></span> <span class='ocrx_word' id='word_1_651' title='bbox 3382 4421 3539 4476; x_wconf 86' lang='lat' dir='ltr'><strong><em>ﬁdem</em></strong></span> 
     </span>
    </p>
   </div>
   <div class='ocr_carea' id='block_1_90' title="bbox 1943 4515 3538 4588">
    <p class='ocr_par' dir='ltr' id='par_1_90' title="bbox 1943 4515 3538 4588">
     <span class='ocr_line' id='line_1_90' title="bbox 1943 4515 3538 4588; baseline -0.01 -4"><span class='ocrx_word' id='word_1_652' title='bbox 1943 4535 2400 4588; x_wconf 83' lang='lat' dir='ltr'><strong><em>consummatam.</em></strong></span> <span class='ocrx_word' id='word_1_653' title='bbox 2430 4534 2483 4582; x_wconf 85' lang='lat' dir='ltr'><strong><em>et</em></strong></span> <span class='ocrx_word' id='word_1_654' title='bbox 2513 4525 2739 4578; x_wconf 86' lang='lat' dir='ltr'><strong><em>salutem</em></strong></span> <span class='ocrx_word' id='word_1_655' title='bbox 2784 4522 2835 4576; x_wconf 89' lang='lat' dir='ltr'><strong><em>in</em></strong></span> <span class='ocrx_word' id='word_1_656' title='bbox 2870 4519 3044 4574; x_wconf 76' lang='lat' dir='ltr'><strong><em>Patris</em></strong></span> <span class='ocrx_word' id='word_1_657' title='bbox 3072 4524 3126 4574; x_wconf 84' lang='lat' dir='ltr'><strong><em>et</em></strong></span> <span class='ocrx_word' id='word_1_658' title='bbox 3169 4517 3291 4573; x_wconf 86' lang='lat' dir='ltr'><strong><em>Filii</em></strong></span> <span class='ocrx_word' id='word_1_659' title='bbox 3326 4515 3538 4570; x_wconf 81' lang='lat' dir='ltr'><strong><em>confes-</em></strong></span> 
     </span>
    </p>
   </div>
   <div class='ocr_carea' id='block_1_91' title="bbox 304 4609 3542 4693">
    <p class='ocr_par' dir='ltr' id='par_1_91' title="bbox 304 4609 3542 4693">
     <span class='ocr_line' id='line_1_91' title="bbox 304 4609 3542 4693; baseline -0.002 -23"><span class='ocrx_word' id='word_1_660' title='bbox 304 4620 360 4672; x_wconf 84' lang='lat' dir='ltr'><strong><em>tit</em></strong></span> <span class='ocrx_word' id='word_1_661' title='bbox 386 4617 749 4689; x_wconf 86' lang='lat' dir='ltr'><strong><em>conquerentis</em></strong></span> <span class='ocrx_word' id='word_1_662' title='bbox 797 4617 864 4670; x_wconf 86' lang='lat' dir='ltr'><strong><em>ad</em></strong></span> <span class='ocrx_word' id='word_1_663' title='bbox 891 4618 1123 4682; x_wconf 78' lang='lat' dir='ltr'><strong><em>modum,</em></strong></span> <span class='ocrx_word' id='word_1_664' title='bbox 1149 4617 1285 4684; x_wconf 85' lang='lat' dir='ltr'><strong><em>quod</em></strong></span> <span class='ocrx_word' id='word_1_665' title='bbox 1325 4630 1379 4668; x_wconf 88' lang='lat' dir='ltr'><strong><em>se</em></strong></span> <span class='ocrx_word' id='word_1_666' title='bbox 1407 4630 1500 4685; x_wconf 88' lang='lat' dir='ltr'><strong><em>per</em></strong></span> <span class='ocrx_word' id='word_1_667' title='bbox 1529 4613 1744 4686; x_wconf 67' lang='lat' dir='ltr'><strong><em>Moysen</em></strong></span> <span class='ocrx_word' id='word_1_668' title='bbox 1793 4628 1836 4672; x_wconf 89' lang='lat' dir='ltr'><strong><em>et</em></strong></span> <span class='ocrx_word' id='word_1_669' title='bbox 1865 4631 1918 4693; x_wconf 79' lang='lat'><strong><em>1)</em></strong></span> <span class='ocrx_word' id='word_1_670' title='bbox 1943 4620 2096 4676; x_wconf 89' lang='lat' dir='ltr'><strong><em>sione</em></strong></span> <span class='ocrx_word' id='word_1_671' title='bbox 2141 4617 2478 4689; x_wconf 80' lang='lat' dir='ltr'><strong><em>perlectum;</em></strong></span> <span class='ocrx_word' id='word_1_672' title='bbox 2513 4626 2569 4672; x_wconf 89' lang='lat' dir='ltr'><strong><em>et</em></strong></span> <span class='ocrx_word' id='word_1_673' title='bbox 2609 4631 2731 4672; x_wconf 90' lang='lat' dir='ltr'><strong><em>cum</em></strong></span> <span class='ocrx_word' id='word_1_674' title='bbox 2773 4614 2975 4669; x_wconf 90' lang='lat' dir='ltr'><strong><em>dictum</em></strong></span> <span class='ocrx_word' id='word_1_675' title='bbox 3026 4609 3402 4666; x_wconf 87' lang='lat' dir='ltr'><strong><em>meminissent</em></strong></span> <span class='ocrx_word' id='word_1_676' title='bbox 3446 4621 3542 4663; x_wconf 82' lang='lat' dir='ltr'><strong><em>ore</em></strong></span> 
     </span>
    </p>
   </div>
   <div class='ocr_carea' id='block_1_92' title="bbox 305 4706 1838 4780">
    <p class='ocr_par' dir='ltr' id='par_1_92' title="bbox 305 4706 1838 4780">
     <span class='ocr_line' id='line_1_92' title="bbox 305 4706 1838 4780; baseline -0.001 -16"><span class='ocrx_word' id='word_1_677' title='bbox 305 4710 582 4780; x_wconf 82' lang='lat' dir='ltr'><strong><em>praphetas</em></strong></span> <span class='ocrx_word' id='word_1_678' title='bbox 607 4709 878 4779; x_wconf 83' lang='lat' dir='ltr'><strong><em>deceperit,</em></strong></span> <span class='ocrx_word' id='word_1_679' title='bbox 901 4716 949 4762; x_wconf 89' lang='lat' dir='ltr'><strong><em>et</em></strong></span> <span class='ocrx_word' id='word_1_680' title='bbox 973 4706 1276 4778; x_wconf 77' lang='lat' dir='ltr'><strong><em>euangelicis</em></strong></span> <span class='ocrx_word' id='word_1_681' title='bbox 1296 4706 1690 4778; x_wconf 84' lang='lat' dir='ltr'><strong><em>apostolicisque</em></strong></span> <span class='ocrx_word' id='word_1_682' title='bbox 1714 4707 1838 4762; x_wconf 87' lang='lat' dir='ltr'><strong><em>doc-</em></strong></span> 
     </span>
    </p>
   </div>
   <div class='ocr_carea' id='block_1_93' title="bbox 239 4839 1831 4914">
    <p class='ocr_par' dir='ltr' id='par_1_93' title="bbox 239 4839 1831 4914">
     <span class='ocr_line' id='line_1_93' title="bbox 239 4839 1831 4914; baseline 0.004 -16"><span class='ocrx_word' id='word_1_683' title='bbox 239 4839 405 4900; x_wconf 84' lang='lat' dir='ltr'><strong><em>cnlam</em></strong></span> <span class='ocrx_word' id='word_1_684' title='bbox 437 4862 560 4902; x_wconf 87' lang='lat' dir='ltr'><strong><em>non.</em></strong></span> <span class='ocrx_word' id='word_1_685' title='bbox 610 4843 867 4900; x_wconf 78' lang='lat' dir='ltr'><strong><em>Eamdem</em></strong></span> <span class='ocrx_word' id='word_1_686' title='bbox 899 4858 1006 4914; x_wconf 64' lang='lat' dir='ltr'><strong><em>pra.</em></strong></span> <span class='ocrx_word' id='word_1_687' title='bbox 1034 4857 1094 4899; x_wconf 82' lang='lat' dir='ltr'><strong><em>se</em></strong></span> <span class='ocrx_word' id='word_1_688' title='bbox 1134 4843 1237 4899; x_wconf 79' lang='lat' dir='ltr'><strong><em>fert</em></strong></span> <span class='ocrx_word' id='word_1_689' title='bbox 1269 4858 1365 4898; x_wconf 89' lang='lat' dir='ltr'><strong><em>ms.</em></strong></span> <span class='ocrx_word' id='word_1_690' title='bbox 1400 4844 1520 4899; x_wconf 86' lang='lat' dir='ltr'><strong><em>Vat.</em></strong></span> <span class='ocrx_word' id='word_1_691' title='bbox 1565 4845 1678 4902; x_wconf 79' lang='lat' dir='ltr'><strong><em>bas.</em></strong></span> <span class='ocrx_word' id='word_1_692' title='bbox 1709 4861 1831 4904; x_wconf 87' lang='lat' dir='ltr'><strong><em>cum</em></strong></span> 
     </span>
    </p>
   </div>
   <div class='ocr_carea' id='block_1_94' title="bbox 241 4915 1828 4987">
    <p class='ocr_par' dir='ltr' id='par_1_94' title="bbox 241 4915 1828 4987">
     <span class='ocr_line' id='line_1_94' title="bbox 241 4915 1828 4987; baseline 0.003 -18"><span class='ocrx_word' id='word_1_693' title='bbox 241 4917 405 4971; x_wconf 84' lang='lat' dir='ltr'><strong><em>tribus</em></strong></span> <span class='ocrx_word' id='word_1_694' title='bbox 427 4917 549 4972; x_wconf 77' lang='lat' dir='ltr'><strong><em>aliis</em></strong></span> <span class='ocrx_word' id='word_1_695' title='bbox 577 4916 986 4973; x_wconf 69' lang='lat' dir='ltr'><strong><em>recentioribus.</em></strong></span> <span class='ocrx_word' id='word_1_696' title='bbox 1015 4916 1080 4968; x_wconf 81' lang='lat' dir='ltr'><strong><em>At</em></strong></span> <span class='ocrx_word' id='word_1_697' title='bbox 1104 4915 1154 4969; x_wconf 91' lang='lat' dir='ltr'><strong><em>in</em></strong></span> <span class='ocrx_word' id='word_1_698' title='bbox 1186 4915 1316 4969; x_wconf 85' lang='lat' dir='ltr'><strong><em>solis</em></strong></span> <span class='ocrx_word' id='word_1_699' title='bbox 1339 4915 1498 4987; x_wconf 83' lang='lat' dir='ltr'><strong><em>editis</em></strong></span> <span class='ocrx_word' id='word_1_700' title='bbox 1528 4917 1705 4986; x_wconf 81' lang='lat' dir='ltr'><strong><em>legere</em></strong></span> <span class='ocrx_word' id='word_1_701' title='bbox 1727 4930 1828 4987; x_wconf 85' lang='lat' dir='ltr'><strong><em>est,</em></strong></span> 
     </span>
    </p>
   </div>
   <div class='ocr_carea' id='block_1_95' title="bbox 239 4985 1828 5055">
    <p class='ocr_par' dir='ltr' id='par_1_95' title="bbox 239 4985 1828 5055">
     <span class='ocr_line' id='line_1_95' title="bbox 239 4985 1828 5055; baseline 0.004 -15"><span class='ocrx_word' id='word_1_702' title='bbox 239 4999 281 5040; x_wconf 79' lang='lat' dir='ltr'><strong><em>et</em></strong></span> <span class='ocrx_word' id='word_1_703' title='bbox 307 4989 643 5043; x_wconf 67' lang='lat' dir='ltr'><strong><em>indisertum.</em></strong></span> <span class='ocrx_word' id='word_1_704' title='bbox 675 4987 866 5050; x_wconf 87' lang='lat' dir='ltr'><strong><em>Porro,</em></strong></span> <span class='ocrx_word' id='word_1_705' title='bbox 899 4988 972 5042; x_wconf 89' lang='lat' dir='ltr'><strong><em>uti</em></strong></span> <span class='ocrx_word' id='word_1_706' title='bbox 995 4988 1146 5040; x_wconf 87' lang='lat' dir='ltr'><strong><em>testis</em></strong></span> <span class='ocrx_word' id='word_1_707' title='bbox 1175 4995 1260 5040; x_wconf 85' lang='lat' dir='ltr'><strong><em>est</em></strong></span> <span class='ocrx_word' id='word_1_708' title='bbox 1296 4985 1637 5055; x_wconf 78' lang='lat' dir='ltr'><strong><em>Athanasius,</em></strong></span> <span class='ocrx_word' id='word_1_709' title='bbox 1671 4991 1763 5045; x_wconf 66' lang='grc' dir='ltr'><strong><em>υτ.</em></strong></span> <span class='ocrx_word' id='word_1_710' title='bbox 1793 4985 1828 5048; x_wconf 85' lang='lat' dir='ltr'><strong><em>tt</em></strong></span> 
     </span>
    </p>
   </div>
   <div class='ocr_carea' id='block_1_96' title="bbox 240 5057 1833 5126">
    <p class='ocr_par' dir='ltr' id='par_1_96' title="bbox 240 5057 1833 5126">
     <span class='ocr_line' id='line_1_96' title="bbox 240 5057 1833 5126; baseline 0.003 -13"><span class='ocrx_word' id='word_1_711' title='bbox 240 5069 413 5113; x_wconf 79' lang='lat' dir='ltr'><strong><em>contr.</em></strong></span> <span class='ocrx_word' id='word_1_712' title='bbox 429 5060 551 5125; x_wconf 82' lang='lat' dir='ltr'><strong><em>Ar.,</em></strong></span> <span class='ocrx_word' id='word_1_713' title='bbox 571 5076 623 5116; x_wconf 72' lang='grc' dir='ltr'><strong>η.</strong></span> <span class='ocrx_word' id='word_1_714' title='bbox 641 5059 701 5113; x_wconf 80' lang='grc'><strong><em>51</em></strong></span> <span class='ocrx_word' id='word_1_715' title='bbox 717 5059 740 5113; x_wconf 81' lang='lat' dir='ltr'><strong>l</strong></span> <span class='ocrx_word' id='word_1_716' title='bbox 755 5101 768 5122; x_wconf 91' lang='lat'><strong><em>,</em></strong></span> <span class='ocrx_word' id='word_1_717' title='bbox 789 5059 1098 5112; x_wconf 75' lang='lat' dir='ltr'><strong><em>asserebant</em></strong></span> <span class='ocrx_word' id='word_1_718' title='bbox 1121 5057 1306 5111; x_wconf 84' lang='lat' dir='ltr'><strong><em>Ariani</em></strong></span> <span class='ocrx_word' id='word_1_719' title='bbox 1329 5073 1449 5112; x_wconf 92' lang='lat' dir='ltr'><strong><em>cum</em></strong></span> <span class='ocrx_word' id='word_1_720' title='bbox 1472 5073 1570 5112; x_wconf 89' lang='lat' dir='ltr'><strong><em>suo</em></strong></span> <span class='ocrx_word' id='word_1_721' title='bbox 1595 5062 1833 5126; x_wconf 79' lang='lat' dir='ltr'><strong><em>principe</em></strong></span> 
     </span>
    </p>
   </div>
   <div class='ocr_carea' id='block_1_97' title="bbox 241 5129 1833 5198">
    <p class='ocr_par' dir='ltr' id='par_1_97' title="bbox 241 5129 1833 5198">
     <span class='ocr_line' id='line_1_97' title="bbox 241 5129 1833 5198; baseline 0.003 -16"><span class='ocrx_word' id='word_1_722' title='bbox 241 5130 287 5184; x_wconf 87' lang='lat' dir='ltr'><strong><em>in</em></strong></span> <span class='ocrx_word' id='word_1_723' title='bbox 315 5131 528 5194; x_wconf 78' lang='lat' dir='ltr'><strong><em>Thalia,</em></strong></span> <span class='ocrx_word' id='word_1_724' title='bbox 574 5130 790 5188; x_wconf 82' lang='lat' dir='ltr'><strong><em>Verbum</em></strong></span> <span class='ocrx_word' id='word_1_725' title='bbox 817 5129 958 5182; x_wconf 85' lang='lat' dir='ltr'><strong><em>aliud</em></strong></span> <span class='ocrx_word' id='word_1_726' title='bbox 983 5131 1336 5198; x_wconf 85' lang='lat' dir='ltr'><strong><em>diversumque</em></strong></span> <span class='ocrx_word' id='word_1_727' title='bbox 1364 5145 1424 5182; x_wconf 86' lang='lat' dir='ltr'><strong><em>ac</em></strong></span> <span class='ocrx_word' id='word_1_728' title='bbox 1449 5129 1698 5186; x_wconf 81' lang='lat' dir='ltr'><strong><em>dissimile</em></strong></span> <span class='ocrx_word' id='word_1_729' title='bbox 1726 5150 1833 5188; x_wconf 78' lang='lat' dir='ltr'><strong><em>esse</em></strong></span> 
     </span>
    </p>
   </div>
   <div class='ocr_carea' id='block_1_98' title="bbox 241 5199 1070 5274">
    <p class='ocr_par' dir='ltr' id='par_1_98' title="bbox 241 5199 1070 5274">
     <span class='ocr_line' id='line_1_98' title="bbox 241 5199 1070 5274; baseline -0.006 -16"><span class='ocrx_word' id='word_1_730' title='bbox 241 5219 322 5274; x_wconf 73' lang='lat' dir='ltr'><strong><em>per</em></strong></span> <span class='ocrx_word' id='word_1_731' title='bbox 345 5206 519 5258; x_wconf 89' lang='lat' dir='ltr'><strong><em>omnia</em></strong></span> <span class='ocrx_word' id='word_1_732' title='bbox 547 5203 846 5274; x_wconf 73' lang='lat' dir='ltr'><strong><em>substantia:</em></strong></span> <span class='ocrx_word' id='word_1_733' title='bbox 877 5199 1070 5255; x_wconf 87' lang='lat' dir='ltr'><strong><em>Patris.</em></strong></span> 
     </span>
    </p>
   </div>
   <div class='ocr_carea' id='block_1_99' title="bbox 309 5271 1828 5341">
    <p class='ocr_par' dir='ltr' id='par_1_99' title="bbox 309 5271 1828 5341">
     <span class='ocr_line' id='line_1_99' title="bbox 309 5271 1828 5341; baseline 0.001 -13"><span class='ocrx_word' id='word_1_734' title='bbox 309 5277 390 5341; x_wconf 76' lang='grc' dir='ltr'><strong><em>(η)</em></strong></span> <span class='ocrx_word' id='word_1_735' title='bbox 417 5274 472 5330; x_wconf 83' lang='lat' dir='ltr'><strong>In</strong></span> <span class='ocrx_word' id='word_1_736' title='bbox 511 5289 641 5328; x_wconf 87' lang='lat' dir='ltr'><strong><em>mss.</em></strong></span> <span class='ocrx_word' id='word_1_737' title='bbox 675 5272 829 5328; x_wconf 89' lang='lat' dir='ltr'><strong><em>Colb.</em></strong></span> <span class='ocrx_word' id='word_1_738' title='bbox 875 5279 928 5327; x_wconf 89' lang='lat' dir='ltr'><strong><em>et</em></strong></span> <span class='ocrx_word' id='word_1_739' title='bbox 974 5274 1158 5326; x_wconf 79' lang='lat' dir='ltr'><strong><em>Germ.</em></strong></span> <span class='ocrx_word' id='word_1_740' title='bbox 1190 5272 1362 5338; x_wconf 84' lang='lat' dir='ltr'><strong><em>etiam,</em></strong></span> <span class='ocrx_word' id='word_1_741' title='bbox 1414 5271 1532 5326; x_wconf 86' lang='lat' dir='ltr'><strong><em>loco</em></strong></span> <span class='ocrx_word' id='word_1_742' title='bbox 1565 5274 1715 5328; x_wconf 89' lang='lat' dir='ltr'><strong><em>verbi</em></strong></span> <span class='ocrx_word' id='word_1_743' title='bbox 1757 5293 1828 5330; x_wconf 86' lang='lat' dir='ltr'><strong><em>es.</em></strong></span> 
     </span>
    </p>
   </div>
   <div class='ocr_carea' id='block_1_100' title="bbox 243 5342 1830 5414">
    <p class='ocr_par' dir='ltr' id='par_1_100' title="bbox 243 5342 1830 5414">
     <span class='ocr_line' id='line_1_100' title="bbox 243 5342 1830 5414; baseline 0.002 -14"><span class='ocrx_word' id='word_1_744' title='bbox 243 5343 334 5400; x_wconf 81' lang='lat' dir='ltr'><strong><em>llic</em></strong></span> <span class='ocrx_word' id='word_1_745' title='bbox 369 5347 673 5402; x_wconf 84' lang='lat' dir='ltr'><strong><em>sacramenti</em></strong></span> <span class='ocrx_word' id='word_1_746' title='bbox 698 5345 908 5398; x_wconf 74' lang='lat' dir='ltr'><strong><em>caelestis</em></strong></span> <span class='ocrx_word' id='word_1_747' title='bbox 936 5344 1147 5414; x_wconf 88' lang='lat' dir='ltr'><strong><em>ignarus</em></strong></span> <span class='ocrx_word' id='word_1_748' title='bbox 1172 5342 1512 5410; x_wconf 76' lang='lat' dir='ltr'><strong><em>przedicmur,</em></strong></span> <span class='ocrx_word' id='word_1_749' title='bbox 1545 5347 1631 5411; x_wconf 76' lang='lat' dir='ltr'><strong><em>qui</em></strong></span> <span class='ocrx_word' id='word_1_750' title='bbox 1663 5347 1830 5403; x_wconf 86' lang='lat' dir='ltr'><strong><em>Deum</em></strong></span> 
     </span>
    </p>
   </div>
   <div class='ocr_carea' id='block_1_101' title="bbox 240 5415 1827 5486">
    <p class='ocr_par' dir='ltr' id='par_1_101' title="bbox 240 5415 1827 5486">
     <span class='ocr_line' id='line_1_101' title="bbox 240 5415 1827 5486; baseline 0.003 -18"><span class='ocrx_word' id='word_1_751' title='bbox 240 5417 350 5471; x_wconf 77' lang='lat' dir='ltr'><strong><em>reri</em></strong></span> <span class='ocrx_word' id='word_1_752' title='bbox 381 5417 467 5472; x_wconf 91' lang='lat' dir='ltr'><strong><em>ﬁlii</em></strong></span> <span class='ocrx_word' id='word_1_753' title='bbox 493 5432 678 5470; x_wconf 84' lang='lat' dir='ltr'><strong><em>verum</em></strong></span> <span class='ocrx_word' id='word_1_754' title='bbox 703 5423 911 5486; x_wconf 89' lang='lat' dir='ltr'><strong><em>patrem</em></strong></span> <span class='ocrx_word' id='word_1_755' title='bbox 934 5429 1052 5468; x_wconf 77' lang='lat' dir='ltr'><strong><em>esse</em></strong></span> <span class='ocrx_word' id='word_1_756' title='bbox 1081 5416 1330 5486; x_wconf 63' lang='lat' dir='ltr'><strong><em>ignorat:</em></strong></span> <span class='ocrx_word' id='word_1_757' title='bbox 1351 5415 1489 5482; x_wconf 77' lang='lat' dir='ltr'><strong><em>quod</em></strong></span> <span class='ocrx_word' id='word_1_758' title='bbox 1515 5419 1604 5484; x_wconf 83' lang='lat' dir='ltr'><strong><em>qui</em></strong></span> <span class='ocrx_word' id='word_1_759' title='bbox 1635 5418 1827 5486; x_wconf 79' lang='lat' dir='ltr'><strong><em>nescit,</em></strong></span> 
     </span>
    </p>
   </div>
   <div class='ocr_carea' id='block_1_102' title="bbox 240 5483 1575 5552">
    <p class='ocr_par' dir='ltr' id='par_1_102' title="bbox 240 5483 1575 5552">
     <span class='ocr_line' id='line_1_102' title="bbox 240 5483 1575 5552; baseline -0.001 -12"><span class='ocrx_word' id='word_1_760' title='bbox 240 5501 432 5542; x_wconf 85' lang='lat' dir='ltr'><strong><em>nomen</em></strong></span> <span class='ocrx_word' id='word_1_761' title='bbox 463 5487 555 5542; x_wconf 88' lang='lat' dir='ltr'><strong><em>Dei</em></strong></span> <span class='ocrx_word' id='word_1_762' title='bbox 594 5483 828 5541; x_wconf 76' lang='lat' dir='ltr'><strong><em>nondum</em></strong></span> <span class='ocrx_word' id='word_1_763' title='bbox 859 5487 999 5539; x_wconf 85' lang='lat' dir='ltr'><strong><em>scire</em></strong></span> <span class='ocrx_word' id='word_1_764' title='bbox 1028 5483 1223 5552; x_wconf 79' lang='lat' dir='ltr'><strong><em>szepius</em></strong></span> <span class='ocrx_word' id='word_1_765' title='bbox 1254 5483 1575 5538; x_wconf 81' lang='lat' dir='ltr'><strong><em>afﬁrmatur.</em></strong></span> 
     </span>
    </p>
   </div>
   <div class='ocr_carea' id='block_1_103' title="bbox 307 5555 1834 5626">
    <p class='ocr_par' dir='ltr' id='par_1_103' title="bbox 307 5555 1834 5626">
     <span class='ocr_line' id='line_1_103' title="bbox 307 5555 1834 5626; baseline 0 -13"><span class='ocrx_word' id='word_1_766' title='bbox 307 5561 385 5626; x_wconf 69' lang='lat' dir='ltr'><strong><em>ib)</em></strong></span> <span class='ocrx_word' id='word_1_767' title='bbox 416 5559 511 5612; x_wconf 78' lang='lat' dir='ltr'><strong><em>Ms.</em></strong></span> <span class='ocrx_word' id='word_1_768' title='bbox 555 5559 670 5610; x_wconf 87' lang='lat' dir='ltr'><strong><em>bas.</em></strong></span> <span class='ocrx_word' id='word_1_769' title='bbox 706 5556 824 5611; x_wconf 86' lang='lat' dir='ltr'><strong><em>Vat.</em></strong></span> <span class='ocrx_word' id='word_1_770' title='bbox 859 5556 1238 5625; x_wconf 61' lang='lat' dir='ltr'><strong><em>imprudentia.</em></strong></span> <span class='ocrx_word' id='word_1_771' title='bbox 1269 5555 1342 5611; x_wconf 86' lang='lat' dir='ltr'><strong><em>Ne</em></strong></span> <span class='ocrx_word' id='word_1_772' title='bbox 1369 5558 1485 5625; x_wconf 82' lang='lat' dir='ltr'><strong><em>quis</em></strong></span> <span class='ocrx_word' id='word_1_773' title='bbox 1510 5559 1644 5612; x_wconf 74' lang='lat' dir='ltr'><strong><em>forte</em></strong></span> <span class='ocrx_word' id='word_1_774' title='bbox 1674 5573 1740 5613; x_wconf 78' lang='lat' dir='ltr'><strong><em>ex</em></strong></span> <span class='ocrx_word' id='word_1_775' title='bbox 1773 5559 1834 5614; x_wconf 62' lang='grc' dir='ltr'><strong><em>Ιιδ</em></strong></span> 
     </span>
    </p>
   </div>
   <div class='ocr_carea' id='block_1_104' title="bbox 237 5627 1829 5700">
    <p class='ocr_par' dir='ltr' id='par_1_104' title="bbox 237 5627 1829 5700">
     <span class='ocr_line' id='line_1_104' title="bbox 237 5627 1829 5700; baseline 0.004 -19"><span class='ocrx_word' id='word_1_776' title='bbox 237 5627 317 5684; x_wconf 80' lang='lat' dir='ltr'><strong><em>bri</em></strong></span> <span class='ocrx_word' id='word_1_777' title='bbox 351 5629 507 5700; x_wconf 86' lang='lat' dir='ltr'><strong><em>hujus</em></strong></span> <span class='ocrx_word' id='word_1_778' title='bbox 554 5628 709 5684; x_wconf 89' lang='lat' dir='ltr'><strong><em>initio</em></strong></span> <span class='ocrx_word' id='word_1_779' title='bbox 740 5627 1265 5700; x_wconf 80' lang='lat' dir='ltr'><strong><em>anhnutuindncat,</em></strong></span> <span class='ocrx_word' id='word_1_780' title='bbox 1300 5641 1482 5681; x_wconf 86' lang='lat' dir='ltr'><strong><em>veram</em></strong></span> <span class='ocrx_word' id='word_1_781' title='bbox 1517 5627 1674 5683; x_wconf 88' lang='lat' dir='ltr'><strong><em>ﬁdem</em></strong></span> <span class='ocrx_word' id='word_1_782' title='bbox 1704 5638 1829 5687; x_wconf 89' lang='lat' dir='ltr'><strong><em>tunc</em></strong></span> 
     </span>
    </p>
   </div>
   <div class='ocr_carea' id='block_1_105' title="bbox 241 5697 1834 5768">
    <p class='ocr_par' dir='ltr' id='par_1_105' title="bbox 241 5697 1834 5768">
     <span class='ocr_line' id='line_1_105' title="bbox 241 5697 1834 5768; baseline 0.003 -18"><span class='ocrx_word' id='word_1_783' title='bbox 241 5697 494 5767; x_wconf 76' lang='lat' dir='ltr'><strong><em>temporis</em></strong></span> <span class='ocrx_word' id='word_1_784' title='bbox 521 5702 572 5756; x_wconf 88' lang='lat' dir='ltr'><strong><em>in</em></strong></span> <span class='ocrx_word' id='word_1_785' title='bbox 607 5708 720 5753; x_wconf 89' lang='lat' dir='ltr'><strong><em>toto</em></strong></span> <span class='ocrx_word' id='word_1_786' title='bbox 768 5713 901 5766; x_wconf 82' lang='lat' dir='ltr'><strong><em>pene</em></strong></span> <span class='ocrx_word' id='word_1_787' title='bbox 929 5699 1061 5753; x_wconf 86' lang='lat' dir='ltr'><strong><em>orhe</em></strong></span> <span class='ocrx_word' id='word_1_788' title='bbox 1092 5697 1256 5753; x_wconf 82' lang='lat' dir='ltr'><strong><em>fuisse</em></strong></span> <span class='ocrx_word' id='word_1_789' title='bbox 1284 5701 1608 5754; x_wconf 73' lang='lat' dir='ltr'><strong><em>exstinctum</em></strong></span> <span class='ocrx_word' id='word_1_790' title='bbox 1636 5716 1648 5768; x_wconf 94' lang='lat'><strong>;</strong></span> <span class='ocrx_word' id='word_1_791' title='bbox 1679 5716 1834 5757; x_wconf 78' lang='lat' dir='ltr'><strong><em>reco-</em></strong></span> 
     </span>
    </p>
   </div>
   <div class='ocr_carea' id='block_1_106' title="bbox 237 5769 1835 5840">
    <p class='ocr_par' dir='ltr' id='par_1_106' title="bbox 237 5769 1835 5840">
     <span class='ocr_line' id='line_1_106' title="bbox 237 5769 1835 5840; baseline 0.004 -16"><span class='ocrx_word' id='word_1_792' title='bbox 237 5769 456 5826; x_wconf 83' lang='lat' dir='ltr'><strong><em>leadum</em></strong></span> <span class='ocrx_word' id='word_1_793' title='bbox 481 5783 565 5827; x_wconf 77' lang='lat' dir='ltr'><strong><em>est</em></strong></span> <span class='ocrx_word' id='word_1_794' title='bbox 595 5771 739 5840; x_wconf 87' lang='lat' dir='ltr'><strong><em>quod</em></strong></span> <span class='ocrx_word' id='word_1_795' title='bbox 763 5773 1012 5826; x_wconf 86' lang='lat' dir='ltr'><strong><em>Socrates</em></strong></span> <span class='ocrx_word' id='word_1_796' title='bbox 1032 5772 1101 5824; x_wconf 82' lang='lat' dir='ltr'><strong><em>ait</em></strong></span> <span class='ocrx_word' id='word_1_797' title='bbox 1141 5769 1232 5825; x_wconf 89' lang='lat' dir='ltr'><strong><em>lib.</em></strong></span> <span class='ocrx_word' id='word_1_798' title='bbox 1263 5782 1319 5838; x_wconf 89' lang='lat' dir='ltr'><strong><em>tt,</em></strong></span> <span class='ocrx_word' id='word_1_799' title='bbox 1345 5783 1394 5826; x_wconf 89' lang='lat' dir='ltr'><strong><em>c.</em></strong></span> <span class='ocrx_word' id='word_1_800' title='bbox 1421 5771 1488 5825; x_wconf 74' lang='grc'><strong><em>27</em></strong></span> <span class='ocrx_word' id='word_1_801' title='bbox 1517 5787 1528 5825; x_wconf 90' lang='lat'><strong><em>:</em></strong></span> <span class='ocrx_word' id='word_1_802' title='bbox 1560 5773 1766 5830; x_wconf 77' lang='lat' dir='ltr'><strong><em>Achaia:</em></strong></span> <span class='ocrx_word' id='word_1_803' title='bbox 1784 5784 1835 5830; x_wconf 90' lang='lat' dir='ltr'><strong><em>et</em></strong></span> 
     </span>
    </p>
   </div>
   <div class='ocr_carea' id='block_1_107' title="bbox 240 5840 1837 5915">
    <p class='ocr_par' dir='ltr' id='par_1_107' title="bbox 240 5840 1837 5915">
     <span class='ocr_line' id='line_1_107' title="bbox 240 5840 1837 5915; baseline 0.006 -21"><span class='ocrx_word' id='word_1_804' title='bbox 240 5840 442 5914; x_wconf 76' lang='lat' dir='ltr'><strong><em>Illyrici</em></strong></span> <span class='ocrx_word' id='word_1_805' title='bbox 466 5843 712 5909; x_wconf 76' lang='lat' dir='ltr'><strong><em>civitates,</em></strong></span> <span class='ocrx_word' id='word_1_806' title='bbox 738 5852 783 5898; x_wconf 78' lang='lat' dir='ltr'><strong><em>et</em></strong></span> <span class='ocrx_word' id='word_1_807' title='bbox 811 5844 1020 5915; x_wconf 74' lang='lat' dir='ltr'><strong><em>reliqua:</em></strong></span> <span class='ocrx_word' id='word_1_808' title='bbox 1051 5841 1393 5900; x_wconf 85' lang='lat' dir='ltr'><strong><em>Occiduarum</em></strong></span> <span class='ocrx_word' id='word_1_809' title='bbox 1416 5846 1634 5914; x_wconf 87' lang='lat' dir='ltr'><strong><em>partium</em></strong></span> <span class='ocrx_word' id='word_1_810' title='bbox 1656 5844 1837 5904; x_wconf 79' lang='lat' dir='ltr'><strong><em>Eccle-</em></strong></span> 
     </span>
    </p>
   </div>
   <div class='ocr_carea' id='block_1_108' title="bbox 1945 4701 3540 4780">
    <p class='ocr_par' dir='ltr' id='par_1_108' title="bbox 1945 4701 3540 4780">
     <span class='ocr_line' id='line_1_108' title="bbox 1945 4701 3540 4780; baseline -0.009 -14"><span class='ocrx_word' id='word_1_811' title='bbox 1945 4712 2155 4770; x_wconf 85' lang='lat' dir='ltr'><strong><em>Domini</em></strong></span> <span class='ocrx_word' id='word_1_812' title='bbox 2184 4729 2197 4764; x_wconf 89' lang='lat'><strong><em>:</em></strong></span> <span class='ocrx_word' id='word_1_813' title='bbox 2228 4710 2328 4776; x_wconf 84' lang='lat' dir='ltr'><strong><em>Qui</em></strong></span> <span class='ocrx_word' id='word_1_814' title='bbox 2365 4725 2467 4763; x_wconf 87' lang='lat' dir='ltr'><strong><em>non</em></strong></span> <span class='ocrx_word' id='word_1_815' title='bbox 2499 4709 2802 4780; x_wconf 85' lang='lat' dir='ltr'><strong><em>honoriﬁcat</em></strong></span> <span class='ocrx_word' id='word_1_816' title='bbox 2829 4705 3052 4772; x_wconf 81' lang='lat' dir='ltr'><strong><em>Filium,</em></strong></span> <span class='ocrx_word' id='word_1_817' title='bbox 3095 4720 3196 4758; x_wconf 89' lang='lat' dir='ltr'><strong><em>non</em></strong></span> <span class='ocrx_word' id='word_1_818' title='bbox 3237 4701 3540 4770; x_wconf 82' lang='lat' dir='ltr'><strong><em>honori/ient</em></strong></span> 
     </span>
    </p>
   </div>
   <div class='ocr_carea' id='block_1_109' title="bbox 1937 4841 3536 4920">
    <p class='ocr_par' dir='ltr' id='par_1_109' title="bbox 1937 4841 3536 4920">
     <span class='ocr_line' id='line_1_109' title="bbox 1937 4841 3536 4920; baseline -0.007 -15"><span class='ocrx_word' id='word_1_819' title='bbox 1937 4852 2048 4916; x_wconf 77' lang='lat' dir='ltr'><strong><em>site,</em></strong></span> <span class='ocrx_word' id='word_1_820' title='bbox 2081 4850 2372 4920; x_wconf 69' lang='lat' dir='ltr'><strong><em>tranquilla!</em></strong></span> <span class='ocrx_word' id='word_1_821' title='bbox 2416 4848 2586 4902; x_wconf 87' lang='lat' dir='ltr'><strong><em>adhuc</em></strong></span> <span class='ocrx_word' id='word_1_822' title='bbox 2611 4857 2758 4900; x_wconf 85' lang='lat' dir='ltr'><strong><em>erant</em></strong></span> <span class='ocrx_word' id='word_1_823' title='bbox 2785 4855 2832 4900; x_wconf 88' lang='lat' dir='ltr'><strong><em>et</em></strong></span> <span class='ocrx_word' id='word_1_824' title='bbox 2877 4848 3221 4920; x_wconf 73' lang='lat' dir='ltr'><strong><em>inconcussaz:</em></strong></span> <span class='ocrx_word' id='word_1_825' title='bbox 3251 4841 3536 4920; x_wconf 45' lang='lat' dir='ltr'><strong><em>tumuquod</em></strong></span> 
     </span>
    </p>
   </div>
   <div class='ocr_carea' id='block_1_110' title="bbox 1936 4911 3534 4986">
    <p class='ocr_par' dir='ltr' id='par_1_110' title="bbox 1936 4911 3534 4986">
     <span class='ocr_line' id='line_1_110' title="bbox 1936 4911 3534 4986; baseline -0.006 -11"><span class='ocrx_word' id='word_1_826' title='bbox 1936 4911 2070 4976; x_wconf 81' lang='lat' dir='ltr'><strong><em>inter</em></strong></span> <span class='ocrx_word' id='word_1_827' title='bbox 2092 4937 2144 4974; x_wconf 87' lang='lat' dir='ltr'><strong><em>se</em></strong></span> <span class='ocrx_word' id='word_1_828' title='bbox 2171 4911 2526 4984; x_wconf 78' lang='lat' dir='ltr'><strong><em>consentirent,</em></strong></span> <span class='ocrx_word' id='word_1_829' title='bbox 2559 4929 2664 4972; x_wconf 87' lang='lat' dir='ltr'><strong><em>tum</em></strong></span> <span class='ocrx_word' id='word_1_830' title='bbox 2690 4920 2826 4986; x_wconf 84' lang='lat' dir='ltr'><strong><em>quod</em></strong></span> <span class='ocrx_word' id='word_1_831' title='bbox 2857 4914 2978 4984; x_wconf 78' lang='lat' dir='ltr'><strong><em>ﬁdei</em></strong></span> <span class='ocrx_word' id='word_1_832' title='bbox 3005 4914 3289 4986; x_wconf 85' lang='lat' dir='ltr'><strong><em>regulama</em></strong></span> <span class='ocrx_word' id='word_1_833' title='bbox 3317 4911 3534 4966; x_wconf 73' lang='lat' dir='ltr'><strong><em>Nicwno</em></strong></span> 
     </span>
    </p>
   </div>
   <div class='ocr_carea' id='block_1_111' title="bbox 1936 4984 3532 5052">
    <p class='ocr_par' dir='ltr' id='par_1_111' title="bbox 1936 4984 3532 5052">
     <span class='ocr_line' id='line_1_111' title="bbox 1936 4984 3532 5052; baseline -0.006 -6"><span class='ocrx_word' id='word_1_834' title='bbox 1936 4993 2150 5046; x_wconf 88' lang='lat' dir='ltr'><strong><em>concilio</em></strong></span> <span class='ocrx_word' id='word_1_835' title='bbox 2181 4992 2422 5045; x_wconf 85' lang='lat' dir='ltr'><strong><em>traditam</em></strong></span> <span class='ocrx_word' id='word_1_836' title='bbox 2457 4984 2862 5044; x_wconf 77' lang='lat' dir='ltr'><strong><em>constantissime</em></strong></span> <span class='ocrx_word' id='word_1_837' title='bbox 2881 4984 3176 5040; x_wconf 74' lang='lat' dir='ltr'><strong><em>retinerent.</em></strong></span> <span class='ocrx_word' id='word_1_838' title='bbox 3205 4984 3293 5038; x_wconf 82' lang='lat' dir='ltr'><strong><em>Sic</em></strong></span> <span class='ocrx_word' id='word_1_839' title='bbox 3318 4997 3532 5052; x_wconf 76' lang='lat' dir='ltr'><strong><em>quoque</em></strong></span> 
     </span>
    </p>
   </div>
   <div class='ocr_carea' id='block_1_112' title="bbox 1936 5052 3535 5124">
    <p class='ocr_par' dir='ltr' id='par_1_112' title="bbox 1936 5052 3535 5124">
     <span class='ocr_line' id='line_1_112' title="bbox 1936 5052 3535 5124; baseline -0.006 -7"><span class='ocrx_word' id='word_1_840' title='bbox 1936 5063 2150 5118; x_wconf 75' lang='lat' dir='ltr'><strong><em>Lucifer</em></strong></span> <span class='ocrx_word' id='word_1_841' title='bbox 2174 5061 2393 5117; x_wconf 83' lang='lat' dir='ltr'><strong><em>Colarit.</em></strong></span> <span class='ocrx_word' id='word_1_842' title='bbox 2445 5063 2537 5116; x_wconf 83' lang='lat' dir='ltr'><strong><em>lib.</em></strong></span> <span class='ocrx_word' id='word_1_843' title='bbox 2590 5059 2920 5115; x_wconf 80' lang='lat' dir='ltr'><strong><em>Moriendum</em></strong></span> <span class='ocrx_word' id='word_1_844' title='bbox 2974 5073 3094 5112; x_wconf 64' lang='lat' dir='ltr'><strong><em>esse</em></strong></span> <span class='ocrx_word' id='word_1_845' title='bbox 3126 5073 3220 5124; x_wconf 91' lang='lat' dir='ltr'><strong><em>pro</em></strong></span> <span class='ocrx_word' id='word_1_846' title='bbox 3269 5056 3355 5107; x_wconf 83' lang='lat' dir='ltr'><strong><em>Dei</em></strong></span> <span class='ocrx_word' id='word_1_847' title='bbox 3401 5052 3535 5107; x_wconf 81' lang='lat' dir='ltr'><strong><em>Filio</em></strong></span> 
     </span>
    </p>
   </div>
   <div class='ocr_carea' id='block_1_113' title="bbox 1939 5128 3534 5204">
    <p class='ocr_par' dir='ltr' id='par_1_113' title="bbox 1939 5128 3534 5204">
     <span class='ocr_line' id='line_1_113' title="bbox 1939 5128 3534 5204; baseline -0.007 -15"><span class='ocrx_word' id='word_1_848' title='bbox 1939 5137 2315 5203; x_wconf 87' lang='lat' dir='ltr'><strong><em>imperatorem</em></strong></span> <span class='ocrx_word' id='word_1_849' title='bbox 2341 5133 2681 5204; x_wconf 83' lang='lat' dir='ltr'><strong><em>interpellat:</em></strong></span> <span class='ocrx_word' id='word_1_850' title='bbox 2714 5130 2900 5204; x_wconf 80' lang='lat' dir='ltr'><strong><em>Omnes</em></strong></span> <span class='ocrx_word' id='word_1_851' title='bbox 2922 5137 3175 5204; x_wconf 78' lang='lat' dir='ltr'><strong><em>momenta</em></strong></span> <span class='ocrx_word' id='word_1_852' title='bbox 3193 5128 3236 5204; x_wconf 81' lang='lat' dir='ltr'><strong><em>si</em></strong></span> <span class='ocrx_word' id='word_1_853' title='bbox 3253 5141 3534 5204; x_wconf 66' lang='lat' dir='ltr'><strong><em>peragrare</em></strong></span> 
     </span>
    </p>
   </div>
   <div class='ocr_carea' id='block_1_114' title="bbox 1937 5193 3528 5276">
    <p class='ocr_par' dir='ltr' id='par_1_114' title="bbox 1937 5193 3528 5276">
     <span class='ocr_line' id='line_1_114' title="bbox 1937 5193 3528 5276; baseline -0.009 -16"><span class='ocrx_word' id='word_1_854' title='bbox 1937 5193 2112 5276; x_wconf 69' lang='lat' dir='ltr'><strong><em>poises</em></strong></span> <span class='ocrx_word' id='word_1_855' title='bbox 2134 5215 2324 5276; x_wconf 86' lang='lat' dir='ltr'><strong><em>gentes,</em></strong></span> <span class='ocrx_word' id='word_1_856' title='bbox 2358 5193 2630 5258; x_wconf 78' lang='lat' dir='ltr'><strong><em>invenisses</em></strong></span> <span class='ocrx_word' id='word_1_857' title='bbox 2653 5200 2982 5256; x_wconf 84' lang='lat' dir='ltr'><strong><em>stolidissime</em></strong></span> <span class='ocrx_word' id='word_1_858' title='bbox 3011 5199 3150 5276; x_wconf 76' lang='lat' dir='ltr'><strong><em>lntp.</em></strong></span> <span class='ocrx_word' id='word_1_859' title='bbox 3174 5198 3359 5276; x_wconf 69' lang='lat' dir='ltr'><strong><em>ubique</em></strong></span> <span class='ocrx_word' id='word_1_860' title='bbox 3384 5193 3528 5276; x_wconf 74' lang='lat' dir='ltr'><strong><em>Chri-</em></strong></span> 
     </span>
    </p>
   </div>
   <div class='ocr_carea' id='block_1_115' title="bbox 1936 5267 3540 5340">
    <p class='ocr_par' dir='ltr' id='par_1_115' title="bbox 1936 5267 3540 5340">
     <span class='ocr_line' id='line_1_115' title="bbox 1936 5267 3540 5340; baseline -0.004 -11"><span class='ocrx_word' id='word_1_861' title='bbox 1936 5267 2301 5331; x_wconf 50' lang='lat' dir='ltr'><strong><em>stianosvsicnti</em></strong></span> <span class='ocrx_word' id='word_1_862' title='bbox 2327 5293 2416 5329; x_wconf 84' lang='lat' dir='ltr'><strong><em>nos</em></strong></span> <span class='ocrx_word' id='word_1_863' title='bbox 2439 5276 2708 5328; x_wconf 88' lang='lat' dir='ltr'><strong><em>credere...</em></strong></span> <span class='ocrx_word' id='word_1_864' title='bbox 2734 5277 2798 5327; x_wconf 81' lang='lat' dir='ltr'><strong><em>At</em></strong></span> <span class='ocrx_word' id='word_1_865' title='bbox 2827 5285 2914 5327; x_wconf 85' lang='lat' dir='ltr'><strong><em>tua</em></strong></span> <span class='ocrx_word' id='word_1_866' title='bbox 2943 5273 3139 5325; x_wconf 85' lang='lat' dir='ltr'><strong><em>novella</em></strong></span> <span class='ocrx_word' id='word_1_867' title='bbox 3168 5267 3461 5340; x_wconf 64' lang='lat' dir='ltr'><strong><em>pra&#39;dicotio</em></strong></span> <span class='ocrx_word' id='word_1_868' title='bbox 3491 5277 3540 5340; x_wconf 79' lang='lat' dir='ltr'><strong><em>et</em></strong></span> 
     </span>
    </p>
   </div>
   <div class='ocr_carea' id='block_1_116' title="bbox 1936 5338 3533 5420">
    <p class='ocr_par' dir='ltr' id='par_1_116' title="bbox 1936 5338 3533 5420">
     <span class='ocr_line' id='line_1_116' title="bbox 1936 5338 3533 5420; baseline -0.006 -20"><span class='ocrx_word' id='word_1_869' title='bbox 1936 5365 2111 5402; x_wconf 86' lang='lat' dir='ltr'><strong><em>recens</em></strong></span> <span class='ocrx_word' id='word_1_870' title='bbox 2143 5349 2342 5417; x_wconf 85' lang='lat' dir='ltr'><strong><em>religio,</em></strong></span> <span class='ocrx_word' id='word_1_871' title='bbox 2369 5348 2463 5402; x_wconf 86' lang='lat' dir='ltr'><strong><em>sub</em></strong></span> <span class='ocrx_word' id='word_1_872' title='bbox 2487 5357 2736 5420; x_wconf 72' lang='lat' dir='ltr'><strong><em>praztextu</em></strong></span> <span class='ocrx_word' id='word_1_873' title='bbox 2762 5347 2883 5415; x_wconf 86' lang='lat' dir='ltr'><strong><em>fidei</em></strong></span> <span class='ocrx_word' id='word_1_874' title='bbox 2929 5338 3327 5420; x_wconf 31' lang='lat' dir='ltr'><strong><em>blasphemia-lin</em></strong></span> <span class='ocrx_word' id='word_1_875' title='bbox 3357 5338 3533 5420; x_wconf 59' lang='lat' dir='ltr'><strong><em>perni-</em></strong></span> 
     </span>
    </p>
   </div>
   <div class='ocr_carea' id='block_1_117' title="bbox 1936 5409 3532 5488">
    <p class='ocr_par' dir='ltr' id='par_1_117' title="bbox 1936 5409 3532 5488">
     <span class='ocr_line' id='line_1_117' title="bbox 1936 5409 3532 5488; baseline -0.008 -16"><span class='ocrx_word' id='word_1_876' title='bbox 1936 5420 2065 5472; x_wconf 88' lang='lat' dir='ltr'><strong><em>ciem</em></strong></span> <span class='ocrx_word' id='word_1_877' title='bbox 2093 5409 2272 5472; x_wconf 47' lang='lat' dir='ltr'><strong><em>saluti&#39;s</em></strong></span> <span class='ocrx_word' id='word_1_878' title='bbox 2307 5409 2406 5472; x_wconf 76' lang='lat' dir='ltr'><strong><em>tua:</em></strong></span> <span class='ocrx_word' id='word_1_879' title='bbox 2432 5409 2521 5488; x_wconf 72' lang='lat' dir='ltr'><strong><em>per</em></strong></span> <span class='ocrx_word' id='word_1_880' title='bbox 2550 5427 2596 5471; x_wconf 81' lang='lat' dir='ltr'><strong><em>te</em></strong></span> <span class='ocrx_word' id='word_1_881' title='bbox 2626 5409 2844 5486; x_wconf 80' lang='lat' dir='ltr'><strong><em>prolato,</em></strong></span> <span class='ocrx_word' id='word_1_882' title='bbox 2872 5433 2971 5488; x_wconf 88' lang='lat' dir='ltr'><strong><em>non</em></strong></span> <span class='ocrx_word' id='word_1_883' title='bbox 2999 5409 3160 5466; x_wconf 81' lang='lat' dir='ltr'><strong><em>solum</em></strong></span> <span class='ocrx_word' id='word_1_884' title='bbox 3193 5413 3360 5488; x_wconf 76' lang='lat' dir='ltr'><strong><em>adhuc</em></strong></span> <span class='ocrx_word' id='word_1_885' title='bbox 3382 5409 3532 5488; x_wconf 64' lang='lat' dir='ltr'><strong><em>limi-</em></strong></span> 
     </span>
    </p>
   </div>
   <div class='ocr_carea' id='block_1_118' title="bbox 1937 5480 3531 5560">
    <p class='ocr_par' dir='ltr' id='par_1_118' title="bbox 1937 5480 3531 5560">
     <span class='ocr_line' id='line_1_118' title="bbox 1937 5480 3531 5560; baseline -0.007 -18"><span class='ocrx_word' id='word_1_886' title='bbox 1937 5498 2037 5544; x_wconf 87' lang='lat' dir='ltr'><strong><em>tem</em></strong></span> <span class='ocrx_word' id='word_1_887' title='bbox 2065 5489 2354 5544; x_wconf 78' lang='lat' dir='ltr'><strong><em>Ilomanum</em></strong></span> <span class='ocrx_word' id='word_1_888' title='bbox 2387 5480 2656 5560; x_wconf 78' lang='lat' dir='ltr'><strong><em>peragrare</em></strong></span> <span class='ocrx_word' id='word_1_889' title='bbox 2695 5505 2796 5541; x_wconf 91' lang='lat' dir='ltr'><strong><em>non</em></strong></span> <span class='ocrx_word' id='word_1_890' title='bbox 2827 5480 3004 5560; x_wconf 70' lang='lat' dir='ltr'><strong><em>ualuit,</em></strong></span> <span class='ocrx_word' id='word_1_891' title='bbox 3049 5493 3153 5560; x_wconf 74' lang='lat' dir='ltr'><strong><em>etc.</em></strong></span> <span class='ocrx_word' id='word_1_892' title='bbox 3211 5482 3326 5535; x_wconf 90' lang='lat' dir='ltr'><strong><em>lmo</em></strong></span> <span class='ocrx_word' id='word_1_893' title='bbox 3382 5480 3531 5534; x_wconf 85' lang='lat' dir='ltr'><strong><em>lliln-</em></strong></span> 
     </span>
    </p>
   </div>
   <div class='ocr_carea' id='block_1_119' title="bbox 1941 5556 3536 5629">
    <p class='ocr_par' dir='ltr' id='par_1_119' title="bbox 1941 5556 3536 5629">
     <span class='ocr_line' id='line_1_119' title="bbox 1941 5556 3536 5629; baseline -0.005 -15"><span class='ocrx_word' id='word_1_894' title='bbox 1941 5575 2056 5615; x_wconf 88' lang='lat' dir='ltr'><strong><em>rms</em></strong></span> <span class='ocrx_word' id='word_1_895' title='bbox 2089 5563 2221 5629; x_wconf 87' lang='lat' dir='ltr'><strong><em>ipse,</em></strong></span> <span class='ocrx_word' id='word_1_896' title='bbox 2255 5556 2533 5628; x_wconf 68' lang='lat' dir='ltr'><strong><em>superiore</em></strong></span> <span class='ocrx_word' id='word_1_897' title='bbox 2569 5561 2728 5626; x_wconf 87' lang='lat' dir='ltr'><strong><em>libro,</em></strong></span> <span class='ocrx_word' id='word_1_898' title='bbox 2761 5577 2814 5614; x_wconf 89' lang='lat' dir='ltr'><strong><em>n.</em></strong></span> <span class='ocrx_word' id='word_1_899' title='bbox 2847 5559 2937 5622; x_wconf 77' lang='lat'><strong><em>50,</em></strong></span> <span class='ocrx_word' id='word_1_900' title='bbox 2967 5556 3248 5609; x_wconf 70' lang='lat' dir='ltr'><strong><em>haereticos</em></strong></span> <span class='ocrx_word' id='word_1_901' title='bbox 3279 5560 3536 5629; x_wconf 72' lang='lat' dir='ltr'><strong><em>provocat</em></strong></span> 
     </span>
    </p>
   </div>
   <div class='ocr_carea' id='block_1_120' title="bbox 1939 5626 3531 5697">
    <p class='ocr_par' dir='ltr' id='par_1_120' title="bbox 1939 5626 3531 5697">
     <span class='ocr_line' id='line_1_120' title="bbox 1939 5626 3531 5697; baseline -0.005 -12"><span class='ocrx_word' id='word_1_902' title='bbox 1939 5633 2004 5686; x_wconf 87' lang='lat' dir='ltr'><strong><em>ad</em></strong></span> <span class='ocrx_word' id='word_1_903' title='bbox 2032 5626 2188 5686; x_wconf 77' lang='lat' dir='ltr'><strong><em>[idem</em></strong></span> <span class='ocrx_word' id='word_1_904' title='bbox 2231 5626 2495 5686; x_wconf 68' lang='lat' dir='ltr'><strong><em>unii-crsm</em></strong></span> <span class='ocrx_word' id='word_1_905' title='bbox 2527 5630 2807 5695; x_wconf 62' lang='lat' dir='ltr'><strong><em>Ecclesiae,</em></strong></span> <span class='ocrx_word' id='word_1_906' title='bbox 2841 5631 2894 5683; x_wconf 91' lang='lat' dir='ltr'><strong><em>in</em></strong></span> <span class='ocrx_word' id='word_1_907' title='bbox 2925 5642 3025 5697; x_wconf 78' lang='lat' dir='ltr'><strong><em>qua</em></strong></span> <span class='ocrx_word' id='word_1_908' title='bbox 3051 5641 3198 5679; x_wconf 87' lang='lat' dir='ltr'><strong><em>onme</em></strong></span> <span class='ocrx_word' id='word_1_909' title='bbox 3234 5642 3290 5679; x_wconf 89' lang='lat' dir='ltr'><strong><em>os</em></strong></span> <span class='ocrx_word' id='word_1_910' title='bbox 3322 5626 3531 5678; x_wconf 56' lang='lat' dir='ltr'><strong><em>creden.</em></strong></span> 
     </span>
    </p>
   </div>
   <div class='ocr_carea' id='block_1_121' title="bbox 1942 5702 3492 5775">
    <p class='ocr_par' dir='ltr' id='par_1_121' title="bbox 1942 5702 3492 5775">
     <span class='ocr_line' id='line_1_121' title="bbox 1942 5702 3492 5775; baseline 0.005 -17"><span class='ocrx_word' id='word_1_911' title='bbox 1942 5707 2063 5758; x_wconf 88' lang='lat' dir='ltr'><strong><em>tium</em></strong></span> <span class='ocrx_word' id='word_1_912' title='bbox 2087 5702 2343 5758; x_wconf 84' lang='lat' dir='ltr'><strong><em>Christum</em></strong></span> <span class='ocrx_word' id='word_1_913' title='bbox 2374 5705 2536 5760; x_wconf 88' lang='lat' dir='ltr'><strong><em>Deum</em></strong></span> <span class='ocrx_word' id='word_1_914' title='bbox 2565 5705 2842 5775; x_wconf 75' lang='lat' dir='ltr'><strong><em>loquitur._</em></strong></span> <span class='ocrx_word' id='word_1_915' title='bbox 2911 5773 2919 5775; x_wconf 95' lang='lat'><em>_</em></span> <span class='ocrx_word' id='word_1_916' title='bbox 3043 5768 3093 5775; x_wconf 28' lang='grc' dir='ltr'><strong><em>,Δ</em></strong></span> <span class='ocrx_word' id='word_1_917' title='bbox 3281 5771 3291 5775; x_wconf 86' lang='lat'>_</span> <span class='ocrx_word' id='word_1_918' title='bbox 3368 5771 3378 5775; x_wconf 94' lang='lat'><em>_</em></span> <span class='ocrx_word' id='word_1_919' title='bbox 3489 5733 3492 5736; x_wconf 93' lang='grc'><strong>·</strong></span> 
     </span>
    </p>
   </div>
   <div class='ocr_carea' id='block_1_122' title="bbox 2030 5768 3537 5849">
    <p class='ocr_par' dir='ltr' id='par_1_122' title="bbox 2030 5768 3537 5849">
     <span class='ocr_line' id='line_1_122' title="bbox 2030 5768 3537 5849; baseline -0.007 -20"><span class='ocrx_word' id='word_1_920' title='bbox 2030 5776 2098 5849; x_wconf 86' lang='lat' dir='ltr'><strong><em>(c)</em></strong></span> <span class='ocrx_word' id='word_1_921' title='bbox 2129 5775 2182 5831; x_wconf 89' lang='lat' dir='ltr'><strong><em>ln</em></strong></span> <span class='ocrx_word' id='word_1_922' title='bbox 2213 5778 2485 5832; x_wconf 88' lang='lat' dir='ltr'><strong><em>nonnullis</em></strong></span> <span class='ocrx_word' id='word_1_923' title='bbox 2517 5768 2648 5831; x_wconf 53' lang='lat' dir='ltr'><strong><em>tttss&#39;.</em></strong></span> <span class='ocrx_word' id='word_1_924' title='bbox 2697 5773 3017 5845; x_wconf 81' lang='lat' dir='ltr'><strong><em>exprimitur</em></strong></span> <span class='ocrx_word' id='word_1_925' title='bbox 3043 5768 3130 5826; x_wconf 86' lang='lat' dir='ltr'><strong><em>hic</em></strong></span> <span class='ocrx_word' id='word_1_926' title='bbox 3159 5771 3413 5848; x_wconf 83' lang='lat' dir='ltr'><strong><em>particula</em></strong></span> <span class='ocrx_word' id='word_1_927' title='bbox 3457 5775 3537 5834; x_wconf 80' lang='lat' dir='ltr'><strong><em>ut,</em></strong></span> 
     </span>
    </p>
   </div>
   <div class='ocr_carea' id='block_1_123' title="bbox 1941 5848 2888 5922">
    <p class='ocr_par' dir='ltr' id='par_1_123' title="bbox 1941 5848 2888 5922">
     <span class='ocr_line' id='line_1_123' title="bbox 1941 5848 2888 5922; baseline -0.002 -20"><span class='ocrx_word' id='word_1_928' title='bbox 1941 5848 2195 5922; x_wconf 74' lang='lat' dir='ltr'><strong><em>quantum</em></strong></span> <span class='ocrx_word' id='word_1_929' title='bbox 2223 5849 2364 5906; x_wconf 85' lang='lat' dir='ltr'><strong><em>male</em></strong></span> <span class='ocrx_word' id='word_1_930' title='bbox 2386 5851 2437 5906; x_wconf 91' lang='lat' dir='ltr'><strong><em>in</em></strong></span> <span class='ocrx_word' id='word_1_931' title='bbox 2466 5848 2585 5910; x_wconf 88' lang='lat' dir='ltr'><strong><em>aliis</em></strong></span> <span class='ocrx_word' id='word_1_932' title='bbox 2609 5849 2888 5913; x_wconf 78' lang='lat' dir='ltr'><strong><em>reticetur.</em></strong></span> 
     </span>
    </p>
   </div>
  </div>
