4118 6186
539 283 644 342 139

1755 282 1999 342 SANCTI
2038 282 2297 341 HTLARII
2338 283 2645 343 EPISCOPI

3743 287 3851 343 160

540 402 754 459 Patrem
783 403 874 476 qui
902 400 1041 458 misit
1062 403 1212 458 illum
1235 399 1418 474 (Joan.
1455 415 1512 464 v,
1541 400 1660 470 25),
1684 399 1752 454 ad
1777 398 2141 455 bonorifican-
2168 403 2219 462 A
2245 399 2420 465 Pater,
2474 411 2525 456 et
2572 400 2879 467 divisibilis,
2919 410 2972 457 et
3015 401 3410 469 convertibilis,
3439 410 3494 458 et
3541 401 3620 474 (ά)
3647 417 3851 474 corpus

539 494 666 550 dum
697 495 911 550 Patrem
940 510 1034 564 per
1062 494 1324 547 honorem
1349 491 1469 547 Filii
1499 507 1560 548 se
1586 490 1874 547 referrent.

613 589 666 644 5.
706 587 934 642 Hieresis
963 587 1174 641 Arianae
1202 587 1334 640 lues.
1358 614 1430 627 —
1462 586 1696 642 Emersit
1721 585 1862 640 enim
1887 583 2140 654 pestifera

540 689 596 736 et
619 679 794 735 letalis
822 677 1034 748 populis
1059 678 1134 750 (a)
1164 679 1416 750 proxime
1447 678 1584 744 lues,
1614 694 1737 750 quas
1765 679 1963 748 ingenti
1995 692 2144 748 gras-

540 782 654 828 sata
683 771 929 840 contagio
949 771 1157 826 ruinam
1191 771 1517 826 miserandae
1546 771 1737 825 mortis
1765 769 1989 824 invexit.
2026 769 2142 824 Non

541 863 686 920 enim
713 872 922 918 tantum
972 871 1062 917 aut
1098 861 1586 932 consulentium“.
1625 861 2050 932 concidentium)
2090 861 2142 915 in

543 957 710 1012 chaos
747 971 870 1012 cum
905 956 1117 1025 populis
1148 957 1260 1010 suis
1296 969 1492 1024 repens
1521 954 1732 1009 urbium
1759 956 2008 1018 vastitas,
2055 963 2147 1007 aut

542 1047 856 1118 frequentes
875 1047 1142 1103 bellorum
1165 1057 1220 1102 et
1243 1048 1494 1103 funebres
1522 1057 1745 1109 mortes,
1769 1053 1863 1100 aut
1891 1045 2143 1102 immedi-

545 1150 681 1197 θείω
709 1140 1045 1211 aegritudinis
1074 1141 1337 1212 populosa
1379 1140 1624 1211 contagia
1663 1139 2050 1206 desaevierunt,
2093 1141 2144 1195 in

544 1243 808 1305 quantum
833 1233 898 1288 ad
928 1233 1150 1288 exitium
1178 1233 1395 1304 generis
1419 1233 1636 1287 humani
1669 1234 1894 1288 lueresis
1924 1231 2041 1287 hrec
2067 1230 2150 1286 fu-

549 1336 704 1380 nesta
731 1335 974 1395 grassata
997 1337 1100 1381 εει.
1139 1325 1250 1380 Deo
1297 1323 1466 1391 enim,
1497 1323 1583 1378 cui
1613 1325 1795 1378 omnia
1827 1325 1878 1378 in
1923 1325 2152 1379 mortuis

547 1418 755 1485 vivunt,
790 1409 890 1474 lioc
920 1419 1092 1473 solum
1137 1419 1277 1491 perit
1307 1419 1449 1489 quod
1493 1421 1596 1475 sibi
1637 1419 1870 1491 deperit.
1903 1418 2036 1474 Nam
2064 1419 2152 1488 ju-

548 1511 824 1567 dicaturus
850 1515 966 1584 ipse
993 1512 1060 1568 de
1075 1513 1349 1576 omnibus,
1383 1522 1437 1570 et
1468 1529 1566 1584 pro
1596 1514 1895 1585 majestatis
1917 1528 2030 1568 sua:
2059 1512 2152 1567 mi-

550 1606 850 1661 sericordia
881 1621 1056 1676 pmnze
1079 1608 1329 1662 meritum
1363 1609 1628 1677 ignoranti
1656 1607 2037 1663 moderaturus
2061 1621 2151 1661 er-

547 1699 682 1764 rori,
718 1708 979 1769 negantes
1027 1713 1086 1752 se
1128 1715 1233 1752 non
1257 1700 1366 1769 jam
1402 1699 1666 1769 judicabit
1697 1701 1900 1772 utique,
1931 1700 2024 1755 sed
2059 1715 2152 1755 nc-

547 1791 694 1860 gabit
725 1789 942 1859 (Matth.
979 1807 1032 1857 x,
1064 1791 1154 1857 3'5;
1184 1792 1290 1846 vid.
1316 1792 1409 1846 Tr.
1445 1793 1578 1863 psal.
1609 1809 1734 1859 ch,
1755 1811 1807 1848 η.
1827 1795 1906 1865 8).

622 1882 678 1936 4.
737 1880 905 1947 Quam
946 1882 1160 1936 subdole
1203 1885 1343 1938 virus
1389 1901 1540 1938 suum
1589 1884 1843 1950 effundat.
1875 1916 1946 1927 —
1983 1885 2154 1958 Negat

547 1975 716 2042 enim,
760 1989 919 2046 negat
951 1975 1134 2031 furens
1157 1977 1384 2032 haeresis
1408 1989 1807 2034 sacramentum
1836 1995 1980 2035 vera:
2002 1981 2150 2047 fidei,

548 2066 616 2122 ad
647 2066 941 2134 impietatis
967 2083 1079 2124 suae
1099 2069 1400 2124 doctrinam
1431 2071 1704 2140 religionis
1731 2086 1824 2124 usa
1848 2071 2149 2142 principiis,

548 2173 671 2214 cum
704 2159 1037 2215 infidelitatis
1063 2175 1176 2217 suae
1223 2163 1640 2232 expositionem,
1675 2172 1734 2219 ut
1782 2164 2153 2233 superioribus

549 2251 703 2308 libris
732 2253 1062 2322 continetur,
1096 2255 1166 2311 ita
1207 2257 1375 2327 coepit
1402 2275 1414 2311 :
1449 2276 1469 2308 ί
1499 2257 1756 2313 Novimus
1789 2275 1952 2314 unum
1985 2261 2149 2317 Deum

549 2345 726 2400 solum
776 2346 1059 2414 infectum,
1102 2349 1277 2406 solum
1322 2351 1712 2422 sempiternum
1745 2394 1760 2418 ,
1811 2354 1986 2408 solum
2035 2358 2153 2411 sine

548 2440 726 2505 initio,
760 2442 934 2496 solum
979 2457 1192 2511 verum,
1239 2445 1415 2500 solum
1454 2445 1914 2504 immortalitatem
1955 2447 2150 2505 haben-

549 2543 680 2601 tem,
705 2535 878 2590 solum
908 2539 1172 2608 Optimum
1192 2582 1207 2608 ,
1230 2541 1408 2596 solum
1439 2547 1734 2612 potentem.
1770 2559 1790 2592 ι
1819 2540 1899 2595 Ad
1925 2540 1975 2595 id
2007 2541 2150 2596 enim

549 2645 863 2704 usurpatum
903 2636 1112 2706 prolicit
1157 2639 1257 2709 piae
1301 2640 1665 2694 confessionis
1703 2640 2010 2708 exordium,
2045 2656 2153 2709 quo

547 2725 667 2779 ait:
707 2745 725 2778 ι
771 2723 949 2780 Unum
999 2725 1186 2789 Deum,
1237 2732 1294 2778 et
1336 2725 1510 2780 solum
1544 2725 1824 2791 infectum,
1873 2736 1929 2781 et
1975 2726 2149 2782 solum

549 2819 668 2874 sine
695 2821 849 2874 initio
876 2839 888 2874 :
921 2840 940 2872 ι
973 2831 1030 2876 ut
1053 2837 1151 2890 per
1179 2821 1314 2887 haec,
1347 2837 1467 2890 quae
1490 2821 1742 2891 religiose
1772 2821 1954 2876 verbis
1972 2833 2152 2878 osten-

553 2923 817 2979 tarentnr,
851 2923 1044 2969 cmtera
1071 2913 1234 2983 impie
1265 2914 1643 2970 subderentur.
1669 2913 1800 2969 Nam
1827 2925 1946 2986 post
1987 2917 2150 2970 multa

551 3007 681 3073 alia,
721 3022 840 3076 qua:
878 3008 946 3062 de
973 3007 1112 3062 Filio
1143 3009 1256 3077 pari
1300 3021 1514 3078 quoque
1559 3008 1827 3062 simulatas
1876 3009 2152 3079 religionis

555 3100 715 3174 135
744 3102 1078 3171 professione
1101 3101 1420 3170 protulerat,
1476 3100 1708 3169 subjecit
1739 3119 1752 3155 :
1786 3120 1804 3153 ε
1835 3100 2147 3156 Creaturam

2245 493 2542 548 secundum
2571 494 2712 560 illos,
2744 507 2798 548 et
2819 499 3077 564 quantum
3108 497 3161 550 in
3197 497 3326 564 ipsis
3360 505 3464 557 est.
3499 511 3844 567 consequen-

2249 584 2319 638 tia
2347 585 2594 654 corporis
2634 584 2909 641 sustinens
2949 586 3068 641 sine
3105 601 3337 656 corpore
3380 587 3542 641 Deus.
3582 607 3602 640 s
3633 587 3699 642 Et
3720 589 3849 658 quia

2246 678 2401 732 nobis
2423 693 2490 734 ex
2520 679 2732 750 integro
2747 679 3028 734 adversum
3061 679 3197 735 hanc
3217 680 3557 749 itnpiissimte
3583 680 3850 735 doctrina:

2245 771 2636 841 expositionem
2679 773 3021 842 evangelicus
3063 788 3204 828 nunc
3243 775 3348 828 erit
3385 787 3604 839 sermo;
3649 788 3850 830 conse-

2247 880 2418 935 quens
2448 865 2874 920 existimavimus
2907 880 3120 920 omnem
3144 866 3256 935 jam
3285 864 3364 936 (2)
3394 864 3465 937 (e)
3490 865 3544 920 iu
3580 867 3755 936 primo
3789 866 3853 920 li-

2247 967 2334 1013 cet
2388 958 2525 1012 libro
2570 957 2863 1015 editionem
2916 961 3082 1030 hujus
3133 959 3406 1014 haereseos
3455 959 3848 1029 conscriptam,

2250 1067 2390 1106 nunc
2407 1067 2621 1122 quoque
2644 1052 2766 1107 huic
2792 1064 2946 1108 sexto
2973 1055 3214 1109 inserere
3246 1071 3256 1106 ;
3284 1062 3343 1106 ut
3374 1067 3561 1106 recens
3585 1052 3768 1118 lectio,
3795 1061 3851 1106 et

2250 1145 2621 1215 responsionis
2657 1145 2722 1200 ad
2760 1146 2968 1215 singula
3011 1146 3252 1216 subjecta
3282 1144 3521 1209 collatio,
3547 1159 3644 1214 per
3685 1159 3849 1198 evan-

2249 1238 2450 1309 gelicas
2476 1248 2637 1308 atque
2669 1240 2996 1308 aposmlicas
3039 1241 3408 1294 institutiones
3438 1238 3618 1292 invitis
3644 1239 3771 1293 licet
3797 1249 3854 1293 et

2250 1331 2746 1387 contradicentibus
2799 1346 3021 1387 sensum
3085 1333 3328 1387 veritatis
3379 1330 3578 1386 eliciat.
3650 1332 3854 1386 Dicunt

2252 1437 2404 1492 ergo.

2610 1496 2688 1566 (5)
2708 1495 2777 1568 (ί)
2809 1495 3118 1565 Exemplum
3143 1495 3491 1566 blaspltemiw.

2325 1609 2379 1663 5.
2413 1609 2526 1663 Arii
2555 1619 2602 1664 et
2631 1610 3086 1683 asseclarunuejus
3127 1609 3196 1662 ad
3225 1608 3577 1663 Alexandrum
3609 1607 3850 1676 epistola.

2251 1731 2326 1743 —
2347 1720 2364 1753 ι
2395 1700 2651 1757 Novimus
2704 1717 2867 1756 unum
2897 1703 3088 1766 Deum,
3139 1703 3311 1756 solum
3359 1700 3632 1765 infectum,
3661 1699 3852 1758 solum

2182 1792 2230 1852 B
2259 1795 2670 1863 sempiternum,
2705 1794 2880 1849 solum
2923 1795 3040 1850 sine
3069 1795 3242 1859 initio,
3274 1793 3448 1848 solum
3487 1792 3859 1847 immortalita-

2259 1895 2368 1942 tcin
2412 1886 2717 1951 habentem,
2769 1888 2944 1942 solum
2996 1887 3282 1958 Optimum,
3326 1887 3499 1940 solum
3555 1895 3856 1956 potentem,

2255 1981 2497 2034 omnium
2557 1990 2902 2047 creatorem,
2950 1980 3318 2035 ordinatorem
3363 1989 3415 2034 et
3469 1978 3854 2049 diSpositorem

2256 2071 2745 2140 inconvertibilem,
2800 2073 3216 2138 immutabilem,
3245 2073 3449 2140 justum
3495 2081 3549 2126 et
3589 2073 3857 2140 Optimum

2257 2161 2390 2234 legis
2411 2173 2466 2218 et
2492 2163 2880 2234 prophetarum
2902 2172 2956 2218 ct
2979 2167 3102 2218 novi
3125 2163 3484 2219 Testamenti.
3511 2162 3662 2217 Hunc
3687 2162 3857 2216 Deum

2254 2273 2545 2329 generasse
2575 2258 2741 2312 lilium
2772 2259 3110 2327 unigenitum
3148 2267 3270 2313 ante
3300 2257 3481 2311 omnia
3509 2255 3728 2321 szecula,
3753 2269 3854 2324 per

2255 2368 2414 2424 quem
2452 2363 2508 2408 et
2536 2352 2790 2407 szeculum
2819 2365 2873 2407 et
2910 2353 3092 2407 omnia
3121 2352 3267 2406 fecit.
3298 2349 3493 2406 Natum
3535 2358 3712 2403 autem
3744 2363 3854 2402 non

2257 2447 2516 2517 putative,
2541 2446 2634 2502 sed
2655 2461 2781 2500 vere
2805 2446 3122 2500 obsecutum
3151 2445 3411 2498 voluntati
3441 2458 3573 2507 sum,
3600 2443 3850 2496 immuta-

2256 2540 2420 2596 bilem
2448 2551 2501 2595 et
2547 2539 3041 2605 inconvertibilem,
3075 2546 3377 2593 creaturam
3410 2537 3504 2591 Dei
3534 2535 3852 2606 perfectam,

2255 2633 2351 2688 sed
2385 2649 2491 2687 non
2517 2631 2596 2705 (4)
2627 2633 2785 2686 sicuti
2813 2648 2978 2686 unum
3010 2631 3079 2685 de
3124 2631 3420 2695 creaturis;
3447 2629 3728 2692 facturam,
3757 2629 3858 2683 sed

2256 2741 2362 2780 non
2395 2725 2554 2780 sicuti
2577 2733 2790 2779 casterae
2819 2725 3036 2778 factum
3061 2739 3075 2788 ;
3100 2737 3200 2777 nec
3234 2733 3292 2776 ut
3326 2722 3640 2775 Valentinus
3665 2720 3854 2791 prola-

2255 2821 2456 2874 tionum
2501 2819 2691 2874 Natum
2741 2818 2915 2872 Patris
2960 2825 3356 2889 commentatus
3405 2823 3522 2878 est;
3567 2830 3669 2870 nec
3715 2815 3861 2870 sicut

2256 2912 2582 2968 Manichacus
2615 2922 2819 2982 partem
2848 2911 3005 2966 unius
3034 2909 3346 2965 substantia:
3375 2907 3530 2980 135
3560 2907 3730 2963 Patris
3751 2906 3859 2962 Nu-

2256 3018 2364 3063 tum
2394 3008 2673 3077 exposuit;
2705 3021 2803 3061 nec
2852 3005 3009 3060 sicuti
3042 3004 3330 3068 Sabellius,
3377 3005 3467 3072 qui
3496 3001 3750 3056 unionem
3775 3000 3858 3073 (g)

2254 3102 2467 3169 dividit,
2498 3102 2671 3170 ipsum
2697 3100 2832 3154 dixit
2859 3099 3052 3154 Filium
3085 3113 3243 3168 quem
3272 3106 3327 3151 et
3348 3095 3598 3156 Patrem;
3627 3095 3723 3150 sed
3758 3111 3860 3150 nec

549 3194 643 3249 Dei
677 3193 992 3262 perfectam,
1023 3193 1118 3248 sed
1148 3209 1253 3247 non
1273 3191 1350 3266 (Ι)
1378 3193 1536 3248 sicuti
1562 3208 1725 3247 unum
1754 3193 1820 3248 de
1850 3193 2144 3256 creaturis;
2176 3186 2221 3248 C
2253 3193 2410 3249 sicuti
2443 3192 2694 3248 Hieracas
2737 3193 3006 3246 lucernam
3039 3189 3108 3244 de
3153 3191 3390 3252 lucerna,
3422 3189 3507 3242 vel
3549 3187 3855 3258 lampadem

548 3287 832 3353 facturam,
866 3287 962 3343 sed
1003 3302 1109 3341 non
1159 3286 1316 3340 sicuti
1358 3295 1569 3340 caetera:
1607 3288 1846 3340 factura).
1879 3305 1898 3338 ι
1929 3285 1998 3341 Ει
2027 3293 2146 3354 post

549 3381 717 3436 multa
757 3381 884 3442 alia.
927 3379 1142 3450 quibus,
1178 3379 1425 3433 veritatis
1459 3379 1758 3449 interjectis
1786 3379 2146 3436 confessioni-

549 3472 672 3534 bus.
699 3473 776 3539 (b)
819 3473 1090 3528 haeretica:
1120 3471 1414 3541 impietatis
1454 3472 1868 3528 obutnbraretur
1897 3472 2142 3533 intentio,

549 3573 610 3620 ut
633 3565 929 3619 subsistere
959 3577 1080 3618 eum
1124 3563 1192 3617 de
1232 3577 1339 3617 non
1367 3561 1702 3617 exstantibus
1741 3571 1946 3633 argutae
1977 3563 2143 3617 inter-

550 3656 868 3728 pretationis
897 3655 1192 3710 subtilitate
1221 3653 1558 3719 defenderet,
1585 3655 1661 3708 ait
1687 3677 1699 3710 :
1735 3674 1755 3707 ι
1787 3655 1849 3710 Et
1883 3663 2007 3710 ante
2048 3670 2147 3709 sa:-

549 3751 666 3807 cula
698 3757 914 3805 creatus
945 3757 1003 3805 et
1026 3748 1298 3809 fundatus.
1331 3762 1440 3803 non
1469 3755 1588 3802 erat
1615 3755 1740 3801 ante
1775 3762 1935 3818 quam
1965 3761 2152 3802 nasce-

550 3853 721 3899 retur.
761 3861 778 3895 ι
816 3842 1099 3898 Postremo
1124 3842 1281 3911 quasi
1310 3841 1470 3897 rebus
1495 3841 1605 3909 jam
1650 3841 1899 3896 omnibus
1930 3841 2149 3896 validis-

550 3937 689 3991 sime
732 3936 798 3990 ad
839 3934 1228 4005 impietatis(c)
1259 3934 1629 3989 defensionem
1673 3933 2040 4000 communitis,
2081 3948 2148 3988 ne

551 4027 634 4082 vel
668 4026 810 4081 illius
837 4028 919 4082 vel
959 4027 1099 4083 Deus
1146 4027 1559 4097 intelligeretur,
1593 4025 1810 4094 adjecit,
1862 4045 1882 4077 ‹
1909 4026 1965 4081 Si
2005 4028 2147 4082 enim

549 4118 693 4188 quod
721 4135 784 4173 ea:
811 4119 945 4186 ipso,
974 4128 1028 4173 et
1048 4119 1189 4188 quod
1213 4136 1275 4174 ea:
1302 4129 1466 4180 utero,
1500 4130 1555 4174 et
1581 4120 1724 4189 quod
1755 4137 1814 4174 ea:
1841 4119 2000 4175 Patre
2020 4122 2151 4175 exivi

551 4221 600 4264 et
626 4212 758 4274 veni,
787 4211 932 4265 velut
963 4219 1166 4278 partem
1206 4211 1319 4280 ejus
1349 4213 1507 4266 unius
1533 4212 1873 4278 substantiae,
1919 4222 1973 4267 et
1999 4213 2152 4282 quasi

553 4301 910 4372 prolationem
953 4303 1251 4358 extendens
1286 4303 1641 4374 intelligitur;
1689 4307 2020 4375 compositus
2046 4307 2152 4361 erit

651 4449 674 4502 i
736 4445 900 4501 Sicuti
917 4462 1074 4499 unum
1101 4446 1163 4499 de
1184 4455 1438 4500 creatura.

553 4515 562 4523 ’
624 4445 702 4590 ξὲζ
737 4516 800 4570 In
826 4526 1006 4582 quarto
1030 4517 1306 4590 legebatur
1337 4519 1387 4590 in
1418 4535 1438 4568 ιι

737 4516 1006 4618 inﬁrmato
1028 4517 1308 4618 gegetum":
1337 4519 1387 4600 in
1418 4527 1600 4600 nostro
1629 4515 1844 4582 codice;
1877 4517 1972 4572 sed
2000 4519 2138 4573 anti-
2163 4556 2216 4618 Β

550 4588 653 4660 qua
678 4603 836 4643 manu
867 4588 1205 4643 emendatum
1227 4597 1311 4644 est
1335 4589 1386 4642 in
1413 4589 1597 4660 primo.

625 4726 701 4798 (a)
732 4725 963 4798 lttivulg.
995 4725 1338 4798 proxima.iAt
1373 4725 1424 4778 iu
1457 4741 1587 4781 mss.
1613 4726 1868 4798 proxime.
1900 4727 2040 4797 quod
2064 4741 2148 4782 re-

551 4797 724 4854 fertur
753 4797 819 4852 ad
871 4799 1090 4852 emersit.
1144 4797 1216 4850 Ita
1251 4797 1344 4851 lib.
1377 4813 1414 4855 ι.
1450 4814 1502 4852 n.
1532 4798 1623 4860 25.
1655 4799 1769 4853 Arii
1810 4798 1877 4853 ad
1921 4799 2149 4855 Alexan-

552 4870 708 4924 drum
737 4870 964 4932 epistola
997 4870 1194 4923 dicitur
1216 4885 1314 4922 non
1346 4868 1468 4922 olim
1494 4869 1660 4924 edita.

625 4941 698 5012 (b)
755 4941 926 5005 Editi,
986 4943 1142 5014 hujus
1188 4940 1459 4995 licerelicre.
1513 4941 1732 4997 Rectius
1781 4940 1936 4997 abest
1993 4943 2151 5016 hujus

553 5026 582 5066 a
614 5028 744 5066 ιηςε.
2098 5026 2105 5034 ’

650 5083 698 5150 c)
727 5083 819 5138 Sic
847 5097 975 5136 mss.
1013 5083 1156 5138 Editi
1189 5099 1343 5147 vero,
1381 5085 1776 5152 professionem.

650 5085 698 5150 c)
727 5085 819 5138 Sic
847 5097 975 5136 mss.
1013 5085 1156 5138 Editi
1189 5099 1343 5147 vero,
1381 5085 1776 5152 professionem.

625 5085 706 5228 Ed)
737 5155 872 5210 Εόὶιὶ
893 5154 998 5217 ltic,
1017 5171 1322 5224 corporeus;
1342 5164 1415 5219 et,
1441 5153 1599 5221 infra,
1620 5172 1828 5223 corpus.
1849 5155 2012 5227 Magis
2039 5157 2149 5212 sibi

553 5236 800 5281 caustant
826 5241 954 5280 mss.

627 5298 697 5365 (ε)
729 5297 1078 5352 Recentiores
1105 5311 1235 5350 mss.
1266 5311 1387 5350 cum
1423 5297 1673 5366 vulgatis.
1717 5299 1769 5352 in
1796 5307 1977 5367 quarto
2009 5299 2144 5352 licet.

557 5368 669 5422 Dtto
700 5369 964 5433 Vaticani,
998 5369 1049 5421 in
1091 5368 1255 5428 primo
1300 5367 1377 5420 vel
1416 5379 1599 5437 quarto
1641 5369 1755 5422 licet
1799 5371 1946 5423 libro.
1999 5371 2153 5424 Anti—

555 5442 774 5507 quiores
808 5449 1011 5502 autem,
1055 5440 1197 5508 iique
1245 5455 1472 5494 numero
1503 5440 1700 5508 plures,
1740 5441 1793 5494 in
1834 5441 1997 5510 primo
2035 5441 2150 5495 licet

555 5512 705 5566 libro.
733 5512 870 5581 ρηερ·
893 5513 1052 5566 lectio
1096 5512 1251 5566 nobis
1279 5526 1345 5583 eo
1385 5513 1648 5567 sincerior
1675 5515 1786 5568 visa
1819 5524 1924 5574 est,
1965 5529 2072 5583 quo
2097 5514 2149 5568 in

558 5594 793 5640 mentem
825 5599 1014 5638 eorum
1044 5584 1221 5638 minus
1241 5582 1423 5651 cadat,
1454 5587 1540 5654 qui
1566 5586 1817 5652 antiquos
1847 5601 1912 5638 ex
1943 5582 2159 5653 cotvjec-

566 5655 700 5710 turis
734 5655 1033 5726 corrigunt.
1083 5656 1181 5707 (lui
1216 5655 1358 5709 favet
1388 5657 1528 5726 quod
1563 5655 1698 5710 liber
1723 5657 1990 5726 superior,
2017 5673 2072 5710 n.
2106 5656 2159 5719 5,

557 5741 667 5784 non
699 5731 904 5796 quintus
932 5725 1024 5780 sed
1055 5727 1308 5779 secundus
1338 5727 1666 5796 appelletur;
1695 5737 1748 5781 et
1777 5725 1902 5790 huc,
1928 5729 2001 5781 ttti
2031 5725 2166 5780 dixi-

557 5813 678 5852 mus
699 5839 711 5856 ,
755 5796 878 5868 quia
902 5796 1170 5851 secundus
1222 5805 1304 5849 cst
1343 5809 1527 5852 contra
1559 5797 1819 5865 perfidam
1847 5798 2164 5853 Arianorum

2258 3287 2312 3341 in
2341 3286 2474 3340 duas
2506 3293 2718 3355 partes;
2753 3299 2851 3339 nec
2872 3284 2961 3353 qui
2991 3283 3090 3337 fuit
3114 3291 3259 3345 ante,
3289 3280 3629 3351 postmodum
3671 3288 3860 3335 natum

2257 3378 2344 3433 vel
2373 3385 2777 3447 supercreatum
2805 3377 2855 3430 in
2897 3375 3087 3440 filium,
3121 3374 3276 3428 sicuti
3318 3385 3370 3429 et
3401 3382 3454 3428 tu
3485 3373 3618 3440 ipse,
3657 3372 3864 3427 beatis-

2257 3475 2392 3528 sime
2418 3487 2574 3542 papa,
2607 3470 2780 3525 media
2811 3471 2861 3525 in
2895 3469 3122 3524 ecclesia
3154 3477 3209 3523 et
3237 3468 3289 3522 in
3319 3481 3579 3522 consessu
3609 3465 3864 3533 frequen-

2259 3573 2339 3622 ter
2364 3581 2460 3621 eos
2485 3565 2573 3632 qui
2592 3565 2712 3619 talia
2748 3561 3093 3618 introducunt
3119 3559 3343 3615 renuisti
3370 3577 3384 3613 :
3410 3558 3502 3613 scd
3536 3557 3692 3612 sicuti
3724 3557 3864 3611 dixi-

2257 3671 2401 3723 mus,
2428 3657 2707 3711 voluntate
2741 3656 2831 3710 Dei
2863 3665 2989 3710 ante
3017 3663 3258 3723 tempora
3287 3663 3341 3706 ct
3369 3651 3565 3707 smcula
3587 3659 3858 3714 creatum,

2253 3760 2308 3806 et
2332 3751 2512 3806 vivere
2537 3760 2589 3804 et
2618 3764 2738 3804 esse
2763 3749 3030 3818 accipiens
3051 3761 3081 3800 a
3109 3745 3450 3815 Patre,et(5)
3477 3743 3557 3815 (Ii)
3587 3745 3786 3815 glorias
3809 3745 3860 3799 ei

2254 3845 2689 3900 consubsisteule
2712 3843 2891 3897 Patre.
2917 3841 3102 3910 Neque
3139 3841 3286 3895 enim
3312 3840 3473 3894 Pater
3501 3839 3635 3893 dans
3656 3839 3706 3893 ei
3740 3855 3860 3892 om-

2257 3939 2400 3994 nium
2433 3937 2823 4002 hmreditatem,
2853 3933 3120 3990 fraudavit
3153 3933 3504 4002 semetipsum
3529 3933 3598 3986 ab
3622 3931 3706 3986 his
3730 3947 3852 4002 qum

2256 4045 2363 4085 non
2388 4031 2524 4084 facta
2552 4029 2752 4097 abipso
2775 4028 3040 4081 habentur
3065 4026 3215 4081 :fons
3254 4036 3338 4080 est
3377 4035 3557 4079 autem
3592 4025 3860 4079 omnium.

2330 4123 2382 4178 6.
2421 4143 2440 4176 ‹
2484 4123 2822 4192 Quapropter
2864 4129 2976 4176 tres
3013 4119 3327 4175 substantiae
3366 4129 3511 4182 sunt,
3542 4118 3719 4182 Pater,
3777 4118 3865 4173 Fi-

2247 4215 2386 4278 lius,
2436 4216 2668 4285 Spiritus
2697 4222 2936 4268 sanctus.
2997 4212 3065 4267 Et
3112 4211 3330 4282 quidem
3388 4211 3533 4266 Deus
3577 4225 3740 4264 causa
3779 4220 3866 4264 est

2257 4306 2520 4371 omnium,
2552 4303 2776 4359 omnino
2801 4304 2919 4358 sine
2962 4304 3115 4359 initio
3143 4303 3436 4358 solitarius.
3471 4301 3642 4357 Filius
3678 4311 3863 4358 autem

2312 4445 2398 4583 g5)
2429 4447 2552 4501 llaec
2578 4442 2881 4516 epigraphe
2912 4442 3070 4498 deest
3096 4443 3148 4498 in
3179 4451 3364 4496 nostro
3387 4441 3594 4497 codice.

2334 4518 2390 4583 4)
2423 4518 2519 4572 Hic
2546 4517 2742 4583 repetit
2773 4515 2925 4569 sicuti
2960 4531 3116 4570 unum
3147 4515 3209 4570 de
3236 4523 3489 4569 creatura.

2334 4515 2390 4590 4)
2423 4518 2519 4590 llic
2546 4517 2742 4587 repetit
2773 4515 2925 4569 sicuti
2960 4531 3116 4570 unum
3147 4515 3209 4570 de
3236 4523 3489 4569 creatura.

2314 4588 2391 4664 (5)
2424 4588 2681 4644 Glorians.

2254 4727 2376 4783 ﬁdei
2409 4727 2816 4791 professionem.
2850 4726 3182 4795 Quamquam
3226 4722 3326 4777 sub
3361 4721 3465 4776 alio
3489 4729 3747 4795 respectu
3775 4720 3865 4795 hic

2255 4799 2370 4870 ipse
2404 4799 2540 4854 liber
2569 4799 2816 4867 proxime
2851 4793 3055 4870 sextus
3085 4803 3448 4870 nuncupatur,
3486 4793 3745 4870 Erasmus
3776 4793 3864 4870 hic

2253 4862 2319 4942 ad
2352 4862 2647 4940 marginem
2685 4869 3070 4942 adscripserat,
3101 4865 3214 4942 Ego
3243 4882 3360 4942 vero
3390 4881 3494 4942 non
3526 4862 3703 4942 dubito
3737 4865 3863 4942 quin

2254 4931 2525 5013 legendum
2552 4943 2615 4995 sit
2634 4943 2686 4994 in
2703 4931 2924 5013 quatuor
2954 4939 3114 5000 libris,
3142 4931 3508 5013 eique‘postea
3539 4931 3866 5004 subscripsit

2253 5009 2391 5068 Lud.
2428 5014 2661 5067 Miratus.
2706 5012 2969 5066 Nimirum
3013 5025 3116 5064 non
3156 5009 3503 5062 adverterunt
3554 5020 3862 5059 sermonem

2257 5087 2344 5138 hic.
2375 5083 2558 5138 haberi
2589 5083 2655 5136 de
2681 5082 2879 5150 perﬁda
2907 5082 3226 5134 Arianorum
3251 5077 3501 5143 epistola,
3531 5092 3652 5146 qua:
3675 5077 3865 5132 hacte-

2259 5172 2359 5210 nus
2389 5156 2570 5216 unico.
2607 5171 2710 5207 non
2739 5162 2967 5220 quatuor
2997 5151 3146 5205 libris
3172 5152 3315 5204 edita
3343 5159 3446 5202 est.

2330 5227 2397 5298 (Γ)
2433 5225 2596 5279 lianc.
2631 5219 2960 5298 epigrapbett
3001 5225 3053 5278 itt
3111 5223 3258 5290 prius
3312 5220 3547 5290 vulgatis
3593 5219 3860 5274 omissam

2256 5295 2592 5353 restituimus
2619 5311 2685 5351 ex
2724 5295 3021 5362 potioribus
3049 5308 3178 5348 mss.

2331 5368 2408 5440 (g)
2441 5367 2732 5440 Editi,qui,
2757 5367 2848 5420 lib.
2878 5383 2950 5440 IV,
2986 5363 3862 5440 pra-ferebantuuimtent_iudttcit,

2255 5433 2889 5497 hie'exhibentunionem
2918 5438 3145 5492 dividens
3177 5452 3194 5489 :
3225 5435 3514 5503 utrobique
3543 5433 3867 5504 refraganti-

2258 5513 2360 5569 bus
2394 5526 2522 5566 mss.

2336 5582 2416 5652 (It)
2467 5583 2523 5637 ln
2555 5583 2812 5652 vulgatis,
2863 5581 2957 5636 lib.
3002 5595 3099 5652 1V,_
3131 5577 3397 5652 gloriari,
3433 5575 3530 5652 hie
3571 5589 3862 5652 vcro__cum

2266 5647 2518 5712 omnibus
2549 5647 2678 5707 mss.
2712 5655 2939 5725 glorians
2965 5668 2983 5706 :
3011 5650 3103 5705 sed
3132 5647 3689 5725 errore[lilirauiorutn
3720 5648 3865 5725 litte-

2269 5740 2443 5782 ramn
2489 5717 2753 5795 adjectar'u
2804 5724 2914 5795 jam
2965 5720 3272 5778 monuimus
3325 5719 3444 5790 (col.
3503 5717 3626 5785 106,
3680 5718 3836 5787 nol.j

2270 5796 2504 5852 editionis
2531 5793 2766 5860 nostris.)
