4118 6186
535 308 637 366 167

1713 286 1961 349 SANCTI
2000 283 2262 343 HILARII
2299 281 2614 339 EPISCOPI

3735 281 3836 336 108

532 427 737 499 genuit.
791 423 907 480 Non
937 420 1280 477 continentur
1307 456 1323 484 ,
1373 423 1428 470 ut
1452 414 1660 483 lampas
1685 419 1740 466 et
1767 410 1970 477 lampas
1996 446 2011 470 ,
2045 412 2137 458 aut
2162 403 2207 463 Α
2241 417 2304 454 ex
2336 401 2446 456 Deo
2479 408 2662 453 natum
2699 394 3017 472 praedicaret
3040 436 3054 459 ,
3087 393 3419 449 nativitatem
3455 393 3573 464 ejus
3593 395 3659 451 ad
3688 413 3841 452 crea-

532 524 761 595 lychnus
788 528 842 575 et
885 516 1112 589 lychnus
1135 553 1151 576 ,
1185 510 1457 568 exteriore
1485 516 1695 562 natura.
1750 499 2018 570 Unigcniti
2063 512 2129 553 ex

535 618 646 672 Deo
675 615 764 671 Dei
798 610 1045 666 nativitas
1077 622 1182 663 non
1214 604 1383 660 series
1405 611 1520 667 est,
1547 599 1643 655 sed
1671 595 1953 668 progenies
1980 633 1994 657 ,
2025 606 2130 644 non

533 717 739 765 tractus
767 714 888 770 est,
920 703 1015 758 sed
1046 717 1110 757 ex
1145 699 1350 755 lumine
1383 694 1459 768 (1)
1513 695 1717 749 lumen.
1763 687 1841 762 (a)
1887 684 2135 742 Luminis

537 811 745 858 naturae
777 797 955 853 unitas
981 807 1086 859 e5t,
1115 810 1222 848 non
1247 807 1312 847 ex
1343 787 1681 846 connexione
1710 779 2001 856 porrectio.

619 897 707 952 15.
748 893 844 948 Dei
882 907 947 947 ea:
997 889 1106 944 Deo
1142 886 1376 942 nativitas
1398 884 1734 953 impugnata,
1775 873 2038 930 asseritur.
2063 898 2135 910 --

533 989 652 1046 Jam
681 1001 810 1042 vero
841 985 893 1040 in
920 997 985 1038 eo
1011 988 1209 1049 quanta
1232 976 1499 1031 luereticzc
1525 969 1736 1027 astutia:
1758 976 1812 1022 et
1836 979 1998 1036 quam
2025 960 2137 1015 eal-

538 1081 644 1138 lida
679 1077 944 1151 professio
983 1074 1120 1129 fuit:
1151 1091 1169 1124 ι
1206 1070 1318 1126 Nec
1346 1067 1435 1136 qui
1469 1065 1566 1120 fuit
1605 1069 1761 1128 ante,
1793 1053 2134 1129 postmodum

536 1184 720 1232 natum
755 1171 843 1228 vel
881 1175 1285 1240 supercreatnm
1334 1162 1387 1218 in
1427 1159 1617 1215 lilium.
1651 1176 1669 1208 ι
1715 1155 1857 1209 Deus
1881 1193 1895 1216 ,
1938 1148 2027 1219 qui
2069 1161 2136 1202 ex

537 1271 648 1326 Deo
675 1277 834 1323 natus
856 1274 936 1319 est
954 1304 969 1330 ,
1002 1276 1110 1316 non
1132 1260 1314 1328 utique
1343 1263 1500 1310 natus
1530 1267 1595 1307 ex
1629 1246 1800 1304 nihilo
1820 1252 1938 1307 est,
1966 1254 2138 1311 neque

536 1363 604 1419 de
645 1375 752 1415 non
793 1355 1127 1414 exstantibus
1171 1358 1327 1406 natus
1365 1355 1477 1412 est;
1520 1342 1614 1399 sed
1678 1336 1970 1395 nativitatis
2027 1347 2138 1388 sua:

535 1456 805 1511 viventem
835 1449 1022 1504 habuit
1053 1453 1322 1500 naturam.
1351 1439 1461 1494 Nec
1488 1436 1630 1491 idem
1659 1434 1799 1488 Deus
1818 1471 1833 1496 ,
1864 1427 1956 1499 qui
1985 1435 2136 1490 erat;

541 1546 637 1603 sed
675 1545 814 1599 Deus
848 1555 912 1596 ex
954 1539 1092 1603 Deo,
1126 1534 1218 1605 qui
1256 1540 1406 1596 erat,
1442 1533 1600 1582 natus
1638 1535 1758 1579 eat:
1791 1529 1846 1576 et
1890 1516 2141 1572 nativitas

541 1636 728 1694 habuit
772 1631 997 1703 originis
1033 1643 1143 1683 sua:
1176 1628 1229 1680 in
1261 1625 1374 1694 ipsa
1413 1635 1507 1674 sua
1549 1615 1830 1672 nativitate
1866 1619 2135 1665 naturam.

545 1728 624 1801 (‘2)
659 1728 716 1784 Si
763 1741 826 1782 ex
862 1700 1065 1778 inostro
1104 1718 1406 1788 loquimur,
1451 1710 1749 1767 insolentes
1794 1717 2023 1762 sumus:
2055 1700 2138 1754 sin

535 1839 629 1880 ver

536 1935 688 1984 mus,
714 1913 964 1970 nativitas
989 1909 1081 1964 Dei
1120 1903 1414 1962 secundum
1451 1898 1755 1956 doctrinam
1786 1893 1876 1948 Dei
1903 1902 1985 1946 eSt
2010 1903 2141 1945 con-

540 1983 762 2068 ﬁtenda.
795 2007 944 2061 Hane
971 2003 1131 2074 igitur
1167 2000 1218 2054 in
1257 1997 1417 2053 Patre
1459 2002 1516 2049 et
1555 1990 1688 2046 Filio
1725 1996 1930 2043 natura:
1961 1983 2136 2038 unita-

543 2115 680 2169 tem,
714 2108 770 2157 et
805 2099 908 2153 hoc
953 2092 1182 2150 viventis
1214 2086 1504 2144 nativitatis
1550 2078 1912 2138 inenarrabile
1961 2089 2141 2130 sacra-

538 2203 780 2252 mentum
804 2187 1094 2247 excludere
1118 2182 1401 2239 htereticus
1424 2177 1572 2233 furor
1600 2181 1812 2230 tentans
1835 2170 1942 2236 ait,
1973 2188 1991 2221 ι
2025 2165 2138 2221 Non

540 2305 696 2352 eum,
737 2287 826 2358 qui
864 2283 960 2338 fuit
1011 2288 1172 2343 ante,
1204 2271 1549 2348 postmodum
1597 2275 1780 2323 natum
1823 2263 1906 2319 vel
1952 2275 2141 2331 super-

539 2355 779 2440 creatnm
809 2379 861 2434 iu
896 2375 1084 2430 filium.
1117 2391 1135 2425 ι
1161 2369 1294 2440 Quis
1313 2367 1459 2424 enim
1492 2374 1601 2419 tam
1628 2373 1862 2416 vesanus
1900 2355 2005 2411 erit
2027 2394 2040 2419 ,
2084 2362 2140 2408 ut

540 2474 804 2532 defecisse
833 2486 864 2526 a
908 2483 969 2525 se
1007 2467 1219 2522 Patrem
1261 2469 1442 2533 putet;
1485 2465 1543 2512 ut
1582 2455 1758 2515 idem,
1796 2451 1887 2522 qui
1925 2448 2135 2513 fuerat,

541 2578 727 2640 postea
795 2570 1106 2620 nasceretur
1132 2557 1214 2613 vel
1246 2560 1686 2625 supercrearetur
1730 2548 1782 2601 in
1839 2544 2042 2606 lilium;
2087 2547 2141 2596 et

539 2632 684 2718 esset
711 2657 936 2714 abolitio
958 2655 1082 2719 Dei,
1113 2662 1174 2706 ut
1201 2646 1514 2704 succederet
1533 2643 1602 2698 de
1628 2639 1920 2695 abolitione
1943 2632 2142 2689 nativi—

541 2761 625 2809 tas
643 2793 660 2821 ,
693 2765 814 2806 cum
847 2749 1096 2803 nativitas
1117 2748 1425 2798 manentem
1456 2743 1681 2792 testetur
1705 2726 2015 2786 auctorem?
2042 2723 2138 2780 Vel

543 2845 662 2916 quis
698 2855 805 2898 tam
832 2841 1056 2897 demens
1099 2845 1214 2902 est,
1261 2843 1318 2888 ut
1358 2828 1662 2888 substitisse
1705 2824 1870 2880 lilium
1929 2819 2032 2876 nisi
2073 2833 2142 2874 ex

541 2912 819 2995 nativitate
851 2929 1118 2988 fateatur?
1147 2927 1281 2995 Quis
1309 2938 1476 2996 porro
1519 2933 1625 2975 tam
1654 2930 1844 2974 vecors
1865 2955 1879 2978 ,
1910 2912 2000 2983 qui
2033 2925 2140 2966 non

543 3027 817 3085 exstitisse
863 3025 1033 3080 Deum
1072 3037 1140 3076 ex
1185 3033 1252 3074 eo
1290 3015 1432 3088 quod
1478 3015 1620 3068 Deus
1670 3009 1908 3064 nascitur
1949 3004 2142 3060 audeat

539 3117 874 3194 praedicare?
917 3115 1032 3171 Non
1077 3113 1221 3169 enim
1268 3111 1358 3180 qni
1406 3105 1660 3162 manebat
1707 3103 1882 3164 Deus,
1937 3097 2032 3152 sed
2074 3111 2138 3150 ex

2238 493 2398 548 tionis
2423 491 2665 547 referens
2687 488 2752 543 de
2775 504 2882 542 non
2907 485 3250 541 exstantibus
3278 485 3630 544 voluntatem.

2309 585 2398 641 M.
2441 583 2556 649 Qua
2587 591 2699 635 arte
2727 579 2775 634 F
2778 581 2925 635 ilium
2951 594 3015 632 ea:
3039 577 3201 632 nihilo
3230 580 3467 633 innuant.
3496 608 3568 620 —-
3599 581 3840 649 Denique

2239 685 2359 748 post
2396 675 2563 730 multa
2593 673 2662 728 ad
2706 672 2758 727 id
2799 681 3072 741 tamquam
3109 686 3175 726 ex
3208 681 3512 742 praeparato
3549 673 3649 727 sibi
3689 675 3839 730 aditu

2239 769 2489 841 prorupit
2515 767 2734 822 dicens:
2764 764 2932 844 Filius
2959 774 3140 819 autem
3169 766 3285 821 sine
3316 777 3556 836 tempore
3583 766 3760 822 editus
3787 778 3844 824 et

2237 873 2362 917 ante
2404 860 2598 916 saacula
2629 870 2848 914 creatus
2873 869 2929 912 et
2967 856 3254 921 fundatus,
3287 872 3394 911 non
3422 857 3521 912 fuit
3551 868 3838 930 antequam

2239 963 2572 1010 nasceretur.
2601 950 2945 1021 Temperavit
2982 964 3068 1014 se,
3103 947 3182 1021 (ά)
3213 957 3470 1020 quantum
3514 961 3690 1021 putat,
3725 951 3841 1007 lue-

2241 1047 2444 1104 reticus
2470 1060 2649 1102 sermo
2670 1055 2726 1100 et
2755 1045 2818 1099 ad
2853 1042 3144 1113 impietatis
3167 1041 3631 1099 confirmationem
3649 1087 3665 1113 ,
3689 1055 3744 1101 ct
3773 1047 3840 1101 ad

2239 1138 2522 1194 calumniae
2545 1177 2562 1204 ,
2610 1137 2657 1191 si
2697 1133 2928 1206 quaestio
2962 1132 3356 1199 intenderetur,
3402 1137 3838 1205 excusationem,

2239 1232 2457 1288 dicens:
2488 1247 2588 1284 non
2637 1239 2746 1283 erat
2770 1239 3041 1298 antequam
3069 1237 3365 1281 nasceretur
3386 1244 3404 1281 :
3434 1237 3493 1283 ut
3521 1229 3573 1284 in
3599 1245 3666 1285 eo
3691 1231 3838 1301 quod

2241 1341 2347 1379 non
2376 1322 2475 1378 fuit
2516 1321 2590 1393 (e)
2635 1332 2924 1391 antequam
2965 1321 3231 1386 nascitur,
3285 1330 3530 1374 naturam
3569 1322 3621 1376 ei
3663 1323 3842 1378 subsi-

2241 1415 2433 1471 stentis
2454 1412 2674 1484 originis
2695 1413 2984 1482 denegaret
3011 1454 3025 1479 ,
3049 1421 3104 1466 et
3124 1410 3376 1480 coepisset
3399 1427 3520 1467 esse
3541 1412 3609 1468 de
3639 1413 3808 1469 nihilo
3823 1457 3840 1481 ,

2241 1509 2328 1563 cui
2360 1517 2480 1563 ante
2519 1507 2851 1561 nativitatem
2883 1520 3033 1560 suam
3065 1504 3304 1561 existens
3330 1520 3436 1560 non
3465 1505 3686 1562 daretur
3715 1523 3844 1564 auc-

2243 1602 2468 1656 toritas:
2501 1609 2609 1654 tum
2655 1614 2817 1668 porro
2853 1599 2899 1653 si
2939 1599 3236 1669 irreligioso
3276 1599 3377 1655 hoc
3415 1599 3616 1655 dictum
3657 1603 3846 1658 existi-

2240 1701 2510 1756 maretur,
2545 1691 2757 1746 adesset
2780 1691 2828 1745 ei
2862 1700 3107 1760 prompta
3139 1690 3414 1759 defensio,
3443 1693 3508 1761 (r)
3540 1693 3662 1763 quia
3693 1696 3846 1751 nasci

631 1837 665 1878 ο
703 1820 768 1875 ad
798 1814 1125 1888 loquendum
1171 1811 1394 1867 edoctus
1435 1820 1532 1860 nos
1563 1819 1659 1875 per
1707 1801 1871 1855 Deum
1918 1793 2139 1851 docebi-
2169 1793 2219 1852 B
2246 1787 2334 1858 qui
2363 1796 2480 1842 erat
2511 1801 2613 1840 non
2644 1783 2844 1854 potuit;
2871 1799 3046 1853 neque
3074 1786 3164 1854 qui
3188 1795 3345 1839 antea
3376 1796 3556 1851 esset,
3588 1788 3847 1843 nascendi

2242 1896 2459 1936 causam
2489 1879 2566 1954 (g)
2600 1896 2696 1950 per
2715 1895 2875 1949 quam
2903 1889 3045 1934 esset
3085 1878 3391 1943 habuisset;
3433 1895 3552 1935 cum
3593 1882 3848 1937 nativitas

2243 1973 2308 2027 ad
2333 1972 2383 2028 id
2410 1971 2648 2042 proficiat
2666 2014 2679 2036 ,
2718 1981 2773 2025 ut
2794 1971 3049 2026 subsistat
3070 1986 3192 2025 esse
3220 1972 3310 2040 qui
3338 1970 3595 2025 nascitur.
3619 1972 3664 2027 Ο
3685 1973 3849 2030 stulte

2243 2074 2407 2135 atque
2442 2064 2639 2134 impie,
2677 2065 2801 2134 quis
2842 2063 3171 2118 nativitatem
3205 2073 3482 2132 exspectet
3512 2065 3566 2118 in
3607 2081 3709 2130 eo,
3756 2067 3846 2136 qui

2243 2159 2360 2214 sine
2383 2157 2661 2212 nativitate
2687 2156 2984 2224 subsistat?
3017 2159 3121 2209 Aut
3149 2156 3420 2226 quomodo
3447 2158 3536 2227 qui
3572 2167 3658 2212 est
3695 2161 3847 2214 nasci

2245 2250 2631 2306 existimandus
2657 2259 2771 2315 est,
2803 2264 2925 2304 cum
2958 2250 3212 2303 nativitas
3237 2258 3428 2304 natura
3461 2251 3717 2307 nascendi
3745 2252 3849 2306 sit?

2242 2342 2346 2399 Sed
2369 2341 2598 2398 subdole
2632 2341 2696 2396 ad
2730 2341 3027 2412 negantiam
3057 2358 3122 2396 ex
3149 2341 3262 2397 Deo
3285 2351 3435 2412 patre
3461 2345 3720 2415 unigeniti
3754 2345 3848 2400 Dei

2243 2437 2574 2492 nativitatem
2621 2435 2994 2501 contendens,
3043 2450 3138 2504 per
3179 2436 3229 2489 id
3271 2435 3414 2506 quod
3457 2437 3686 2507 nonfuit
3729 2449 3848 2492 ante

2242 2545 2396 2599 quant
2427 2539 2719 2584 nasceretur
2750 2527 2982 2583 evadere
3009 2528 3253 2594 voluisti;
3281 2527 3363 2599 (h)
3395 2529 3535 2598 quod
3582 2530 3742 2598 Deus,
3782 2548 3850 2587 ex

2243 2639 2350 2693 quo
2375 2623 2464 2678 Dei
2490 2621 2628 2676 filius
2651 2631 2806 2676 natus
2827 2633 2931 2687 est,
2947 2631 3088 2688 erat;
3105 2630 3453 2692 maneretque
3484 2623 3574 2677 Dei
3617 2635 3806 2679 natura
3831 2666 3847 2690 ,

2243 2731 2310 2772 ex
2349 2730 2452 2786 qua
2494 2715 2636 2769 filius
2675 2715 2817 2769 Deus
2854 2714 3130 2769 nativitate
3173 2715 3440 2770 subsistit.
3486 2714 3543 2770 Si
3584 2716 3746 2786 igitur
3781 2733 3848 2773 ex

2245 2810 2356 2864 Deo
2386 2820 2541 2864 natus
2569 2819 2682 2874 est,
2715 2808 2984 2863 manentis
3012 2815 3222 2863 natura:
3265 2807 3569 2864 confitenda
3597 2811 3850 2866 nativitas

2243 2913 2362 2968 est;
2395 2917 2500 2957 non
2537 2911 2594 2955 ut
2631 2901 2770 2956 Deus
2799 2900 2888 2970 qui
2930 2908 3048 2954 erat
3075 2910 3416 2968 nasceretur,
3447 2902 3541 2956 sed
3565 2911 3622 2956 ut
3647 2918 3712 2958 ex
3739 2903 3850 2957 Deo

2245 2995 2309 3068 (i)
2331 2994 2422 3065 qui
2449 3003 2567 3048 erat
2599 2993 2692 3048 Dei
2731 2993 2980 3048 nativitas
3006 2992 3417 3062 intelligeretur.

2318 3087 2406 3141 15.
2441 3084 2666 3140 eresis
2687 3084 2890 3149 audax,
2915 3084 3004 3138 sed
3031 3085 3350 3153 imprudens.
3377 3083 3443 3139 In
3471 3086 3652 3154 quibus
3671 3103 3810 3158 aegre
3831 3131 3846 3155 ,

539 3223 794 3271 manente
822 3211 936 3266 Deo
969 3209 1110 3264 Deus
1148 3213 1306 3260 natus
1335 3211 1419 3258 est
1437 3241 1453 3268 ,
1487 3210 1678 3254 tenens
1705 3197 1757 3250 in
1802 3209 1860 3248 se
1885 3200 2132 3248 naturam
2161 3188 2206 3250 C
2238 3181 2483 3249 inquibus
2501 3179 2703 3251 [acilius
2721 3187 3022 3233 curetur.—-
3036 3176 3142 3232 Sed
3169 3177 3500 3248 irreligiosos
3528 3188 3694 3235 ωειυε
3717 3195 3848 3235 suos

539 3306 805 3378 gignentis
839 3303 892 3358 in
934 3299 1216 3355 nativitate
1250 3303 1475 3350 naturas.
1506 3289 1768 3346 Nativitas
1792 3295 1973 3341 autem
2007 3283 2134 3349 Dei,

539 3373 660 3468 quae
680 3411 748 3452 ex
779 3396 888 3451 Deo
915 3393 969 3448 in
1019 3392 1186 3446 Deum
1217 3386 1456 3452 exstitit,
1497 3397 1605 3438 non
1655 3395 1773 3450 quas
1825 3393 1931 3432 non
1981 3373 2139 3448 142

542 3466 692 3546 erant
719 3494 894 3553 tenet,
919 3483 1012 3540 sed
1039 3482 1115 3554 (b)
1135 3496 1257 3552 qua:
1279 3478 1372 3533 Dei
1390 3474 1681 3530 manebant
1699 3480 1753 3526 et
1770 3475 2019 3530 manent,
2039 3466 2137 3520 ob-

541 3580 704 3636 tinuit
729 3579 958 3634 veritate
985 3572 1260 3631 nascendi.
1293 3569 1408 3625 Non
1437 3581 1566 3636 ergo
1595 3565 1685 3634 qui
1729 3561 1801 3635 (c)
1833 3567 1950 3617 erat
1983 3567 2140 3614 natus

540 3684 652 3740 est;
672 3673 766 3730 sed
785 3688 852 3730 ex
870 3671 951 3727 his
969 3678 1130 3740 atque
1148 3668 1200 3721 in
1224 3665 1328 3733 his,
1353 3676 1472 3733 qua:
1495 3658 1587 3714 Dei
1609 3665 1793 3724 erant,
1822 3656 1961 3710 Deus
1980 3660 2137 3707 natus

539 3768 764 3825 exstitit.
813 3763 1001 3821 Omnis
1049 3760 1210 3831 igitur
1255 3759 1341 3812 hic
1395 3753 1642 3826 superior
1688 3748 1952 3806 hmreticae
1994 3746 2139 3802 frau-

539 3860 795 3919 dulentiae
822 3871 1003 3915 sermo
1033 3854 1173 3910 hanc
1200 3851 1342 3906 viam
1371 3846 1704 3918 impiissimre
1734 3841 1996 3898 doctrina:
2023 3852 2137 3893 sua:

539 3951 893 4024 prteparavit:
919 3958 977 4004 ut
999 3945 1341 4016 Unigenitum
1365 3941 1528 3996 Deum
1549 3943 1801 4008 negatura
1823 3976 1838 4001 ,
1865 3943 2136 4003 tamquam

537 4047 750 4104 ratione
772 4041 1012 4100 veritatis
1032 4048 1156 4096 ante
1179 4033 1458 4111 praemissa
1478 4074 1492 4098 ,
1515 4047 1583 4090 ex
1608 4028 1774 4085 nihilo
1792 4027 2132 4098 potiusquam

599 4191 681 4265 (l)
721 4189 889 4246 Abest
913 4190 1102 4242 lumen.

612 4328 688 4412 (a)
728 4327 786 4382 In
827 4325 1084 4412 vulgatis,
1112 4338 1176 4377 ex
1211 4321 1401 4412 Inguina
1437 4319 1645 4412 lunt-iiiis
1684 4324 1892 4412 na'turft.
1927 4311 2134 4394 Unitas.

537 4385 800 4458 Addimus
828 4385 998 4452 tanien
1027 4385 1092 4450 ex
1125 4408 1226 4448 ms.
1257 4390 1412 4446 Colb.
1457 4391 1686 4459 aliisque
1727 4385 1941 4441 duobus
1962 4425 1977 4450 ,
2017 4385 2138 4453 qni-

541 4473 643 4529 bus
673 4471 762 4524 alii
793 4478 988 4524 caetera
1015 4465 1378 4521 consentiunt.

609 4525 688 4615 (ὁ)
730 4541 805 4615 lta_
837 4554 966 4615 mss.
996 4537 1140 4592 Editi
1176 4551 1326 4615 vero,
1359 4547 1472 4600 qua:
1586 4529 1698 4584 Deo
1743 4528 2034 4615 manebant.
2063 4525 2137 4609 μί

538 4597 740 4671 Hilario
784 4611 1045 4666 familiare
1086 4618 1166 4690 est
1212 4597 1436 4690 verbum
1483 4600 2018 4690 Deus_‘pronl’atre,
2060 4597 2132 4690 ita
2161 4631 2216 4690 Β

537 4669 744 4742 manere
789 4697 887 4752 pro
916 4696 1038 4737 esse
1080 4680 1198 4735 sine
1243 4674 1537 4752 exsistendi
1576 4673 1749 4728 initio.
1779 4669 1943 4752 pride
1991 4671 2133 4740 quod

535 4759 624 4814 hic
652 4771 767 4826 qua:
792 4744 889 4808 Dei
922 4752 1221 4826 manebant,
1253 4764 1376 4804 mox
1406 4746 1599 4826 dicitur
1627 4759 1739 4813 qua:
1771 4744 1863 4826 l)_ei
1893 4752 2058 4797 erant.

608 4813 681 4900 (εδ
722 4827 777 4883 In
825 4840 927 4880 ms.
970 4813 1270 4900 Carnutfa
1316 4819 1550 4900 secunda
1587 4830 1762 4900 “manu
1810 4813 1899 4869 hic
1938 4828 2132 4900 super-

534 4883 732 4970 scripta
763 4909 846 4954 est
879 4895 1162 4970 particula
1188 4909 1321 4970 non,
1355 4906 1474 4970 quae
1513 4887 1709 4942 deinde
1743 4888 1793 4940 in
1834 4883 2128 4970 unoculi).

536 4957 748 5029 necnon
773 4971 826 5024 in
855 4957 964 5024 edit
992 4967 1082 5022 Er.
1105 5007 1119 5033 ,
1146 4966 1293 5033 Lips.
1320 4971 1374 5016 et
1405 4962 1524 5014 Par.
1553 4972 1832 5033 perperam
1860 4957 2090 5033 obtinuit
2115 4973 2128 5033 ξ

532 5025 924 5100 reluctantibus
957 5039 1076 5092 aliis
1106 5025 1292 5092 libris.
1334 5025 1595 5088 Dicebant
1634 5025 1854 5100 Ariani,
1902 5025 2014 5100 Nec
2046 5028 2134 5097 qui

531 5097 632 5188 fuit
668 5125 787 5188 ante
809 5153 827 5188 ε
852 5109 1178 5188 postmodum
1207 5119 1416 5170 natum,
1445 5102 1649 5157 directe
1686 5099 1899 5188 quidem
1935 5097 2130 5152 adver-

529 5171 623 5242 'sus
671 5171 1001 5248 Sabellium,
1052 5188 1383 5234 asserentein
1429 5190 1586 5248 eum,
1635 5171 1738 5248 qui
1776 5171 1936 5248 Pater
1971 5179 2128 5233 erat,

528 5272 650 5313 cum
679 5243 1020 5327 postmodum
1052 5262 1209 5306 natus
1236 5255 1410 5327 esset,
1443 5245 1537 5298 (illi
1563 5243 2130 5327 appellationem'essc

529 5311 777 5383 sortittum
801 5343 816 5392 ;
845 5325 1063 5393 oblique
1089 5333 1266 5393 autem
1293 5318 1554 5393 adversus
1578 5311 1899 5393 catholicam
1931 5311 2094 5393 fidem
2113 5353 2128 5377 ,

529 5381 723 5456 Filium
752 5381 817 5452 de
850 5413 954 5450 non
978 5381 1318 5451 exs-tantibus
1354 5388 1629 5443 insinuare
1657 5387 1962 5440 molientes.
1995 5381 2122 5456 Qui-

527 5453 732 5526 busita
777 5467 1069 5536 reSpondet
1115 5461 1473 5536 Hilarius,_ut
1509 5459 1847 5536 ethipsorum
1894 5453 2120 5522 repellat

526 5549 674 5596 artes
695 5581 710 5605 ,
741 5548 795 5595 et
816 5529 1098 5594 catholicae
1123 5535 1245 5589 lidei
1275 5531 1410 5586 nihil
1430 5545 1550 5605 cum
1575 5529 1808 5583 Sabellio
1834 5539 2123 5605 commune

524 5595 648 5668 esse
694 5595 1047 5666 demonstret.
1099 5606 1360 5676 Superius
1405 5603 1550 5676 enim
1596 5611 1782 5654 contra
1831 5595 2120 5676 Sabelliuin

522 5666 1455 5754 praemittit,7Ne_c_‘idem'Deus_qui
1493 5682 1601 5753 erat
1644 5680 1796 5754 natus
1832 5678 1926 5724 est.
1965 5666 2120 5748 Quod

522 5740 612 5810 inn
648 5740 1177 5824 promituiuipsum
1205 5744 1566 5824 conclusionis
1591 5743 1641 5824 ιε.
1675 5740 1890 5795 nitidum
1923 5740 2120 5824 repetit

522 5809 609 5888 his
647 5809 765 5882 aliis
792 5809 970 5879 verbis
991 5861 1008 5891 ,
1026 5809 1090 5876 ’Ν
1097 5836 1163 5874 ou
1192 5834 1308 5890 ergo
1333 5816 1423 5888 qui
1449 5823 1557 5872 erat
1587 5814 1713 5885 (hoc
1739 5821 1856 5881 est,
1887 5827 1994 5868 non
2024 5809 2124 5867 Pa-

2242 3275 2390 3331 ealor
2418 3273 2701 3330 haereticus
2727 3288 2834 3327 non
2859 3273 3128 3337 continet;
3151 3281 3206 3326 et
3233 3287 3328 3341 per
3345 3271 3395 3326 id
3426 3273 3566 3342 quod
3585 3274 3692 3339 ait,
3743 3293 3850 3330 non

2242 3377 2351 3424 erat
2378 3381 2647 3438 antequam
2675 3375 2987 3433 nasceretur,
3012 3365 3061 3419 id
3082 3365 3351 3432 laborans,
3384 3376 3440 3420 ut
3471 3365 3625 3439 143
3647 3367 3714 3422 de
3740 3385 3853 3422 non

2243 3462 2577 3518 exstantibus
2616 3469 2949 3538 nasceretur,
2985 3460 3036 3514 id
3081 3470 3192 3525 est,
3222 3475 3326 3514 non
3375 3477 3405 3514 a
3455 3461 3568 3517 Deo
3605 3472 3754 3531 patre
3797 3465 3849 3518 in

2246 3555 2416 3610 Deum
2451 3555 2620 3610 tilium
2651 3569 2778 3610 vera
2806 3563 2861 3610 et
2888 3553 3124 3623 perfecta
3163 3553 3440 3608 nativitate
3477 3567 3632 3609 natus
3661 3569 3850 3624 esset,

2247 3649 2300 3704 in
2325 3651 2436 3720 ipsa
2473 3651 2635 3705 totius
2669 3648 3023 3717 expositionis
3049 3647 3402 3703 conclusione
3422 3647 3488 3701 ad
3514 3648 3759 3704 ultimum
3795 3662 3852 3707 et

2245 3743 2682 3814 profanissimum
2721 3741 3008 3812 irreligiosi
3051 3740 3248 3796 furoris
3295 3742 3376 3796 sui
3421 3743 3855 3813 prorupitardo-

2248 3852 2399 3901 rem,
2441 3835 2666 3890 dicens:
2703 3852 2720 3885 ι
2758 3833 2813 3890 Si
2866 3833 3012 3888 enim
3055 3833 3196 3902 quod
3230 3849 3292 3888 ea:
3320 3834 3468 3900 ipso,
3507 3844 3564 3890 et
3603 3837 3748 3906 quod
3790 3853 3856 3890 ea:

2245 3942 2421 3998 utero,
2461 3939 2516 3985 et
2552 3928 2695 4000 quod
2735 3944 2797 3982 ea:
2841 3925 2999 3981 Patre
3029 3928 3159 3982 exivi
3186 3935 3232 3980 et
3271 3927 3417 3993 veni,
3449 3927 3594 3982 velut
3643 3938 3852 3997 partem

2245 4021 2312 4096 (j)
2352 4021 2469 4093 ejus
2503 4021 2660 4076 unius
2687 4018 3034 4087 subSIantiae,
3065 4027 3118 4074 et
3154 4019 3307 4089 quasi
3353 4018 3706 4089 prolationem
3749 4035 3852 4076 ex-

2299 4166 2378 4240 (2)
2419 4167 2480 4224 Si
2508 4167 2639 4222 enim
2667 4181 2731 4222 ea:
2758 4173 2950 4220 nostra.

2242 4308 2348 4390 ter)
2381 4316 2625 4390 natusoest
2647 4321 2666 4360 :
2694 4307 2783 4362 sed
2809 4321 2875 4362 ea:
2900 4305 2979 4360 his
3007 4318 3121 4374 qua:
3156 4299 3256 4357 Dei
3291 4310 3437 4356 erant
3464 4299 3606 4357 Deus
3631 4300 3853 4376 (Filius)

2241 4389 2391 4436 natus
2419 4389 2638 4434 exstitit.

2313 4449 2394 4590 ἑά)
2435 4451 2594 4506 Solus
2620 4449 2797 4507 codex
2831 4449 2950 4504 Vat.
2981 4447 3098 4504 bas.
3119 4489 3134 4516 ,
3164 4455 3409 4515 quantum
3445 4445 3631 4514 potuit.

2337 4522 2384 4590 e)
2431 4521 2605 4588 Editi,
2655 4531 2929 4590 antequam
2998 4527 3308 4590 nasceretur.
3374 4517 3629 4590 Sequimu

2337 4517 2386 4595 ε)
2431 4521 2605 4588 Editi,
2655 4531 2929 4595 antequam
2998 4527 3309 4595 nasceretur:
3374 4517 3661 4595 Sequimur
3713 4533 3847 4570 mss.

2245 4586 2446 4651 Deinde
2485 4586 2762 4649 subsistens
2789 4586 2948 4663 'origo
2992 4591 3122 4663 nihil
3166 4589 3312 4663 aliud
3358 4586 3654 4663 signiﬁcnt,
3687 4605 3850 4663 quam

2239 4667 2382 4736 quod
2413 4682 2560 4731 mox,
2579 4667 2822 4720 exsistens
2843 4660 3142 4736 auctoritas.
3169 4661 3273 4714 Pro
3302 4662 3383 4715 his
3410 4661 3655 4715 dicerent
3686 4660 3852 4716 modo

2241 4735 2499 4800 TheOIOgi
2518 4779 2532 4802 ,
2569 4737 2882 4807 principium
2913 4735 3178 4807 exsistens.

2310 4808 2391 4882 (f)
2436 4802 2908 4882 ExeritplarCarn.
2949 4802 3383 4882 secundis‘curis
3421 4817 3542 4856 eum
3585 4817 3687 4856 ms.
3718 4802 3844 4856 Vat.

2237 4875 2382 4940 bas...
2401 4882 2523 4950 quia
2540 4875 2694 4950 nasci!
2707 4895 2813 4950 non,
2827 4876 2990 4948 potuit
3009 4875 3107 4928 nisi
3134 4875 3222 4944 qui
3239 4891 3339 4927 non
3367 4883 3505 4940 erat,
3535 4889 3714 4944 neque,
3739 4883 3849 4929 etc.

2310 4950 2388 5095 (9;
2413 4948 2485 5006 'In
2526 4967 2627 5006 ms.
2655 4948 2774 5004 Vat.
2808 4949 2926 5004 bas.
2947 4989 2959 5010 ,
2995 4956 3260 5016 postquam
3285 4955 3436 5000 esset.

2310 5027 2364 5094 (h
2434 5023 2548 5077 Vat.
2581 5023 2698 5078 bas.
2731 5036 2831 5074 ms.
2852 5061 2866 5084 ,
2911 5035 2971 5095 ne
2999 5019 3133 5088 quod
3159 5016 3322 5082 Deus,
3354 5026 3436 5072 et:

2434 5023 2548 5077 Vat.
2581 5023 2698 5078 bas.
2731 5036 2831 5074 ms.
2852 5061 2866 5084 ,
2911 5035 2971 5094 ne
2999 5019 3133 5088 quod
3159 5016 3322 5082 Deus,
3354 5026 3409 5072 et
3434 5032 3586 5094 mox,
3621 5027 3850 5094 numeret

2236 5089 2440 5176 absque
2469 5095 2726 5162 particula
2749 5107 2884 5160 que:
2914 5089 3002 5144 hic
3027 5101 3085 5144 ut
3113 5104 3274 5159 supra
3306 5098 3360 5143 et
3387 5102 3511 5143 mox
3543 5089 3853 5157 deprchem

2236 5165 2381 5221 ditur
2408 5173 2721 5219 temeratus.

2313 5236 2372 5309 (i)
2413 5235 2468 5290 lu
2516 5231 2622 5309 nisi
2658 5235 2781 5290 Vat.
2839 5233 2966 5309 bas._
3001 5231 3340 5288 desideratur
3365 5232 3473 5309 Aqui
3498 5231 3848 5309 _erat.‘Qnod

2235 5303 2478 5390 proxime
2499 5307 2724 5390 dicitur,
2742 5305 2993 5390 manentis
3021 5318 3222 5359 naturte
3249 5303 3540 5372 conﬁtenda
3569 5303 3812 5355 nativitas
3831 5345 3846 5364 ,

2236 5375 2306 5433 ita
2333 5388 2520 5462 potest
2560 5377 2816 5446 intelligi,
2844 5375 2929 5462 vel
2963 5388 3144 5462 natum
3189 5389 3312 5462 esse
3352 5391 3420 5429 ex
3464 5385 3718 5428 manente
3748 5388 3845 5426 seu

2228 5451 2527 5505 exsistente
2553 5458 2740 5503 natura
2762 5488 2775 5510 ,
2799 5447 2884 5503 vel
2910 5463 3090 5501 natum
3123 5447 3322 5501 habere
3349 5456 3656 5501 manentem
3690 5456 3848 5497 natu-

2227 5536 2368 5586 ram,
2398 5521 2483 5574 vel
2528 5523 2692 5576 etiam
2721 5532 3026 5588 utrumque.

2301 5592 2374 5668 (j)
2411 5592 2768 5668 ln_vu|gatis,
2806 5587 2958 5668 unius
2992 5592 3106 5668 ejus
3137 5589 3438 5668 substantia:
3465 5603 3484 5643 :
3510 5587 3682 5668 male,
3717 5601 3844 5667 cum

2225 5658 2433 5738 ε]ιᾷἐά
2480 5658 2728 5738 Patrem,
2761 5669 2816 5738 et
2858 5658 3109 5714 unius'ad
3163 5660 3490 5738 vocabulum
3539 5658 3848 5712 substantia:

2224 5728 2508 5792 referatur.
2543 5728 2744 5791 Deinde
2766 5734 2874 5802 jam
2901 5733 3326 5800 prmmonuimus
3355 5731 3408 5786 in
3439 5728 3846 5798 exemplaribus

2223 5809 2416 5880 graecis
2444 5807 2544 5879 legi
2564 5848 2577 5874 ,
2610 5810 2696 5864 καὶ
2715 5808 2783 5869 ὡς
2804 5805 3031 5882 προϐολή
3062 5803 3167 5861 ὐπό
3195 5826 3365 5874 τινων,
3391 5817 3503 5860 non
3530 5812 3716 5859 autem
3748 5804 3844 5859 καὶ
