4118 6186
255 238 364 297 ίϐθ

1464 240 1554 297 DE
1595 237 1967 299 TRINITATE
2007 236 2210 295 LIBER
2253 237 2336 295 Vl.

3458 248 3561 305 ΗΟ

258 355 492 412 tendens
523 352 872 424 intelligitur;
904 354 1238 424 compositus
1276 355 1379 410 erit
1421 355 1615 419 Pater,
1649 367 1703 412 et
1729 356 1864 411 divi-
1892 358 1938 414 Α
1970 355 2097 410 ralis
2140 356 2394 411 nativltas
2437 354 2747 412 doceretur.
2781 358 3061 414 Postremo
3095 360 3237 430 quod
3277 353 3448 416 ditiit:
3485 363 3568 417 Ex

257 448 472 509 sibilis,
499 456 555 502 et
587 445 958 500 convertibilis
981 487 998 512 ,
1034 454 1089 501 et
1129 461 1324 516 corpus
1365 448 1658 503 secundum
1708 449 1860 514 illos,

263 549 342 604 et,
373 549 633 609 quantum
667 537 720 592 itt
753 537 883 608 ipsis
914 545 1020 602 est,
1051 540 1437 609 consequentia
1476 540 1718 609 corporis
1747 555 1865 594 sus-

265 634 448 688 tinens
466 631 586 686 sine
637 645 866 700 corpore
889 629 1051 685 Deus.
1085 649 1104 683 ι
1139 629 1333 686 Gravis
1363 641 1418 686 et
1440 631 1620 686 multa:
1641 631 1869 687 difficul-

262 725 396 781 tatis
419 725 571 779 labor
606 733 753 780 esset
780 723 1062 779 veritatem
1093 725 1366 796 religionis
1408 726 1693 781 adversum
1726 725 1868 781 falsi-

265 819 401 874 tatis
442 817 772 887 impietatem
811 817 978 881 tueri,
1019 816 1063 870 si
1093 829 1351 887 quantum
1389 816 1555 872 audet
1590 818 1868 888 impietas,

265 915 323 969 itt
355 923 563 969 tantum
591 912 900 968 consuleret
924 910 998 984 (a)
1031 911 1340 982 prudenter.
1371 911 1475 967 Sed
1523 910 1661 967 bene
1681 954 1695 978 ,
1729 911 1872 983 quod

263 1007 690 1079 irreligiositatis
724 1007 974 1061 voluntas
1002 1022 1067 1061 ex
1111 1007 1288 1077 inopia
1332 1005 1632 1077 prudentiae
1673 1015 1774 1062 est.
1807 1006 1870 1061 Et

269 1103 476 1158 idcirco
494 1116 616 1156 cum
639 1100 809 1154 facilis
831 1101 901 1153 sit
929 1099 1216 1154 adversum
1246 1099 1529 1154 stultitiam
1555 1099 1838 1169 responsio
1858 1141 1873 1166 ,

270 1195 582 1253 emendatio
619 1205 793 1248 tamen
823 1192 1059 1247 difficilis
1097 1194 1380 1246 stultorum
1413 1203 1494 1246 est
1524 1209 1536 1244 :
1584 1207 1676 1260 per
1717 1207 1875 1260 quant

267 1293 510 1363 primum
541 1297 598 1343 et
628 1287 764 1342 ratio
797 1285 1162 1355 intelligentia:
1193 1302 1296 1338 tton
1326 1283 1613 1352 quaeritur,
1645 1293 1698 1339 et
1729 1283 1879 1337 dein-

270 1400 404 1454 ceps
428 1384 496 1438 ab
517 1380 849 1452 intelligente
876 1378 1117 1432 intitnata
1147 1394 1252 1433 non
1276 1377 1505 1447 eapitur.
1538 1377 1642 1430 Sed
1674 1375 1718 1429 si
1745 1390 1881 1444 quos

273 1479 448 1532 timor
483 1476 572 1531 Dei
613 1483 664 1530 et
709 1470 1079 1541 intelligentia:
1118 1470 1417 1541 ignoratio,
1448 1484 1553 1524 non
1593 1468 1883 1538 impietatis

275 1572 532 1626 voluntas
574 1583 670 1639 per
707 1568 949 1622 stultitiae
991 1581 1209 1621 sensum
1252 1563 1544 1622 detinuerit
1581 1564 1633 1619 in
1663 1578 1881 1629 errore,

276 1667 357 1740 (b)
377 1681 534 1736 spero
557 1673 611 1718 ut
633 1663 700 1718 ad
726 1661 1158 1718 emendationem
1189 1661 1450 1729 proclives
1471 1659 1578 1714 sint
1599 1674 1613 1724 ;
1641 1675 1760 1714 cum
1781 1659 1885 1712 im-

1970 446 2130 503 Patre
2150 449 2278 503 exivi
2297 491 2312 514 ,
2345 459 2390 502 et
2416 450 2526 504 veni
2562 449 2705 522 (Job.
2736 467 2852 516 tm,
2885 451 3014 522 27),
3044 463 3222 509 tttrunt
3251 455 3570 526 ambiguita-

1971 549 2076 596 tem
2108 542 2416 613 reliquerit,
2450 543 2575 612 qnin
2609 543 3000 614 intelligeretur
3028 561 3136 600 non
3159 547 3381 602 aliunde
3407 563 3567 618 quam

1971 649 2038 689 ex
2060 635 2218 690 Patre
2242 649 2362 690 esse
2391 635 2535 704 quod
2566 635 2705 690 Deus
2732 635 2851 691 est?
2880 637 2956 690 Ex
2986 636 3144 692 Patre
3171 639 3314 694 enim
3351 641 3572 706 exiens,

1974 741 2147 794 neque
2169 727 2331 782 aliam
2358 728 2651 783 nativitatis
2689 728 2874 782 habuit
2913 737 3158 784 naturam
3182 772 3196 796 ,
3230 747 3405 801 neque
3447 733 3574 787 nul-

1976 820 2117 874 lam:
2149 818 2242 874 sed
2271 834 2394 874 eum
2421 819 2519 874 sibi
2552 828 2778 875 testatur
2803 831 3112 890 auctorem,
3135 840 3200 878 ex
3228 839 3335 895 quo
3362 839 3422 879 se
3453 839 3579 895 pro-

1978 911 2158 966 litetur
2175 913 2371 968 exisse.
2406 913 2483 969 De
2513 914 2592 969 his
2619 923 2798 969 autem
2831 916 3265 974 demonstrandis
3300 927 3462 989 atque
3492 919 3577 973 in-

1978 1005 2284 1075 telligendis
2307 1007 2572 1076 posterior
2591 1008 2721 1061 milii
2743 1023 2920 1064 sermo
2941 1019 3042 1064 est.

2053 1098 2140 1152 17.
2184 1097 2293 1152 Deo
2325 1099 2388 1152 de
2425 1117 2477 1153 se
2506 1117 2607 1154 non
2636 1101 2836 1155 credere
2869 1102 3030 1170 nefas.
3056 1133 3128 1143 --
3155 1103 3371 1158 Interim
3403 1114 3578 1161 tamen

1983 1191 2085 1248 hoc
2124 1193 2432 1260 videamus,
2473 1211 2577 1266 qua
2622 1196 2854 1251 hominis
2899 1196 3090 1252 fiducia
3138 1199 3482 1268 intelligenda
3517 1199 3584 1254 de

1984 1285 2095 1341 Deo
2119 1287 2460 1352 inhibentur,
2486 1304 2606 1358 quae
2637 1289 2778 1359 quod
2799 1305 2830 1343 a
2862 1289 2974 1346 Deo
3003 1290 3069 1344 de
3091 1305 3148 1344 se
3174 1291 3315 1345 dicta
3343 1292 3451 1345 sint
3480 1307 3584 1346 non

1987 1388 2266 1450 negantur.
2296 1381 2341 1436 Ο
2363 1381 2734 1451 gravissimum
2770 1382 3019 1438 humana:
3043 1383 3286 1439 stultitia:
3311 1394 3474 1455 atque
3507 1386 3588 1438 in-

1987 1475 2228 1530 solentia:
2256 1475 2524 1541 dedecus,
2555 1475 2905 1547 professionis
2939 1493 3050 1532 suae
3079 1476 3148 1532 de
3180 1492 3239 1532 se
3277 1477 3442 1532 Deum
3480 1491 3588 1531 non

1989 1569 2152 1624 modo
2180 1583 2406 1640 arguere
2448 1585 2553 1624 non
2597 1571 2902 1636 credendo,
2935 1571 3028 1625 sed
3074 1571 3414 1627 emendando
3441 1571 3593 1626 dant-

1992 1680 2155 1730 nare;
2188 1673 2242 1718 et
2271 1664 2399 1718 illud
2430 1663 2697 1720 ineffabile
2727 1666 2780 1719 in
2805 1680 2871 1720 eo
2898 1673 3102 1719 naturae.
3131 1680 3241 1719 sua:
3271 1665 3593 1734 virtutisque

274 1760 499 1832 pietatis
540 1755 823 1813 stultitiam
862 1754 1108 1810 absolute
1136 1753 1379 1809 veritatis
1403 1753 1475 1807 sit
1498 1751 1886 1807 demonstratio
1918 1758 1965 1818 B
1991 1765 2292 1821 secretum,
2327 1755 2574 1809 humanis
2614 1756 2983 1810 contaminare
3017 1765 3069 1810 et
3099 1755 3416 1826 impugnare
3456 1755 3591 1810 doc-

271 1852 582 1924 proditura.

355 1944 444 1999 16.
482 1941 648 1996 Filius
670 1951 722 1996 ut
740 1956 805 1996 ex
832 1941 946 2011 ipso
969 1938 1080 1994 Deo
1097 1955 1254 2008 neque
1283 1941 1392 2009 ipse
1409 1938 1496 2008 qui
1525 1936 1697 2003 Pater,
1729 1952 1888 2006 neque

275 2038 452 2104 aliud,
474 2052 636 2100 neque
655 2051 718 2090 ea:
739 2033 997 2088 nihilo.-—
1013 2032 1254 2096 Dixistis,
1274 2047 1306 2086 ο
1333 2031 1502 2096 stulti,
1519 2032 1590 2103 (c)
1613 2031 1698 2100 qui
1723 2039 1776 2085 ct
1793 2030 1889 2085 lto-

277 2130 370 2186 die
403 2129 546 2185 idem
566 2126 774 2192 dicitis,
800 2127 1102 2182 nescientes
1129 2128 1178 2179 itt
1206 2125 1371 2180 Deum
1403 2139 1591 2194 sapere
1614 2166 1628 2190 ,
1659 2127 1705 2178 si
1748 2125 1888 2179 enim

283 2221 432 2294 quod
463 2239 524 2276 ea:
554 2223 685 2290 ipso,
711 2230 764 2274 et
789 2219 931 2290 quod
963 2235 1026 2274 ea:
1050 2228 1214 2285 utero,
1245 2227 1301 2272 et
1329 2217 1471 2289 quod
1496 2233 1558 2272 ex
1583 2214 1741 2271 Pater
1762 2217 1893 2272 exivi

287 2328 332 2372 et
361 2316 497 2370 veni.
532 2314 726 2382 anero
753 2330 779 2366 a
816 2323 899 2378 te,
925 2312 1024 2367 hoc
1052 2321 1222 2367 totum
1264 2312 1464 2366 dictum
1508 2326 1538 2365 a
1574 2309 1717 2376 Deo,
1755 2325 1895 2364 anne

285 2426 395 2465 non
434 2409 636 2464 dictum
674 2407 778 2462 sit?
806 2407 1013 2461 Dictum
1046 2405 1232 2476 utique
1277 2413 1398 2461 est:
1429 2413 1483 2458 et
1519 2417 1740 2459 necesse
1774 2411 1894 2469 est,

285 2518 411 2557 cum
442 2517 469 2556 a
497 2501 610 2556 Dco
640 2499 708 2555 de
729 2514 789 2553 se
816 2498 1018 2552 dictum
1047 2497 1144 2561 sit,
1182 2513 1290 2551 tton
1319 2493 1896 2565 aliterintelligendum

286 2612 415 2654 esse
447 2610 605 2666 quam
639 2593 842 2649 dictum
883 2601 986 2647 est.
1020 2591 1099 2646 De
1125 2589 1288 2645 dictis
1329 2604 1428 2644 suo
1463 2587 1616 2654 loco,
1645 2588 1900 2643 demons-

290 2689 451 2745 tratis
472 2687 801 2758 singulorum
821 2699 1160 2754 quorumque
1179 2682 1467 2736 virtutibus
1483 2724 1498 2748 ,
1527 2680 1898 2736 tractabimus.

293 2782 515 2837 Interim
542 2791 720 2834 tamen
752 2777 1174 2846 uniuscujusque
1211 2775 1618 2846 intelligentiam
1646 2773 1900 2840 consulo,

293 2874 426 2946 quid
451 2873 722 2928 existimet
749 2872 804 2928 in
829 2886 916 2937 c0,
947 2886 1066 2946 cum
1087 2869 1287 2924 dictum
1310 2869 1378 2922 sit
1404 2884 1466 2922 ea:
1489 2869 1906 2936 ipso:utrutnne

295 2984 364 3024 ex
393 2967 567 3021 altero
598 2963 1012 3034 intelligendum
1046 2963 1147 3027 sit,
1178 2976 1244 3016 an
1278 2977 1345 3016 ne
1369 2976 1432 3014 es
1457 2959 1635 3028 nullo,
1674 2975 1740 3014 an
1777 2972 1907 3014 vero

299 3062 416 3130 ipse
438 3060 529 3115 ille
546 3057 846 3114 credendus
866 3055 970 3111 sit?
987 3055 1065 3111 Ex
1085 3055 1256 3110 altero
1281 3068 1384 3109 non
1410 3062 1494 3108 est
1517 3069 1531 3108 :
1563 3053 1685 3124 quia
1707 3068 1770 3107 ea:
1791 3052 1904 3121 ipso

1991 1847 2180 1912 trinis,
2237 1855 2291 1902 et
2338 1846 2454 1901 hate
2498 1846 2698 1901 audere
2741 1846 2928 1916 loqui:
2960 1846 3050 1912 Si,
3095 1846 3304 1916 inquit,
3356 1862 3424 1902 ex
3481 1848 3592 1901 Deo

1990 1949 2073 1996 est
2112 1938 2312 2004 Filius,
2342 1938 2690 1994 demutabilis
2716 1948 2770 1993 et
2814 1953 3107 2009 corporeus
3149 1940 3289 1994 Deus
3339 1947 3458 2002 est,
3505 1938 3597 2008 qui

1991 2049 2060 2090 ex
2101 2048 2161 2088 se
2192 2033 2481 2103 protulerit
2508 2033 2595 2088 vel
2643 2032 2983 2098 extenderit,
3014 2034 3158 2103 quod
3205 2035 3308 2090 sibi
3350 2043 3498 2089 esset
3545 2034 3598 2088 in

1994 2125 2195 2180 filium!
2226 2125 2362 2192 Quid
2409 2125 2672 2180 sollicitus
2703 2140 2791 2191 es,
2827 2142 2894 2180 ne
2923 2125 3266 2181 demutabilis
3303 2126 3443 2182 Deus
3481 2125 3594 2180 sit?

1994 2216 2106 2273 Nos
2146 2218 2478 2272 nativitatem
2507 2219 2855 2283 confitemur,
2892 2233 2988 2272 nos
3019 2219 3350 2289 unigenitum
3399 2218 3596 2289 przcdi-

1996 2327 2183 2368 camus
2201 2328 2265 2367 ex
2289 2312 2398 2367 Deo
2419 2311 2596 2366 docti:
2619 2323 2704 2376 ιιι,
2734 2327 2800 2366 ne
2832 2312 3083 2366 nativitas
3112 2322 3354 2382 maneat,
3392 2327 3458 2367 ne
3482 2312 3601 2366 titti-

1997 2405 2211 2477 genitus
2243 2405 2382 2459 Deus
2418 2405 2470 2458 itt
2507 2404 2762 2460 Ecclesia:
2796 2403 2900 2458 fide
2931 2404 3031 2468 sit,
3066 2413 3310 2458 naturam
3355 2403 3599 2459 indemn-

2003 2497 2182 2554 labilis
2209 2498 2299 2552 Dei
2327 2512 2445 2566 qute
2468 2511 2568 2551 nec
2587 2496 2800 2551 extendi
2828 2512 2926 2551 nec
2949 2497 3197 2566 protendi
3223 2497 3389 2566 possit
3412 2497 3484 2569 (e)
3509 2511 3608 2564 op-

2003 2593 2178 2664 ponis.
2213 2591 2478 2646 Afferrem
2525 2590 2656 2655 tibi,
2702 2589 2886 2644 infelix
2927 2606 3110 2658 error,
3145 2591 3306 2645 etiam
3345 2607 3408 2645 ex
3441 2590 3607 2646 rebus

2004 2684 2188 2740 mundi
2224 2683 2576 2755 quarumdam
2609 2692 2920 2736 naturarum
2951 2697 3071 2751 qua:
3101 2681 3394 2752 gignuntur
3421 2699 3607 2738 exent-

2004 2778 2151 2849 pluttt
2175 2818 2189 2844 ,
2219 2791 2288 2832 ne
2321 2775 2656 2830 nativitatem
2692 2775 3098 2843 protensionem
3129 2776 3477 2832 existimares
3497 2817 3510 2842 ,
3551 2793 3620 2832 ne

2009 2871 2344 2926 nascentium
2371 2879 2591 2925 naturas
2612 2870 2933 2925 detrimenta
2965 2869 3220 2926 crederes
3247 2885 3369 2926 esse
3393 2871 3620 2941 gignen.

2011 2964 2140 3018 tium
2163 3005 2176 3029 ,
2206 2972 2264 3018 ut
2301 2964 2462 3018 etiam
2507 2962 2671 3017 multa
2713 2963 2830 3017 sine
2871 2962 3142 3032 corporali
3177 2963 3510 3019 admixtione
3549 2979 3615 3019 ex

2012 3056 2317 3110 viventibus
2343 3055 2396 3108 in
2422 3057 2667 3110 viventes
2692 3053 2898 3110 animas
2919 3055 3265 3126 gignerentur
3290 3074 3302 3110 :
3335 3056 3437 3110 nisi
3471 3057 3618 3112 nefas

296 3165 404 3216 est,
427 3153 480 3207 id
504 3163 585 3208 est
606 3152 702 3224 (ita
719 3158 777 3205 ut
797 3146 951 3220 non),
978 3163 1045 3204 tte
1064 3147 1302 3213 aliunde,
1325 3155 1519 3215 prmter
1535 3159 1694 3215 quam
1717 3159 1780 3199 ex
1803 3143 1916 3198 Deo
1943 3143 1986 3203 C
2019 3157 2194 3211 esset,
2224 3147 2332 3202 Deo
2359 3146 2426 3201 de
2447 3161 2507 3201 se
2533 3146 2603 3218 (f)
2636 3163 2740 3201 non
2773 3146 3100 3212 credidisse;
3131 3159 3182 3202 et
3214 3148 3386 3203 ultimi
3419 3148 3616 3204 furoris

298 3248 452 3304 Deus
481 3249 567 3302 sit.
599 3247 674 3299 Ex
699 3243 868 3298 nihilo
890 3258 996 3297 non
1019 3249 1138 3297 est:
1162 3241 1284 3310 quia
1313 3255 1375 3294 ea:
1398 3240 1515 3308 ipso
1539 3250 1650 3303 cst;
1685 3236 1910 3292 demon-

307 3351 520 3397 stratur
547 3339 688 3394 enim
719 3350 904 3392 natura
935 3335 1080 3391 unde
1102 3335 1354 3388 nativitas
1379 3343 1481 3388 est.
1517 3332 1636 3402 Ipse
1659 3346 1762 3386 non
1785 3339 1869 3386 est
1893 3349 1906 3385 :

303 3435 430 3503 quia
465 3431 555 3486 ubi
586 3447 650 3486 ea:
676 3431 785 3500 ipso
812 3438 931 3494 est,
967 3427 1218 3482 nativitas
1248 3425 1343 3480 filii
1383 3425 1612 3480 refertur
1641 3440 1703 3479 ex
1735 3433 1908 3494 patre.

302 3526 514 3583 Deinde
543 3540 668 3580 cum
701 3521 1034 3593 significatur
1063 3537 1125 3576 ex
1162 3529 1335 3586 utero,
1365 3520 1638 3589 interrogo
1667 3534 1734 3571 an
1765 3515 1912 3572 credi

308 3621 483 3691 possit
507 3634 635 3676 esse
672 3627 831 3674 natus
869 3633 935 3672 ex
976 3614 1182 3680 nihilo,
1213 3629 1332 3668 cum
1384 3612 1680 3667 nativitatis
1716 3610 1916 3666 veritas

311 3735 404 3789 per
425 3717 786 3789 corporalium
811 3712 1221 3770 efficientiarum
1247 3709 1463 3766 nomina
1482 3706 1777 3763 reveletur?
1799 3704 1913 3760 Non

313 3816 458 3869 enim
504 3810 762 3867 membris
803 3805 1180 3876 corporalibus
1219 3804 1524 3860 consistens
1570 3799 1751 3863 Deus,
1793 3813 1916 3852 cum

314 3907 718 3977 generationem
756 3901 914 3974 1M
939 3899 1058 3955 Filii
1090 3898 1168 3970 (ά)
1195 3902 1664 3959 commemoraret,
1698 3893 1810 3946 ait:
1837 3889 1922 3946 Ea:

316 4015 461 4056 utero
488 4011 608 4054 ante
649 3997 924 4067 luciferum
955 3995 1108 4066 genui
1152 4003 1198 4047 te
1226 3991 1346 4061 (Ps.
1389 4006 1508 4054 CIX,
1536 3987 1633 4060 5);
1668 3987 1763 4041 sed
1809 3985 1924 4040 ine-

318 4093 646 4150 narrabilem
676 4091 822 4146 illam
857 4086 1116 4158 unigeniti
1144 4101 1210 4140 ex
1253 4100 1312 4140 se
1350 4083 1442 4137 filii
1484 4080 1814 4136 nativitatem
1851 4093 1919 4133 ex

329 4191 623 4246 divinitatis
664 4204 776 4244 sua:
803 4187 1030 4243 veritate
1066 4183 1426 4247 confirmans,
1456 4179 1522 4234 ad
1562 4175 1925 4246 intelligentia:

323 4283 482 4340 fidem
508 4285 722 4338 locutus
745 4288 858 4344 est;
883 4288 939 4334 ut
959 4277 1028 4333 de
1053 4277 1249 4332 divinis
1274 4275 1386 4330 suis
1409 4273 1570 4328 rebus
1589 4313 1603 4336 ,
1630 4268 1925 4326 secundum

327 4378 612 4434 humanam
641 4384 920 4438 naturam,
953 4373 1201 4426 humana:
1228 4378 1429 4451 natura:
1459 4381 1676 4422 sensum
1705 4363 1769 4418 ad
1804 4361 1927 4416 fidei

330 4471 606 4526 scientiam
638 4466 917 4523 erudiret:
950 4473 1012 4519 ut
1051 4479 1172 4520 cum
1204 4462 1280 4516 ait
1314 4478 1377 4516 ea:
1407 4469 1581 4524 utero,
1619 4473 1724 4511 non
1755 4471 1821 4510 ex
1852 4453 1932 4509 ni-

2011 3241 2226 3296 vesania
2246 3240 2611 3311 judicaretur,
2642 3241 2882 3296 adimere
2914 3241 3287 3296 auctoritatem
3316 3242 3382 3296 ad
3421 3242 3615 3310 fidem,

2011 3334 2099 3390 cui
2131 3333 2536 3389 venerationem
2577 3332 2884 3403 profitearis
2914 3333 2981 3388 ad
3012 3335 3198 3388 vitam.
3232 3335 3286 3391 Si
3328 3335 3470 3390 enim
3512 3350 3621 3390 non

2014 3428 2115 3483 nisi
2157 3442 2252 3498 per
2281 3441 2404 3481 eum
2436 3427 2542 3482 vita
2577 3433 2688 3492 est,
2721 3426 2994 3496 quomodo
3029 3442 3134 3481 non
3183 3442 3277 3496 per
3315 3442 3437 3481 eum
3480 3426 3618 3482 fides

2015 3522 2138 3576 vitae
2179 3521 2300 3574 est?
2330 3520 2489 3575 Fides
2515 3528 2694 3573 autem
2741 3520 2865 3573 vitae
2901 3519 3172 3590 quomodo
3208 3521 3353 3574 ineo
3375 3529 3492 3586 est,
3532 3521 3623 3590 qui

2017 3611 2118 3668 sibi
2146 3613 2213 3667 de
2239 3627 2297 3666 se
2327 3611 2478 3667 testis
2502 3610 2733 3666 infidelis
2761 3611 3058 3666 habeatur?

2095 3704 2250 3778 145
2279 3705 2364 3760 18.
2400 3703 2526 3758 Filii
2557 3704 2962 3774 nuncupationes
2991 3704 3077 3774 qui
3105 3706 3168 3758 ab
3195 3704 3449 3761 ltwreticis
3480 3706 3634 3759 intel-

2021 3800 2181 3854 lectaz.
2203 3829 2272 3838 --
2291 3797 2532 3867 Usurpas
2561 3796 2704 3852 enim
2725 3838 2738 3861 ,
2773 3795 3092 3866 impiissime
3123 3797 3407 3864 haeretice,
3441 3797 3633 3850 nativi-

2025 3900 2186 3947 tatem
2220 3891 2341 3946 Filii
2370 3891 2436 3946 ad
2465 3891 2763 3946 creationis
2794 3890 3166 3955 voluntatem;
3200 3900 3259 3946 ut
3289 3908 3393 3945 non
3425 3907 3489 3946 ex
3523 3892 3632 3948 Dco

2024 3994 2184 4040 natus
2215 3986 2320 4050 sit,
2352 3985 2446 4041 scd
2478 3985 2696 4040 volente
2728 4000 2794 4040 eo
2835 3987 2924 4054 qui
2966 3986 3167 4041 creavit
3189 4027 3204 4052 ,
3252 4003 3318 4042 ex
3357 3989 3634 4043 creatione

2026 4079 2346 4135 substiterit.
2377 4077 2446 4133 Et
2473 4086 2650 4134 tecum
2680 4077 2884 4132 idcirco
2910 4093 3017 4132 non
3049 4078 3189 4134 Deus
3215 4089 3334 4145 est,
3367 4080 3490 4150 quia
3519 4096 3634 4134 nta-

2029 4182 2191 4228 nente
2219 4171 2331 4226 Deo
2354 4185 2480 4234 uno,
2508 4186 2613 4224 non
2638 4177 2817 4224 teneat
2839 4168 3011 4224 Filius
3031 4170 3255 4241 originis
3275 4186 3388 4226 suae
3413 4171 3466 4226 in
3490 4173 3631 4227 nati-

2028 4266 2191 4319 vitate
2213 4271 2497 4328 naturam;
2529 4262 2624 4318 sed
2657 4262 2710 4316 itt
2739 4261 3099 4316 substantiam
3131 4263 3358 4318 alteram
3394 4263 3468 4337 (θ)
3500 4280 3632 4318 con-

2033 4357 2188 4423 ditio,
2218 4359 2332 4428 ipse
2364 4366 2635 4426 tamquam
2664 4355 2974 4426 uttigettitus
2999 4356 3399 4413 conditionibus
3439 4369 3493 4413 et
3528 4359 3640 4414 f'ac-

2033 4452 2169 4505 turis
2199 4449 2414 4505 czeleris
2441 4449 2790 4521 praeStantior
2817 4449 2921 4503 sit:
2965 4449 3291 4505 substitutus
3334 4461 3510 4506 tamen
3532 4493 3547 4519 ,
3579 4460 3639 4506 ut

334 4565 437 4622 hilo
463 4563 668 4620 creatio
699 4560 1032 4626 substitisse,
1063 4557 1159 4613 sed
1189 4572 1253 4612 ex
1281 4571 1341 4612 se
1368 4551 1638 4625 Unigeniti
1666 4551 1747 4606 sui
1773 4559 1927 4605 natu—
1953 4535 2003 4595 D
2031 4548 2320 4604 creationis
2344 4547 2568 4603 indultae
2589 4547 2666 4620 (lt)
2687 4545 2789 4602 sibi
2813 4544 3011 4602 habeat
3031 4545 3470 4602 substitutionem
3489 4588 3502 4613 ,
3531 4563 3640 4604 non

341 4713 403 4782 ᾡς
442 4703 1055 4782 προϐολὴ-ἀποκτείνῳνι,
1102 4699 1376 4772 quomodo
1422 4697 1683 4753 Hilarium
1735 4695 1937 4766 legisse

344 4775 506 4846 liquet
532 4796 599 4834 ex
627 4779 796 4846 ipsius
817 4775 1172 4850 espositione.
1204 4844 1215 4850 _
1630 4840 1640 4850 .
1690 4839 1718 4850 γ.

410 4853 484 4918 tn)
525 4840 670 4906 Editi
695 4892 707 4909 .
743 4840 1055 4917 prudentia:
1082 4844 1416 4918 castigantur
1444 4857 1507 4896 ex
1539 4840 1772 4918 scriptis.

519 4909 810 4996 Mssf‘ar'n.
841 4918 992 4996 credo
1033 4927 1107 4972 ut.
1142 4909 1277 4996 Alii,
1312 4929 1478 4996 spero.
1504 4922 1577 4966 ut.
1606 4914 1672 4966 At
1713 4909 1932 4992 excusi,

343 4983 487 5061 ερὲγὸ
511 4994 668 5057 quod.
705 4991 814 5046 Hoc
852 4992 904 5043 in
938 4991 1056 5043 loco
1094 4987 1272 5065 prodit
1316 4985 1577 5065 Hilarius,
1604 4998 1710 5065 quo
1738 4983 1937 5065 animo

343 5054 454 5121 erat
483 5054 705 5120 affectus
735 5078 858 5130 erga
893 5076 1016 5124 eos,
1051 5054 1139 5129 qni
1183 5055 1480 5130 ignOrantia
1512 5067 1563 5130 et
1595 5054 1937 5130 simplicitate

343 5137 467 5192 Ario
491 5136 745 5191 favebant
765 5124 889 5207 ,‘uti
912 5133 1025 5207 jam
1053 5124 1312 5207 adversus
1336 5127 1541 5207 Erasini
1575 5127 1810 5207 argutias
1841 5124 1939 5207 nb-

344 5219 609 5265 servatum
647 5214 730 5259 est
773 5205 823 5260 in
870 5197 1077 5273 pra-fat.
1101 5203 1191 5256 27.
1223 5199 1575 5273 Hambaliter
1611 5197 1940 5273 Athanasius

346 5281 435 5335 Or.
470 5297 509 5335 tt
546 5288 695 5333 cont.
727 5267 1128 5348 Ar..'p._'5'2f',
1169 5287 1336 5342 agens
1371 5269 1439 5324 de
1488 5268 1676 5348 iis_q_u_i
1718 5267 1939 5348 sobolem

347 5352 606 5422 prapriam
631 5339 928 5422 substantia}
952 5345 1130 5422 Patris
1178 5339 1363 5414 negant
1386 5383 1401 5422 ,_
1426 5341 1572 5422 quasi
1616 5340 1668 5392 id
1712 5339 1824 5404 ﬁeri
1855 5354 1944 5390 ne-

347 5413 495 5491 queat
512 5465 526 5488 ,
555 5422 655 5475 nisi
703 5428 870 5488 partes
896 5413 1251 5492 intelligantur
1271 5431 1288 5469 :
1315 5414 1401 5484 qui
1423 5413 1484 5465 de
1513 5413 1816 5480 incorporeo
1837 5425 1946 5492 cor-

351 5479 790 5564 poi-eaycogitant,
829 5499 876 5564 et
907 5488 970 5542 ob
1010 5479 1412 5564 imbecillitatem
1451 5479 1787 5564 naturtesure
1822 5479 1940 5533 adi-

353 5554 495 5619 iam
523 5554 663 5618 Filio
692 5561 1051 5628 proprietatem
1078 5568 1304 5633 paterna:
1333 5554 1628 5633 substantiis
1649 5596 1662 5614 .
1697 5557 1821 5633 dum
1853 5567 1939 5633 soo-

353 5637 510 5691 boletn
533 5625 712 5689 Patris
740 5625 882 5686 stulti
921 5647 982 5685 ea:
1003 5646 1056 5683 se
1078 5625 1352 5683 ntett'untttr
1378 5625 1664 5682 :therunt
1683 5666 1696 5688 ,
1739 5625 1942 5693 inquit,

356 5708 474 5763 istos
500 5708 568 5762 ad
596 5702 979 5778 istu_mgmodunt
1000 5702 1245 5778 affectos,
1279 5712 1644 5778 persuasosque
1670 5711 1772 5778 non
1800 5709 1947 5764 posse

351 5796 456 5836 me
475 5779 643 5852 ﬁlium
666 5773 766 5832 Dei
782 5814 799 5840 ,
825 5765 1254 5844 tequutn'quitlem
1270 5765 1343 5828 est
1363 5781 1419 5827 ut
1444 5765 1793 5827 misericordia
1820 5781 1945 5838 pro-

803 5870 1082 5934 Pn‘ttOL.
1116 5867 1201 5931 X.

2039 4709 2314 4759 sequamur
2355 4707 2374 4745 :
2419 4701 2816 4745 consentaneum
2861 4702 3063 4755 tamen,
3113 4701 3170 4744 ut
3211 4693 3553 4758 sciscitemur,
3596 4701 3644 4745 et

2039 4764 2320 4818 rationibus
2362 4763 2743 4816 convincamus.
2777 4761 3022 4816 Forsitan
3053 4763 3131 4816 vel
3159 4779 3218 4816 eo
3245 4763 3396 4817 modo
3425 4763 3492 4816 ad
3528 4780 3645 4818 sen-

2039 4852 2152 4890 sum
2183 4836 2403 4903 aliquem
2436 4833 2647 4902 perduci
2679 4842 2934 4900 poterunt.

2117 4906 2187 4978 (c)
2234 4902 2349 4972 Er.,
2376 4904 2522 4974 Lips.
2548 4913 2602 4958 et
2628 4903 2778 4970 Par.,
2807 4906 2929 4973 quin
2958 4913 3004 4960 et
3036 4904 3187 4959 hodie
3216 4919 3235 4958 :
3269 4903 3421 4959 nullo
3451 4902 3647 4960 Suffra-

2041 4988 2202 5051 gante
2233 4992 2335 5051 t_t_ts.

2115 5051 2196 5118 (d)
2237 5047 2361 5102 Par.
2389 5062 2511 5102 cum
2546 5045 2847 5117 antiquiore
2870 5062 2972 5102 ms.
2997 5047 3150 5104 Colb.
3181 5055 3235 5103 et
3259 5046 3441 5104 Germ.
3467 5089 3482 5116 ,
3507 5065 3648 5102 com-

2039 5129 2388 5176 memorasset.

2115 5193 2186 5263 (ε)
2229 5190 2346 5244 Vat.
2371 5191 2489 5263 bas.
2518 5205 2654 5263 ms.,
2689 5191 2902 5260 exponis
2928 5207 2944 5244 :
2973 5192 3154 5246 minus
3181 5191 3337 5247 bene.

2117 5261 2199 5334 (ι’)
2243 5263 2387 5335 Lips.
2422 5261 2507 5316 ltic
2535 5261 2734 5330 adjecit
2762 5265 3007 5319 testanti:
3034 5263 3174 5335 quod
3223 5263 3376 5318 abest
3403 5277 3433 5317 a
3479 5261 3608 5318 Bad.
3633 5304 3648 5329 ,

2046 5333 2140 5391 Er.
2166 5344 2219 5388 et
2247 5333 2517 5403 plerisque
2547 5348 2678 5389 mss.

2121 5403 2196 5478 (g)
2231 5404 2369 5458 Editi
2388 5446 2403 5469 ,
2432 5405 2691 5478 conditur:
2716 5405 3069 5462 renitentibus
3090 5406 3344 5461 omnibus
3367 5420 3498 5478 mss.
3519 5405 3655 5478 Se_n-

2050 5475 2332 5544 sus'porro
2362 5487 2438 5530 est
2461 5517 2474 5537 .
2503 5475 2725 5542 Tecum,
2757 5479 2855 5531 hoc
2883 5488 2963 5533 est
2985 5520 2999 5543 ,
3030 5480 3080 5532 in
3109 5488 3196 5532 tua
3224 5475 3488 5532 sententia
3508 5518 3525 5544 ,
3557 5476 3654 5531 Εἱ-

2055 5551 2154 5603 lius
2183 5565 2281 5600 non
2309 5556 2382 5601 est
2414 5546 2584 5607 Deus.
2617 5550 2708 5601 sed
2735 5549 2994 5603 conditio:
3024 5550 3111 5604 ubi
3145 5550 3396 5604 advertas
3426 5550 3656 5619 particu-

2054 5622 2160 5677 lam
2190 5635 2302 5671 cunt
2335 5619 2422 5672 hic
2453 5627 2510 5673 ttt
2537 5619 2662 5673 alibi
2693 5635 2790 5689 pro
2817 5620 3095 5674 secundum
3122 5621 3314 5688 accipi.

2129 5689 2410 5763 (ΙιγΑὶιρει
2437 5691 2535 5743 sibi
2561 5705 2588 5742 a
2622 5706 2724 5763 ms.
2759 5691 2887 5763 bas.
2922 5690 3041 5747 Vat.
3074 5692 3311 5763 Verbum
3354 5693 3661 5747 substituere

2056 5760 2271 5825 Arianis
2315 5760 2570 5820 usitatum
2589 5762 2892 5835 colligimus
2935 5779 2998 5820 ex
3047 5762 3329 5834 Faustino,
3357 5779 3476 5837 cap.
3503 5779 3542 5834 ι,
3575 5763 3664 5819 ubi

3053 5857 3093 5920 6
