4118 6186
456 210 553 269 i‘ll

1662 190 1883 253 SANCT
1887 192 1909 249 ι
1948 188 2206 248 HILARII
2242 185 2553 255 EPISCOPI

3667 164 3771 241 iis

460 327 553 386 Dei
577 323 820 385 attulerit
835 336 904 380 ex
921 316 1275 394 generatione
1296 318 1575 380 naturam;
1603 317 1657 366 ct
1676 317 1862 365 natum
1885 307 2055 374 dicas,
2088 318 2377 385 Arursum
2419 300 2746 375 evangelica:
2785 308 2947 371 atque
2985 297 3299 369 apostolicae
3336 308 3502 352 voces
3542 294 3776 368 loquun-

455 406 601 495 quod
628 417 867 476 substitit
891 431 959 473 ex
979 412 1183 491 nibilo:
1211 407 1379 464 [ilium
1411 415 1594 461 autem
1618 403 1821 459 idcirco
1852 414 2058 457 nuncu-

463 532 561 590 pes
585 556 600 583 ,
634 530 743 571 non
769 512 895 585 quia
924 526 993 566 ex
1017 508 1129 563 Deo
1154 510 1310 560 natus
1339 510 1425 559 est
1447 544 1461 570 ,
1492 500 1589 558 sed
1613 500 1736 571 quia
1766 513 1865 571 per
1891 496 2062 551 Deum

459 621 672 671 creatus
712 617 828 676 est;
855 604 981 677 quia
1019 610 1074 659 et
1110 598 1359 655 homines
1394 593 1680 666 religiosos
1706 590 2066 662 appellatione

458 706 619 776 hujus
646 700 881 759 nominis
906 697 1097 769 dignos
1117 708 1148 749 a
1177 693 1285 747 Deo
1315 690 1528 746 habitos
1569 685 1914 745 memineris:
1945 691 2063 740 tum

460 818 623 875 porro
651 800 700 856 ei
732 812 839 853 non
869 795 975 851 alia
1013 791 1325 849 conditione
1366 789 1461 844 Dei
1501 800 1700 844 nomen
1741 780 2061 852 indulgeas,

461 871 623 967 quam
653 907 718 949 ea
747 904 850 961 qua
879 887 1082 944 dictum
1109 886 1213 940 sit:
1254 881 1369 954 Ego
1405 880 1551 948 dimi,
1593 878 1666 933 dii
1706 874 1863 932 estis:
1905 871 2070 967 (1)ᾲει

461 965 558 1061 lilii
596 985 846 1043 Altissimi
885 999 1058 1039 omnes
1085 977 1262 1054 (Psal.
1304 992 1497 1042 LXXXI,
1537 975 1629 1045 6),
1670 980 1730 1028 ut
1766 978 1947 1027 utatur
1983 965 2069 1023 di-

458 1083 718 1155 gnatione
759 1080 814 1136 in
864 1074 1131 1134 vocabulo
1174 1069 1569 1142 nuncupantis,
1619 1081 1726 1122 non
1769 1072 1976 1121 naturae
2016 1063 2072 1119 in

463 1176 685 1233 nomine
715 1172 975 1238 veritate;
1020 1168 1095 1242 (a)
1137 1168 1312 1238 sitque
1355 1175 1531 1220 tecum
1568 1179 1635 1218 ex
1672 1160 1966 1231 adoptione
2006 1156 2070 1211 ii-

463 1269 607 1337 lius,
636 1269 772 1325 deus
801 1282 870 1323 ex
910 1260 1345 1333 nuncupatione,
1393 1257 1704 1327 unigenitus
1742 1269 1810 1310 ex
1848 1250 2070 1323 privile-

462 1366 588 1436 gio,
633 1361 1022 1435 primogenitus
1061 1373 1129 1413 ex
1166 1355 1393 1419 ordine,
1430 1350 1504 1424 (b)
1535 1360 1679 1407 totus
1718 1347 1962 1414 ereatio,
2005 1360 2072 1401 ex

464 1456 613 1512 nullo
641 1456 815 1521 Deus;
843 1452 967 1526 quia
993 1448 1271 1523 generatio
1296 1447 1416 1517 ejus
1443 1460 1551 1501 non
1581 1442 1843 1500 naturalis
1868 1457 1938 1498 ex
1963 1440 2075 1497 Deo

466 1550 720 1627 nativitas
748 1548 855 1613 sit,
887 1544 985 1601 sed
1024 1540 1321 1599 substantia
1356 1548 1642 1595 creaturas.

540 1641 627 1697 i9.
672 1639 811 1705 Quid
842 1636 1128 1707 Scripturis
1153 1635 1216 1687 de
1245 1632 1358 1687 Deo
1386 1631 1594 1686 edoctus
1624 1631 1688 1685 sit
1721 1628 1977 1684 Hilarius.
2005 1655 2079 1669 —

2168 413 2272 469 tur,
2306 414 2360 461 et
2389 420 2455 460 ex
2481 404 2599 473 ipso
2628 415 2783 457 sacro
2818 398 3089 470 Unigeniti
3118 395 3191 452 tui
3220 411 3316 452 ore
3354 392 3569 451 condita
3608 394 3662 448 in
3706 394 3776 449 li-

2169 498 2296 553 bras
2328 495 2424 571 (al.
2452 495 2505 550 in
2535 493 2715 564 libris)
2745 492 2907 548 verba
2940 498 3229 556 testantur,
3279 487 3474 544 Filium
3516 490 3666 542 idum
3708 486 3777 541 ex

2170 600 2223 645 te
2251 588 2493 659 ingenito
2521 586 2631 642 Deo
2669 584 3002 656 unigenitum
3045 584 3121 655 (g)
3164 581 3356 649 Deum,
3400 578 3672 635 hominem
3711 578 3782 634 ex

2173 680 2394 752 Virgine
2430 678 2498 735 ad
2525 677 2844 750 mysterium
2873 676 3062 731 salutis
3089 686 3224 731 mea:
3251 674 3434 729 natum
3459 690 3472 727 :
3503 672 3556 726 in
3589 672 3699 743 quo
3729 678 3782 725 te

2170 772 2538 848 generationis
2564 786 2633 828 ex
2664 779 2716 828 te
2742 769 2943 848 veritas
2973 768 3313 834 contineret,
3356 773 3410 823 et
3450 764 3611 837 quem
3642 762 3696 818 in
3730 771 3783 820 te

2171 847 2440 925 manentis
2468 881 2534 923 ex
2568 872 2621 922 te
2647 847 2942 921 nativitatis
2967 870 3162 918 natura
3189 860 3474 917 retineret.

2243 961 2337 1017 20.
2364 959 2562 1015 Eorum
2587 959 2771 1032 quibus
2798 957 3012 1014 credidit
3043 954 3435 1011 contmendatio.
3459 983 3529 994 ο·-
3550 950 3607 1007 In
3641 949 3786 1024 quod

2174 1071 2262 1112 me
2280 1097 2295 1123 ,
2322 1070 2446 1123 oro,
2478 1052 2799 1125 profundum
2826 1050 3100 1122 desperati
3124 1048 3329 1105 reditus
3357 1044 3632 1103 mersisti?
3656 1044 3784 1100 Htec

2175 1147 2319 1203 enim
2352 1161 2454 1218 ego
2492 1146 2567 1201 ita
2605 1144 2805 1211 didici,
2851 1142 2923 1198 ita
2964 1139 3203 1209 credidi,
3244 1148 3301 1195 et
3341 1139 3413 1195 ita
3451 1137 3788 1194 conﬁrmatae

2178 1239 2375 1296 mentis
2427 1237 2534 1293 ﬁde
2582 1244 2781 1305 teneo,
2833 1250 2903 1291 ne
2946 1242 3039 1289 aut
3083 1235 3285 1304 possim
3329 1229 3555 1287 credere
3600 1229 3787 1298 aliter,

2177 1343 2270 1390 aut
2292 1334 2475 1390 velim.
2508 1331 2647 1401 Quid
2675 1346 2764 1388 me
2794 1330 3051 1386 miserum
3083 1329 3152 1385 de
3180 1337 3234 1383 te
3263 1325 3538 1393 fefellisti,
3570 1334 3624 1381 et
3651 1323 3792 1381 infe-

2179 1426 2333 1487 licem
2363 1440 2585 1483 earnem
2612 1434 2775 1495 atque
2799 1424 3035 1479 animam
3067 1422 3255 1478 alienae
3299 1436 3330 1477 a
3373 1430 3424 1476 te
3464 1416 3790 1490 cognitionis

2179 1520 2421 1583 doctrina
2452 1518 2775 1592 perdidisti?
2805 1518 3026 1588 Decepit
3052 1531 3141 1572 me
3170 1520 3293 1587 post
3323 1512 3471 1570 rubri
3501 1513 3666 1568 maris
3696 1512 3787 1568 di-

2180 1613 2444 1669 visionem
2472 1613 2641 1684 gloria
2666 1611 3044 1668 descendentis
3066 1610 3134 1666 de
3158 1618 3341 1664 monte
3366 1604 3568 1681 Moysi,
3595 1617 3650 1663 et
3675 1602 3796 1663 om-

468 1735 544 1788 Ae
580 1732 810 1803 primum
853 1737 1005 1785 orata
1047 1742 1078 1781 a
1125 1737 1175 1781 te
1218 1722 1678 1795 impatientissimi
1721 1721 1929 1778 doloris
1970 1720 2075 1776 mei
2107 1733 2156 1795 Β
2182 1709 2270 1765 nia
2318 1714 2497 1763 ῑϐοιιιη
2549 1721 2872 1762 arcanorum
2917 1705 3221 1762 caelestium
3266 1708 3476 1761 secreta
3521 1701 3798 1758 cernentis

466 1825 645 1892 venia,
664 1823 809 1894 loqui
836 1837 921 1877 me
947 1819 1090 1890 apud
1120 1828 1192 1885 te,
1220 1818 1569 1888 omnipotens
1598 1817 1764 1884 Deu‘s,
1798 1826 2008 1887 patere,
2028 1820 2084 1871 et

469 1933 557 1974 me
579 1928 776 1972 terram
792 1929 857 1970 ac
880 1914 1143 1979 cinerem,
1169 1909 1449 1966 cliaritatis
1477 1919 1658 1967 tamen
1689 1919 1793 1965 tuae
1820 1907 2085 1979 religione

470 2010 779 2066 devinctum
800 2050 814 2075 ,
851 2007 1084 2062 liberum
1114 2005 1168 2060 in
1201 2003 1319 2061 haec
1342 2005 1507 2060 verba
1537 2012 1812 2074 permitte.
1858 2002 1974 2074 Ego
2002 2003 2084 2057 in-

470 2100 601 2156 felix
627 2099 760 2155 nibil
789 2108 947 2154 antea
977 2097 1049 2154 fui
1075 2138 1091 2165 ,
1122 2107 1174 2153 et
1205 2096 1275 2169 (ε)
1314 2097 1439 2151 vitae
1479 2111 1646 2152 sensu
1684 2110 1885 2167 expers
1907 2137 1922 2161 ,
1966 2095 2085 2151 sine

468 2193 573 2248 mei
604 2191 955 2263 intelligentia
976 2232 989 2257 ,
1023 2204 1090 2246 eo
1118 2188 1260 2259 quod
1290 2204 1411 2244 sum
1443 2190 1719 2244 carebam.
1768 2187 1874 2243 Sed
1915 2188 2082 2243 mise-

471 2287 705 2345 ricordia
734 2296 823 2340 tua
850 2284 919 2340 ad
952 2283 1241 2339 vivendum
1267 2282 1400 2338 milii
1422 2296 1585 2337 causa
1612 2292 1727 2337 est:
1758 2291 1813 2337 et
1838 2296 1947 2337 non
1970 2294 2087 2334 ama

473 2382 633 2453 bigo,
676 2380 806 2452 quin
845 2387 902 2435 tu
943 2377 1117 2433 bonus
1156 2377 1358 2432 bonum
1399 2375 1529 2430 mihi
1559 2374 1650 2448 (ά)
1682 2375 1935 2431 statueris
1963 2386 2087 2430 esse

472 2476 618 2549 quod
646 2483 804 2531 natus
833 2488 974 2529 sum.
1005 2471 1187 2541 Neque
1216 2470 1362 2526 enim
1383 2511 1399 2538 ,
1430 2470 1523 2540 qui
1552 2469 1658 2525 mei
1686 2483 1794 2524 non
1822 2483 1950 2540 eges
1970 2509 1986 2535 ,
2018 2466 2087 2522 ad

474 2568 605 2625 mali
635 2582 724 2623 me
749 2565 1013 2636 originem
1041 2562 1376 2618 inchoasses.
1410 2560 1517 2617 Sed
1544 2576 1668 2616 cum
1699 2576 1785 2616 me
1825 2561 1877 2615 in
1922 2550 2087 2614 vitam

473 2662 765 2717 animatmn
788 2701 803 2727 ,
838 2656 1067 2713 rationis
1104 2670 1321 2727 quoque
1363 2655 1759 2725 iutelligentem
1804 2652 2088 2725 praestitis—

474 2772 599 2825 ses;
632 2754 700 2811 ad
727 2752 1092 2824 cognitionem
1121 2764 1209 2804 me
1251 2748 1329 2803 tui
1368 2748 1567 2815 sacris,
1610 2755 1670 2802 ut
1709 2745 1960 2810 arbitror,
1994 2758 2090 2816 per

481 2864 669 2907 servos
708 2857 828 2902 tuos
870 2845 1089 2915 Moysen
1131 2851 1185 2898 et
1224 2840 1515 2912 prephetas
1556 2840 1922 2896 voluminibus
1964 2852 2090 2893 eru-

480 2944 605 3000 disti
629 2983 644 3008 ,
675 2958 741 2997 ex
770 2937 930 3012 146
956 2938 1152 3010 quibus
1185 2946 1236 2992 te
1258 2952 1367 2992 non
1400 2937 1452 2990 in
1484 2936 1777 2992 solitudine
1819 2946 1907 2990 tua
1931 2949 2093 2990 vene-

481 3034 707 3091 randum
733 3030 1037 3103 prodidisti.
1064 3025 1304 3100 Cognovi
1329 3035 1504 3083 tecum
1528 3027 1639 3083 illic
1661 3025 1734 3100 (ε)
1759 3026 1953 3092 Deum,
1980 3036 2088 3081 non

2188 1803 2386 1878 (Exodi
2415 1818 2604 1872 xxxiv,
2636 1801 2748 1873 29).
2796 1802 2930 1859 Huic
2966 1817 3066 1873 ego
3107 1800 3175 1855 de
3218 1808 3270 1855 te
3309 1798 3489 1855 verbis
3530 1796 3639 1853 tuis
3677 1811 3800 1852 cre-

2184 1897 2317 1952 didi.
2349 1895 2592 1951 Perdidit
2617 1909 2703 1950 me
2733 1902 2985 1967 repertus
3010 1890 3309 1949 secundum
3335 1906 3430 1947 cor
3457 1900 3604 1945 tuum
3629 1887 3801 1945 David

2186 1989 2325 2064 (Aet.
2358 2004 2487 2057 xm,
2515 1987 2645 2062 22),
2675 1997 2732 2044 et
2758 1987 2954 2061 dignus
2992 1986 3251 2044 Salomon
3293 1984 3489 2041 divinae
3516 1982 3803 2054 saplcntiae

2186 2100 2416 2144 munere
2457 2083 2556 2158 (lll
2586 2082 2717 2155 Reg.
2747 2097 2839 2151 ut,
2873 2080 3000 2154 l2),
3034 2089 3090 2137 et
3132 2079 3248 2136 viso
3289 2079 3521 2135 Domino
3562 2069 3805 2134 Sabaoth

2188 2179 2375 2234 Esaias
2398 2177 2700 2248 przedieans
2721 2174 2872 2250 (Esa.
2892 2188 2968 2240 τι,
2986 2173 3061 2246 1),
3088 2185 3143 2228 et
3164 2178 3292 2229 ante
3312 2169 3805 2227 conformationem

2188 2273 2525 2330 santillcatus
2548 2271 2601 2326 in
2627 2278 2785 2325 utero
2809 2268 3075 2325 Jeremias
3097 2267 3545 2323 eradicandarum
3569 2264 3625 2322 et
3651 2266 3811 2338 plan-

2188 2365 2474 2420 tandarum
2504 2363 2743 2434 gentium
2775 2361 3068 2433 prophetes
3102 2359 3323 2433 (Jerrm.
3356 2375 3408 2427 ι,
3438 2356 3538 2431 5),
3568 2364 3623 2414 et
3652 2371 3808 2429 mys-

2188 2458 2310 2514 terii
2337 2458 2754 2514 resurrectionis
2783 2454 3033 2511 Ezechiel
3061 2455 3213 2511 testis
3243 2453 3460 2525 (Επειδὴ.
3493 2450 3721 2524 xxxvii),
3751 2454 3812 2509 et

2192 2556 2278 2609 vir
2303 2553 2699 2610 desideriorum
2717 2550 2901 2607 Daniel
2918 2562 3221 2622 temporum
3248 2549 3501 2606 conscius
3531 2546 3695 2619 (Dan.
3722 2562 3807 2614 rx,

2189 2650 2307 2721 23),
2333 2656 2389 2705 et
2415 2647 2795 2719 preplietarum
2824 2658 3173 2702 consecratus
3199 2647 3420 2710 chorus,
3449 2651 3503 2699 et
3533 2640 3614 2715 (Ιι)
3646 2656 3812 2698 omne
3840 2654 3845 2657 ‘

2197 2741 2597 2814 praedicationis
2644 2738 2971 2812 evangelicae
3021 2748 3454 2803 sacramentum,
3498 2736 3704 2791 electus
3742 2749 3814 2790 ex

2192 2837 2479 2909 publieano
2500 2832 2780 2891 Matthteus
2811 2835 2866 2889 in
2890 2834 3205 2904 Apostolum
3224 2875 3237 2898 ,
3266 2838 3321 2888 et
3342 2848 3411 2889 ex
3440 2829 3814 2886 familiaritate

2197 2931 2407 2986 Domini
2456 2928 2787 2986 revelatione
2832 2927 3135 2985 etelestium
3186 2924 3570 2997 mysteriorum
3617 2921 3814 2993 dignus

2194 3022 2433 3079 Joannes
2483 3021 2713 3096 (Matth.
2741 3038 2868 3089 xvr,
2900 3019 3034 3089 18),
3070 3028 3122 3076 et
3168 3026 3293 3091 post
3323 3014 3649 3075 sacramenti
3680 3032 3816 3073 con-

479 3131 710 3186 alterutn
740 3126 796 3181 in
829 3121 1159 3190 natura,sed
1188 3124 1243 3177 in
1266 3128 1607 3177 sacramento
1638 3120 1953 3176 susbtantiie
1983 3128 2089 3174 tute
2116 3124 2162 3189 (ι
2195 3117 2486 3173 fessionem
2524 3116 2717 3173 beatus
2744 3116 2932 3174 Simon
2969 3114 3125 3189 147
3156 3108 3506 3171 tediticationi
3549 3110 3815 3169 Ecclesiae

480 3237 669 3280 unum.
700 3217 943 3291 Cognovi
972 3217 1101 3273 tein
1131 3216 1243 3271 Deo
1272 3216 1475 3285 Deum,
1508 3231 1615 3271 non
1640 3229 1705 3271 ex
1735 3214 2096 3285 permixtione

481 3312 800 3376 contusum,
831 3309 926 3365 sed
955 3308 1035 3381 (f)
1066 3323 1133 3365 ex
1160 3308 1359 3364 virtute
1398 3315 1639 3375 naturze,
1681 3306 1807 3363 dum
1850 3307 1995 3379 quod
2037 3316 2095 3362 tu

485 3409 628 3464 Deus
656 3419 751 3472 es,
784 3405 836 3459 in
864 3418 930 3459 eo
960 3402 1050 3472 qui
1077 3418 1144 3458 ex
1173 3411 1225 3458 te
1256 3409 1375 3467 est,
1418 3399 1665 3457 inesses:
1704 3415 1812 3457 non
1854 3408 1914 3455 ut
1949 3399 2095 3455 idem

486 3512 543 3559 tu
570 3515 722 3558 esses
743 3539 759 3566 ,
787 3506 843 3555 et
873 3499 1116 3563 inesses;
1144 3495 1241 3553 sed
1272 3496 1453 3553 inesse
1484 3503 1539 3552 te
1569 3495 1628 3550 in
1656 3508 1725 3551 eo
1745 3537 1761 3564 ,
1804 3495 1894 3567 qui
1935 3508 2003 3549 ex
2039 3499 2095 3549 te

482 3604 662 3665 esset,
693 3592 949 3666 perfectae
974 3590 1268 3647 nativitatis
1291 3592 1491 3647 veritas
1518 3590 1793 3647 edoceret.
1824 3588 1937 3644 Hoc
1963 3585 2097 3642 milii

2201 3213 2488 3284 subjacens
2519 3223 2572 3268 et
2602 3212 2785 3268 claves
2815 3212 2968 3282 regni
2996 3208 3234 3266 caelestis
3262 3207 3534 3281 accipiens
3555 3249 3569 3275 ,
3603 3215 3656 3261 et
3687 3204 3819 3262 reli-

2199 3309 2290 3379 qui
2321 3323 2511 3363 omncs
2540 3315 2727 3363 saneto
2758 3304 2960 3377 Spiritu
2993 3304 3384 3376 prmdicantes,
3425 3298 3482 3358 ei.
3518 3318 3584 3357 ex
3623 3315 3816 3371 perse-

2200 3410 2390 3455 cutore
2416 3399 2696 3471 apostolus
2724 3413 2821 3454 vas
2852 3397 3138 3453 electionis
3170 3406 3275 3451 tuae
3303 3394 3503 3449 Paulus
3533 3392 3554 3466 (
3579 3388 3692 3447 Art.
3722 3407 3818 3463 ix,

2203 3494 2340 3565 15),
2385 3494 2439 3550 in
2479 3493 2747 3565 profundo
2784 3492 2950 3548 maris
2990 3493 3174 3549 vivens
3206 3489 3289 3561 (ll
3316 3488 3437 3545 Cor.
3468 3503 3555 3557 x1,
3582 3482 3691 3561 25)
3714 3529 3728 3555 ,
3760 3486 3821 3543 in

2201 3585 2342 3643 caelo
2380 3587 2542 3644 tertio
2570 3587 2733 3644 homo
2767 3582 2931 3658 (Ibid.
2976 3600 3080 3654 χιι,
3110 3580 3199 3655 2),
3236 3581 3296 3656 (i)
3326 3578 3381 3638 in
3410 3578 3660 3653 paradiso
3690 3586 3820 3636 ante

559 3730 639 3806 (1)
670 3729 741 3785 Et
765 3729 865 3800 ﬁlii
893 3724 1102 3781 Επειδὶ
1126 3742 1317 3782 omnes.
1353 3724 1594 3794 Exinde,
1624 3726 1680 3780 in
1706 3722 1954 3779 vocabulo
1985 3722 2410 3793 nuncupationis.

490 3870 816 3930 Arianorum
843 3860 1209 3933 professiones
1235 3861 1315 3916 sic
1341 3860 1593 3932 exponit:
1639 3859 1733 3914 Sic
1770 3874 1969 3933 quoque
2007 3873 2099 3930 per

491 3959 607 4000 eum
635 3941 771 4009 facta
795 3931 924 4009 dicit
951 3935 1218 4000 universa,
1249 3940 1696 4009 ut‘eum‘asserat
1725 3947 1788 3985 ea:
1814 3931 1985 4009 nullis
2014 3945 2101 3984 exc

491 3996 743 4073 stantibus
768 4008 1097 4062 substitutum
1120 4046 1133 4060 .
1164 4044 1177 4057 .
1205 3996 1220 4058 ζ
1250 4045 1264 4059 .
1290 4004 1332 4057 si
1359 4003 1565 4074 quidem
1590 4019 1691 4055 non
1714 4018 1828 4074 vere
1855 4001 1917 4055 tle
1943 3996 2100 4055 Patre

492 4072 645 4142 natus
667 4093 771 4148 est,
802 4078 890 4134 sed
919 4078 981 4131 de
1011 4074 1174 4131 nihilo
1202 4072 1532 4148 substitutus.
1566 4074 1677 4129 Nec
1706 4072 2102 4148 signiﬁcatione

434 4190 449 4205 ι
496 4160 722 4214 multum
749 4146 929 4207 dilfert
955 4164 982 4201 a
1007 4152 1175 4203 verbo
1198 4163 1392 4203 creare.
1425 4147 1579 4203 Unde
1604 4148 1744 4202 sicut
1771 4146 1859 4200 hic
1882 4148 2104 4199 creatio-

503 4246 617 4283 nem
656 4221 1059 4284 substitutiouis,
1088 4219 1160 4273 ita
1200 4221 1319 4274 vice
1346 4235 1500 4275 versa
1528 4219 1622 4275 lib.
1652 4234 1703 4284 ι,
1730 4234 1785 4273 n.
1819 4218 1908 4284 16,
1940 4217 2106 4273 babes

500 4296 913 4355 substitutiouem
942 4290 1235 4345 ereationis.

572 4370 651 4442 (a)
679 4365 806 4420 Sola
831 4361 994 4416 editio
1016 4360 1167 4442 P_ar.,
1190 4360 1355 4430 sitque
1383 4359 1572 4428 potius,
1598 4372 1711 4414 non
1738 4368 1932 4426 tecum,
1962 4359 2105 4430 quod

504 4435 649 4498 idem
674 4446 760 4493 est
783 4448 845 4487 ac
872 4435 1152 4486 secundum
1177 4441 1246 4487 te.

578 4512 652 4583 (b)
685 4506 813 4562 Bad.
844 4514 897 4558 et
925 4505 1037 4564 Er.,
1069 4504 1224 4583 totius
1254 4502 1479 4583 creatio:
1508 4517 1574 4555 ex
1601 4515 1712 4582 quo
1741 4499 2001 4583 Erasmus
2032 4503 2109 4583 le:

507 4571 741 4656 gendum
779 4585 925 4644 putat
964 4591 1024 4656 ea}
1062 4572 1251 4656 ordine
1280 4572 1434 4656 totius
1455 4573 1751 4656 errationis.
1784 4571 1986 4656 Verius"
2016 4572 2110 4628 alii

508 4643 661 4719 fibri,
697 4643 831 4705 totus
858 4648 1080 4701 creutio;
1108 4644 1255 4719 quod
1282 4645 1406 4719 aliis
1436 4645 1615 4719 verbis
1644 4643 1844 4719 deinde
1870 4644 2113 4719 declara-

2206 3865 2374 3912 totum
2404 3857 2603 3912 bonum
2631 3872 2775 3925 esse,
2802 3857 2946 3929 quod
2976 3856 3132 3912 nobis
3157 3866 3188 3912 a
3221 3852 3332 3913 Deo
3358 3856 3657 3928 praestitum
3686 3865 3769 3912 est
3794 3874 3812 3925 ,

2153 3962 2159 3970 -
2205 3944 2382 4001 neque
2414 3932 2465 3985 in
2496 3930 2795 3985 bonitatem
2830 3931 2975 3985 illius
3001 3930 3245 4001 cadere,
3268 3937 3329 3983 ut
3363 3944 3462 3984 nos
3505 3930 3716 4001 ratione
3741 3929 3815 3986 ab

2208 3997 2323 4072 ipso
2355 4002 2555 4057 indulta
2587 4001 2655 4056 ad
2684 4001 3070 4073 intelligendos
3096 4000 3391 4073 prophetas
3430 3997 3681 4069 utentes,
3714 4015 3817 4072 per

2207 4088 2303 4128 eos
2333 4072 2625 4142 deceperit.

2283 4146 2354 4213 (ε)
2384 4145 2439 4200 In
2470 4141 2592 4201 Vat.
2635 4146 2751 4200 bas.
2791 4144 2913 4201 eod.
2938 4187 2953 4211 ,
2989 4143 3206 4199 Domine
3233 4161 3334 4200 non
3364 4144 3618 4200 alterum:
3646 4141 3811 4199 male.

2210 4218 2407 4273 Conler
2433 4217 2526 4270 lib.
2562 4233 2614 4282 ν,
2642 4232 2700 4272 n.
2732 4217 2820 4280 36,
2855 4216 2942 4272 ubi
2973 4216 3338 4272 conﬁtendum
3371 4217 3533 4272 docet
3560 4215 3726 4269 Deum
3747 4222 3818 4269 est

2210 4286 2339 4367 ltro,
2372 4296 2418 4367 et
2446 4286 2611 4367 Deum
2638 4289 2691 4342 iu
2712 4288 2848 4355 Deo,
2878 4306 2980 4343 non
3006 4288 3361 4367 corporalibus
3387 4290 3554 4343 modis
3570 4330 3597 4367 ,Δ
3615 4288 3703 4367 sed
3730 4286 3819 4339 di-

2207 4360 2336 4413 vinis
2372 4359 2674 4426 virtutibus;
2712 4378 2803 4414 uec
2840 4373 3037 4414 natura:
3063 4362 3116 4414 iu
3151 4372 3393 4415 naturam
3420 4359 3811 4430 transfusioue,

2210 4430 2303 4504 sed
2327 4433 2566 4504 mysterio
2590 4441 2639 4484 et
2667 4441 2915 4504 potestate
2943 4443 3159 4486 naturae.

2285 4502 2337 4573 (f
2352 4502 2369 4571 )
2401 4501 2589 4573 Neque
2618 4501 2797 4559 verius
2825 4507 2912 4559 hic
2943 4505 3233 4570 praedictus
3263 4519 3365 4559 ms.
3395 4513 3459 4560 ea:
3483 4502 3694 4559 veritate
3720 4517 3822 4556 na-

2214 4583 2365 4627 turte.
2409 4573 2541 4628 Nam
2586 4586 2642 4628 ut
2669 4591 2791 4629 mox
2820 4576 3122 4631 audivimus
3145 4592 3211 4632 ex
3240 4575 3334 4631 lib.
3366 4591 3419 4637 v.
3455 4578 3599 4631 Deus
3625 4575 3676 4630 in
3711 4575 3824 4629 Deo

2213 4654 2298 4718 est
2323 4646 2506 4699 divinis
2532 4646 2800 4701 virtutibus
2826 4657 2872 4701 et
2901 4657 3149 4717 potestate
3172 4656 3386 4702 natura.
3421 4648 3740 4718 Expressius
3768 4646 3825 4700 in

509 4734 617 4794 tur,
649 4696 771 4795 puta
791 4763 804 4785 ,
832 4736 895 4795 ea:
924 4694 1259 4795 uulloﬂlieus.
1288 4715 1677 4795 i‘iaurcreatio,
1712 4726 1771 4769 ut
1790 4716 1919 4795 ipse
1948 4717 2112 4771 etiam
2138 4694 2191 4755 D
2218 4717 2675 4795 subsequentibus
2702 4694 2960 4795 ejusdetrnv

514 4787 770 4853 liras-ntus
793 4791 1043 4853 advertit,
1066 4788 1263 4843 Hilario
1289 4788 1374 4842 hic
1396 4787 1535 4843 idem
1557 4799 1640 4842 est
1659 4787 1804 4857 quod
1823 4806 1902 4842 res
1922 4800 2113 4844 creata.

514 4863 1081 4939 Subjicitur‘proxime
1110 4857 1487 4939 haereticorum
1521 4860 1681 4927 ratio,
1709 4875 1808 4939 cur
1839 4859 2006 4939 filium
2036 4862 2119 4915 di-

513 4931 644 4998 eanf
669 4954 736 4995 ex
764 4931 1081 5004 adoptione,
1116 4932 1364 5004 nimirum
1393 4931 1513 5000 quia
1542 4932 1802 5004 generatio
1830 4932 2114 5004 eiustetc.

515 5012 656 5084 quod
683 5002 911 5084 barbare
935 5006 1174 5084 dicere-nt
1194 5002 1431 5084 scholae,
1454 5006 1575 5084 quia
1594 5002 1782 5084 ﬁlictia
1803 5006 1937 5084 ejus.
1963 5003 2122 5084 _Unde

518 5074 624 5139 non
657 5089 739 5135 est
768 5075 1064 5132 audiendus
1098 5074 1215 5131 Vat.
1245 5075 1362 5130 bas.
1392 5075 1594 5141 codex,
1643 5074 1698 5129 in
1739 5090 1848 5143 quo
1888 5074 2123 5133 habetur

516 5157 635 5227 quia
660 5152 847 5227 creatio
870 5150 1003 5227 ejus.

589 5226 663 5299 (ε)
695 5223 767 5277 lta
799 5213 1033 5299 potiores
1057 5231 1186 5299 mss.
1205 5215 1344 5298 .Tres
1369 5224 1549 5299 autem
1575 5213 1750 5271 Vatie.
1780 5232 1902 5271 eum
1928 5217 2119 5290 Vind.,

518 5287 621 5351 vita
646 5287 855 5349 sensus:
888 5289 1044 5344 malc.
1080 5287 1218 5342 Editi
1247 5303 1404 5351 vero,
1433 5289 1550 5342 vita:
1573 5303 1773 5342 sensus.

592 5368 668 5439 (tl)
700 5364 817 5419 Vat.
850 5364 962 5416 bas.
994 5375 1094 5439 ms.
1124 5358 1510 5439 inslilueris.‘_ln
1540 5360 1623 5439 bis
1650 5375 1755 5414 non
1783 5368 1943 5439 negat
1969 5363 2123 5439 Hila-

520 5429 634 5494 riu's
650 5429 935 5506 peccatum
958 5431 1199 5506 originis,
1223 5429 1364 5501 quod
1388 5430 1523 5484 alias
1544 5431 1797 5506 irequens
1817 5429 2121 5506 ae‘disertis

520 5502 694 5563 verbis
724 5504 971 5560 adstruit.
992 5502 1222 5557 Maxime
1253 5518 1380 5557 vero
1398 5504 1741 5573 perspicuum
1770 5514 1852 5558 est
1881 5503 2014 5559 illud
2044 5507 2121 5562 ab

522 5578 820 5650 Augustino
845 5574 1011 5650 ipsius
1038 5574 1581 5650 nomine_laudatum
1613 5576 1706 5650 lib.
1735 5591 1771 5630 ιι
1803 5586 1988 5650 contra
2011 5576 2116 5632 Ju-

524 5644 746 5716 liaiium,
786 5665 835 5703 c.
868 5644 930 5702 8:
965 5644 1029 5699 lu
1060 5645 1185 5699 Ada:
1213 5644 1409 5712 offensa
1446 5647 1831 5717 generositatem
1849 5649 2031 5715 prima:
2065 5660 2127 5704 et:

520 5725 675 5781 beata:
699 5715 840 5777 illius
864 5717 1134 5774 creatiouis
1159 5715 1584 5775 aruisimusJSed
1606 5715 1711 5776 hoc
1737 5728 1944 5777 tantum
1972 5720 2117 5791 vult,

2222 4805 2381 4844 TURJE
2405 4792 2456 4842 iu
2479 4800 2715 4844 naturam
2736 4789 2966 4845 eamdem
2992 4792 3255 4844 nativitate
3276 4792 3521 4844 subsistit.
3551 4789 3622 4845 Ut
3644 4799 3827 4842 autem

2225 4863 2441 4931 ponitur
2475 4877 2538 4916 ac
2569 4865 2822 4931 probatur
2850 4880 2903 4916 ιι.
2933 4860 2988 4926 3,
3041 4873 3237 4916 natura:
3263 4863 3423 4916 virtus
3451 4870 3656 4932 ρηεδιιιι
3695 4861 3833 4914 reri-

2225 4942 2397 4987 tatem.
2431 4932 2530 4989 HIC
2555 4935 2838 5004 respicitur
2864 4934 3012 4987 locus
3053 4936 3262 4989 Esaite:
3303 4933 3370 4987 In
3406 4943 3454 4989 te
3489 4944 3561 4990 est
3589 4932 3755 4997 Deus,
3784 4934 3832 4987 τι

2230 5020 2330 5059 nou
2357 5015 2429 5058 est
2453 5003 2739 5076 pi'wter'te,
2771 5004 2841 5076 de
2860 5019 2968 5073 quo
2992 5003 3088 5059 lib.
3118 5022 3169 5071 v,
3201 5022 3254 5059 ιι.
3282 5006 3372 5060 58.

2304 5076 2381 5147 (g)
2416 5074 2472 5131 In
2511 5076 2758 5146 vulgatis,
2810 5074 2975 5147 Deum
3012 5084 3057 5130 et
3093 5077 3369 5131 hominem.
3413 5074 3741 5132 Particulam
3785 5082 3833 5147 et

2233 5149 2590 5218 eripitnginius
2615 5146 2934 5219 auctoritate
2960 5161 3090 5202 mss.
3121 5149 3256 5203 Tum
3284 5149 3336 5203 in
3362 5164 3450 5213 eo,
3479 5147 3621 5219 quod
3651 5146 3837 5217 sequi-

2234 5219 2598 5343 turbliabctur
2623 5217 2886 5289 expositio
2913 5219 3235 5276 verborum:
3266 5219 3425 5274 Pater
3449 5217 3511 5274 ἔπ’
3529 5236 3609 5275 me
3626 5260 3639 5286 ,
3664 5229 3711 5273 et
3738 5224 3835 5290 ego

2234 5309 2283 5343 ιιι
2365 5302 2493 5343 atre.

2229 5309 2283 5345 ιιι
2318 5302 2493 5347 Patre.

2269 5362 2381 5444 ,μὴ
2416 5362 2533 5417 Vat.
2565 5362 2679 5444 bas:
2704 5361 2876 5418 codex
2897 5403 2910 5428 ,
2938 5372 2984 5444 et
3009 5363 3315 5444 adoritue;_
3336 5361 3704 5444 prtefcrendus

2234 5433 2527 5498 videretur,
2574 5433 2677 5489 nisi
2724 5437 2994 5505 corruptis
3031 5438 3121 5491 ιοῑο
3144 5434 3264 5490 aliis
3303 5434 3438 5489 locis
3476 5434 3649 5489 factus
3686 5436 3837 5489 eséet

2230 5516 2531 5576 suspectus.
2576 5505 2759 5577 Itaque
2797 5522 2946 5561 omne
2982 5506 3709 5578 prmdirationis(evangelica?
3747 5519 3838 5558 sa-

2229 5574 2542 5632 cramentum
2569 5574 2918 5650 intelligimus
2945 5574 3133 5635 omnes
3160 5574 3489 5651 evangelicte
3525 5574 3658 5649 legis
3698 5589 3840 5648 pra:-

2226 5663 2411 5705 COIICS.

2300 5718 2383 5793 (ἱ),
2409 5720 2498 5778 Sic
2537 5731 2592 5778 et
2616 5722 2978 5780 Tertullianus
3007 5721 3073 5780 de
3097 5719 3388 5794 Scorpitiee
3413 5728 3468 5779 ιι.
3496 5719 3566 5779 12
3608 5718 3838 5781 Paulum
