4118 6186
302 250 404 304 171⁸5

1515 241 1603 297 DE
1634 240 2021 299 TRINI'I‘ATE
2060 240 2268 298 LIBER
2311 241 2395 299 Vl.

3514 254 3613 312 174

298 359 615 431 martyrium
635 399 648 424 ,
683 358 736 412 in
781 357 1043 428 martyrio
1074 356 1329 427 perfect-.0
1386 352 1510 410 ﬁdei
1539 363 1907 411 consummata
1936 360 1989 419 Α
2012 369 2117 426 qua
2149 369 2292 410 nunc
2319 355 2514 425 agitur,
2548 354 2822 422 elaborat,
2859 370 2929 413 ne
2958 356 3214 414 Dominus
3241 371 3427 418 noster
3456 365 3616 439 148

298 452 489 508 libatio
518 450 589 519 (II
616 448 751 503 Tim.
783 466 856 517 tv,
884 449 917 506 6
948 459 994 504 et
1023 448 1100 520 7).

366 543 461 598 21.
493 542 660 609 Quam
690 542 842 609 ﬁrmi
873 542 1016 595 illius
1046 542 1109 595 de
1133 540 1261 597 Filii
1292 559 1407 597 cum
1438 542 1595 597 Putre
1623 541 1915 612 mqualitate

296 637 459 706 ﬁdes;
485 644 532 690 et
561 635 695 689 unde
716 636 888 705 firma.
917 664 988 675 -—
1017 635 1100 689 Ab
1128 635 1212 690 bis
1250 651 1350 705 ego
1388 652 1508 707 qua:
1547 645 1706 691 teneo
1752 633 1914 689 edoc-

298 739 386 783 tus
409 744 550 792 sum,
570 727 652 782 his
674 726 1145 782 immedicabiliter
1164 727 1401 782 imbutus
1421 742 1563 783 sum.
1585 727 1649 780 Et
1671 726 1912 797 ignosce,

295 824 643 892 omnipotens
666 821 839 887 Deus,
868 822 991 890 quia
1023 821 1073 875 in
1106 820 1190 875 bis
1218 836 1318 876 nec
1344 821 1621 875 emendari
1650 834 1907 890 possum,

295 928 346 971 et
390 916 653 970 commori
696 928 942 985 possum.
993 912 1169 967 Tarde
1210 911 1343 969 mitti
1383 914 1483 968 bos
1523 912 1870 983 impiissimos
1895 951 1911 977 ,

295 1017 555 1079 quantum
588 1022 689 1078 ego
720 1005 979 1070 arbitror,
1011 1004 1263 1060 doctores
1291 1015 1423 1060 aetas
1449 1004 1611 1074 hujus
1643 1019 1785 1059 nunc
1814 1018 1916 1057 sa:-

306 1101 415 1155 culi
458 1099 703 1169 protulit.
747 1097 887 1153 Sero
930 1096 1030 1152 bos
1067 1096 1253 1152 habuit
1291 1096 1424 1152 lides
1463 1111 1620 1163 mea,
1660 1111 1818 1167 quam
1860 1103 1915 1150 tu

297 1195 557 1259 erudisti,
591 1193 902 1261 magistros.
939 1190 1201 1247 lnauditis
1229 1206 1329 1262 ego
1357 1194 1438 1262 (τι)
1480 1191 1563 1246 his
1607 1189 1916 1245 nominibus

298 1288 351 1341 in
408 1296 459 1342 te
489 1286 558 1340 ita
590 1284 795 1339 credidi
819 1325 833 1348 ,
867 1298 964 1353 per
993 1292 1046 1338 te
1072 1284 1145 1337 ita
1174 1293 1390 1339 renatus
1432 1297 1587 1348 sum;
1628 1291 1683 1338 et
1721 1281 1915 1337 exinde

297 1387 427 1433 tuus
456 1379 526 1432 ita
556 1392 697 1432 sum.
724 1376 1164 1444 Omnipotentetn
1204 1382 1255 1430 te
1281 1375 1397 1430 seio
1414 1418 1430 1441 ,
1457 1390 1558 1431 nec
1583 1374 1812 1430 consciae
1839 1372 1913 1446 (ὁ)

296 1474 399 1528 tibi
434 1482 635 1528 tantum
665 1480 828 1540 atque
860 1471 960 1540 ipsi
992 1469 1286 1539 Unigenito
1330 1479 1421 1525 tuo
1462 1468 1758 1524 nativitatis
1797 1469 1916 1524 ine-

297 1564 589 1619 narrandae
620 1570 877 1632 exspecto
917 1562 1203 1617 rationem.
1248 1560 1590 1632 lmpossibilc
1631 1563 1776 1617 enim
1818 1561 1914 1615 tibi

296 1659 436 1714 nihil
465 1667 583 1725 est,
619 1669 672 1714 et
701 1660 947 1727 genitum
989 1672 1016 1709 a
1063 1668 1114 1710 te
1154 1656 1320 1711 lilium
1363 1656 1775 1728 omnipotentiae
1807 1665 1914 1710 tua:

2015 446 2172 503 Jesus
2194 446 2439 503 Christus
2463 463 2589 503 vere
2614 447 2705 502 Dei
2729 448 2869 505 ﬁlius
2892 449 3033 506 Deus
3059 467 3219 508 verus
3244 454 3334 509 sit.
3358 454 3497 512 Vere
3520 458 3617 515 Dei

2016 539 2185 594 filium
2226 540 2560 611 unigenitum
2610 541 2775 596 Deum
2818 542 3103 599 Dominum
3147 555 3387 603 nostrum
3433 549 3619 607 Jcsum

2015 632 2284 688 Christum
2317 647 2437 689 esse
2464 647 2529 716 ac
2556 631 2762 701 doceri,
2795 635 2979 691 multis
3010 636 3184 694 modis
3210 642 3485 712 cognitum
3515 654 3615 711 est,

2015 723 2144 779 dum
2169 724 2238 780 dc
2263 739 2329 780 eo
2355 732 2577 781 testatur
2602 725 2783 795 Pater,
2825 726 2953 782 dum
2995 728 3064 784 de
3087 730 3286 801 seipse
3310 734 3618 804 proﬁtetur,

2014 817 2143 873 dum
2171 819 2402 890 apostoli
2432 818 2758 889 przrdieant,
2789 821 2915 876 dum
2944 822 3180 894 religiosi
3207 827 3464 891 credunt,
3491 829 3623 887 dttm

2015 912 2294 969 dtemones
2332 912 2681 979 confitentur,
2713 914 2840 969 dum
2869 914 3041 971 Jutltei
3071 928 3302 989 negant,
3332 920 3458 977 dum
3489 941 3621 993 gen-

2016 1015 2098 1062 tes
2124 1006 2176 1059 in
2211 1005 2463 1074 passione
2491 1016 2841 1076 cognoscunt.
2878 1008 3063 1079 Neque
3091 1012 3234 1065 enim
3264 1027 3329 1068 ex
3372 1029 3622 1072 commu-

2017 1099 2178 1152 nione
2226 1099 2643 1168 nuncupationis
2697 1109 2810 1165 est,
2838 1102 2983 1171 quod
3010 1101 3077 1157 de
3119 1106 3463 1176 proprietatis
3515 1111 3620 1166 title

2016 1188 2233 1245 dicitur.
2278 1190 2343 1244 Et
2380 1206 2500 1244 cum
2542 1191 2754 1259 otnnia,
2786 1208 2907 1262 quae
2933 1193 3181 1251 Christus
3226 1197 3484 1255 Dominus
3527 1213 3623 1259 aut

2016 1279 2126 1350 egit
2150 1289 2243 1337 aut
2268 1280 2483 1348 docuit,
2513 1283 2652 1337 ultra
2679 1285 2857 1338 omnia
2885 1300 3075 1341 eorum
3104 1288 3212 1344 sint
3236 1291 3327 1359 qui
3359 1291 3454 1348 lilii
3486 1310 3623 1350 unn-

2016 1381 2314 1442 cupantnr;
2347 1382 2402 1427 et
2430 1372 2509 1445 (Ιι)
2540 1374 2591 1428 in
2623 1375 2688 1430 iis
2710 1378 2992 1445 omnibus,
3036 1395 3156 1449 qum
3198 1385 3467 1454 praecipua
3512 1387 3623 1442 sint

2015 1464 2249 1530 Christi,
2279 1466 2382 1523 hoc
2410 1468 2490 1523 vel
2521 1470 2862 1539 potissimum
2889 1471 3150 1530 doceatur
3175 1490 3322 1544 esse,
3352 1479 3494 1549 quod
3528 1482 3623 1537 Dei

2019 1558 2162 1613 titius
2190 1568 2301 1615 est:
2333 1574 2441 1615 non
2468 1568 2554 1618 est
2583 1562 2636 1616 in
2666 1578 2733 1619 eo
2761 1563 2857 1620 ﬁlii
2888 1580 2955 1621 ex
2984 1570 3225 1637 generali
3254 1571 3624 1632 familiaritate

2016 1665 2342 1721 cognomen.

299 1751 504 1807 virtute
535 1766 644 1804 non
683 1749 918 1820 ambigo.
962 1747 1257 1819 Ambigens
1294 1750 1437 1804 enim
1459 1789 1475 1814 ,
1509 1749 1620 1819 jam
1662 1750 1912 1819 omnipo-

2083 1744 2175 1800 ‘23.
2210 1743 2334 1799 Non
2362 1745 2680 1816 adaptivum,
2714 1750 2805 1803 sed
2830 1753 3103 1822 proprium
3142 1772 3253 1813 esse
3278 1756 3438 1816 Pater
3463 1770 3628 1818 testa-

297 1854 507 1899 tentem
541 1855 591 1898 te
621 1842 847 1913 negabo.
882 1842 1090 1896 Bonum
1121 1852 1172 1896 te
1197 1844 1359 1897 etiam
1391 1859 1455 1897 ex
1488 1844 1766 1898 nativitate
1795 1857 1913 1898 mea

296 1937 501 1994 didici:
532 1946 694 2006 atque
722 1937 791 1992 ob
822 1936 875 1991 id
908 1950 1015 1991 non
1049 1935 1289 1990 invidum
1322 1946 1371 1990 te
1404 1937 1667 1991 bonorum
1700 1948 1912 1991 tuorum

296 2036 349 2088 in
389 2031 660 2102 Unigeniti
694 2032 767 2084 tui
801 2028 1079 2084 natititate
1107 2044 1228 2085 esse
1256 2029 1492 2085 conﬁdo.
1525 2029 1704 2087 Credo
1733 2032 1910 2094 enim,

295 2125 446 2197 quod
479 2140 598 2194 quae
630 2134 719 2179 tua
749 2135 915 2191 sunt,
942 2122 1059 2190 ejus
1087 2125 1233 2190 sint;
1266 2131 1322 2178 et
1347 2140 1466 2195 qua:
1492 2125 1611 2194 ejus
1636 2134 1795 2191 sunt,
1827 2135 1913 2180 tua

298 2220 433 2273 sint.
456 2217 765 2286 Sapientem
798 2224 850 2273 te
878 2219 1007 2274 mihi
1032 2218 1193 2274 etiam
1225 2219 1337 2289 ipsa
1361 2216 1545 2272 mundi
1569 2218 1768 2274 creatio
1794 2233 1918 2289 pro-

296 2312 474 2367 didit:
506 2311 839 2379 Sapient‘atn
885 2321 938 2366 te
969 2310 1042 2384 (ε)
1076 2322 1222 2367 tuam
1244 2353 1257 2377 ,
1302 2328 1409 2366 non
1450 2311 1770 2368 dissimilem
1791 2353 1806 2377 ,
1849 2327 1917 2367 ex

297 2415 351 2460 te
383 2405 639 2474 genuisse
670 2404 799 2458 mihi
830 2405 1081 2461 conscius
1122 2421 1262 2460 sum.
1293 2407 1371 2477 (l)
1399 2404 1476 2477 (ά)
1509 2405 1644 2461 Vere
1683 2415 1740 2461 et
1779 2420 1917 2461 unus

296 2496 438 2551 mihi
486 2497 625 2551 Deus
665 2511 725 2551 es
756 2514 770 2551 :
812 2498 908 2553 sed
946 2513 1058 2553 non
1097 2499 1240 2553 aliud
1281 2498 1336 2553 in
1376 2514 1479 2564 eo,
1508 2498 1600 2568 qui
1630 2514 1696 2554 ex
1726 2507 1777 2552 te
1808 2499 1917 2553 Deo

296 2600 381 2645 est
408 2632 425 2655 ,
456 2591 676 2646 credam
709 2591 925 2658 inesse,
955 2593 1029 2661 (θ)
1062 2607 1218 2661 quam
1251 2599 1398 2646 tuum
1427 2600 1530 2647 est.
1562 2591 1628 2646 Et
1656 2592 1707 2645 in
1739 2606 1805 2646 eo
1831 2606 1917 2646 me

294 2686 514 2757 jndica,
547 2687 591 2739 si
625 2684 756 2740 milii
783 2686 989 2741 crimen
1028 2694 1145 2751 est,
1189 2686 1410 2739 nimiunt
1452 2701 1537 2740 me
1584 2701 1678 2754 per
1720 2685 1914 2740 Filium

301 2789 456 2833 tuum
487 2788 545 2833 et
572 2779 711 2848 legi,
744 2787 799 2833 et
829 2780 1108 2849 prophetis
1128 2820 1141 2838 .
1177 2789 1230 2834 et
1262 2779 1525 2850 aposmlis
1554 2779 1877 2834 credidisse.

370 2872 466 2926 22.
513 2870 749 2927 Christus
793 2873 839 2926 si
882 2888 1030 2926 verus
1070 2870 1171 2925 Dei
1219 2872 1393 2941 ﬁlius.
1441 2881 1513 2925 est
1542 2888 1741 2942 quoque
1770 2888 1917 2926 uerus

304 2964 470 3019 Deus.
530 2953 656 3018 Vere
697 2962 793 3017 Dei
838 2963 1007 3031 ﬁlium
1049 2981 1161 3016 eum
1202 2980 1314 3018 esse
1342 2964 1516 3017 multis
1544 2962 1712 3017 modis
1741 2973 1918 3017 notum

301 3068 394 3112 est.
417 3086 487 3097 -ο
507 3055 615 3112 Sed
638 3065 814 3111 cesset
838 3070 1018 3110 sermo
1048 3056 1383 3119 temerarius,
1411 3064 1462 3109 et
1488 3070 1551 3111 ex
1582 3054 1685 3118 his,
1717 3055 1769 3109 in
1797 3071 1917 3124 quae

2017 1845 2119 1891 tur.
2142 1866 2214 1877 —
2234 1836 2350 1893 Non
2382 1840 2692 1896 contamina
2720 1843 2966 1899 veritatis
2994 1846 3156 1903 ﬁdem
3174 1889 3188 1913 ,
3218 1859 3279 1905 ut
3306 1851 3411 1907 hoc
3440 1855 3621 1912 verbis

2017 1928 2155 1983 meis
2201 1930 2498 1985 adstruam.
2548 1931 2845 2002 Loquatur,
2889 1947 2946 1992 ut
2989 1952 3135 2011 saepe
3171 1942 3365 2000 solitus
3403 1956 3516 2012 est,
3554 1944 3623 2004 de

2018 2018 2310 2092 Unigenito
2339 2037 2439 2078 suo
2466 2022 2652 2090 Pater,
2685 2043 2754 2082 ne
2787 2029 2889 2085 sub
2929 2037 3339 2093 consummandi
3372 2039 3628 2111 baptismi

2015 2123 2361 2171 sacramento
2383 2115 2543 2173 Jesus
2567 2117 2816 2176 Christus
2847 2123 3156 2192 ignorabitis
3185 2131 3354 2198 possit
3382 2146 3504 2188 esse
3528 2150 3629 2202 per

2017 2219 2244 2277 corpus:
2278 2207 2384 2263 llic
2413 2218 2486 2264 est
2512 2210 2652 2278 ﬁlius
2692 2229 2833 2268 meus
2872 2214 3117 2283 dilectus,
3150 2219 3216 2291 (i)
3250 2223 3304 2276 in
3340 2240 3444 2295 quo
3481 2243 3628 2284 com-

2016 2300 2192 2370 placui
2214 2300 2427 2373 (Jlattlt.
2449 2318 2537 2368 ιιι,
2562 2304 2672 2375 l7).
2696 2304 2849 2377 Rogo
2878 2308 2929 2363 in
2957 2326 3065 2380 quo
3086 2312 3288 2370 veritas
3314 2316 3543 2387 deperit,
3573 2328 3629 2377 et

2016 2390 2069 2446 in
2092 2407 2199 2462 quo
2221 2393 2429 2449 inlirmn
2455 2394 2588 2451 tides
2614 2397 2967 2466 professionis
2990 2404 3111 2458 est?
3131 2404 3248 2461 Non
3275 2412 3625 2470 annuntiatus

2020 2500 2119 2554 per
2161 2486 2409 2555 angelum
2449 2485 2518 2542 de
2556 2497 2744 2544 sancto
2806 2489 3014 2559 Spiritu
3054 2504 3238 2564 partus
3276 2516 3343 2554 ex
3386 2502 3626 2574 virgine,

2019 2593 2128 2633 non
2158 2578 2319 2634 iudex
2347 2579 2513 2650 Magis
2539 2581 2727 2646 stella,
2770 2599 2871 2639 nec
2899 2585 3105 2642 adorati
3142 2590 3195 2644 in
3235 2594 3389 2649 cunis
3430 2594 3626 2663 honor,

2020 2686 2121 2726 nec
2168 2670 2238 2745 (j)
2284 2672 2592 2741 baptizandi
2633 2675 2735 2730 sub
2779 2675 3035 2746 Baptista:
3080 2682 3416 2749 professione
3458 2689 3632 2746 virtus

2019 2768 2151 2821 satis
2179 2782 2301 2821 esse
2329 2767 2395 2823 ad
2428 2768 2945 2828 demonstrationem
2979 2775 3279 2846 majestatis
3308 2783 3630 2841 existiman-

2023 2872 2138 2916 tur:
2173 2860 2333 2916 Pater
2362 2861 2429 2917 de
2456 2863 2596 2919 οωιυ
2638 2865 2895 2934 loquitur,
2931 2877 2984 2923 et
3012 2869 3083 2923 ita
3117 2870 3349 2941 loquitur
3382 2891 3397 2930 :
3431 2876 3534 2932 llic
3553 2887 3630 2934 est

2020 2953 2164 3023 ﬁlius
2188 2970 2352 3008 meus.
2375 2955 2511 3022 Quid
2540 2956 2643 3012 sibi
2673 2957 2784 3012 vult
2812 2974 2918 3014 non
2944 2966 3321 3031 cognominant
3339 3008 3355 3032 ,
3379 2970 3474 3026 sed
3501 2986 3633 3041 pro-

2021 3044 2298 3099 nominum
2330 3046 2501 3101 lides?
2532 3047 2868 3118 Cognomina
2909 3051 3054 3107 enim
3083 3055 3394 3115 nominibus
3420 3062 3633 3119 addutt‘

302 3146 749 3205 demonstrandm
769 3146 1303 3203 stultitimlnereticm
1324 3145 1644 3201 necessitate
1669 3163 1924 3219 prorupc-
1949 3148 1994 3211 C
2029 3146 2136 3201 lUl‘.
2167 3140 2483 3208 ριόιιοιιιίιιίι
2515 3154 2645 3195 vero
2676 3141 2920 3198 Oblinem
2950 3145 3001 3198 in
3031 3160 3090 3201 se
3133 3151 3414 3207 nominum
3454 3155 3628 3212 virtu-

300 3253 427 3304 rat,
465 3244 517 3296 in
550 3242 839 3297 reddenda:
873 3243 1052 3311 potius
1095 3241 1320 3296 rationis
1361 3240 1716 3296 ministerium
1755 3240 1919 3298 dece-

300 3336 393 3390 dat
432 3349 447 3388 :
496 3344 553 3389 ut
580 3333 662 3407 (2)
692 3332 769 3407 (f)
802 3334 845 3389 si
875 3335 967 3402 qui
1005 3333 1182 3389 adhuc
1220 3333 1355 3389 salvi
1385 3348 1506 3388 esse
1547 3342 1804 3403 possunt,
1850 3334 1917 3389 ad

302 3431 469 3487 ﬁdem
498 3442 718 3486 teneant
746 3431 1075 3500 evangeliea:
1104 3429 1367 3485 doctrinm
1407 3438 1567 3499 atque
1606 3429 1918 3500 apostolica:

302 3524 445 3587 iter,
476 3538 544 3578 ac
572 3537 758 3578 verum
796 3523 887 3577 Dei
919 3521 1084 3577 [ilium
1117 3539 1221 3576 non
1254 3536 1317 3577 ex
1348 3522 1637 3593 adoptione
1657 3563 1670 3588 ,
1716 3524 1811 3577 sed
1853 3537 1919 3575 ex

302 3627 499 3672 natura
546 3616 869 3686 intelligant.
917 3615 1068 3670 llunc
1114 3616 1258 3670 enim
1305 3615 1675 3685 responsionis
1717 3625 1917 3670 nostra:

302 3729 429 3768 esse
455 3711 701 3767 ordinem
730 3711 1010 3764 convenit:
1038 3719 1094 3764 ut
1123 3709 1350 3780 primum
1381 3707 1474 3763 Dei
1505 3706 1672 3763 lilium
1700 3707 1776 3781 (υ)
1798 3722 1921 3762 esse

302 3806 637 3862 doceamus:
678 3815 735 3858 ut
767 3813 959 3858 natura
991 3805 1044 3857 in
1087 3818 1151 3858 eo
1191 3799 1522 3867 divinitatis,
1558 3817 1652 3869 per
1682 3799 1822 3870 quod
1856 3801 1919 3852 li-

301 3900 411 3955 lius
443 3907 562 3963 est,
594 3896 844 3953 absoluta
882 3896 971 3950 sit.
1004 3894 1061 3950 ld
1090 3894 1234 3950 enim
1278 3894 1511 3949 maxime
1550 3890 1809 3958 lia-rosis,
1852 3890 1920 3945 de

377 4017 463 4163 lii

303 4202 680 4269 commendat,
711 4198 853 4268 quod
882 4199 1026 4253 illum
1059 4196 1201 4253 Deus
1226 4198 1452 4270 paradisi
1480 4202 1762 4265 compotem
1793 4194 1907 4270 fecit

302 4287 427 4347 ante
452 4264 779 4347 martyrium.
810 4272 936 4347 Non
950 4281 1032 4325 est
1060 4264 1236 4347 tamen
1265 4268 1406 4324 unde
1433 4264 1792 4347 approbemus
1822 4264 1911 4347 lli—

300 4344 505 4403 iarium
548 4336 1051 4418 cunti'l'ertttlliano
1093 4343 1144 4396 in
1165 4342 1289 4418 “hoc
1336 4342 1645 4418 consentire
1672 4336 1909 4418 εῌᾳιιοιῇξ

304 4416 618 4487 przesertim
648 4417 740 4469 lib.
765 4416 834 4471 de
862 4416 1049 4469 Anima
1080 4432 1133 4469 ιι.
1161 4414 1259 4481 55,
1287 4412 1590 4483 paradisum
1620 4410 1781 4465 nullis
1810 4410 1913 4463 nisi

306 4491 645 4561 martyribus
673 4498 856 4558 patere
885 4496 1205 4557 prepugnat.

501 4016 669 4072 Verus
694 4026 743 4070 et
772 4032 903 4069 unus
921 4057 935 4081 ,
968 4030 1119 4079 mox,
1149 4016 1234 4086 qui
1259 4032 1324 4071 ea:
1347 4026 1395 4069 te
1423 4012 1559 4069 Deus
1584 4021 1678 4067 est.

384 4606 465 4677 (a)
501 4603 667 4677 Editi,
701 4603 933 4656 omnibus
960 4599 1061 4655 Itis.
1091 4597 1161 4655 At
1186 4614 1318 4655 mss.
1348 4599 1634 4677 nominibus
1660 4595 1760 4659 his,
1794 4604 1917 4677 puta

311 4669 582 4732 novorum
613 4675 929 4737 doctorum,
958 4687 1185 4742 quorum
1214 4687 1314 4727 nec
1339 4672 1613 4738 antiquum
1636 4711 1650 4733 ,
1682 4684 1781 4724 nec
1809 4669 1917 4742 ullo

310 4750 474 4805 titulo
493 4747 711 4803 celebre
738 4740 1112 4808 tt0tnen;‘cum
1140 4752 1327 4800 contra
1352 4743 1558 4814 Moysi,
1588 4740 1915 4814 Salomonis,

309 4822 514 4883 Esaize,
544 4827 654 4874 etc.
684 4816 901 4871 nomina
930 4816 1176 4886 pluribus
1218 4814 1407 4886 elogiis
1444 4812 1506 4869 et
1552 4812 1768 4870 steculis
1813 4813 1922 4865 sint

306 4889 717 4949 commendata.

394 4984 472 5057 (ὑ)
498 4980 968 5057 Perspicitiorest
1005 4978 1331 5057 lect_io_m_ss.
1361 4976 1484 5057 Vat.
1515 4978 1627 5057 bas.
1661 4985 1713 5031 et
1739 4974 1919 5057 metu,

308 5046 415 5113 ιιεέ
441 5046 660 5110 conscia}
685 5054 786 5106 nisi
813 5052 932 5111 tibi.
956 5063 1061 5107 etc.
1092 5050 1199 5106 Sed
1224 5051 1342 5105 sine
1372 5049 1491 5116 nisi,
1522 5048 1751 5102 habetur
1777 5046 1920 5101 idem

306 5138 545 5186 sensus:
577 5124 692 5180 Nec
714 5124 1013 5190 nativitatis,
1042 5122 1128 5177 tibi
1155 5131 1354 5176 tantum
1366 5131 1517 5187 atque
1538 5118 1808 5190 Unigenito
1836 5127 1921 5172 tuo

308 5201 552 5262 conscita,
581 5206 692 5253 etc.
725 5197 836 5250 Iloe
859 5189 1047 5250 nititur
1072 5195 1250 5264 verbis
1270 5193 1614 5264 evattgelicis,
1638 5189 1807 5264 Nemo
1829 5204 1893 5264 uo
1910 5217 1925 5230 -

311 5274 389 5327 sit
422 5269 614 5325 Filium
634 5309 651 5335 ,
680 5268 779 5321 nisi
803 5265 982 5333 Pater,
1009 5277 1113 5321 etc.
1147 5265 1216 5321 Ut
1240 5262 1443 5320 Hilario
1464 5305 1480 5330 ,
1508 5265 1580 5319 ita
1620 5262 1919 5335 Augustino

310 5343 587 5399 familiare
610 5333 731 5405 est,
760 5350 1017 5393 :eternam
1051 5337 1168 5392 Filii
1195 5335 1598 5410 generationem
1639 5349 1703 5410 ex
1741 5333 1918 5410 fauis

308 5411 714 5481 dismipotentin
758 5411 1147 5481 demonstrare.
1194 5405 1485 5475 Creaturis',
1527 5406 1703 5475 inquit
1739 5405 1915 5459 Serm.

310 5478 517 5542 exists
541 5525 553 5547 ,
588 5494 645 5536 tt.
679 5481 712 5534 4
729 5522 744 5547 ,
789 5481 895 5535 suis
921 5479 1059 5533 dedit
1084 5478 1246 5545 Deus,
1274 5489 1326 5533 ut
1352 5480 1449 5533 hoc
1470 5480 1604 5549 quod
1627 5488 1739 5530 sunt
1764 5490 1919 5546 gene-

312 5567 470 5612 rem:
494 5565 542 5609 et
569 5565 720 5623 putus
744 5554 864 5623 quia
886 5554 981 5606 hoc
1018 5552 1113 5604 sibi
1155 5567 1254 5604 non
1295 5551 1459 5620 potuit
1492 5562 1691 5623 seruare
1722 5550 1808 5612 qui
1847 5555 1922 5600 est

312 5637 447 5682 ante
466 5620 697 5682 stet-ulti?
721 5620 812 5678 Sic
838 5635 889 5678 et
918 5639 983 5677 ex
1014 5623 1250 5678 bonitate
1276 5623 1448 5677 Patris
1475 5620 1673 5675 invidia
1704 5633 1923 5687 prorsus

315 5700 567 5768 expertis
592 5696 647 5751 id
687 5696 861 5766 ipsum
891 5695 1080 5768 probat
1109 5704 1163 5748 tt.
1202 5696 1264 5768 ii:
1298 5692 1497 5768 Gaudet
1535 5691 1690 5768 Pater
1707 5691 1924 5768 quando

314 5760 423 5827 illi
450 5785 592 5840 aequo
631 5760 842 5821 unicum
880 5760 1078 5836 ﬁlium:
1101 5765 1318 5837 gaudet,
1341 5766 1461 5835 quia
1484 5781 1587 5820 non
1613 5764 1819 5817 inridet.
1857 5760 1925 5815 Et

1944 4516 1999 4577 D

2019 3242 2148 3288 tem.
2178 3230 2531 3301 Pr0prietatis
2557 3242 2735 3289 autem
2764 3235 3084 3305 signiﬁcatio
3111 3250 3196 3296 est
3213 3284 3226 3308 ,
3253 3243 3340 3299 ubi
3368 3255 3422 3301 et
3446 3247 3531 3301 hic
3554 3258 3633 3304 est

2018 3327 2223 3383 dictum
2253 3342 2374 3384 esse
2399 3328 2637 3395 auditur,
2665 3338 2721 3386 et
2749 3346 2889 3386 meus
2916 3341 3008 3387 est.
3046 3334 3113 3389 Et
3140 3331 3379 3410 intellige
3406 3355 3529 3411 quae
3557 3344 3630 3397 sit

2020 3422 2222 3478 veritas
2264 3432 2319 3478 et
2357 3423 2496 3478 ratio
2534 3422 2821 3478 dictorum.
2856 3424 3124 3497 Legeras:
3156 3428 3326 3487 Filios
3364 3437 3548 3503 genui,
3580 3444 3628 3490 et

2021 3516 2247 3573 exaltari
2278 3514 2460 3588 (Esai.
2492 3530 2539 3585 t,
2574 3516 2676 3587 2):
2710 3516 2806 3571 sed
2836 3533 2942 3573 non
2982 3520 3223 3591 legeras,
3264 3524 3401 3581 illius
3440 3543 3623 3585 meos:

2022 3619 2286 3681 genuerat
2326 3611 2469 3664 enim
2509 3625 2605 3665 eos
2645 3609 2745 3665 sibi
2775 3626 2873 3680 per
2899 3612 3219 3671 divisionem
3258 3621 3531 3691 gentium,
3573 3633 3628 3680 et

2023 3704 2233 3774 plebem
2277 3701 2605 3757 hmreditatis
2648 3702 2701 3755 in
2747 3702 2906 3758 lilios.
2952 3704 3031 3761 Ne
3060 3706 3221 3776 igitur
3252 3726 3348 3780 per
3374 3728 3625 3769 commu-

2023 3799 2240 3853 nionem
2270 3795 2537 3866 adoptiva:
2567 3793 2901 3851 baereditatis
2927 3812 3340 3868 cognomentum
3373 3804 3469 3859 lilii
3501 3805 3624 3860 uni-

2022 3888 2206 3960 genito
2247 3889 2356 3945 Deo
2384 3886 2698 3954 adderetur,
2731 3894 2942 3945 naturae
2980 3890 3180 3945 veritas
3218 3906 3316 3963 per
3354 3896 3628 3967 signiﬁca-

494 4088 558 4144 Si
604 4084 693 4158 qui
736 4088 905 4141 adhuc
941 4086 1071 4141 salvi
1109 4084 1219 4142 esse
1257 4086 1324 4141 ad
1366 4085 1521 4157 ﬁdem
1560 4090 1801 4155 possunt,
1848 4085 2073 4141 teneant,
2114 4084 2219 4128 etc.

2020 4185 2175 4249 Deus,
2205 4182 2327 4267 quia
2358 4183 2505 4237 unico
2536 4179 2679 4235 Filio
2708 4196 2811 4235 non
2843 4182 3058 4253 invidet,
3089 4186 3188 4241 hoc
3232 4192 3371 4261 quod
3407 4195 3518 4267 ipse
3545 4212 3620 4259 cu

2052 4270 2251 4311 eneratn
2257 4265 2273 4307 ι
2282 4294 2295 4308 .

2052 4275 2295 4311 ειιθναυιι.

2016 4275 2049 4328 g
2093 4326 2167 4403 (ᾳ)
2198 4324 2489 4403 [ίξιιθιιινιξιι-
2512 4325 2675 4382 Silva;
2707 4325 2930 4403 majoris
2949 4368 2963 4393 ,
2988 4330 3065 4382 tui
3094 4346 3195 4385 non
3222 4332 3546 4403 dissimilem.

2093 4398 2306 4476 (dLSie
2341 4401 2577 4467 potiores
2608 4412 2737 4476 mss.
2780 4398 3133 4476 Carti.,_tres
3170 4404 3360 4476 Colb.,
3404 4398 3586 4473 Germ.

2022 4461 2163 4548 an!“
2188 4461 2447 4548 80,116.,”
2473 4477 2578 4525 etc.
2601 4470 2704 4523 Alii
2734 4483 2865 4524 vero
2886 4461 3030 4540 libri,
3060 4472 3224 4530 Verus
3249 4488 3298 4532 et
3329 4461 3618 4548 ιῖηιῖδνίίηίί

2022 4544 2108 4614 qui
2137 4559 2198 4597 ex
2226 4552 2273 4597 te
2294 4541 2431 4596 Deus
2450 4552 2543 4596 est.
2918 4611 2928 4614 Α
3515 4541 3524 4542 ί
3550 4552 3555 4563 ι

2098 4614 2165 4741 ἵ)
2196 4614 2369 4678 Editi,
2400 4628 2551 4681 quam
2580 4622 2634 4666 tu
2663 4628 2715 4666 es
2733 4628 2754 4679 ;
2783 4622 2839 4668 et
2865 4611 2932 4667 ad
2961 4616 3259 4687 marginem
3291 4621 3409 4689 Er.,
3439 4627 3586 4700 Lips,

2149 4702 2228 4740 ar.
2260 4700 2415 4741 quam
2444 4683 2583 4741 quod
2611 4692 2755 4738 tuum
2785 4694 2892 4739 est:
2922 4686 3320 4741 refragantibus
3354 4710 3479 4741 mea,
3550 4732 3563 4741 .

2023 4698 2078 4743 θῑ
2103 4675 2231 4759 Pi“:-
2260 4675 2422 4756 ιΙιιάυί
2444 4683 2583 4753 (Ιαοά
2611 4675 2755 4759 multa
2785 4694 2892 4739 est:
2922 4675 3613 4759 refragatttibusmssi-rr’

2096 4757 2177 4847 ςί)
2202 4754 2327 4812 Par.
2352 4754 2835 4847 chlJlluVeltls‘liDl-‘e
2880 4771 2983 4847 ms.
3023 4754 3204 4847 Colb.,
3250 4764 3296 4817 si
3334 4768 3420 4834 qui
3460 4772 3617 4847 [ml-us

2024 4826 2287 4884 saliiiesse
2309 4827 2379 4898 ad
2399 4826 2557 4895 ﬁdem
2587 4836 2827 4898 possunt,
2857 4826 3197 4898 evangelii-te,
3223 4843 3328 4888 etc.

2102 4898 2180 4973 (g)
2212 4898 2345 4952 Male
2370 4897 2581 4982 innmss.
2616 4896 2740 4982 Vat.
2781 4896 2997 4982 b:i.s'..et
3034 4896 3325 4982 λέαιιέωίιίο
3363 4910 3617 4982 adjicitur

2032 4968 2380 5057 00%,...qu
2401 4968 2673 5057 Christum
2700 4968 3017 5057 simpliciter
3044 4970 3135 5025 Dei
3162 4972 3330 5057 lilium
3357 4968 3458 5039 sibi
3486 4968 3617 5057 pilai

2028 5052 2195 5117 ponat
2220 5038 2846 5117 Hilariusdemonstrare
2865 5055 2879 5091 :
2909 5055 3016 5108 quo
3033 5045 3201 5099 semel
3219 5038 3589 5117 demonStrra—to

2027 5104 2329 5187 ᾖίῖίίῗῖηέίθι
2356 5110 2649 5187 (“trinitatis
2681 5111 2731 5164 in
2761 5127 2829 5164 et)
2859 5104 2980 5187 esgc
3008 5124 3273 5173 "almam.
3330 5104 3612 5131 """----v,

2099 5184 2180 5259 (Ιι)
2204 5184 2327 5263 lioc
2349 5191 2465 5263 esti,-
2502 5182 2632 5235 inter
2671 5199 2731 5263 ea
2769 5183 2941 5237 omnia
2984 5188 3210 5263 nomine.
3253 5193 3374 5249 Mox
3414 5197 3467 5254 in
3509 5218 3611 5263 ms.

2024 5253 2354 5334 Vai.'_bas.,
2413 5253 2638 5320 dicatur,
2705 5256 2825 5309 loco
2889 5257 3039 5314 verbi
3080 5259 3322 5320 doceatur
3352 5308 3366 5332 ,
3410 5253 3615 5334 omnis?

2023 5329 2219 5386 deinde
2247 5342 2374 5382 esse.

2096 5402 2175 5485 (ἱ).
2200 5395 2463 5485 βόὶιὶιιίᾳ
2481 5402 2543 5485 et
2572 5394 2709 5485 inira
2740 5412 2805 5485 tt.
2822 5396 2917 5485 24,
2950 5401 3001 5454 in
3030 5419 3128 5472 quo
3159 5406 3281 5462 bene
3306 5416 3595 5485 comp/acui

2025 5462 2323 5540 Uti-tibique
2347 5469 2500 5522 abest
2516 5468 2646 5540 bene
2670 5482 2712 5540 ag
2727 5481 2857 5521 mss.
2903 5462 2913 5466 ⁷
3041 5462 3052 5472 ”
3312 5462 3378 5465 ψ
3403 5462 3616 5485 ”””’”””

2094 5543 2166 5617 (Ῐ)
2184 5537 2303 5625 31s.
2326 5540 2468 5625 Vat.
2514 5537 2969 5625 bas.,'baptiaati:
3007 5547 3296 5625 nequebie
3322 5566 3622 5625 agnoscen-

2027 5608 2157 5671 dus.
2183 5615 2407 5669 Notatur
2437 5611 2637 5696 quippe
2663 5608 2888 5696 Joannis
2940 5608 3275 5696 ιιςνρι-ξῃὲίη)
3302 5608 3617 5696 ηῶιίᾱῖιζίξ-

2027 5698 2139 5767 tum
2162 5727 2176 5749 ,
2208 5696 2333 5740 ante
2361 5695 2672 5767 quamcum
2714 5682 3004 5753 baptizarct
3030 5727 3045 5756 ,
3087 5688 3192 5745 sibi
3230 5682 3623 5767 dignitate-su-

2026 5760 2296 5831 periorctn
2326 5755 2564 5825 agnovit.
