4118 6186
537 238 642 296 473
1727 226 1971 287 SANCTI
2011 224 2268 284 lllLABll
2308 224 2612 285 EPISCOPI
3744 226 3848 286 ΗΟ

546 352 749 404 tionem
780 349 1123 420 proprietatis
1150 354 1366 402 ostensa
1401 351 1503 401 ost.
1537 345 1856 417 Assignetur
1883 359 2015 399 sane
2046 343 2148 398 hoc
2174 346 2221 404 Α
2255 339 2389 397 ﬁdes
2415 340 2648 396 concidit
2674 357 2686 393 :
2718 339 2870 395 adest
2900 349 3078 394 tamen
3109 338 3443 393 auctoritatis
3470 348 3707 408 paternae
3728 354 3851 409 pro-

542 442 940 498 communionis
980 442 1031 494 in
1074 438 1290 493 Christo
1328 452 1557 504 nomen,
1597 447 1653 491 ut
1685 436 1825 490 ﬁlius
1863 435 1960 499 sit,
1993 435 2036 488 si
2077 433 2145 489 de
2248 434 2434 501 fessio,
2465 442 2519 490 et
2544 433 2684 488 ﬁlius
2719 434 2804 489 hic
2841 448 2937 504 per
2969 426 3352 503 proprietatem
3396 430 3465 505 (c)
3498 432 3851 503 signiﬁcantis

541 550 814 606 quoquam
843 534 1043 588 dictum
1077 530 1407 601 reperietur:
1444 529 1545 584 Hic
1571 540 1643 584 est
1669 529 1811 599 ﬁlius
1842 546 2004 582 uicus.
2049 527 2145 584 Sin
2248 526 2569 582 ostenditur.
2616 525 2799 597 Neque
2847 528 3020 582 solum
3054 526 3252 581 veritas
3300 524 3393 578 lilii
3424 539 3519 595 per
3548 525 3672 593 hoc,
3704 527 3849 597 quod

541 642 672 683 vero
699 625 975 696 proprium
1002 639 1065 678 ac
1087 623 1360 694 singulare
1383 626 1431 678 ei
1459 631 1571 678 est:
1598 621 1701 676 Hic
1724 633 1795 678 est
1819 623 1959 693 ﬁlius
1981 638 2145 688 utens;
2247 631 2301 674 et
2332 619 2416 672 hic
2445 629 2499 674 et
2523 636 2666 673 meus
2695 628 2791 685 est,
2822 619 3126 683 intimatur;
3158 618 3251 672 sed
3296 616 3542 681 additur,
3579 616 3733 672 Hunc
3755 635 3851 672 au-

542 719 673 790 quid
694 719 1018 774 calumniam
1044 715 1202 789 15.9
1223 717 1330 772 Deo
1352 717 1489 785 patri
1519 714 1772 786 professa:
1799 714 1864 768 de
1891 714 1998 768 ﬁlio
2023 729 2148 784 pro—
2248 711 2371 765 dite.
2401 710 2794 767 Testimonium
2817 711 3032 782 quidem
3057 709 3233 766 Patris
3259 726 3288 765 e
3310 708 3449 766 coelo
3469 721 3551 766 est
3577 727 3589 763 :
3625 716 3719 765 sed
3744 718 3852 767 tes~

540 810 785 880 prietatis
810 807 1118 863 aﬁ'erimus?
1162 807 1319 862 Anne
1349 807 1441 861 tibi
1471 807 1521 861 in
1549 820 1613 861 eo
1633 847 1647 870 ,
1675 804 1818 876 quod
1845 804 2041 860 dicitur
2066 802 2149 857 hic
2250 803 2528 859 timonium
2577 803 2735 876 150
2765 803 2881 858 Filii
2924 802 3274 858 conﬁrmatur
3311 802 3366 858 in
3396 809 3568 868 terra,
3605 817 3725 856 nam
3753 818 3851 857 au-

541 911 637 967 est,
667 915 773 955 non
803 900 905 954 hoc
930 898 1219 968 signiﬁcari
1246 896 1459 952 videtur
1484 912 1497 949 :
1530 897 1680 951 Alios
1704 895 1918 966 quidem
1943 910 2144 965 cogno-
2246 897 2476 953 diendus
2496 897 2891 953 ostenditur.Et
2913 895 3573 967 quamquztnrambiguitas
3598 910 3698 963 per
3727 911 3851 965 pro-

541 994 775 1049 minatus
795 994 864 1047 ab
884 1007 950 1047 eo
976 992 1028 1045 in
1057 990 1219 1057 ﬁlios,
1246 988 1341 1044 sed
1370 989 1459 1044 hic
1484 988 1625 1044 ﬁlius
1645 1002 1797 1043 meus
1817 994 1928 1052 est;
1952 986 2148 1042 donavi
2248 991 2539 1047 fessionem
2575 1004 2851 1062 paternum
2884 1005 2989 1045 non
3035 991 3370 1061 relinquatur
3389 1031 3404 1056 ,
3440 999 3615 1044 tamen
3643 997 3699 1043 et
3732 988 3854 1045 Filii

543 1087 854 1157 ad0ptionis
885 1082 1133 1155 plurimis
1164 1098 1396 1146 nomen,
1431 1080 1528 1137 sed
1560 1081 1661 1136 iste
1690 1080 1819 1135 mihi
1852 1079 1993 1134 ﬁlius
2032 1089 2145 1164 est:
2250 1085 2317 1141 de
2348 1100 2408 1140 se
2460 1084 2722 1155 professio
2772 1083 3042 1141 credenda
3099 1083 3413 1140 decernitur
3439 1124 3453 1150 ,
3508 1092 3564 1139 et
3587 1098 3652 1137 ρο
3684 1098 3854 1167 usque

542 1194 611 1236 ne
631 1194 841 1250 quaeras
869 1176 1034 1232 alium
1054 1216 1069 1241 τ
1100 1190 1169 1229 ne
1193 1190 1301 1229 ιιοη
1325 1174 1470 1228 hunc
1490 1187 1611 1228 esse
1632 1172 1850 1240 Credas;
1881 1172 2024 1226 hunc
2049 1184 2149 1240 080
2250 1179 2448 1235 veritas
2487 1179 2540 1234 in
2572 1194 2638 1233 eo
2671 1178 2766 1233 lilii
2811 1178 3056 1243 docetur,
3089 1185 3145 1231 ut
3187 1185 3424 1248 paternae
3467 1175 3617 1231 vocis
3658 1176 3856 1232 conﬁr-

540 1282 816 1345 tamqnam
855 1271 1025 1342 digito
1066 1270 1242 1324 indice
1281 1283 1346 1323 ac
1385 1267 1535 1323 verbi
1576 1265 1974 1337 signiﬁcatione
2012 1277 2148 1319 cou-
2250 1272 2519 1347 ηπιιίομ)
2555 1270 2632 1345 (ά)
2662 1271 2913 1327 audiendi
2943 1287 2971 1325 a
3004 1270 3160 1327 nobis
3200 1272 3435 1342 postulet
3472 1271 3844 1341 obsequelam.

542 1367 722 1436 tingo,
752 1380 856 1436 qua
896 1364 1018 1418 dico
1047 1372 1102 1418 et
1137 1378 1280 1416 meus
1305 1368 1412 1426 est,
1441 1369 1496 1415 et
1527 1360 1609 1412 hic
1639 1367 1741 1423 est,
1775 1365 1832 1413 et
1869 1356 2010 1426 filius
2040 1354 2151 1409 est?

2250 1364 2414 1436 Igitur
2443 1366 2566 1436 quia
2595 1375 2831 1435 paternae
2861 1364 3154 1420 voluntatis
3183 1364 3299 1419 hth
3322 1379 3426 1419 vox
3446 1361 3550 1429 est,
3591 1372 3648 1418 ut
3678 1362 3846 1419 Filius

538 1457 677 1523 Quid
708 1466 828 1527 post
857 1457 972 1511 haec
1002 1453 1369 1525 intelligentia:
1400 1451 1597 1523 poterit
1619 1464 1763 1516 esse,
1796 1465 1862 1504 ne
1893 1465 1999 1504 non
2030 1462 2151 1504 esse
2251 1456 2531 1523 audiatur;
2564 1457 2847 1512 audiamus
2876 1455 3068 1512 Filium
3099 1455 3168 1512 de
3203 1472 3263 1512 se
3289 1455 3418 1527 quid
3449 1455 3520 1512 εει
3546 1456 3662 1527 ipse
3691 1456 3856 1527 ρι-οίι..

542 1549 833 1607 credatur?
862 1550 927 1604 Et
956 1549 1073 1603 haec
1102 1546 1321 1619 quidem
1364 1554 1601 1615 paternae
1642 1543 1789 1597 vocis
1829 1541 2151 1612 signiﬁcatio
2255 1561 2479 1609 ιειιιεηι,

539 1642 621 1715 (a)
652 1659 714 1698 ea
745 1643 870 1709 l'uit,
907 1658 974 1697 ne
1014 1642 1102 1712 qui
1146 1628 1214 1695 ad
1258 1639 1584 1710 implendam
1627 1652 1844 1692 omnem
1880 1635 2147 1705 justitiam

2322 1645 2412 1702 25.
2449 1645 2683 1702 Christus
2709 1657 2757 1701 et
2785 1645 2955 1701 Deum
2982 1645 3078 1700 sibi
3101 1654 3297 1717 patrem
3322 1653 3370 1700 et
3411 1661 3464 1700 se
3489 1642 3687 1700 Filium
3738 1646 3853 1718 ejus

537 1734 896 1805 baptizandus
924 1742 1101 1799 esset,
1129 1731 1257 1803 quid
1284 1741 1429 1787 esset
1458 1732 1825 1801 ignoraretur:
1854 1727 1948 1783 sed
1976 1726 2147 1798 utqui

2252 1737 2434 1795 merito
2464 1747 2743 1810 nuncupat.
2766 1769 2839 1778 ——
2865 1737 3145 1793 Neminem
3185 1746 3366 1792 autem
3415 1746 3522 1792 tam
3562 1738 3798 1791 alienum
3825 1753 3854 1793 a

535 1831 604 1883 ad
649 1837 1050 1884 sacramentum
1095 1826 1286 1882 salutis
1331 1833 1531 1881 nostrae
1573 1823 1737 1879 homo
1782 1821 2140 1888 cernebatur,
2243 1833 2515 1887 communi
2543 1847 2704 1888 sensu
2742 1832 2994 1887 existimo
3021 1847 3182 1898 esse,
3239 1839 3295 1886 ιιι
3335 1846 3457 1887 cum
3504 1832 3556 1885 in
3586 1832 3843 1887 omnibus

537 1920 633 1975 Dei
662 1935 796 1976 voce
830 1921 923 1975 Dei
956 1919 1101 1974 ﬁlius
1130 1928 1465 1975 nosceretur.
2246 1922 2663 1995 Evangeliorum
2698 1922 2847 1980 libris
2869 1940 2936 1979 ex
2977 1923 3314 1994 professione
3359 1923 3479 1978 Filii
3510 1925 3853 1994 assumptio-

609 2022 700 2076 24.
736 2020 885 2075 Idem
923 2019 1088 2074 denuo
1130 2018 1375 2072 declarat.
1416 2016 1546 2070 Filii
1590 2015 1743 2070 dictis
1786 2016 2143 2068 auctoritate»:
2246 2032 2366 2073 nem
2398 2032 2674 2087 corporeae
2725 2016 3035 2072 humilitatis
3085 2015 3386 2088 intelligat.
3444 2031 3566 2071 cum
3596 2016 3672 2070 ait
3700 2034 3714 2070 ε
3746 2014 3859 2071 Ρα.

539 2124 770 2186 prastat.
799 2143 870 2155 -—~
898 2113 964 2168 Et
1010 2111 1134 2183 quia
1161 2112 1213 2166 in
1271 2111 1395 2167 ﬁdei
1437 2111 1598 2181 hujus
1637 2109 1979 2165 confessione
2023 2123 2142 2164 cre-
2246 2120 2341 2177 ter,
2373 2110 2603 2179 clari/ica
2620 2127 2697 2163 me
2722 2109 2927 2179 (Joan.,
2953 2125 3082 2177 xvn,
3108 2108 3270 2180 5);et
3296 2124 3507 2164 rursum
3532 2108 3857 2181 frequentis-

536 2206 784 2263 dentium
814 2207 921 2261 vita
967 2214 1112 2261 esset
1153 2203 1280 2276 (non
1321 2202 1463 2258 enim
1510 2203 1613 2258 alia
1663 2202 1981 2257 aeternitatis
2033 2202 2139 2256 vita
2246 2205 2384 2258 sime
2419 2220 2431 2256 :
2474 2201 2723 2257 Videbitis
2752 2201 2949 2257 Filium
2993 2203 3213 2257 hominis
3245 2202 3481 2272 (Matt/2.,
3515 2219 3667 2263 xxvr.
3718 2202 3855 2275 64);

535 2310 620 2355 est
663 2299 739 2372 (b)
759 2340 774 2364 ,
808 2298 910 2353 nisi
950 2297 1131 2353 .Iesum
1151 2295 1423 2352 Christum
1446 2294 1778 2365 unigenitum
1810 2294 1974 2349 Deum
2002 2293 2141 2348 scia-
2246 2307 2299 2353 et
2329 2297 2460 2353 illud
2494 2315 2505 2349 :
2534 2295 2605 2369 (e)
2641 2296 2798 2351 Pater
2822 2298 2988 2365 major
3017 2314 3096 2352 me
3120 2306 3193 2352 est
3222 2295 3423 2367 (Joan.,
3455 2312 3566 2365 xw,
3597 2297 3728 2369 28);
3757 2298 3856 2353 sed

536 2406 657 2447 mus
684 2405 806 2445 esse
845 2390 941 2445 Dei
987 2386 1211 2460 ﬁlium);
1246 2402 1350 2442 vox
1397 2402 1428 2442 c
1455 2386 1609 2442 ctelis
1644 2401 1855 2441 rursum
1894 2384 1962 2438 ab
2003 2386 2139 2452 Apo—
2243 2392 2464 2444 ethoc:
2503 2388 2659 2443 Nunc
2683 2388 2857 2442 anima
2881 2387 3214 2443 nteaturbata
3238 2401 3311 2444 est
3338 2388 3481 2444 valde
3507 2388 3712 2459 (Joan.,
3753 2406 3852 2459 ιιι,

539 2484 693 2541 stolis
726 2486 931 2539 iterata)
962 2482 1123 2552 hujus
1153 2480 1561 2553 signiﬁcationis
1591 2480 1845 2544 auditur;
1877 2490 1929 2533 ut
1963 2478 2014 2532 id
2045 2477 2138 2533 ﬁr-
2244 2482 2374 2555 27);
2410 2482 2492 2538 vel
2524 2483 2683 2538 etiam
2747 2481 2889 2539 hoc:
2939 2480 3104 2549 Deus,
3160 2481 3299 2537 Deus
3334 2499 3511 2547 meus,
3567 2499 3723 2555 quare
3774 2499 3857 2539 me

537 2580 678 2635 mius
703 2578 1019 2635 crederetur
1040 2576 1105 2631 ad
1126 2577 1288 2631 vitam
1311 2617 1326 2641 ,
1351 2575 1493 2646 quod
1537 2591 1642 2630 non
1666 2573 1961 2629 credidisse
1992 2588 2136 2627 mors
2247 2578 2562 2649 dereliquisti
2605 2575 2847 2648 (Matth,
2875 2592 3047 2642 xxvn,
3078 2575 3218 2647 46)?
3248 2586 3303 2633 et
3344 2576 3506 2632 multa
3551 2578 3653 2633 alia
3700 2578 3855 2633 istius

533 2681 699 2729 esset.
756 2671 995 2742 Namque
1034 2684 1156 2724 cum
1214 2668 1472 2723 Dominus
1524 2667 1575 2722 in
1609 2676 1791 2722 monte
1839 2664 2135 2736 maiestatis
2246 2669 2412 2735 modi,
2445 2670 2512 2725 de
2568 2668 2761 2739 quibus
2791 2684 2889 2724 δυο
2938 2669 3130 2723 ordine
3158 2669 3265 2724 erit
3315 2683 3539 2724 sermo:
3574 2677 3749 2724 tamen
3799 2670 3852 2724 in

532 2779 645 2820 sua:
676 2763 859 2819 habitu
888 2760 1252 2828 constitisset,
1283 2759 1466 2832 Moyse
1494 2769 1656 2831 atque
1686 2759 1798 2814 Elia
1833 2757 2131 2814 assistenti-
2242 2760 2343 2816 hac
2368 2771 2473 2816 tam
2507 2760 2722 2815 assidua
2754 2759 3075 2815 humilitatis
3118 2763 3515 2817 contestatione
3545 2760 3853 2818 insolentia:

531 2859 654 2926 bus,
689 2869 746 2914 et
770 2859 840 2913 ad
865 2856 1089 2912 visionis
1114 2871 1178 2910 ac
1205 2856 1350 2909 vocis
1373 2854 1535 2910 ﬁdem
1566 2854 1737 2909 tribus
1763 2853 2027 2909 columnis
2046 2868 2136 2909 ec—
2238 2871 2360 2911 eum
2394 2864 2603 2928 arguat,
2641 2856 2782 2927 quod
2814 2855 2917 2912 sibi
2955 2868 3157 2926 patrem
3193 2856 3360 2912 Deum
3387 2857 3551 2922 dicat,
3581 2859 3798 2914 cumait
3831 2876 3847 2912 :

530 2953 820 3009 clesiarum
871 2950 1098 3005 testibus
1130 2949 1451 3017 assumptis,
1502 2949 1618 3003 hare
1647 2964 1746 3003 vox
1803 2960 2022 3018 paterna
2067 2948 2135 3003 de
2244 2949 2426 3004 Omnis
2451 2948 2725 3019 pluntatio,
2763 2966 2918 3019 quam
2964 2967 3065 3004 non
3108 2950 3358 3018 plantavit
3387 2958 3532 3021 pater
3560 2950 3795 3023 meus(n
3822 2993 3839 3019 ,

528 3046 670 3102 cmlo
696 3053 779 3099 est
805 3061 818 3099 :
857 3042 958 3096 Hic
985 3052 1058 3097 est
1088 3041 1229 3111 ﬁlius
1261 3057 1403 3095 meus
1432 3039 1668 3105 dilectus,
1694 3041 1746 3093 in
1776 3057 1875 3109 quo
1903 3039 2134 3113 compla-
2239 3040 2583 3095 erarlicabitur
2620 3038 2863 3112 (Matth.,
2886 3056 2976 3107 xv,
3005 3038 3131 3111 i5);
3162 3041 3244 3098 vel
3285 3041 3415 3096 illud
3448 3059 3461 3093 :
3497 3040 3723 3095 Domum
3751 3061 3837 3114 pa-

526 3138 634 3203 cui,
667 3137 804 3190 hunc
855 3134 1030 3189 audite
1058 3132 1275 3207 (Matth.
1311 3148 1441 3197 xvn,
1479 3133 1558 3201 5).
1590 3131 1705 3186 Non
1739 3132 1802 3186 ad
1840 3133 2133 3188 conﬁrma-
2166 3193 2205 3208 η
2238 3136 2331 3189 tris
2358 3135 2455 3187 mei
2482 3135 2693 3188 domum
2745 3134 2936 3205 fecistis
2966 3135 3325 3205 negotiationis
3348 3134 3549 3208 (Joan.,
3598 3152 3659 3204 tt,
3708 3136 3800 3208 16)
3830 3154 3847 3203 ;

536 3230 737 3283 tionem
771 3226 994 3282 honoris
1016 3225 1236 3281 claritas
1265 3234 1556 3293 conspecta
1593 3224 1724 3278 satis
1753 3224 1928 3280 fuerat
1955 3241 1971 3291 ;
1997 3241 2129 3283 voce
2160 3193 2206 3257 ο
2239 3224 2315 3298 (g)
2341 3237 2395 3281 ct
2423 3226 2745 3297 ubicumque
2775 3240 2992 3295 Semper
3019 3235 3226 3297 patrem
3255 3226 3356 3282 sibi
3392 3227 3557 3282 Deum
3583 3227 3847 3298 nominat,

532 3313 888 3390 designatur:
914 3316 1017 3372 Hic
1046 3317 1184 3386 ﬁlius
1217 3332 1356 3369 meus
1385 3325 1480 3369 est.
1512 3316 1754 3385 Apostoli
1785 3317 2013 3387 gloriam
2035 3318 2132 3374 Dei
2242 3320 2547 3374 temeraria:
2578 3320 3016 3389 praesumptionis
3045 3320 3224 3389 potius
3252 3319 3343 3386 sit,
3373 3336 3530 3391 quam
3563 3320 3847 3377 conﬁden-

532 3428 640 3469 non
672 3411 871 3475 ferunt,
906 3420 962 3464 et
993 3408 1251 3465 mortales
1280 3408 1419 3463 oculi
1452 3406 1778 3464 hebetantur
1809 3410 1875 3464 ad
1907 3411 2079 3466 visum
2112 3454 2128 3477 ,
2243 3415 2311 3467 tis
2341 3423 2545 3468 natura:
2571 3453 2587 3479 ,
2631 3427 2753 3484 quae
2796 3414 3013 3468 conscia
3055 3413 3349 3468 nativitatis
3388 3429 3500 3468 smn
3529 3412 3613 3485 (h)
3665 3424 3850 3471 teneat

532 3513 590 3562 et
617 3510 961 3561 consternata
987 3501 1056 3557 ad
1100 3508 1304 3556 metum
1344 3500 1487 3554 l’etri
1516 3508 1571 3555 et
1616 3499 1805 3556 Jacobi
1835 3508 1891 3558 et
1913 3494 2136 3559 Joannis
2246 3507 2494 3563 veritatis
2517 3521 2716 3563 nomen
2747 3507 2798 3561 in
2830 3516 3002 3579 patre.
3035 3506 3362 3562 Humilitatis
3392 3506 3552 3578 igitur
3580 3507 3849 3578 professio

525 3651 539 3718 ς
602 3644 683 3717 (1)
710 3643 767 3700 In
798 3641 983 3700 codice
1005 3627 1324 3706 Veronensi,
1368 3639 1613 3694 audiendi
1636 3658 1670 3694 a
1698 3639 1843 3695 nobis
1884 3641 1981 3712 ﬁlii
2005 3644 2244 3716 postulet,
2275 3656 2407 3715 etc.;
2432 3658 2487 3704 at
2513 3664 2617 3704 vox
2643 3647 2741 3719 ﬁlii
2768 3647 2951 3705 addita
2980 3657 3063 3705 est
3083 3647 3336 3705 secundis
3365 3649 3529 3706 curis.

603 3810 680 3884 (a)
708 3806 885 3884 Editi,_
905 3822 962 3884 eo
990 3801 1550 3884 fitit,nrel'ragaiitihus
1585 3802 1821 3884 scriptis.
1852 3801 1974 3884 Mox
2002 3803 2125 3859 Par.
2234 3822 2336 3884 nus
2358 3807 2485 3884 loco
2510 3806 2773 3884 laudato:
2803 3805 2935 3863 Cum
2971 3825 3030 3864 eo
3060 3818 3196 3864 certe
3224 3805 3454 3884 Moyses,
3478 3818 3529 3884 et
3560 3808 3711 3884 Elius
3735 3826 3842 3884 pa-

532 3874 671 3941 cum
688 3897 819 3936 mss.
848 3874 1002 3935 Colb.
1027 3889 1076 3933 et
1106 3875 1317 3951 Germ.,
1338 3891 1443 3951 quo
1465 3884 1666 3951 ut,_pro
1693 3875 1781 3951 sed
1809 3883 1891 3951 ut.
1912 3874 2027 3930 Hoc
2043 3892 2129 3951 ar:
2232 3879 2359 3951 riter
2397 3879 2703 3951 videbantur
2732 3881 3015 3951 loquentes,
3066 3897 3190 3951 quos
3240 3874 3416 3950 utique
3443 3874 3516 3935 de
3560 3874 3847 3951 adoptione

531 3965 842 4028 gementum
876 3950 1107 4028 illustrat
1157 3963 1224 4028 ao
1249 3945 1415 4028 fusius
1445 3946 1675 4028 exii‘l‘icat
1696 3945 2005 4028 .Fattstinus
2061 3947 2127 4001 ad
2233 3948 2414 4028 factos
2427 3967 2535 4028 esse
2566 3950 2705 4021 ﬁlios
2734 3945 2833 4028 per
2881 3945 3088 4024 negare
3108 3969 3232 4028 non“
3260 3945 3402 4019 potes
3427 3945 3759 4028 ί-Αίιιιοηιό-ιέρΔ
3782 3956 3847 4009 de

540 4016 849 4081 Flaccillam
877 4022 967 4077 lib.
993 4028 1180 4075 contra
1198 4017 1447 4079 Arianos,
1472 4032 1520 4071 c.
1548 4016 1604 4081 2,
1624 4016 1712 4071 ubi
1742 4033 1861 4072 cum
1892 4017 2077 4072 eadem
2100 4034 2131 4074 e
2232 4016 2342 4076 sola
2373 4016 2580 4077 Christo
2613 4036 2709 4077 vos:
2728 4022 2903 4076 divina
2935 4016 3148 4076 t'estatur
3179 4016 3352 4078 dicens
3377 4040 3388 4075 :
3422 4016 3523 4078 me
3549 4033 3625 4080 est
3665 4021 3715 4077 F
3717 4025 3845 4081 ilius

530 4095 846 4165 Scripturis,
868 4106 989 4165 quae
1016 4092 1099 4145 ltic
1121 4089 1358 4165 Hilarius
1377 4088 1555 4153 alii-rt,
1584 4088 1889 4165 testimonia
1911 4088 2129 4165 eodem-
2232 4109 2395 4158 meus,
2426 4102 2530 4148 etc.
2566 4091 2627 4147 Si
2657 4094 2791 4148 enim
2822 4104 2867 4146 et
2895 4092 3132 4149 Christus
3155 4094 3220 4149 de
3244 4095 3525 4164 adoptione
3546 4097 3690 4163 [ilius
3717 4107 3795 4150 est
3819 4138 3839 4162 ,

527 4182 635 4238 que
657 4159 851 4238 ordine
878 4159 931 4219 et
958 4162 1010 4216 in
1036 4161 1283 4238 eumdem
1322 4175 1556 4238 scopum
1570 4159 1874 4238 describat,
1903 4160 2125 4238 conjec-
2231 4180 2347 4238 eum
2373 4174 2529 4219 staret
2559 4165 2690 4219 inter
2715 4165 3157 4238 duos‘adoptivos,
3189 4159 3401 4238 dixisset
3431 4159 3625 4236 utique,
3651 4165 3720 4221 Et
3756 4159 3845 4222 hic

529 4229 647 4293 fare
675 4247 756 4291 est
803 4236 950 4289 illum
997 4250 1063 4288 cx
1111 4232 1230 4302 ipso
1260 4231 1500 4287 nonnihil
1532 4229 1700 4303 fuisse
1731 4229 2128 4297 adiutum.'Ait
2232 4232 2403 4290 Filius
2431 4252 2573 4290 meus
2599 4245 2695 4303 est,
2728 4253 2791 4290 ne
2829 4229 3064 4291 Christus
3102 4229 3212 4291 esse
3239 4235 3380 4290 solus
3425 4229 3737 4293 crederetur.
3772 4240 3841 4294 At

531 4318 711 4382 autem
755 4305 827 4359 ibi
860 4323 872 4357 :
907 4300 1354 4382 Carneutuluident
1381 4305 1513 4369 eius.
1543 4300 1625 4356 vel
1646 4303 1829 4382 potius
1849 4303 2127 4382 hominem
2230 4321 2344 4359 cum
2372 4305 2528 4382 dicit,
2557 4305 2660 4359 Hic
2681 4300 2754 4361 est
2774 4307 2913 4382 ﬁlius
2933 4323 3078 4363 meus
3102 4309 3351 4382 dilectus,
3366 4310 3665 4382 adoptionis
3696 4310 3842 4379 ﬁlios

532 4380 723 4444 dicam,
751 4392 897 4448 nemo
931 4375 1236 4448 ambigebat,
1268 4374 1388 4443 quia
1435 4388 1523 4425 nec
1551 4371 1744 4443 ambigi
1762 4381 1964 4448 poterat
1988 4390 2007 4439 ;
2034 4376 2124 4448 sed
2228 4378 2503 4448 separauit,
2536 4386 2590 4432 ut
2622 4371 2909 4448 praprietas
2945 4393 3076 4434 certe
3098 4371 3379 4435 nativitatis
3410 4371 3837 4438 in'Christo'solo

529 4451 684 4514 illud,
716 4446 854 4518 quod
883 4447 937 4500 in
959 4447 1162 4500 homine
1187 4454 1295 4498 erat
1325 4453 1372 4496 et
1400 4453 1579 4496 natum
1607 4459 1723 4495 cum
1750 4444 1974 4518 homine,
2005 4446 2127 4514 quia
2230 4447 2342 4517 ﬁlio
2368 4444 2677 4503 crederetur.

535 4522 698 4576 videri
729 4516 819 4590 per
863 4528 1098 4592 naturam
1138 4532 1239 4592 non
1272 4524 1468 4592 poterat
1492 4529 1609 4592 ...ηε
1651 4522 1780 4592 esset
1820 4516 2081 4592 incertum
2104 4557 2120 4581 ,
2232 4516 2235 4517 ⁷
2303 4518 2381 4592 (d)
2406 4519 2531 4575 Sola
2562 4519 2729 4578 editio
2750 4520 2875 4576 Par.
2904 4537 3028 4577 cum
3054 4537 3155 4576 ms.
3192 4520 3343 4577 Mart.
3387 4521 3665 4577 audienda.
3696 4522 3838 4581 AliiB

534 4609 656 4667 inice
693 4583 740 4646 et
767 4589 915 4658 quasi
947 4589 1109 4667 digito
1139 4584 1318 4667 Patris
1342 4585 1624 4667 ostenditur
1644 4583 2022 4667 dicentishﬂic
2050 4597 2126 4641 est
2155 4627 2206 4667 η
2230 4583 2585 4667 cum'aliqnot
2624 4608 2757 4648 mss.
2786 4593 3035 4648 audiendi
3059 4610 3093 4648 a
3115 4593 3263 4648 nobis
3309 4594 3427 4663 ﬁlii.
3480 4594 3647 4651 Abest
3677 4596 3778 4667 ﬁlii
3803 4612 3837 4652 a

538 4627 718 4718 Filia;
731 4627 893 4728 m'elts,
924 4627 1032 4714 etc?
1054 4659 1119 4732 Et
1148 4658 1306 4732 paulo
1332 4668 1455 4732 ante
1484 4675 1497 4711 :
1531 4656 1593 4709 Et
1614 4656 1727 4711 vide
1752 4627 1989 4732 quia’ltoc
2007 4668 2129 4732 tunc
2155 4627 2206 4687 D

534 4737 761 4807 primum
785 4726 928 4792 dicit.
947 4726 1157 4800 quando
1181 4728 1334 4809 {esus
1355 4738 1409 4809 ut
1435 4726 1588 4781 homo
1615 4728 1827 4781 accessit
1851 4728 1920 4809 ad
1939 4727 2131 4797 baptis-
2303 4734 2373 4809 (ς)
2399 4733 2533 4788 Nota
2558 4734 2828 4809 quomodo
2855 4735 2991 4799 hrec.
3024 4735 3186 4791 Pater
3213 4739 3380 4809 major
3398 4752 3477 4790 me
3503 4747 3597 4803 est,
3625 4737 3738 4808 jam
3762 4739 3836 4796 de

538 4800 681 4880 'mum
710 4821 728 4859 :
754 4814 801 4858 et
839 4814 961 4875 puto
977 4819 1105 4880 Δῃοη
1140 4800 1253 4880 alia
1298 4801 1499 4880 ratione
1523 4839 1538 4864 ,
1586 4800 1896 4880 qualiaquia
1934 4809 2130 4880 poterat
2230 4800 2445 4880 Christo
2472 4800 2765 4880 secundum
2797 4811 3220 4874 assumptionth
3248 4800 3523 4880 corporea!
3552 4800 3835 4864 humilita-

536 4878 679 4930 credi
704 4892 807 4929 non
825 4871 932 4949 esse
962 4874 1103 4949 [ilius
1132 4872 1251 4949 _Dei,
1280 4872 1364 4941 qui
1387 4886 1662 4949 corporeus
1675 4871 1957 4934 videbatur.
1977 4883 2025 4927 et
2051 4874 2130 4926 in-
2234 4878 2301 4929 lis
2337 4877 2475 4931 dicta
2508 4878 2897 4947 intelligantur,
2915 4871 3158 4949 quamvis
3188 4880 3315 4935 alibi
3342 4871 3506 4935 etiam
3520 4880 3588 4935 de
3615 4880 3837 4938 Christo

540 4958 616 5020 ter
645 4957 851 5020 crateras
878 4942 1106 5020 homines
1130 4946 1243 5017 ipse
1282 4959 1482 5014 quoque
1510 4951 1564 4996 ut
1594 4942 1743 5020 [tanta
1778 4952 2014 5020 peccator
2043 4960 2127 4998 ve-
2233 4959 2389 5016 prout
2444 4951 2583 5003 Deus
2634 4942 2848 5020 genitus
2884 4942 2970 5004 est
3001 4960 3358 5020 exponuntur.
3393 4950 3577 5020 Neque
3633 4952 3835 5008 minori

539 5019 801 5096 niebqthad
827 5014 1523 5096 baptismum,_qumpeccata
1548 5014 1880 5096 propria‘nott
1896 5014 2125 5096 haberet.
2231 5014 2928 5096 considerationédignum,
2961 5014 3326 5096 quoddeinde
3349 5037 3456 5096 non
3488 5014 3648 5092 negat
3689 5024 3836 5079 h'ila—

613 5091 685 5162 (b)
720 5090 840 5162 Par.
865 5084 987 5142 eum
1011 5087 1288 5162 uisant/at.
1311 5087 1449 5162 bas..
1469 5084 1623 5162 Mart.
1657 5093 1713 5139 et
1729 5086 1906 5149 Colb.,
1926 5087 2008 5162 oio
2029 5096 2125 5141 est.
2231 5090 2344 5144 rius
2365 5091 2598 5162 animam
2622 5084 2818 5147 Christi
2861 5084 2993 5147 vere
3019 5094 3307 5154 turbatam.
3343 5093 3439 5150 sed
3462 5084 3671 5150 lanium
3711 5110 3835 5152 mo-

540 5156 903 5237 hia‘gis_illacet
926 5173 1048 5212 cum
1075 5156 1389 5237 aliisulibris
1409 5198 1421 5218 ,
1451 5157 1553 5237 vita
1575 5164 1689 5237 est,-
1720 5164 1777 5209 ut
1813 5156 2130 5225 respiciatur
2232 5170 2322 5237 net
2346 5161 2770 5237 adsusceptum
2796 5162 3071 5237 hominem
3098 5164 3440 5221 referendum
3471 5180 3595 5221 esse
3615 5206 3633 5234 ,
3668 5166 3835 5237 quid-

538 5226 672 5288 illud
698 5231 856 5288 Joan.
901 5243 1008 5283 xvn
1030 5269 1045 5293 ,
1074 5229 1110 5284 5
1140 5247 1153 5282 :
1190 5226 1325 5300 liceo
1334 5239 1410 5281 est
1437 5235 1607 5300 autem
1635 5228 1738 5300 vita
1781 5237 1992 5295 (eterna,
2022 5239 2124 5285 etc.
2232 5232 2359 5300 quid
2393 5232 2479 5287 hic
2505 5226 2655 5288 locus
2687 5233 3011 5289 inﬁrmitatis
3041 5247 3218 5291 sonat.

540 5302 848 5377 Tumgapgud
881 5300 997 5366 Er.,
1021 5300 1192 5370 Lips.,
1223 5306 1279 5354 et
1301 5298 1422 5352 Par.
1449 5338 1463 5361 ,
1498 5298 1598 5351 nisi
1625 5308 1681 5352 ut
1709 5296 1910 5353 Jesum.
1959 5300 2130 5355 Abest
2250 5296 2263 5300 ”
2305 5304 2373 5373 (f)
2412 5303 2467 5356 ln
2514 5304 2743 5377 vulgatis
2773 5304 2858 5377 hic
2883 5304 3134 5376 adjicitur
3160 5308 3375 5363 caelestis
3405 5326 3418 5361 :
3448 5308 3591 5377 quod
3613 5309 3773 5367 abest
3795 5325 3826 5365 a

538 5383 595 5427 ut
617 5375 809 5450 a.B_ad.
838 5382 892 5428 et
923 5387 1052 5450 mss.
1147 5442 1158 5450 _
1235 5441 1286 5450 _
1379 5442 1389 5450 _
1466 5442 1477 5450 _
1816 5440 1840 5450 Α
1869 5442 1877 5450 _
2030 5443 2061 5450 __
2230 5388 2363 5450 mss.
2406 5383 2469 5450 et
2499 5377 2643 5450 apud
2675 5375 3012 5444 Faustinum,
3048 5378 3232 5450 Hilarii
3263 5375 3563 5450 aequalem,
3621 5389 3715 5447 et,
3746 5382 3828 5438 uti

609 5445 693 5519 (ε)
712 5446 859 5513 Lips.
883 5453 937 5499 et
963 5442 1085 5498 Par.
1114 5441 1502 5513 signiﬁcationis
1531 5450 1782 5519 .'_pr;eter
1809 5440 1969 5519 ﬁdem
1996 5443 2129 5500 alio-
2230 5445 2385 5519 nobis
2427 5440 2656 5519 videtur,
2707 5440 3051 5505 imitatorem.
3105 5449 3226 5505 Mox
3255 5450 3308 5505 in
3330 5440 3438 5506 ius.
3472 5440 3658 5519 Mm,
3686 5440 3825 5508 mer-

537 5514 983 5593 inunltbrorum,
1024 5524 1079 5569 et
1116 5523 1367 5593 corrupto
1410 5514 1649 5593 nutiniltil
1679 5516 1913 5593 auctoris
1941 5528 2121 5569 sensu.
2229 5517 2464 5593 cationi},
2489 5518 2608 5574 loco
2636 5520 3012 5593 negotiationis.

540 5586 842 5662 Proprietas
867 5587 1065 5662 quippe
1105 5586 1394 5662 Opponitur
1437 5583 2125 5662 adOptioni_,_“referturque
2299 5589 2374 5662 (g)
2408 5589 2513 5662 Pro
2553 5600 2602 5645 et
2628 5583 2962 5648 commodius
2994 5593 3259 5662 legeretur
3287 5593 3360 5648 ita
3381 5603 3457 5648 ut.

538 5655 657 5713 tum
679 5659 745 5713 ad
767 5655 978 5738 ljatrem
1000 5655 1438 5738 'sigpiﬁcantem,
1469 5665 1579 5738 tum
1607 5655 1684 5738 ad,
1701 5655 1894 5713 Filium
1909 5655 2122 5738 signiﬁ-
2300 5655 2380 5731 (lt)
2412 5660 2646 5738 Hoc_est,
2675 5664 2730 5719 in
2766 5673 2918 5733 patre
2949 5655 3318 5738 nun'cupando
3354 5680 3551 5722 nomen
3578 5664 3712 5723 illud
3744 5676 3826 5725 te-

536 5740 738 5788 catum.
770 5727 860 5785 Sic
888 5744 1049 5800 porro
1076 5726 1216 5785 idem
1255 5737 1629 5801 argumentum
1672 5736 1867 5787 tractat
1907 5726 2122 5786 Fausti-
2226 5726 2371 5796 neat;
2397 5732 2539 5803 quod
2570 5726 2681 5793 veri
2702 5726 3052 5793 ac'naturalis
3080 5726 3249 5806 patris
3277 5736 3369 5793 sit.
