4118 6186
276 267 377 325 177

1525 263 1613 322 DE
1648 262 2023 323 TRINITATE
2064 265 2268 325 LIBER
2307 268 2393 325 Vl.

3483 272 3587 329 178

272 380 523 449 frequens
575 392 681 433 non
716 377 877 434 liabet
924 378 1030 434 hoc
1073 378 1374 435 insolentia:
1419 379 1631 445 vitium,
1664 387 1724 434 ut
1765 378 1866 434 sibi
1895 382 1944 442 A
1972 389 2075 437 est.
2111 381 2243 438 Tam
2269 385 2583 455 ignorabitis
2612 394 2697 443 est
2727 386 2914 455 Filius,
2949 401 3108 457 quam
3139 396 3195 443 et
3225 386 3402 444 Pater.
3453 386 3584 444 Om-

271 471 445 525 aliena
472 470 551 543 (l)
588 471 832 526 vendicet
859 515 873 537 ,
905 482 961 525 ct
991 487 1096 526 non
1124 487 1220 526 sua
1259 472 1551 541 defendat,
1577 479 1633 528 et
1659 470 1877 542 proprie

273 567 383 621 Deo
411 564 740 635 coarquanda
771 576 1083 636 przcsumat.
1114 565 1226 622 Nec
1254 566 1365 637 pari
1404 566 1740 632 temeritate,
1771 580 1874 636 qua

271 669 477 731 patrem
509 669 821 730 nuncupat,
857 677 915 716 se
961 677 1176 733 quoque
1222 661 1386 717 ﬁlium
1421 660 1737 733 proﬁteatur
1784 660 1874 717 di-

268 767 400 807 cens
432 772 445 805 :
480 750 591 807 Nec
621 752 756 806 enim
785 752 920 807 misit
949 750 1088 807 Deus
1113 753 1280 823 ﬁlium
1306 770 1453 808 suum
1483 753 1536 806 in
1565 753 1701 806 hunc
1725 768 1876 806 mun-

267 848 416 908 dum,
447 856 501 898 ut
519 846 719 917 judicet
749 846 1019 913 mundum,
1046 849 1135 900 sed
1156 856 1210 901 ut
1232 846 1404 900 salt-us
1428 847 1521 917 ﬁat
1541 846 1762 900 ntundus
1784 862 1875 915 per

267 959 382 996 eum
406 939 612 1013 (10am,
662 956 745 1007 tit,
796 939 919 1013 l7);
945 941 1029 996 vel
1060 942 1251 995 iterum
1283 958 1295 993 :
1330 940 1407 995 Tu
1427 940 1591 995 credis
1629 941 1681 993 in
1706 939 1874 1010 ﬁlium

268 1033 366 1087 Dei
393 1033 601 1105 (leam,
632 1048 708 1098 Ix,
754 1032 885 1103 35)?
914 1031 1051 1101 Quid
1082 1048 1222 1087 nunc
1249 1034 1480 1104 agimus,
1511 1032 1874 1087 concedentes

269 1133 476 1179 tantum
507 1122 583 1194 (a)
614 1122 743 1178 lesu
772 1121 994 1179 Christo
1024 1138 1221 1180 nomen
1250 1124 1589 1194 adoptionis?
1611 1139 1705 1193 per
1730 1124 1873 1194 quod

265 1227 320 1273 et
358 1219 413 1271 in
449 1227 599 1287 patre
628 1216 729 1272 sibi
783 1216 936 1290 151
996 1217 1106 1272 Deo
1156 1218 1519 1286 nuncupanda
1570 1217 1871 1272 temeraria:

264 1324 393 1365 eum
428 1310 702 1379 arguimns
744 1308 1204 1379 praesumptionis.
1239 1310 1467 1365 Paterna
1496 1310 1563 1366 de
1593 1309 1733 1364 ctelo
1769 1324 1871 1363 vox

264 1414 388 1457 est:
415 1401 564 1455 Hunc
579 1402 755 1456 audite
778 1400 1017 1473 (Malth.,
1044 1403 1268 1471 xvu,5).
1294 1401 1470 1457 Audio
1499 1420 1511 1455 :
1542 1400 1720 1465 Pater,
1749 1418 1872 1472 gra-

263 1497 369 1551 tias
422 1513 515 1566 ago
541 1494 627 1549 tibi
653 1493 837 1569 (Joan.
869 1511 930 1561 ll,
962 1494 1056 1567 41)
1102 1513 1114 1549 :
1144 1495 1327 1562 audio,
1364 1494 1551 1551 Dicitis
1581 1497 1701 1564 quia
1730 1495 1870 1549 blas-

264 1590 522 1660 phematn',
551 1590 792 1660 quoniam
824 1589 954 1653 dixi,
983 1588 1030 1644 F
1030 1590 1152 1644 ilius
1168 1589 1266 1645 Dei
1290 1608 1404 1645 sum
1432 1590 1640 1661 (Joan.,
1662 1607 1714 1653 χ,
1739 1590 1831 1663 36)
1854 1609 1867 1645 :

263 1683 309 1736 si
364 1696 474 1734 non
520 1680 684 1736 credo
719 1681 1052 1746 nominibus,
1100 1682 1146 1737 si
1191 1692 1437 1737 naturam
1473 1681 1548 1753 (b)
1593 1682 1870 1737 vocabulis

1981 476 2067 530 nia
2101 475 2150 531 ei
2186 478 2377 533 tradita
2423 488 2546 534 sunt
2581 498 2595 535 :
2626 488 2679 535 et
2720 481 2772 535 in
2803 481 3056 536 omnibus
3102 482 3233 537 nihil
3266 481 3585 553 intelligitur

1980 578 2290 639 exceptum.
2340 571 2394 627 Si
2444 580 2686 642 potestas
2732 584 3010 644 exaequata
3055 586 3160 640 esr,
3219 574 3263 630 si
3309 585 3582 631 secretum

1978 663 2302 734 cognitionis
2333 665 2539 736 aequale
2566 675 2671 731 est,
2703 665 2747 720 si
2778 676 2964 721 natura
3008 666 3061 722 in
3108 666 3418 722 nominibus
3452 676 3537 723 est
3567 683 3581 721 :

1979 771 2166 826 qumro
2199 759 2473 827 quomodo
2521 757 2663 827 quod
2695 769 2958 813 vocantur
2992 773 3096 812 non
3146 769 3310 823 sunt,
3353 774 3582 829 quorum

1978 855 2033 902 et
2063 848 2141 920 (Il)
2175 849 2250 920 (f)
2279 851 2361 903 vis
2389 853 2443 905 in
2469 860 2755 920 potestate,
2783 862 2838 906 et
2874 849 3165 907 difﬁcultas
3194 851 3246 906 in
3274 853 3583 922 cognitione

1980 956 2085 994 non
2117 941 2319 997 differt.
2351 942 2467 998 Non
2497 945 2632 999 fallit
2670 944 2849 1013 itaque
2884 945 2935 998 in
2959 944 3236 999 vocabulis
3268 945 3411 999 Dens
3436 986 3452 1011 ,
3484 960 3584 1000 nec

1978 1048 2037 1088 se
2066 1043 2158 1088 aut
2191 1035 2348 1090 Pater
2372 1039 2654 1101 mentitur,
2678 1045 2771 1091 aut
2792 1035 2962 1092 Filius
2996 1054 3009 1090 :
3034 1044 3087 1091 et
3112 1037 3294 1107 accipe
3318 1036 3396 1109 (g)
3422 1052 3582 1108 quam

1978 1122 2033 1178 in
2065 1126 2147 1179 liis
2185 1125 2318 1181 ﬁdes
2346 1127 2624 1182 nominum
2653 1130 2743 1183 sit.

2056 1216 2211 1289 152
2237 1217 2330 1272 27.
2368 1217 2539 1288 Opera
2567 1229 2822 1275 testantur
2852 1221 3019 1290 ﬁlium
3039 1236 3152 1273 cum
3176 1237 3300 1274 esse.
3328 1218 3425 1274 Nil
3439 1220 3586 1274 aliud

1978 1312 2160 1361 asserit
2209 1307 2387 1364 Patris
2428 1311 2795 1365 testimonium.
2853 1310 3091 1367 Christus
3120 1328 3152 1365 a
3179 1313 3304 1383 ﬁliis
3332 1312 3585 1384 adoptivis

1976 1400 2280 1454 secernitur.
2324 1432 2396 1441 —
2424 1401 2515 1456 Ait
2559 1404 2702 1458 cnim
2735 1422 2749 1457 :
2787 1402 2960 1474 Opera
2985 1405 3120 1458 enim
3151 1420 3265 1474 qua?
3291 1404 3429 1457 dedit
3461 1402 3588 1457 mihi

1978 1491 2158 1555 Pater,
2191 1492 2271 1565 (h)
2295 1504 2350 1547 ut
2382 1495 2647 1566 perﬁciam
2674 1513 2755 1562 ea,
2787 1498 2902 1566 ipsa
2933 1514 3090 1567 opera
3116 1512 3231 1566 qum
3252 1497 3410 1564 facio,
3445 1496 3588 1549 testi-

1977 1588 2209 1639 monium
2246 1586 2509 1657 perhibent
2553 1588 2616 1642 de
2644 1606 2740 1649 me.
2772 1591 3016 1660 quoniam
3040 1588 3200 1643 Pater
3229 1591 3367 1643 misit
3391 1605 3513 1643 mc:
3542 1597 3587 1643 ct

1972 1678 2060 1749 qui
2080 1680 2217 1734 misit
2242 1696 2321 1733 me
2351 1679 2527 1747 Peter,
2551 1682 2661 1751 ipse
2690 1682 2990 1750 testiﬁcatus
3016 1691 3088 1736 est
3111 1683 3173 1736 de
3192 1697 3271 1734 me
3291 1680 3494 1753 (Joan.,
3523 1698 3581 1747 v,

263 1787 369 1827 non
408 1770 651 1841 intelligo
679 1813 693 1836 ,
745 1772 835 1841 qui
888 1772 1219 1827 credendum
1264 1782 1321 1827 ct
1364 1772 1774 1844 intelligendum
1803 1774 1875 1830 sit
1904 1777 1952 1837 B
1980 1769 2051 1825 36
2074 1783 2129 1825 et
2156 1773 2269 1841 37).
2301 1772 2621 1843 Uuigcnitus
2655 1774 2796 1829 Deus
2843 1790 2951 1828 non
2981 1774 3216 1828 nominis
3244 1783 3448 1828 tantum
3475 1785 3585 1829 tes—

262 1882 469 1937 qnazro.
503 1866 621 1919 Non
660 1866 790 1920 milii
822 1866 1144 1936 relinquitur
1182 1866 1283 1921 alia
1314 1867 1572 1936 suspicio.
1620 1869 1870 1924 Auctori-

266 1972 340 2014 tas
372 1968 595 2028 paterna
626 1958 693 2014 de
736 1959 876 2014 cmlo
906 1966 990 2014 est
1019 1977 1032 2014 :
1065 1958 1165 2013 Hic
1190 1970 1264 2014 est
1288 1961 1429 2030 ﬁlius
1448 1977 1611 2014 meus.
1641 1960 1867 2017 Profes-

263 2052 341 2106 sio
393 2051 488 2106 lilii
520 2050 587 2107 de
635 2066 697 2108 se
723 2062 803 2107 est
825 2051 904 2124 (‘2)
933 2052 1001 2124 (τ)
1037 2070 1050 2106 :
1077 2049 1305 2107 Domum
1331 2054 1495 2123 patris
1519 2054 1642 2121 mei,
1671 2062 1726 2109 el
1756 2053 1868 2107 Pa-

264 2154 336 2196 ter
360 2159 533 2197 meus.
580 2144 849 2199 Prolessio
878 2144 1114 2200 nominis
1144 2146 1294 2200 salus
1342 2155 1444 2210 est,
1488 2160 1610 2200 cum
1639 2146 1868 2226 interro-

264 2238 407 2307 gatio
438 2238 601 2293 tidem
643 2238 904 2308 postulat,
937 2238 1122 2293 dicens
1148 2254 1162 2293 :
1198 2238 1279 2293 Tu
1306 2240 1473 2293 credis
1499 2240 1552 2293 in
1572 2238 1739 2310 ﬁliam
1769 2238 1869 2295 Dei

266 2328 476 2397 (learn,
507 2345 581 2396 ix,
618 2328 708 2401 M)
742 2330 764 2383 ?
802 2329 882 2401 ('5)
908 2329 1253 2399 Proprietatis
1288 2330 1505 2386 nomina
1532 2342 1864 2401 sequuntur,

265 2421 348 2475 ubi
374 2438 522 2475 meus
549 2430 652 2476 est.
694 2422 812 2476 Tibi
843 2436 1048 2492 quacro,
1086 2421 1371 2489 lizcretice,
1428 2422 1571 2477 unde
1600 2422 1703 2477 alia
1731 2437 1869 2493 prte-

266 2516 503 2585 snmptio
535 2516 625 2569 sit.
659 2515 871 2571 Adimis
902 2516 1044 2570 Patri
1077 2515 1260 2583 ﬁdem,
1290 2517 1400 2572 lilio
1429 2517 1822 2587 professionem
1850 2560 1866 2583 ,

269 2606 579 2662 nominibus
625 2617 910 2662 naturam:
939 2607 1049 2661 vim
1095 2609 1279 2664 verbis
1321 2607 1414 2663 Dei
1447 2607 1642 2677 aﬁ‘ers,
1672 2624 1740 2664 ne
1760 2610 1870 2665 sint

267 2697 405 2768 quod
427 2698 731 2753 enuntiant.
760 2698 1057 2766 lmpietatis
1102 2710 1205 2755 tute
1235 2700 1346 2755 sola
1377 2700 1708 2771 impudentia
1735 2712 1819 2757 est
1850 2744 1865 2769 ,

270 2801 320 2845 ut
349 2793 637 2846 mentitum
669 2792 737 2847 de
766 2807 827 2848 se
856 2794 1027 2848 Deum
1059 2810 1273 2866 arguas.

332 2886 422 2942 26.
459 2886 813 2958 Proprietates
839 2889 939 2957 ﬁlii
968 2890 1035 2942 ad
1068 2906 1252 2944 nomen
1282 2891 1517 2964 adjectaz.
1554 2889 1725 2961 Opera
1768 2900 1869 2946 tes-

273 2988 443 3033 tantur
472 2978 643 3049 ﬁlium
665 2996 779 3033 eum
807 2997 936 3035 esse.
965 3011 1034 3022 —
1056 2981 1391 3051 Quamquam
1426 2983 1585 3052 igitur
1606 2982 1717 3037 sola
1740 2984 1870 3037 sim-

267 3072 380 3142 plex
424 3071 704 3129 confessio
735 3083 943 3129 natura}
982 3076 1197 3130 nomina
1243 3076 1534 3141 ostendat,
1576 3087 1635 3132 ιιι
1663 3077 1731 3133 de
1760 3092 1868 3148 quo
1918 3064 1921 3067 ’

1976 1862 2226 1928 timonio,
2253 1864 2350 1919 sed
2374 1864 2534 1919 etiam
2578 1867 2645 1936 (ἰ)
2686 1867 2895 1920 virtutis
2914 1908 2928 1931 ,
2959 1866 3119 1921 docet
3138 1880 3198 1921 se
3222 1880 3343 1921 esse
3367 1865 3536 1921 ﬁlium
3563 1884 3578 1923 :

1973 1968 2136 2023 opera
2165 1957 2308 2010 enim
2327 1955 2465 2026 ejus,
2492 1972 2613 2028 qua:
2640 1957 2783 2023 facit,
2806 1966 3069 2013 testantur
3114 1973 3142 2012 a
3174 1957 3335 2013 Patre
3364 1973 3424 2013 se
3447 1958 3581 2014 mis-

1972 2062 2116 2106 sum.
2164 2049 2398 2117 Quaero,
2434 2066 2594 2121 quam
2639 2066 2751 2107 rem
2801 2066 2963 2121 opera
3016 2051 3324 2107 testentur?
3355 2050 3578 2107 Missum

1974 2155 2206 2211 namque
2243 2156 2385 2197 esse.
2424 2142 2496 2215 (ί)
2519 2142 2703 2215 Itaque
2729 2154 2782 2199 et
2809 2143 2934 2198 Filii
2955 2143 3259 2199 obedientia
3283 2153 3338 2199 et
3358 2153 3580 2214 paterna

1974 2236 2267 2290 auctoritas
2292 2237 2518 2292 docetur
2542 2239 2593 2292 in
2637 2239 2823 2303 misso,
2852 2237 2980 2293 dum
3010 2238 3235 2294 alterius
3255 2252 3421 2308 opera
3450 2253 3575 2293 esse

1972 2343 2081 2383 non
2113 2339 2339 2398 possunt
2371 2347 2494 2401 qua:
2521 2330 2689 2397 facit,
2731 2331 2834 2386 nisi
2863 2331 2982 2401 ejus
3014 2333 3105 2402 qui
3139 2333 3338 2387 missus
3358 2347 3388 2386 a
3419 2331 3581 2388 Patre

1972 2423 2063 2478 sit.
2113 2422 2219 2479 Sed
2258 2438 2423 2493 Opera
2467 2440 2571 2478 nou
2624 2424 2899 2479 sufﬁciunt
2939 2424 3123 2498 (5)(k)
3173 2424 3580 2481 incredibilibus

1972 2517 2038 2571 ad
2071 2517 2459 2583 testimonium,
2521 2517 2662 2587 quod
2711 2532 2772 2572 se
2822 2517 2983 2573 Pater
3027 2519 3257 2573 miserit.
3322 2518 3578 2588 Sequitur

1973 2625 2200 2679 namque
2231 2626 2245 2662 :
2280 2607 2349 2663 Et
2373 2610 2459 2680 qui
2488 2610 2625 2663 misit
2668 2627 2747 2665 me
2779 2609 2958 2677 Pater,
3002 2611 3116 2680 ipse
3155 2612 3460 2681 testiﬁcatus
3502 2622 3578 2667 est

1972 2703 2036 2755 de
2064 2719 2144 2755 me
2167 2719 2185 2768 ;
2227 2719 2388 2772 neque
2410 2718 2580 2757 vocem
2605 2703 2717 2772 ejus
2746 2702 2967 2756 audistis
2985 2744 3001 2769 ,
3035 2718 3197 2773 neque
3219 2703 3441 2772 ﬁguram
3462 2708 3578 2776 ejus

1971 2794 2169 2848 vidistis
2198 2792 2402 2866 (Joan.,
2436 2810 2489 2858 ν,
2520 2795 2633 2865 57).
2667 2794 2864 2861 ρυίῐιῐο
2901 2793 3044 2864 quod
3077 2795 3444 2848 testimonium
3476 2794 3578 2848 Pa-

1974 2886 2070 2942 tris
2102 2887 2164 2957 (t)
2195 2886 2263 2942 de
2287 2901 2353 2942 eo
2378 2885 2558 2941 luerit.
2597 2886 2803 2941 Evolve
2834 2886 3146 2956 evangelica
3195 2886 3487 2950 volumina,
3521 2896 3579 2942 et

1975 2988 2145 3033 totum
2184 2994 2370 3035 eorum
2393 2994 2530 3049 opus
2565 2994 2809 3035 recense.
2852 2979 2924 3033 Da
2957 2979 3324 3035 testimonium
3375 2979 3573 3048 Patris,

1981 3082 2179 3143 praeter
2202 3088 2364 3144 quam
2396 3072 2535 3144 quod
2577 3073 2817 3128 auditum
2849 3081 2970 3129 est:
3023 3072 3123 3128 Hic
3150 3086 3224 3130 est
3267 3074 3408 3144 ﬁlius
3435 3092 3577 3130 ineas

266 3165 468 3222 dictum
493 3174 576 3221 est
604 3184 616 3219 :
654 3165 756 3220 llic
797 3175 871 3221 est
901 3168 1042 3237 ﬁlius
1081 3185 1241 3234 meus,
1275 3179 1329 3224 et
1367 3169 1432 3223 ad
1465 3185 1624 3240 quem
1656 3171 1860 3225 dictum
1892 3170 1938 3232 C
1969 3166 2206 3233 dilectas,
2235 3167 2415 3235 inquo
2446 3166 2994 3237 complacui(Matth.,
3023 3183 3102 3233 nt,
3145 3167 3260 3239 l7),
3292 3177 3345 3223 ct
3374 3187 3387 3223 :
3420 3168 3497 3223 Tu
3524 3186 3577 3225 es

266 3267 377 3327 est,
414 3256 578 3313 Pater
603 3275 766 3326 meus,
798 3258 901 3315 hoc
929 3261 1040 3314 sint
1068 3258 1210 3330 quod
1242 3272 1654 3330 nuncupantur:
1682 3270 1861 3317 tamen

267 3367 329 3407 ne
354 3362 447 3407 aut
476 3354 789 3423 adoptionis
819 3353 873 3407 in
902 3352 1039 3407 Filio
1067 3368 1264 3409 nomen
1311 3354 1402 3421 sit,
1433 3363 1524 3409 aut
1557 3355 1778 3411 honoris
1809 3358 1862 3412 in

267 3445 418 3502 Patre
437 3464 455 3501 :
489 3444 776 3501 videamus
806 3463 925 3517 qua:
952 3446 1031 3519 (ά)
1065 3449 1422 3518 proprietates
1449 3465 1544 3519 per
1570 3448 1764 3505 Filium
1796 3450 1863 3505 ad

269 3540 352 3595 lilii
371 3556 577 3598 nomen
602 3541 831 3611 adjecta:
855 3542 983 3595 sint.
1017 3542 1106 3596 Ait
1133 3559 1146 3597 :
1174 3541 1363 3595 Omnia
1388 3542 1514 3596 mihi
1536 3544 1729 3597 tradita
1747 3554 1865 3598 sunt

266 3652 295 3687 α
326 3634 482 3689 Patre
525 3650 654 3699 meo,
685 3644 735 3689 et
765 3650 913 3688 nemo
956 3634 1092 3687 novit
1122 3632 1169 3686 Ρ
1171 3634 1315 3687 ilium
1346 3634 1445 3688 nisi
1476 3633 1635 3689 Pater
1657 3677 1673 3700 ,
1706 3652 1868 3706 neque

269 3726 476 3783 Patrem
502 3730 616 3797 quis
643 3729 783 3783 novit
812 3728 912 3782 nisi
939 3727 986 3781 F
990 3729 1127 3792 ilius,
1152 3737 1201 3781 et
1227 3728 1308 3781 cui
1338 3728 1551 3783 voluerit
1588 3727 1633 3782 F
1635 3729 1753 3783 ilius
1779 3746 1862 3783 re-

264 3819 424 3873 velare
458 3818 677 3890 (Matth.
714 3834 772 3885 tt,
803 3818 920 3889 27).
954 3818 1034 3873 Ad
1091 3818 1142 3872 id
1187 3819 1329 3889 quod
1356 3819 1559 3873 dictum
1601 3834 1682 3875 eet
1718 3838 1730 3873 :
1767 3819 1867 3874 Hic

265 3920 334 3965 est
370 3912 519 3980 ﬁlius
536 3927 699 3977 meus,
721 3918 775 3963 et
806 3909 964 3963 Pater
985 3925 1148 3975 meus,
1178 3917 1429 3963 utrumne
1451 3910 1550 3963 sibi
1573 3911 1860 3965 convenit:

266 4000 427 4056 Nemo
457 4003 600 4057 novit
622 4000 672 4055 Γ
672 4000 819 4055 ilium
851 4001 951 4055 nisi
974 4010 1139 4070 pater,
1174 4016 1332 4070 neque
1360 3998 1569 4053 Patrem
1594 4000 1707 4070 quis
1727 4000 1863 4055 novit

265 4096 357 4149 nisi
387 4094 438 4149 F
441 4095 610 4150 ilius?
636 4094 755 4150 Non
803 4094 946 4149 enim
980 4094 1080 4147 nisi
1110 4108 1206 4163 per
1236 4102 1476 4147 mutuam
1508 4092 1578 4166 (e)
1614 4093 1865 4149 tcStiﬁca-

267 4187 465 4243 tionem
508 4188 762 4258 cognnsci
792 4186 875 4241 vel
906 4202 1000 4255 per
1042 4187 1256 4241 Patrem
1292 4185 1459 4240 Filius
1482 4225 1498 4251 ,
1549 4186 1628 4240 vel
1658 4201 1751 4255 per
1773 4185 1864 4240 Fi-

264 4276 386 4333 lium
412 4278 579 4334 Pater
602 4279 797 4350 potuit.
824 4276 941 4333 Vox
968 4294 997 4333 e
1019 4277 1171 4334 caelis
1198 4288 1280 4333 est
1309 4297 1319 4332 :
1349 4292 1532 4334 sermo
1554 4277 1718 4334 etiam
1746 4277 1867 4335 Filii

356 4438 411 4506 l)
449 4436 712 4491 Vindicet.

350 4508 410 4577 ε)
444 4508 716 4580 [’rofessio
750 4507 918 4579 ﬁdelis
938 4517 1032 4564 est.

353 4581 409 4651 5)
440 4579 812 4651 Proprietates.

334 4716 410 4787 (a)
438 4716 565 4771 Par.
618 4732 742 4771 cum
785 4718 1172 4774 vetustioribus
1202 4732 1330 4775 mss.
1364 4716 1543 4785 Colb.,
1575 4716 1783 4789 Remig.
1816 4728 1873 4775 et

269 4784 481 4844 ϐατιιι..
509 4786 685 4843 Iesum
716 4788 999 4844 Christum.

314 4805 481 4851 t'rtlt.,
509 4805 685 4843 Jcsum
716 4805 999 4844 cumtum.

336 4858 415 4929 (b)
444 4860 637 4915 Επιιεὶ
674 4901 689 4925 ,
723 4871 963 4914 naturam
984 4862 1237 4916 uocabuli.
1262 4861 1483 4917 Rectius
1503 4860 1872 4929 mss.vocabu-

267 4928 353 5003 lis.
380 4932 571 5000 supple
600 4932 906 5003 signiﬁcari.
938 4932 1029 4989 Sic
1053 4936 1144 4988 Illi.
1175 4949 1215 4999 ι,
1248 4950 1398 4988 ηιιιιι.
1440 4933 1501 4987 21
1531 4952 1544 4987 :
1583 4928 1756 5003 Neque
1779 4948 1868 4988 uo-

265 5002 461 5075 cabulis
488 5002 876 5075 intelligentiam
899 5005 1239 5075 confundant.

336 5072 411 5146 (e)
440 5071 498 5126 lu
549 5071 679 5146 niss'.
703 5071 904 5146 Coll»,
934 5071 1114 5144 Mart.,
1147 5076 1309 5129 (ἔοι-Ι).
1344 5085 1399 5129 ct
1439 5075 1586 5141 aliis,
1618 5075 1871 5146 professio

270 5142 438 5211 ﬁdelis
466 5154 559 5198 est.
580 5143 646 5218 lu
674 5145 834 5199 Carn.
861 5142 1111 5215 professio
1140 5147 1271 5218 ﬁdes
1300 5158 1395 5203 est.
1425 5146 1483 5201 lu
1516 5142 1639 5202 aliis
1664 5142 1873 5212 tribus,

268 5217 517 5285 professio
551 5217 648 5286 ﬁlii
674 5226 770 5270 est.

342 5287 431 5360 (ά)
472 5288 587 5341 Vat.
639 5288 754 5360 bas.
814 5302 918 5342 ms.
966 5290 1346 5360 professiones:
1375 5289 1463 5360 qui
1507 5289 1669 5345 etiam
1713 5288 1873 5359 paulo

267 5366 395 5411 ante
419 5356 603 5431 habet,
628 5359 1004 5427 professionum
1031 5356 1241 5415 nomina
1276 5356 1581 5431 sequuntur,
1612 5356 1727 5415 non
1746 5377 1870 5431 pro-

269 5429 507 5500 prietatis
537 5431 747 5484 nomina
768 5442 1072 5500 sequuntur.

341 5497 418 5570 (e)
444 5499 495 5574 In
524 5501 717 5574 eodem
745 5497 932 5557 codice
966 5517 1173 5558 necnon
1204 5503 1358 5559 Mart.
1392 5502 1824 5574 signiﬁcationem
1852 5520 1867 5557 :

268 5584 369 5623 vox
403 5572 584 5626 minus
613 5572 836 5628 diserta.

340 5641 417 5711 (ί)
453 5641 518 5718 ln_
539 5659 667 5718 mss.
698 5642 821 5718 haec
867 5659 970 5701 vox
996 5645 1069 5701 ita
1101 5645 1341 5718 pingitur
1363 5689 1379 5715 ,
1430 5654 1490 5700 ut
1507 5647 1601 5718 jus
1630 5658 1786 5716 aeque
1811 5658 1877 5702 ac

267 5711 803 5787 eis‘possitadmitti.
1002 5783 1007 5787 _
1101 5711 1118 5717 ’
1197 5711 1222 5718 ⁷
1365 5711 1372 5715 ⁷
1395 5776 1403 5787 ,

343 5782 429 5851 (a)
466 5781 625 5851 Editi,
647 5788 763 5853 quia
788 5786 840 5841 in
869 5787 946 5842 his
983 5783 1114 5855 ﬁdes
1140 5807 1154 5844 :
1192 5781 1522 5859 caetigautur
1546 5802 1611 5843 ex
1640 5786 1877 5858 Scriptis.

1888 4564 2100 4656 Dis

1970 3261 2112 3331 ﬁlius
2137 3277 2281 3316 meus
2307 3260 2525 3333 (Mam,
2545 3278 2581 3328 ι,
2610 3261 2721 3330 Η).
2746 3261 2860 3317 Hoc
2880 3260 3117 3317 Joannes
3147 3262 3271 3317 licet
3293 3276 3401 3317 non
3426 3263 3577 3332 igna-

1973 3366 2069 3408 rus
2090 3352 2316 3418 audivit,
2369 3363 2545 3408 tamen
2578 3352 2645 3407 ad
2693 3353 2995 3408 doctrinam
3038 3361 3281 3409 nostram
3332 3365 3574 3425 paternae

1971 3447 2123 3501 vocis
2153 3447 2521 3502 testimonium
2564 3447 2795 3501 mittitur
2830 3466 2842 3501 :
2876 3462 2974 3502 nec
3005 3449 3108 3502 hoc
3135 3446 3355 3501 sufﬁcit.
3412 3446 3576 3522 Joan-

1972 3551 2071 3592 nes
2101 3538 2317 3604 qnidem
2360 3538 2412 3593 in
2456 3538 2676 3593 deserto
2704 3538 2900 3609 dignus
2927 3538 3029 3593 hac
3075 3553 3209 3594 voce
3238 3547 3340 3604 est,
3384 3537 3480 3593 sed
3520 3548 3578 3594 et

1970 3632 2204 3702 apostoli
2242 3631 2319 3703 (6)
2360 3648 2466 3686 non
2498 3630 2716 3689 fuerunt
2744 3631 2903 3702 hujus
2926 3634 3220 3688 testimonii
3250 3633 3574 3690 auctoritate

1976 3723 2244 3793 privandi.
2279 3721 2480 3778 Eadem
2508 3722 2576 3778 de
2605 3724 2745 3779 emlo
2772 3724 2838 3778 ad
2862 3739 2957 3780 eos
3000 3740 3106 3778 vox
3129 3724 3281 3781 adest
3314 3742 3327 3777 :
3357 3726 3453 3780 sed
3480 3741 3575 3780 ac-

1973 3817 2177 3886 cipiunt
2202 3817 2319 3885 plus
2344 3815 2572 3872 Joanne.
2598 3816 2837 3874 Joannes
2861 3818 3004 3873 enim
3027 3818 3136 3888 jam
3168 3819 3237 3873 ab
3269 3829 3425 3872 utero
3449 3832 3575 3886 pro-

1972 3908 2205 3979 phetans
2252 3926 2357 3966 non
2386 3912 2532 3982 eguit
2564 3911 2662 3965 hac
2709 3926 2839 3966 voce
2876 3930 2887 3964 :
2921 3911 3075 3965 Hunc
3101 3912 3297 3965 audite.
3343 3910 3572 3967 Audiam

1975 4002 2132 4072 plane
2168 4020 2180 4055 :
2233 4017 2333 4057 nec
2368 4019 2692 4073 quemquam
2737 4013 2934 4073 prmter
2977 4003 3122 4059 lmnc
3168 4004 3381 4059 audiam
3408 4045 3423 4069 ,
3472 4003 3576 4059 nisi

1974 4107 2096 4148 eum
2125 4092 2214 4161 qui
2260 4092 2494 4147 audierit
2535 4104 2591 4147 ut
2620 4094 2865 4149 doceret.
2897 4095 2952 4150 Si
2996 4096 3200 4150 nullum
3231 4096 3374 4150 aliud
3400 4095 3575 4150 Patris

1972 4187 2042 4243 de
2067 4185 2204 4241 Filio
2233 4187 2600 4242 testimonium
2628 4197 2806 4243 exstat
2830 4188 2883 4244 in
2913 4189 3087 4257 libris,
3124 4205 3284 4261 quam
3313 4189 3459 4261 quod
3488 4190 3577 4245 hic

1976 4279 2119 4335 ﬁlius
2148 4295 2277 4335 suus
2305 4279 2377 4335 sit
2404 4297 2417 4334 :
2448 4280 2742 4336 testimonii
2767 4281 2930 4353 hujus
2955 4284 3153 4340 veritas
3180 4292 3283 4348 est,
3309 4293 3367 4341 ιιι
3411 4298 3574 4354 opera

2043 4508 2127 4577 (⁷5)
2159 4508 2479 4567 Incredulis.

2043 4437 2126 4513 (ξ)
2157 4438 2257 4513 {us
2283 4439 2487 4513 diserte
2509 4440 2769 4511 scriptum
2796 4448 2882 4498 est
2910 4441 2963 4497 iu
2991 4450 3180 4507 nostro
3206 4439 3414 4498 codice.

2157 4438 2257 4494 Jus
2283 4439 2487 4496 diserte
2509 4454 2534 4496 s

2103 4435 2127 4654 ἒ
2159 4508 2479 4567 Incredulis.

2155 4582 2279 4637 Non
2308 4584 2534 4654 fuerant.

2052 4719 2142 4804 (I2)
2165 4719 2770 4804 Eseniplar_Yat._lias.,
2809 4733 2864 4776 ut
2885 4722 3344 4804 faciam,omisso
3382 4720 3578 4778 deinde

1978 4794 2251 4862 quwfucio
2279 4792 2469 4862 {quod
2503 4793 2555 4845 in
2594 4792 2748 4847 Mart.
2786 4792 2983 4861 pariter
3005 4793 3287 4847 omittitur.

2056 4861 2119 4933 ti)
2165 4861 2343 4932 Apud.
2388 4861 2516 4916 Bad.
2549 4873 2604 4918 et
2635 4862 2727 4916 Er.
2764 4873 2820 4917 ιιι
2844 4863 2897 4917 in
2936 4868 3236 4918 recentiore
3264 4877 3367 4917 ms.
3396 4862 3576 4933 Celin,

1981 4932 2225 4987 ueritatis.
2261 4933 2318 4987 In
2349 4948 2484 4987 mss.
2518 4935 2634 4986 Vat.
2662 4933 2777 4989 bus.
2804 4946 2855 4988 et
2885 4934 3066 5000 Mart.,
3093 4934 3383 4987 virtutibus.
3412 4932 3580 5005 Magis

1980 5006 2299 5077 placetcum
2324 5005 2443 5077 aliis
2473 5005 2647 5067 libris,
2674 5005 2899 5069 virtutis,
2927 5006 3116 5077 supple
3145 5005 3451 5059 testimonio.

2055 5076 2121 5147 (ἰ)
2145 5074 2471 5147 Particulnm
2492 5078 2663 5146 itaque
2683 5091 2962 5146 perperam
2990 5091 3021 5129 a
3050 5074 3235 5146 Lipsio
3255 5087 3580 5146 expunctum

1981 5150 2315 5203 restituimus
2341 5161 2408 5202 ex
2439 5146 2569 5201 Bad.
2593 5189 2609 5214 ,
2654 5147 2743 5203 Er.
2767 5159 2819 5201 et
2848 5162 2982 5203 mss.

2077 5218 2129 5288 lt)
2163 5217 2307 5289 Lips.
2329 5219 2681 5289 enmaliquot
2706 5234 2838 5273 mss.
2865 5217 3169 5274 incredulis.
3197 5217 3268 5273 At
3296 5218 3452 5286 Bad.,
3484 5218 3575 5274 Er.

1977 5299 2034 5345 et
2062 5287 2185 5345 Par.
2211 5287 2333 5345 cum
2365 5287 2685 5357 potioribus.
2710 5291 3093 5346 incredibilibus
3120 5308 3132 5343 :
3158 5291 3444 5353 sincerius,
3472 5293 3576 5346 etsi

1976 5376 2086 5417 non
2114 5362 2219 5414 alio
2244 5376 2427 5416 sensu.
2462 5364 2550 5418 Sic
2586 5363 2636 5415 in
2659 5361 2849 5417 Matth.
2875 5403 2890 5427 ,
2934 5378 2981 5417 e.
3007 5377 3136 5425 xvn,
3168 5377 3222 5414 n.
3253 5360 3307 5424 6,
3338 5362 3580 5430 Apostoli

1976 5433 2244 5506 generatio
2290 5431 2606 5506 incredibilis
2654 5444 2701 5487 et
2752 5449 2990 5506 peruersa
3046 5433 3590 5506 nuncupanturEa-

1983 5504 2106 5561 dem
2140 5520 2243 5557 Vox
2289 5504 2482 5559 eadem
2543 5505 2753 5559 ratione
2798 5504 2856 5559 in
2894 5504 3113 5574 Vulgata
3159 5512 3340 5558 nostra
3390 5505 3587 5561 usitata

1984 5586 2092 5704 (Et,
2139 5585 2197 5701 tu
2238 5575 2425 5630 videre
2463 5583 2550 5631 est
2594 5575 2760 5631 Eecli.
2794 5594 2834 5642 ι,
2883 5576 2974 5643 36,
3034 5591 3089 5642 ιι,
3126 5574 3225 5640 i8;
3286 5574 3518 5631 Barucb.
3545 5592 3584 5643 ι,

2064 5688 2079 5704 .
2109 5662 2138 5702 e
2163 5662 2215 5702 c.

2109 5655 2215 5702 etc.

2274 5732 2379 5773 ms.
2413 5716 2570 5791 Mart.
2607 5716 2694 5773 hic
2722 5718 3021 5791 occurrit,
3064 5726 3255 5791 prater
3273 5715 3593 5791 quamquo'd

1991 5788 2231 5843 auditum
2261 5800 2359 5857 est,
2388 5788 2533 5859 quod
2560 5804 2623 5844 ex
2654 5788 2910 5858 subjectis
2938 5788 3152 5847 videiur
3179 5788 3512 5859 expressum;
3584 5852 3590 5857 ι
