  <div class='ocr_page' id='page_1' title='image "/cluster/home/n/w/nwhite01/storage/ocr_20150623/10/hvd.32044096580394/096.png"; bbox 0 0 4118 6186; ppageno 0'>
   <div class='ocr_carea' id='block_1_1' title="bbox 1513 297 2383 362">
    <p class='ocr_par' dir='ltr' id='par_1_1' title="bbox 1513 297 2383 362">
     <span class='ocr_line' id='line_1_1' title="bbox 1513 297 2383 362; baseline 0.002 -4"><span class='ocrx_word' id='word_1_1' title='bbox 1513 297 1603 358; x_wconf 82' lang='lat' dir='ltr'><strong>DE</strong></span> <span class='ocrx_word' id='word_1_2' title='bbox 1634 297 2004 358; x_wconf 79' lang='lat' dir='ltr'><strong>TRINITATE</strong></span> <span class='ocrx_word' id='word_1_3' title='bbox 2047 297 2253 360; x_wconf 79' lang='lat' dir='ltr'><strong>LIBER</strong></span> <span class='ocrx_word' id='word_1_4' title='bbox 2291 304 2383 362; x_wconf 82' lang='lat' dir='ltr'><strong>Vl.</strong></span> 
     </span>
    </p>
   </div>
   <div class='ocr_carea' id='block_1_2' title="bbox 3507 313 3613 371">
    <p class='ocr_par' dir='ltr' id='par_1_2' title="bbox 3507 313 3613 371">
     <span class='ocr_line' id='line_1_2' title="bbox 3507 313 3613 371; baseline 0 -1"><span class='ocrx_word' id='word_1_5' title='bbox 3507 313 3613 371; x_wconf 67' lang='lat'><strong>182</strong></span> 
     </span>
    </p>
   </div>
   <div class='ocr_carea' id='block_1_3' title="bbox 291 417 3608 512">
    <p class='ocr_par' dir='ltr' id='par_1_3' title="bbox 291 417 3608 512">
     <span class='ocr_line' id='line_1_3' title="bbox 291 417 3608 512; baseline 0.001 -32"><span class='ocrx_word' id='word_1_6' title='bbox 291 421 445 495; x_wconf 89' lang='lat' dir='ltr'><strong>impii</strong></span> <span class='ocrx_word' id='word_1_7' title='bbox 471 428 526 478; x_wconf 88' lang='lat' dir='ltr'><strong>et</strong></span> <span class='ocrx_word' id='word_1_8' title='bbox 548 419 821 478; x_wconf 83' lang='lat' dir='ltr'><strong>Christum</strong></span> <span class='ocrx_word' id='word_1_9' title='bbox 850 417 1130 488; x_wconf 88' lang='lat' dir='ltr'><strong>nesciunt,</strong></span> <span class='ocrx_word' id='word_1_10' title='bbox 1184 427 1240 476; x_wconf 90' lang='lat' dir='ltr'><strong>et</strong></span> <span class='ocrx_word' id='word_1_11' title='bbox 1294 418 1438 476; x_wconf 90' lang='lat' dir='ltr'><strong>unde</strong></span> <span class='ocrx_word' id='word_1_12' title='bbox 1489 419 1562 477; x_wconf 90' lang='lat' dir='ltr'><strong>sit</strong></span> <span class='ocrx_word' id='word_1_13' title='bbox 1609 419 1899 478; x_wconf 82' lang='lat' dir='ltr'><strong>nesciunt?</strong></span> <span class='ocrx_word' id='word_1_14' title='bbox 1923 421 1976 485; x_wconf 81' lang='grc' dir='ltr'>Α</span> <span class='ocrx_word' id='word_1_15' title='bbox 2004 419 2113 478; x_wconf 89' lang='lat' dir='ltr'><strong>Deo</strong></span> <span class='ocrx_word' id='word_1_16' title='bbox 2151 423 2284 478; x_wconf 71' lang='lat' dir='ltr'><strong>exivi</strong></span> <span class='ocrx_word' id='word_1_17' title='bbox 2303 465 2316 490; x_wconf 91' lang='lat'><strong>,</strong></span> <span class='ocrx_word' id='word_1_18' title='bbox 2369 420 2576 500; x_wconf 89' lang='lat' dir='ltr'><strong>etquid</strong></span> <span class='ocrx_word' id='word_1_19' title='bbox 2603 431 2752 482; x_wconf 81' lang='lat' dir='ltr'><strong>esset</strong></span> <span class='ocrx_word' id='word_1_20' title='bbox 2777 433 2826 480; x_wconf 89' lang='lat' dir='ltr'><strong>et</strong></span> <span class='ocrx_word' id='word_1_21' title='bbox 2853 425 3016 482; x_wconf 86' lang='lat' dir='ltr'><strong>veni:</strong></span> <span class='ocrx_word' id='word_1_22' title='bbox 3039 425 3302 508; x_wconf 69' lang='lat' dir='ltr'><strong>continuo</strong></span> <span class='ocrx_word' id='word_1_23' title='bbox 3343 424 3608 512; x_wconf 79' lang='lat' dir='ltr'><strong>subjecit,</strong></span> 
     </span>
    </p>
   </div>
   <div class='ocr_carea' id='block_1_4' title="bbox 290 513 1900 589">
    <p class='ocr_par' dir='ltr' id='par_1_4' title="bbox 290 513 1900 589">
     <span class='ocr_line' id='line_1_4' title="bbox 290 513 1900 589; baseline -0.002 -14"><span class='ocrx_word' id='word_1_24' title='bbox 290 518 427 576; x_wconf 77' lang='lat' dir='ltr'><strong>Nam</strong></span> <span class='ocrx_word' id='word_1_25' title='bbox 453 515 544 585; x_wconf 88' lang='lat' dir='ltr'><strong>id,</strong></span> <span class='ocrx_word' id='word_1_26' title='bbox 571 515 652 589; x_wconf 88' lang='lat' dir='ltr'><strong>(a)</strong></span> <span class='ocrx_word' id='word_1_27' title='bbox 681 513 824 587; x_wconf 91' lang='lat' dir='ltr'><strong>quod</strong></span> <span class='ocrx_word' id='word_1_28' title='bbox 880 513 1024 570; x_wconf 89' lang='lat' dir='ltr'><strong>unde</strong></span> <span class='ocrx_word' id='word_1_29' title='bbox 1067 513 1139 570; x_wconf 92' lang='lat' dir='ltr'><strong>sit</strong></span> <span class='ocrx_word' id='word_1_30' title='bbox 1191 513 1494 586; x_wconf 75' lang='lat' dir='ltr'><strong>ignoratur,</strong></span> <span class='ocrx_word' id='word_1_31' title='bbox 1537 523 1788 570; x_wconf 83' lang='lat' dir='ltr'><strong>naturam</strong></span> <span class='ocrx_word' id='word_1_32' title='bbox 1833 529 1900 572; x_wconf 89' lang='lat' dir='ltr'><strong>ex</strong></span> 
     </span>
    </p>
   </div>
   <div class='ocr_carea' id='block_1_5' title="bbox 292 605 1902 684">
    <p class='ocr_par' dir='ltr' id='par_1_5' title="bbox 292 605 1902 684">
     <span class='ocr_line' id='line_1_5' title="bbox 292 605 1902 684; baseline -0.001 -17"><span class='ocrx_word' id='word_1_33' title='bbox 292 627 400 684; x_wconf 84' lang='lat' dir='ltr'><strong>qua</strong></span> <span class='ocrx_word' id='word_1_34' title='bbox 427 621 536 676; x_wconf 86' lang='lat' dir='ltr'><strong>est,</strong></span> <span class='ocrx_word' id='word_1_35' title='bbox 563 609 693 665; x_wconf 90' lang='lat' dir='ltr'><strong>dum</strong></span> <span class='ocrx_word' id='word_1_36' title='bbox 721 607 865 665; x_wconf 90' lang='lat' dir='ltr'><strong>unde</strong></span> <span class='ocrx_word' id='word_1_37' title='bbox 913 608 985 663; x_wconf 89' lang='lat' dir='ltr'><strong>sit</strong></span> <span class='ocrx_word' id='word_1_38' title='bbox 1037 605 1296 674; x_wconf 77' lang='lat' dir='ltr'><strong>nescitur,</strong></span> <span class='ocrx_word' id='word_1_39' title='bbox 1355 607 1610 666; x_wconf 86' lang='lat' dir='ltr'><strong>ostendit.</strong></span> <span class='ocrx_word' id='word_1_40' title='bbox 1659 609 1902 682; x_wconf 87' lang='lat' dir='ltr'><strong>lgnorari</strong></span> 
     </span>
    </p>
   </div>
   <div class='ocr_carea' id='block_1_6' title="bbox 290 693 1898 773">
    <p class='ocr_par' dir='ltr' id='par_1_6' title="bbox 290 693 1898 773">
     <span class='ocr_line' id='line_1_6' title="bbox 290 693 1898 773; baseline -0.001 -12"><span class='ocrx_word' id='word_1_41' title='bbox 290 705 437 761; x_wconf 90' lang='lat' dir='ltr'><strong>enim</strong></span> <span class='ocrx_word' id='word_1_42' title='bbox 469 701 611 759; x_wconf 89' lang='lat' dir='ltr'><strong>unde</strong></span> <span class='ocrx_word' id='word_1_43' title='bbox 637 702 708 758; x_wconf 91' lang='lat' dir='ltr'><strong>sit</strong></span> <span class='ocrx_word' id='word_1_44' title='bbox 727 716 836 757; x_wconf 90' lang='lat' dir='ltr'><strong>non</strong></span> <span class='ocrx_word' id='word_1_45' title='bbox 865 710 1077 773; x_wconf 85' lang='lat' dir='ltr'><strong>potest,</strong></span> <span class='ocrx_word' id='word_1_46' title='bbox 1105 693 1322 773; x_wconf 82' lang='lat' dir='ltr'><strong>quiquid</strong></span> <span class='ocrx_word' id='word_1_47' title='bbox 1345 701 1583 758; x_wconf 87' lang='lat' dir='ltr'><strong>substitit</strong></span> <span class='ocrx_word' id='word_1_48' title='bbox 1609 717 1677 759; x_wconf 83' lang='lat' dir='ltr'><strong>ex</strong></span> <span class='ocrx_word' id='word_1_49' title='bbox 1695 702 1898 760; x_wconf 87' lang='lat' dir='ltr'><strong>nihilo:</strong></span> 
     </span>
    </p>
   </div>
   <div class='ocr_carea' id='block_1_7' title="bbox 289 781 1897 870">
    <p class='ocr_par' dir='ltr' id='par_1_7' title="bbox 289 781 1897 870">
     <span class='ocr_line' id='line_1_7' title="bbox 289 781 1897 870; baseline -0.002 -17"><span class='ocrx_word' id='word_1_50' title='bbox 289 781 417 870; x_wconf 78' lang='lat' dir='ltr'><strong>quia</strong></span> <span class='ocrx_word' id='word_1_51' title='bbox 453 796 558 852; x_wconf 89' lang='lat' dir='ltr'><strong>hoc</strong></span> <span class='ocrx_word' id='word_1_52' title='bbox 623 795 834 866; x_wconf 91' lang='lat' dir='ltr'><strong>ipsum,</strong></span> <span class='ocrx_word' id='word_1_53' title='bbox 889 795 1032 866; x_wconf 89' lang='lat' dir='ltr'><strong>quod</strong></span> <span class='ocrx_word' id='word_1_54' title='bbox 1083 809 1190 849; x_wconf 89' lang='lat' dir='ltr'><strong>non</strong></span> <span class='ocrx_word' id='word_1_55' title='bbox 1241 792 1523 866; x_wconf 76' lang='lat' dir='ltr'><strong>ignoratur</strong></span> <span class='ocrx_word' id='word_1_56' title='bbox 1569 809 1639 850; x_wconf 87' lang='lat' dir='ltr'><strong>ex</strong></span> <span class='ocrx_word' id='word_1_57' title='bbox 1688 794 1897 863; x_wconf 88' lang='lat' dir='ltr'><strong>nihilo,</strong></span> 
     </span>
    </p>
   </div>
   <div class='ocr_carea' id='block_1_8' title="bbox 288 885 1902 964">
    <p class='ocr_par' dir='ltr' id='par_1_8' title="bbox 288 885 1902 964">
     <span class='ocr_line' id='line_1_8' title="bbox 288 885 1902 964; baseline -0.002 -16"><span class='ocrx_word' id='word_1_58' title='bbox 288 891 683 964; x_wconf 79' lang='lat' dir='ltr'><strong>ignorationem</strong></span> <span class='ocrx_word' id='word_1_59' title='bbox 721 889 839 959; x_wconf 84' lang='lat' dir='ltr'><strong>ejus</strong></span> <span class='ocrx_word' id='word_1_60' title='bbox 865 887 1011 945; x_wconf 90' lang='lat' dir='ltr'><strong>unde</strong></span> <span class='ocrx_word' id='word_1_61' title='bbox 1056 886 1126 943; x_wconf 87' lang='lat' dir='ltr'><strong>sit</strong></span> <span class='ocrx_word' id='word_1_62' title='bbox 1155 903 1260 942; x_wconf 89' lang='lat' dir='ltr'><strong>non</strong></span> <span class='ocrx_word' id='word_1_63' title='bbox 1283 885 1470 944; x_wconf 83' lang='lat' dir='ltr'><strong>habet.</strong></span> <span class='ocrx_word' id='word_1_64' title='bbox 1491 887 1610 944; x_wconf 86' lang='lat' dir='ltr'><strong>Non</strong></span> <span class='ocrx_word' id='word_1_65' title='bbox 1639 903 1706 944; x_wconf 85' lang='lat' dir='ltr'><strong>ex</strong></span> <span class='ocrx_word' id='word_1_66' title='bbox 1729 903 1788 944; x_wconf 90' lang='lat' dir='ltr'><strong>se</strong></span> <span class='ocrx_word' id='word_1_67' title='bbox 1817 898 1902 945; x_wconf 91' lang='lat' dir='ltr'><strong>est</strong></span> 
     </span>
    </p>
   </div>
   <div class='ocr_carea' id='block_1_9' title="bbox 292 981 1898 1054">
    <p class='ocr_par' dir='ltr' id='par_1_9' title="bbox 292 981 1898 1054">
     <span class='ocr_line' id='line_1_9' title="bbox 292 981 1898 1054; baseline -0.002 -13"><span class='ocrx_word' id='word_1_68' title='bbox 292 997 474 1042; x_wconf 86' lang='lat' dir='ltr'><strong>autem</strong></span> <span class='ocrx_word' id='word_1_69' title='bbox 500 985 588 1040; x_wconf 91' lang='lat' dir='ltr'><strong>ille</strong></span> <span class='ocrx_word' id='word_1_70' title='bbox 616 983 707 1053; x_wconf 87' lang='lat' dir='ltr'><strong>qui</strong></span> <span class='ocrx_word' id='word_1_71' title='bbox 733 981 910 1048; x_wconf 86' lang='lat' dir='ltr'><strong>venit;</strong></span> <span class='ocrx_word' id='word_1_72' title='bbox 969 981 1066 1037; x_wconf 91' lang='lat' dir='ltr'><strong>sed</strong></span> <span class='ocrx_word' id='word_1_73' title='bbox 1111 981 1203 1052; x_wconf 89' lang='lat' dir='ltr'><strong>qui</strong></span> <span class='ocrx_word' id='word_1_74' title='bbox 1257 982 1402 1037; x_wconf 87' lang='lat' dir='ltr'><strong>misit</strong></span> <span class='ocrx_word' id='word_1_75' title='bbox 1432 997 1555 1037; x_wconf 92' lang='lat' dir='ltr'><strong>eum</strong></span> <span class='ocrx_word' id='word_1_76' title='bbox 1583 996 1745 1037; x_wconf 82' lang='lat' dir='ltr'><strong>verax</strong></span> <span class='ocrx_word' id='word_1_77' title='bbox 1774 993 1898 1054; x_wconf 91' lang='lat' dir='ltr'><strong>est,</strong></span> 
     </span>
    </p>
   </div>
   <div class='ocr_carea' id='block_1_10' title="bbox 291 1078 1900 1154">
    <p class='ocr_par' dir='ltr' id='par_1_10' title="bbox 291 1078 1900 1154">
     <span class='ocr_line' id='line_1_10' title="bbox 291 1078 1900 1154; baseline 0.001 -18"><span class='ocrx_word' id='word_1_78' title='bbox 291 1097 452 1154; x_wconf 87' lang='lat' dir='ltr'><strong>quem</strong></span> <span class='ocrx_word' id='word_1_79' title='bbox 481 1079 637 1150; x_wconf 83' lang='lat' dir='ltr'><strong>impii</strong></span> <span class='ocrx_word' id='word_1_80' title='bbox 667 1079 940 1136; x_wconf 88' lang='lat' dir='ltr'><strong>nesciunt.</strong></span> <span class='ocrx_word' id='word_1_81' title='bbox 972 1078 1090 1134; x_wconf 89' lang='lat' dir='ltr'><strong>Jam</strong></span> <span class='ocrx_word' id='word_1_82' title='bbox 1121 1092 1254 1150; x_wconf 89' lang='lat' dir='ltr'><strong>ergo</strong></span> <span class='ocrx_word' id='word_1_83' title='bbox 1281 1078 1371 1134; x_wconf 90' lang='lat' dir='ltr'><strong>ille</strong></span> <span class='ocrx_word' id='word_1_84' title='bbox 1419 1079 1509 1150; x_wconf 87' lang='lat' dir='ltr'><strong>qtti</strong></span> <span class='ocrx_word' id='word_1_85' title='bbox 1569 1079 1751 1147; x_wconf 90' lang='lat' dir='ltr'><strong>misit,</strong></span> <span class='ocrx_word' id='word_1_86' title='bbox 1786 1079 1900 1151; x_wconf 88' lang='lat' dir='ltr'><strong>ipse</strong></span> 
     </span>
    </p>
   </div>
   <div class='ocr_carea' id='block_1_11' title="bbox 289 1173 1902 1246">
    <p class='ocr_par' dir='ltr' id='par_1_11' title="bbox 289 1173 1902 1246">
     <span class='ocr_line' id='line_1_11' title="bbox 289 1173 1902 1246; baseline -0.001 -14"><span class='ocrx_word' id='word_1_87' title='bbox 289 1189 373 1233; x_wconf 87' lang='lat' dir='ltr'><strong>est</strong></span> <span class='ocrx_word' id='word_1_88' title='bbox 396 1176 484 1246; x_wconf 89' lang='lat' dir='ltr'><strong>qui</strong></span> <span class='ocrx_word' id='word_1_89' title='bbox 515 1175 728 1230; x_wconf 87' lang='lat' dir='ltr'><strong>misisse</strong></span> <span class='ocrx_word' id='word_1_90' title='bbox 753 1173 1067 1245; x_wconf 85' lang='lat' dir='ltr'><strong>ignoratur.</strong></span> <span class='ocrx_word' id='word_1_91' title='bbox 1097 1173 1181 1228; x_wconf 82' lang='lat' dir='ltr'><strong>Ab</strong></span> <span class='ocrx_word' id='word_1_92' title='bbox 1202 1189 1268 1229; x_wconf 92' lang='lat' dir='ltr'><strong>eo</strong></span> <span class='ocrx_word' id='word_1_93' title='bbox 1293 1189 1426 1246; x_wconf 88' lang='lat' dir='ltr'><strong>ergo</strong></span> <span class='ocrx_word' id='word_1_94' title='bbox 1445 1219 1460 1244; x_wconf 93' lang='lat'><strong>,</strong></span> <span class='ocrx_word' id='word_1_95' title='bbox 1491 1175 1583 1246; x_wconf 89' lang='lat' dir='ltr'><strong>qui</strong></span> <span class='ocrx_word' id='word_1_96' title='bbox 1607 1173 1787 1244; x_wconf 89' lang='lat' dir='ltr'><strong>misit,</strong></span> <span class='ocrx_word' id='word_1_97' title='bbox 1817 1183 1902 1231; x_wconf 88' lang='lat' dir='ltr'><strong>est</strong></span> 
     </span>
    </p>
   </div>
   <div class='ocr_carea' id='block_1_12' title="bbox 290 1265 1896 1340">
    <p class='ocr_par' dir='ltr' id='par_1_12' title="bbox 290 1265 1896 1340">
     <span class='ocr_line' id='line_1_12' title="bbox 290 1265 1896 1340; baseline -0.001 -15"><span class='ocrx_word' id='word_1_98' title='bbox 290 1269 386 1326; x_wconf 89' lang='lat' dir='ltr'><strong>ille</strong></span> <span class='ocrx_word' id='word_1_99' title='bbox 407 1269 495 1340; x_wconf 90' lang='lat' dir='ltr'><strong>qui</strong></span> <span class='ocrx_word' id='word_1_100' title='bbox 521 1267 718 1322; x_wconf 90' lang='lat' dir='ltr'><strong>missus</strong></span> <span class='ocrx_word' id='word_1_101' title='bbox 747 1275 832 1323; x_wconf 91' lang='lat' dir='ltr'><strong>est</strong></span> <span class='ocrx_word' id='word_1_102' title='bbox 857 1284 871 1320; x_wconf 86' lang='lat'><strong>:</strong></span> <span class='ocrx_word' id='word_1_103' title='bbox 895 1265 1042 1321; x_wconf 89' lang='lat' dir='ltr'><strong>etab</strong></span> <span class='ocrx_word' id='word_1_104' title='bbox 1065 1279 1135 1322; x_wconf 91' lang='lat' dir='ltr'><strong>eo</strong></span> <span class='ocrx_word' id='word_1_105' title='bbox 1165 1275 1249 1321; x_wconf 92' lang='lat' dir='ltr'><strong>est</strong></span> <span class='ocrx_word' id='word_1_106' title='bbox 1279 1265 1422 1322; x_wconf 90' lang='lat' dir='ltr'><strong>unde</strong></span> <span class='ocrx_word' id='word_1_107' title='bbox 1469 1281 1592 1322; x_wconf 91' lang='lat' dir='ltr'><strong>esse</strong></span> <span class='ocrx_word' id='word_1_108' title='bbox 1619 1265 1896 1336; x_wconf 81' lang='lat' dir='ltr'><strong>nescitur;</strong></span> 
     </span>
    </p>
   </div>
   <div class='ocr_carea' id='block_1_13' title="bbox 289 1357 1900 1432">
    <p class='ocr_par' dir='ltr' id='par_1_13' title="bbox 289 1357 1900 1432">
     <span class='ocr_line' id='line_1_13' title="bbox 289 1357 1900 1432; baseline -0.002 -14"><span class='ocrx_word' id='word_1_109' title='bbox 289 1372 343 1418; x_wconf 86' lang='lat' dir='ltr'><strong>et</strong></span> <span class='ocrx_word' id='word_1_110' title='bbox 365 1363 438 1418; x_wconf 90' lang='lat' dir='ltr'><strong>ob</strong></span> <span class='ocrx_word' id='word_1_111' title='bbox 460 1363 559 1416; x_wconf 89' lang='lat' dir='ltr'><strong>hoc</strong></span> <span class='ocrx_word' id='word_1_112' title='bbox 579 1360 670 1432; x_wconf 91' lang='lat' dir='ltr'><strong>qui</strong></span> <span class='ocrx_word' id='word_1_113' title='bbox 699 1359 767 1413; x_wconf 91' lang='lat' dir='ltr'><strong>sit</strong></span> <span class='ocrx_word' id='word_1_114' title='bbox 788 1358 906 1430; x_wconf 89' lang='lat' dir='ltr'><strong>ipse</strong></span> <span class='ocrx_word' id='word_1_115' title='bbox 935 1359 1196 1424; x_wconf 81' lang='lat' dir='ltr'><strong>nescitur,</strong></span> <span class='ocrx_word' id='word_1_116' title='bbox 1221 1357 1350 1413; x_wconf 81' lang='lat' dir='ltr'><strong>dum</strong></span> <span class='ocrx_word' id='word_1_117' title='bbox 1381 1358 1659 1430; x_wconf 78' lang='lat' dir='ltr'><strong>ignoratur</strong></span> <span class='ocrx_word' id='word_1_118' title='bbox 1711 1373 1740 1414; x_wconf 89' lang='lat' dir='ltr'><strong>a</strong></span> <span class='ocrx_word' id='word_1_119' title='bbox 1792 1373 1900 1430; x_wconf 90' lang='lat' dir='ltr'><strong>quo</strong></span> 
     </span>
    </p>
   </div>
   <div class='ocr_carea' id='block_1_14' title="bbox 293 1451 1898 1524">
    <p class='ocr_par' dir='ltr' id='par_1_14' title="bbox 293 1451 1898 1524">
     <span class='ocr_line' id='line_1_14' title="bbox 293 1451 1898 1524; baseline -0.002 -10"><span class='ocrx_word' id='word_1_120' title='bbox 293 1458 390 1514; x_wconf 85' lang='lat' dir='ltr'><strong>sit.</strong></span> <span class='ocrx_word' id='word_1_121' title='bbox 411 1457 526 1512; x_wconf 82' lang='lat' dir='ltr'><strong>Non</strong></span> <span class='ocrx_word' id='word_1_122' title='bbox 553 1455 703 1511; x_wconf 83' lang='lat' dir='ltr'><strong>novit</strong></span> <span class='ocrx_word' id='word_1_123' title='bbox 731 1451 1009 1509; x_wconf 86' lang='lat' dir='ltr'><strong>Christum</strong></span> <span class='ocrx_word' id='word_1_124' title='bbox 1035 1493 1051 1522; x_wconf 90' lang='lat'><strong>,</strong></span> <span class='ocrx_word' id='word_1_125' title='bbox 1105 1453 1195 1524; x_wconf 92' lang='lat' dir='ltr'><strong>qui</strong></span> <span class='ocrx_word' id='word_1_126' title='bbox 1228 1453 1371 1508; x_wconf 90' lang='lat' dir='ltr'><strong>unde</strong></span> <span class='ocrx_word' id='word_1_127' title='bbox 1393 1452 1641 1508; x_wconf 88' lang='lat' dir='ltr'><strong>Christus</strong></span> <span class='ocrx_word' id='word_1_128' title='bbox 1680 1455 1752 1508; x_wconf 88' lang='lat' dir='ltr'><strong>sit</strong></span> <span class='ocrx_word' id='word_1_129' title='bbox 1772 1469 1898 1510; x_wconf 50' lang='lat' dir='ltr'><strong>nes.</strong></span> 
     </span>
    </p>
   </div>
   <div class='ocr_carea' id='block_1_15' title="bbox 291 1547 1894 1619">
    <p class='ocr_par' dir='ltr' id='par_1_15' title="bbox 291 1547 1894 1619">
     <span class='ocr_line' id='line_1_15' title="bbox 291 1547 1894 1619; baseline -0.005 -10"><span class='ocrx_word' id='word_1_130' title='bbox 291 1553 405 1616; x_wconf 85' lang='lat' dir='ltr'><strong>cit;</strong></span> <span class='ocrx_word' id='word_1_131' title='bbox 429 1567 526 1607; x_wconf 88' lang='lat' dir='ltr'><strong>nec</strong></span> <span class='ocrx_word' id='word_1_132' title='bbox 557 1549 720 1605; x_wconf 88' lang='lat' dir='ltr'><strong>ﬁlium</strong></span> <span class='ocrx_word' id='word_1_133' title='bbox 745 1549 1057 1614; x_wconf 88' lang='lat' dir='ltr'><strong>conlitetur,</strong></span> <span class='ocrx_word' id='word_1_134' title='bbox 1086 1547 1178 1619; x_wconf 93' lang='lat' dir='ltr'><strong>qui</strong></span> <span class='ocrx_word' id='word_1_135' title='bbox 1204 1556 1363 1619; x_wconf 88' lang='lat' dir='ltr'><strong>negat</strong></span> <span class='ocrx_word' id='word_1_136' title='bbox 1385 1555 1604 1614; x_wconf 91' lang='lat' dir='ltr'><strong>natum;</strong></span> <span class='ocrx_word' id='word_1_137' title='bbox 1640 1562 1740 1602; x_wconf 90' lang='lat' dir='ltr'><strong>nec</strong></span> <span class='ocrx_word' id='word_1_138' title='bbox 1795 1563 1894 1602; x_wconf 84' lang='lat' dir='ltr'><strong>na-</strong></span> 
     </span>
    </p>
   </div>
   <div class='ocr_carea' id='block_1_16' title="bbox 297 1641 1903 1716">
    <p class='ocr_par' dir='ltr' id='par_1_16' title="bbox 297 1641 1903 1716">
     <span class='ocr_line' id='line_1_16' title="bbox 297 1641 1903 1716; baseline -0.004 -13"><span class='ocrx_word' id='word_1_139' title='bbox 297 1655 410 1703; x_wconf 88' lang='lat' dir='ltr'><strong>tum</strong></span> <span class='ocrx_word' id='word_1_140' title='bbox 441 1645 716 1716; x_wconf 80' lang='lat' dir='ltr'><strong>intelligit,</strong></span> <span class='ocrx_word' id='word_1_141' title='bbox 749 1643 838 1714; x_wconf 91' lang='lat' dir='ltr'><strong>qui</strong></span> <span class='ocrx_word' id='word_1_142' title='bbox 865 1642 1076 1712; x_wconf 91' lang='lat' dir='ltr'><strong>putavit</strong></span> <span class='ocrx_word' id='word_1_143' title='bbox 1101 1657 1168 1696; x_wconf 88' lang='lat' dir='ltr'><strong>ex</strong></span> <span class='ocrx_word' id='word_1_144' title='bbox 1195 1641 1392 1696; x_wconf 82' lang='lat' dir='ltr'><strong>nihilo.</strong></span> <span class='ocrx_word' id='word_1_145' title='bbox 1465 1641 1542 1696; x_wconf 81' lang='lat' dir='ltr'><strong>Ex</strong></span> <span class='ocrx_word' id='word_1_146' title='bbox 1592 1641 1760 1696; x_wconf 84' lang='lat' dir='ltr'><strong>nihilo</strong></span> <span class='ocrx_word' id='word_1_147' title='bbox 1805 1656 1903 1696; x_wconf 90' lang='lat' dir='ltr'><strong>au-</strong></span> 
     </span>
    </p>
   </div>
   <div class='ocr_carea' id='block_1_17' title="bbox 299 1733 1894 1809">
    <p class='ocr_par' dir='ltr' id='par_1_17' title="bbox 299 1733 1894 1809">
     <span class='ocr_line' id='line_1_17' title="bbox 299 1733 1894 1809; baseline -0.004 -14"><span class='ocrx_word' id='word_1_148' title='bbox 299 1748 406 1796; x_wconf 88' lang='lat' dir='ltr'><strong>tem</strong></span> <span class='ocrx_word' id='word_1_149' title='bbox 455 1753 625 1809; x_wconf 90' lang='lat' dir='ltr'><strong>usque</strong></span> <span class='ocrx_word' id='word_1_150' title='bbox 654 1735 792 1792; x_wconf 90' lang='lat' dir='ltr'><strong>adeo</strong></span> <span class='ocrx_word' id='word_1_151' title='bbox 818 1750 926 1790; x_wconf 87' lang='lat' dir='ltr'><strong>non</strong></span> <span class='ocrx_word' id='word_1_152' title='bbox 957 1743 1069 1802; x_wconf 90' lang='lat' dir='ltr'><strong>est,</strong></span> <span class='ocrx_word' id='word_1_153' title='bbox 1095 1741 1156 1790; x_wconf 93' lang='lat' dir='ltr'><strong>ut</strong></span> <span class='ocrx_word' id='word_1_154' title='bbox 1183 1733 1331 1805; x_wconf 87' lang='lat' dir='ltr'><strong>impii</strong></span> <span class='ocrx_word' id='word_1_155' title='bbox 1364 1733 1506 1789; x_wconf 91' lang='lat' dir='ltr'><strong>unde</strong></span> <span class='ocrx_word' id='word_1_156' title='bbox 1533 1733 1603 1788; x_wconf 90' lang='lat' dir='ltr'><strong>sit</strong></span> <span class='ocrx_word' id='word_1_157' title='bbox 1631 1733 1894 1790; x_wconf 88' lang='lat' dir='ltr'><strong>nesciant.</strong></span> 
     </span>
    </p>
   </div>
   <div class='ocr_carea' id='block_1_18' title="bbox 360 1822 2750 1902">
    <p class='ocr_par' dir='ltr' id='par_1_18' title="bbox 360 1822 2750 1902">
     <span class='ocr_line' id='line_1_18' title="bbox 360 1822 2750 1902; baseline -0.005 -12"><span class='ocrx_word' id='word_1_158' title='bbox 360 1833 456 1890; x_wconf 83' lang='lat'><strong>&#39;50.</strong></span> <span class='ocrx_word' id='word_1_159' title='bbox 489 1831 632 1886; x_wconf 86' lang='lat' dir='ltr'><strong>Deus</strong></span> <span class='ocrx_word' id='word_1_160' title='bbox 656 1831 719 1885; x_wconf 87' lang='lat' dir='ltr'><strong>iis</strong></span> <span class='ocrx_word' id='word_1_161' title='bbox 744 1832 868 1887; x_wconf 84' lang='lat' dir='ltr'><strong>solis</strong></span> <span class='ocrx_word' id='word_1_162' title='bbox 897 1841 968 1885; x_wconf 87' lang='lat' dir='ltr'><strong>est</strong></span> <span class='ocrx_word' id='word_1_163' title='bbox 990 1839 1136 1902; x_wconf 84' lang='lat' dir='ltr'><strong>pater</strong></span> <span class='ocrx_word' id='word_1_164' title='bbox 1161 1829 1246 1900; x_wconf 82' lang='lat' dir='ltr'><strong>qui</strong></span> <span class='ocrx_word' id='word_1_165' title='bbox 1273 1829 1437 1900; x_wconf 82' lang='lat' dir='ltr'><strong>ﬁlium</strong></span> <span class='ocrx_word' id='word_1_166' title='bbox 1468 1829 1644 1886; x_wconf 83' lang='lat' dir='ltr'><strong>colunt</strong></span> <span class='ocrx_word' id='word_1_167' title='bbox 1670 1871 1685 1895; x_wconf 95' lang='lat'><strong>,</strong></span> <span class='ocrx_word' id='word_1_168' title='bbox 1718 1845 1819 1882; x_wconf 85' lang='lat' dir='ltr'><strong>non</strong></span> <span class='ocrx_word' id='word_1_169' title='bbox 1845 1835 1901 1882; x_wconf 90' lang='lat' dir='ltr'><strong>ut</strong></span> <span class='ocrx_word' id='word_1_170' title='bbox 1930 1829 1977 1892; x_wconf 82' lang='grc' dir='ltr'><strong>Β</strong></span> <span class='ocrx_word' id='word_1_171' title='bbox 2007 1822 2355 1893; x_wconf 86' lang='lat' dir='ltr'><strong>usurpatione</strong></span> <span class='ocrx_word' id='word_1_172' title='bbox 2377 1823 2705 1880; x_wconf 83' lang='lat' dir='ltr'><strong>condemnat</strong></span> <span class='ocrx_word' id='word_1_173' title='bbox 2738 1842 2750 1878; x_wconf 91' lang='lat'><strong>:</strong></span> 
     </span>
    </p>
   </div>
   <div class='ocr_carea' id='block_1_19' title="bbox 293 1921 1898 1995">
    <p class='ocr_par' dir='ltr' id='par_1_19' title="bbox 293 1921 1898 1995">
     <span class='ocr_line' id='line_1_19' title="bbox 293 1921 1898 1995; baseline -0.002 -15"><span class='ocrx_word' id='word_1_174' title='bbox 293 1927 612 1995; x_wconf 72' lang='lat' dir='ltr'><strong>adoptivum.</strong></span> <span class='ocrx_word' id='word_1_175' title='bbox 641 1923 800 1979; x_wconf 72' lang='lat' dir='ltr'><strong>Exire</strong></span> <span class='ocrx_word' id='word_1_176' title='bbox 825 1941 889 1978; x_wconf 78' lang='lat' dir='ltr'><strong>ex</strong></span> <span class='ocrx_word' id='word_1_177' title='bbox 915 1921 1026 1978; x_wconf 88' lang='lat' dir='ltr'><strong>Dco</strong></span> <span class='ocrx_word' id='word_1_178' title='bbox 1050 1923 1176 1992; x_wconf 86' lang='lat' dir='ltr'><strong>quid</strong></span> <span class='ocrx_word' id='word_1_179' title='bbox 1197 1923 1282 1977; x_wconf 94' lang='lat' dir='ltr'><strong>sit.</strong></span> <span class='ocrx_word' id='word_1_180' title='bbox 1303 1921 1428 1977; x_wconf 83' lang='lat' dir='ltr'><strong>Filii</strong></span> <span class='ocrx_word' id='word_1_181' title='bbox 1453 1921 1704 1994; x_wconf 82' lang='lat' dir='ltr'><strong>diligendi</strong></span> <span class='ocrx_word' id='word_1_182' title='bbox 1723 1939 1898 1989; x_wconf 84' lang='lat' dir='ltr'><strong>causa,</strong></span> 
     </span>
    </p>
   </div>
   <div class='ocr_carea' id='block_1_20' title="bbox 293 2015 1903 2086">
    <p class='ocr_par' dir='ltr' id='par_1_20' title="bbox 293 2015 1903 2086">
     <span class='ocr_line' id='line_1_20' title="bbox 293 2015 1903 2086; baseline -0.004 -13"><span class='ocrx_word' id='word_1_183' title='bbox 293 2019 424 2074; x_wconf 82' lang='lat' dir='ltr'><strong>ratio</strong></span> <span class='ocrx_word' id='word_1_184' title='bbox 445 2018 710 2074; x_wconf 82' lang='lat' dir='ltr'><strong>nascendi.</strong></span> <span class='ocrx_word' id='word_1_185' title='bbox 741 2047 813 2058; x_wconf 90' lang='lat'><strong>-—-</strong></span> <span class='ocrx_word' id='word_1_186' title='bbox 837 2015 1098 2071; x_wconf 81' lang='lat' dir='ltr'><strong>Nesciunt</strong></span> <span class='ocrx_word' id='word_1_187' title='bbox 1125 2015 1308 2086; x_wconf 85' lang='lat' dir='ltr'><strong>plane,</strong></span> <span class='ocrx_word' id='word_1_188' title='bbox 1335 2015 1616 2083; x_wconf 89' lang='lat' dir='ltr'><strong>nesciunt,</strong></span> <span class='ocrx_word' id='word_1_189' title='bbox 1664 2016 1752 2085; x_wconf 90' lang='lat' dir='ltr'><strong>qui</strong></span> <span class='ocrx_word' id='word_1_190' title='bbox 1807 2030 1903 2068; x_wconf 83' lang='lat' dir='ltr'><strong>na-</strong></span> 
     </span>
    </p>
   </div>
   <div class='ocr_carea' id='block_1_21' title="bbox 295 2106 1899 2182">
    <p class='ocr_par' dir='ltr' id='par_1_21' title="bbox 295 2106 1899 2182">
     <span class='ocr_line' id='line_1_21' title="bbox 295 2106 1899 2182; baseline -0.003 -16"><span class='ocrx_word' id='word_1_191' title='bbox 295 2119 470 2166; x_wconf 87' lang='lat' dir='ltr'><strong>turam</strong></span> <span class='ocrx_word' id='word_1_192' title='bbox 497 2109 702 2166; x_wconf 88' lang='lat' dir='ltr'><strong>nomini</strong></span> <span class='ocrx_word' id='word_1_193' title='bbox 730 2107 1009 2174; x_wconf 89' lang='lat' dir='ltr'><strong>adimunt,</strong></span> <span class='ocrx_word' id='word_1_194' title='bbox 1035 2106 1111 2182; x_wconf 86' lang='lat' dir='ltr'><strong>tb)</strong></span> <span class='ocrx_word' id='word_1_195' title='bbox 1135 2106 1228 2179; x_wconf 89' lang='lat' dir='ltr'><strong>qui</strong></span> <span class='ocrx_word' id='word_1_196' title='bbox 1256 2109 1564 2164; x_wconf 90' lang='lat' dir='ltr'><strong>nescientes</strong></span> <span class='ocrx_word' id='word_1_197' title='bbox 1585 2123 1690 2162; x_wconf 91' lang='lat' dir='ltr'><strong>non</strong></span> <span class='ocrx_word' id='word_1_198' title='bbox 1743 2107 1899 2182; x_wconf 74' lang='lat'><strong>155</strong></span> 
     </span>
    </p>
   </div>
   <div class='ocr_carea' id='block_1_22' title="bbox 295 2199 1900 2281">
    <p class='ocr_par' dir='ltr' id='par_1_22' title="bbox 295 2199 1900 2281">
     <span class='ocr_line' id='line_1_22' title="bbox 295 2199 1900 2281; baseline -0.001 -23"><span class='ocrx_word' id='word_1_199' title='bbox 295 2212 476 2258; x_wconf 87' lang='lat' dir='ltr'><strong>amant</strong></span> <span class='ocrx_word' id='word_1_200' title='bbox 499 2202 661 2258; x_wconf 89' lang='lat' dir='ltr'><strong>scire.</strong></span> <span class='ocrx_word' id='word_1_201' title='bbox 683 2201 751 2269; x_wconf 85' lang='lat' dir='ltr'><strong>_Et</strong></span> <span class='ocrx_word' id='word_1_202' title='bbox 775 2201 997 2256; x_wconf 88' lang='lat' dir='ltr'><strong>audiant</strong></span> <span class='ocrx_word' id='word_1_203' title='bbox 1027 2199 1222 2255; x_wconf 83' lang='lat' dir='ltr'><strong>Filium</strong></span> <span class='ocrx_word' id='word_1_204' title='bbox 1253 2200 1498 2256; x_wconf 67' lang='lat' dir='ltr'><strong>scientia:</strong></span> <span class='ocrx_word' id='word_1_205' title='bbox 1547 2200 1704 2272; x_wconf 88' lang='lat' dir='ltr'><strong>hujus</strong></span> <span class='ocrx_word' id='word_1_206' title='bbox 1750 2203 1900 2281; x_wconf 57' lang='lat' dir='ltr'><strong>igno;</strong></span> 
     </span>
    </p>
   </div>
   <div class='ocr_carea' id='block_1_23' title="bbox 294 2289 1898 2372">
    <p class='ocr_par' dir='ltr' id='par_1_23' title="bbox 294 2289 1898 2372">
     <span class='ocr_line' id='line_1_23' title="bbox 294 2289 1898 2372; baseline -0.001 -21"><span class='ocrx_word' id='word_1_207' title='bbox 294 2297 560 2352; x_wconf 87' lang='lat' dir='ltr'><strong>rationem</strong></span> <span class='ocrx_word' id='word_1_208' title='bbox 591 2293 773 2372; x_wconf 89' lang='lat' dir='ltr'><strong>impiis</strong></span> <span class='ocrx_word' id='word_1_209' title='bbox 792 2309 857 2350; x_wconf 81' lang='lat' dir='ltr'><strong>ex</strong></span> <span class='ocrx_word' id='word_1_210' title='bbox 871 2293 1248 2364; x_wconf 87' lang='lat' dir='ltr'><strong>probrantem,</strong></span> <span class='ocrx_word' id='word_1_211' title='bbox 1277 2303 1388 2348; x_wconf 91' lang='lat' dir='ltr'><strong>tum</strong></span> <span class='ocrx_word' id='word_1_212' title='bbox 1419 2308 1542 2350; x_wconf 90' lang='lat' dir='ltr'><strong>cum</strong></span> <span class='ocrx_word' id='word_1_213' title='bbox 1567 2289 1672 2348; x_wconf 85' lang='lat' dir='ltr'><strong>sibi</strong></span> <span class='ocrx_word' id='word_1_214' title='bbox 1694 2303 1898 2364; x_wconf 79' lang='lat' dir='ltr'><strong>patrem</strong></span> 
     </span>
    </p>
   </div>
   <div class='ocr_carea' id='block_1_24' title="bbox 296 2383 1902 2468">
    <p class='ocr_par' dir='ltr' id='par_1_24' title="bbox 296 2383 1902 2468">
     <span class='ocr_line' id='line_1_24' title="bbox 296 2383 1902 2468; baseline -0.004 -22"><span class='ocrx_word' id='word_1_215' title='bbox 296 2391 465 2447; x_wconf 88' lang='lat' dir='ltr'><strong>Deum</strong></span> <span class='ocrx_word' id='word_1_216' title='bbox 488 2387 660 2445; x_wconf 81' lang='lat' dir='ltr'><strong>Judaei</strong></span> <span class='ocrx_word' id='word_1_217' title='bbox 691 2387 971 2454; x_wconf 86' lang='lat' dir='ltr'><strong>dicerent;</strong></span> <span class='ocrx_word' id='word_1_218' title='bbox 1002 2386 1078 2441; x_wconf 86' lang='lat' dir='ltr'><strong>ait</strong></span> <span class='ocrx_word' id='word_1_219' title='bbox 1107 2387 1253 2442; x_wconf 89' lang='lat' dir='ltr'><strong>enim</strong></span> <span class='ocrx_word' id='word_1_220' title='bbox 1285 2403 1299 2440; x_wconf 90' lang='lat'><strong>:</strong></span> <span class='ocrx_word' id='word_1_221' title='bbox 1331 2385 1391 2442; x_wconf 89' lang='lat' dir='ltr'><strong>Si</strong></span> <span class='ocrx_word' id='word_1_222' title='bbox 1419 2383 1562 2454; x_wconf 85' lang='lat' dir='ltr'><strong>Deus</strong></span> <span class='ocrx_word' id='word_1_223' title='bbox 1599 2395 1749 2460; x_wconf 84' lang='lat' dir='ltr'><strong>pater</strong></span> <span class='ocrx_word' id='word_1_224' title='bbox 1791 2403 1902 2468; x_wconf 80' lang='lat' dir='ltr'><strong>ves-</strong></span> 
     </span>
    </p>
   </div>
   <div class='ocr_carea' id='block_1_25' title="bbox 293 2476 1896 2552">
    <p class='ocr_par' dir='ltr' id='par_1_25' title="bbox 293 2476 1896 2552">
     <span class='ocr_line' id='line_1_25' title="bbox 293 2476 1896 2552; baseline -0.004 -13"><span class='ocrx_word' id='word_1_225' title='bbox 293 2494 366 2540; x_wconf 84' lang='lat' dir='ltr'><strong>ter</strong></span> <span class='ocrx_word' id='word_1_226' title='bbox 387 2492 552 2550; x_wconf 85' lang='lat' dir='ltr'><strong>esset,</strong></span> <span class='ocrx_word' id='word_1_227' title='bbox 578 2479 860 2552; x_wconf 89' lang='lat' dir='ltr'><strong>diligeretis</strong></span> <span class='ocrx_word' id='word_1_228' title='bbox 880 2481 1058 2550; x_wconf 87' lang='lat' dir='ltr'><strong>utique</strong></span> <span class='ocrx_word' id='word_1_229' title='bbox 1078 2494 1195 2544; x_wconf 88' lang='lat' dir='ltr'><strong>me;</strong></span> <span class='ocrx_word' id='word_1_230' title='bbox 1217 2495 1309 2551; x_wconf 85' lang='lat' dir='ltr'><strong>ego</strong></span> <span class='ocrx_word' id='word_1_231' title='bbox 1329 2479 1463 2534; x_wconf 86' lang='lat' dir='ltr'><strong>enim</strong></span> <span class='ocrx_word' id='word_1_232' title='bbox 1509 2495 1541 2532; x_wconf 92' lang='lat' dir='ltr'><strong>a</strong></span> <span class='ocrx_word' id='word_1_233' title='bbox 1582 2476 1692 2534; x_wconf 87' lang='lat' dir='ltr'><strong>Deo</strong></span> <span class='ocrx_word' id='word_1_234' title='bbox 1729 2479 1896 2545; x_wconf 75' lang='lat' dir='ltr'><strong>exivi,</strong></span> 
     </span>
    </p>
   </div>
   <div class='ocr_carea' id='block_1_26' title="bbox 292 2570 1896 2644">
    <p class='ocr_par' dir='ltr' id='par_1_26' title="bbox 292 2570 1896 2644">
     <span class='ocr_line' id='line_1_26' title="bbox 292 2570 1896 2644; baseline -0.005 -11"><span class='ocrx_word' id='word_1_235' title='bbox 292 2587 338 2633; x_wconf 82' lang='lat' dir='ltr'><strong>et</strong></span> <span class='ocrx_word' id='word_1_236' title='bbox 363 2578 486 2634; x_wconf 76' lang='lat' dir='ltr'><strong>veni</strong></span> <span class='ocrx_word' id='word_1_237' title='bbox 505 2593 525 2632; x_wconf 92' lang='lat'><strong>:</strong></span> <span class='ocrx_word' id='word_1_238' title='bbox 546 2592 638 2630; x_wconf 85' lang='lat' dir='ltr'><strong>nec</strong></span> <span class='ocrx_word' id='word_1_239' title='bbox 663 2592 695 2628; x_wconf 89' lang='lat' dir='ltr'><strong>a</strong></span> <span class='ocrx_word' id='word_1_240' title='bbox 717 2591 797 2628; x_wconf 85' lang='lat' dir='ltr'><strong>me</strong></span> <span class='ocrx_word' id='word_1_241' title='bbox 819 2573 968 2638; x_wconf 86' lang='lat' dir='ltr'><strong>veni,</strong></span> <span class='ocrx_word' id='word_1_242' title='bbox 997 2571 1086 2628; x_wconf 81' lang='lat' dir='ltr'><strong>sed</strong></span> <span class='ocrx_word' id='word_1_243' title='bbox 1111 2572 1200 2626; x_wconf 90' lang='lat' dir='ltr'><strong>ille</strong></span> <span class='ocrx_word' id='word_1_244' title='bbox 1240 2588 1321 2626; x_wconf 90' lang='lat' dir='ltr'><strong>me</strong></span> <span class='ocrx_word' id='word_1_245' title='bbox 1347 2571 1487 2626; x_wconf 87' lang='lat' dir='ltr'><strong>misit</strong></span> <span class='ocrx_word' id='word_1_246' title='bbox 1530 2570 1714 2644; x_wconf 85' lang='lat' dir='ltr'><strong>(Joan.</strong></span> <span class='ocrx_word' id='word_1_247' title='bbox 1764 2586 1860 2626; x_wconf 83' lang='lat' dir='ltr'><strong>vni</strong></span> <span class='ocrx_word' id='word_1_248' title='bbox 1880 2612 1896 2639; x_wconf 94' lang='lat'><strong>,</strong></span> 
     </span>
    </p>
   </div>
   <div class='ocr_carea' id='block_1_27' title="bbox 292 2664 1900 2744">
    <p class='ocr_par' dir='ltr' id='par_1_27' title="bbox 292 2664 1900 2744">
     <span class='ocr_line' id='line_1_27' title="bbox 292 2664 1900 2744; baseline -0.004 -17"><span class='ocrx_word' id='word_1_249' title='bbox 292 2671 412 2744; x_wconf 68' lang='lat'><strong>49.).</strong></span> <span class='ocrx_word' id='word_1_250' title='bbox 441 2669 705 2740; x_wconf 80' lang='lat' dir='ltr'><strong>Religiosi</strong></span> <span class='ocrx_word' id='word_1_251' title='bbox 734 2667 966 2722; x_wconf 87' lang='lat' dir='ltr'><strong>nominis</strong></span> <span class='ocrx_word' id='word_1_252' title='bbox 993 2665 1414 2738; x_wconf 85' lang='lat' dir='ltr'><strong>assumptionem</strong></span> <span class='ocrx_word' id='word_1_253' title='bbox 1443 2665 1536 2720; x_wconf 89' lang='lat' dir='ltr'><strong>Dei</strong></span> <span class='ocrx_word' id='word_1_254' title='bbox 1566 2665 1710 2722; x_wconf 86' lang='lat' dir='ltr'><strong>ﬁlius</strong></span> <span class='ocrx_word' id='word_1_255' title='bbox 1735 2666 1787 2720; x_wconf 92' lang='lat' dir='ltr'><strong>in</strong></span> <span class='ocrx_word' id='word_1_256' title='bbox 1816 2664 1900 2720; x_wconf 90' lang='lat' dir='ltr'><strong>his</strong></span> 
     </span>
    </p>
   </div>
   <div class='ocr_carea' id='block_1_28' title="bbox 295 2757 1902 2838">
    <p class='ocr_par' dir='ltr' id='par_1_28' title="bbox 295 2757 1902 2838">
     <span class='ocr_line' id='line_1_28' title="bbox 295 2757 1902 2838; baseline -0.002 -18"><span class='ocrx_word' id='word_1_257' title='bbox 295 2766 384 2838; x_wconf 87' lang='lat' dir='ltr'><strong>qui</strong></span> <span class='ocrx_word' id='word_1_258' title='bbox 410 2779 470 2820; x_wconf 89' lang='lat' dir='ltr'><strong>se</strong></span> <span class='ocrx_word' id='word_1_259' title='bbox 497 2763 588 2818; x_wconf 87' lang='lat' dir='ltr'><strong>Dei</strong></span> <span class='ocrx_word' id='word_1_260' title='bbox 616 2761 686 2836; x_wconf 80' lang='grc' dir='ltr'><strong>(ε)</strong></span> <span class='ocrx_word' id='word_1_261' title='bbox 721 2761 890 2816; x_wconf 86' lang='lat' dir='ltr'><strong>ﬁlium</strong></span> <span class='ocrx_word' id='word_1_262' title='bbox 941 2759 1262 2816; x_wconf 87' lang='lat' dir='ltr'><strong>conﬁtentes</strong></span> <span class='ocrx_word' id='word_1_263' title='bbox 1329 2767 1538 2830; x_wconf 86' lang='lat' dir='ltr'><strong>patrem</strong></span> <span class='ocrx_word' id='word_1_264' title='bbox 1583 2759 1685 2814; x_wconf 91' lang='lat' dir='ltr'><strong>sibi</strong></span> <span class='ocrx_word' id='word_1_265' title='bbox 1731 2757 1902 2816; x_wconf 90' lang='lat' dir='ltr'><strong>Deum</strong></span> 
     </span>
    </p>
   </div>
   <div class='ocr_carea' id='block_1_29' title="bbox 296 2851 1897 2928">
    <p class='ocr_par' dir='ltr' id='par_1_29' title="bbox 296 2851 1897 2928">
     <span class='ocr_line' id='line_1_29' title="bbox 296 2851 1897 2928; baseline -0.005 -13"><span class='ocrx_word' id='word_1_266' title='bbox 296 2859 562 2922; x_wconf 88' lang='lat' dir='ltr'><strong>dicerent,</strong></span> <span class='ocrx_word' id='word_1_267' title='bbox 588 2873 693 2912; x_wconf 90' lang='lat' dir='ltr'><strong>non</strong></span> <span class='ocrx_word' id='word_1_268' title='bbox 717 2854 1079 2928; x_wconf 86' lang='lat' dir='ltr'><strong>improbavit;</strong></span> <span class='ocrx_word' id='word_1_269' title='bbox 1107 2853 1201 2910; x_wconf 91' lang='lat' dir='ltr'><strong>sed</strong></span> <span class='ocrx_word' id='word_1_270' title='bbox 1225 2852 1565 2908; x_wconf 88' lang='lat' dir='ltr'><strong>temerariam</strong></span> <span class='ocrx_word' id='word_1_271' title='bbox 1588 2851 1897 2908; x_wconf 70' lang='lat' dir='ltr'><strong>Judaaorum</strong></span> 
     </span>
    </p>
   </div>
   <div class='ocr_carea' id='block_1_30' title="bbox 297 2945 1896 3022">
    <p class='ocr_par' dir='ltr' id='par_1_30' title="bbox 297 2945 1896 3022">
     <span class='ocr_line' id='line_1_30' title="bbox 297 2945 1896 3022; baseline -0.006 -16"><span class='ocrx_word' id='word_1_272' title='bbox 297 2951 741 3022; x_wconf 85' lang='lat' dir='ltr'><strong>usurpationem,</strong></span> <span class='ocrx_word' id='word_1_273' title='bbox 775 2958 981 3020; x_wconf 88' lang='lat' dir='ltr'><strong>patrem</strong></span> <span class='ocrx_word' id='word_1_274' title='bbox 1031 2945 1134 3014; x_wconf 82' lang='lat' dir='ltr'><strong>sibi</strong></span> <span class='ocrx_word' id='word_1_275' title='bbox 1189 2946 1362 3002; x_wconf 89' lang='lat' dir='ltr'><strong>Deum</strong></span> <span class='ocrx_word' id='word_1_276' title='bbox 1411 2946 1896 3016; x_wconf 64' lang='lat' dir='ltr'><strong>praesumentium,</strong></span> 
     </span>
    </p>
   </div>
   <div class='ocr_carea' id='block_1_31' title="bbox 2007 514 3609 603">
    <p class='ocr_par' dir='ltr' id='par_1_31' title="bbox 2007 514 3609 603">
     <span class='ocr_line' id='line_1_31' title="bbox 2007 514 3609 603; baseline 0.004 -33"><span class='ocrx_word' id='word_1_277' title='bbox 2007 514 2120 571; x_wconf 81' lang='lat' dir='ltr'><strong>Nec</strong></span> <span class='ocrx_word' id='word_1_278' title='bbox 2143 517 2278 572; x_wconf 88' lang='lat' dir='ltr'><strong>enim</strong></span> <span class='ocrx_word' id='word_1_279' title='bbox 2305 533 2338 571; x_wconf 87' lang='lat' dir='ltr'><strong>a</strong></span> <span class='ocrx_word' id='word_1_280' title='bbox 2363 533 2446 571; x_wconf 88' lang='lat' dir='ltr'><strong>me</strong></span> <span class='ocrx_word' id='word_1_281' title='bbox 2473 518 2618 586; x_wconf 87' lang='lat' dir='ltr'><strong>veni,</strong></span> <span class='ocrx_word' id='word_1_282' title='bbox 2649 519 2740 575; x_wconf 85' lang='lat' dir='ltr'><strong>sed</strong></span> <span class='ocrx_word' id='word_1_283' title='bbox 2768 519 2859 576; x_wconf 87' lang='lat' dir='ltr'><strong>ille</strong></span> <span class='ocrx_word' id='word_1_284' title='bbox 2885 536 2966 603; x_wconf 61' lang='lat' dir='ltr'><strong>nte</strong></span> <span class='ocrx_word' id='word_1_285' title='bbox 2987 519 3146 590; x_wconf 79' lang='lat' dir='ltr'><strong>misit.</strong></span> <span class='ocrx_word' id='word_1_286' title='bbox 3180 519 3248 593; x_wconf 87' lang='lat' dir='ltr'><strong>(f)</strong></span> <span class='ocrx_word' id='word_1_287' title='bbox 3269 519 3386 600; x_wconf 62' lang='lat' dir='ltr'><strong>Non</strong></span> <span class='ocrx_word' id='word_1_288' title='bbox 3411 535 3471 598; x_wconf 77' lang='lat' dir='ltr'><strong>se</strong></span> <span class='ocrx_word' id='word_1_289' title='bbox 3503 521 3609 577; x_wconf 85' lang='lat' dir='ltr'><strong>sibi</strong></span> 
     </span>
    </p>
   </div>
   <div class='ocr_carea' id='block_1_32' title="bbox 2003 608 3606 692">
    <p class='ocr_par' dir='ltr' id='par_1_32' title="bbox 2003 608 3606 692">
     <span class='ocr_line' id='line_1_32' title="bbox 2003 608 3606 692; baseline 0.004 -28"><span class='ocrx_word' id='word_1_290' title='bbox 2003 621 2125 664; x_wconf 90' lang='lat' dir='ltr'><strong>esse</strong></span> <span class='ocrx_word' id='word_1_291' title='bbox 2150 608 2412 681; x_wconf 84' lang='lat' dir='ltr'><strong>originem</strong></span> <span class='ocrx_word' id='word_1_292' title='bbox 2435 609 2657 679; x_wconf 92' lang='lat' dir='ltr'><strong>docuit,</strong></span> <span class='ocrx_word' id='word_1_293' title='bbox 2681 627 2803 667; x_wconf 92' lang='lat' dir='ltr'><strong>cum</strong></span> <span class='ocrx_word' id='word_1_294' title='bbox 2831 613 2906 669; x_wconf 87' lang='lat' dir='ltr'><strong>ait</strong></span> <span class='ocrx_word' id='word_1_295' title='bbox 2934 632 2949 670; x_wconf 88' lang='lat'><strong>:</strong></span> <span class='ocrx_word' id='word_1_296' title='bbox 2985 613 3100 668; x_wconf 83' lang='lat' dir='ltr'><strong>Nec</strong></span> <span class='ocrx_word' id='word_1_297' title='bbox 3128 615 3312 692; x_wconf 70' lang='lat' dir='ltr'><strong>citima</strong></span> <span class='ocrx_word' id='word_1_298' title='bbox 3333 631 3413 692; x_wconf 78' lang='lat' dir='ltr'><strong>me</strong></span> <span class='ocrx_word' id='word_1_299' title='bbox 3453 616 3606 692; x_wconf 78' lang='lat' dir='ltr'><strong>veni,</strong></span> 
     </span>
    </p>
   </div>
   <div class='ocr_carea' id='block_1_33' title="bbox 2007 699 3612 776">
    <p class='ocr_par' dir='ltr' id='par_1_33' title="bbox 2007 699 3612 776">
     <span class='ocr_line' id='line_1_33' title="bbox 2007 699 3612 776; baseline 0.004 -18"><span class='ocrx_word' id='word_1_300' title='bbox 2007 710 2064 758; x_wconf 88' lang='lat' dir='ltr'><strong>et</strong></span> <span class='ocrx_word' id='word_1_301' title='bbox 2083 699 2323 776; x_wconf 79' lang='lat' dir='ltr'><strong>(supple,</strong></span> <span class='ocrx_word' id='word_1_302' title='bbox 2355 704 2504 774; x_wconf 93' lang='lat' dir='ltr'><strong>cum)</strong></span> <span class='ocrx_word' id='word_1_303' title='bbox 2536 719 2754 760; x_wconf 90' lang='lat' dir='ltr'><strong>rursum</strong></span> <span class='ocrx_word' id='word_1_304' title='bbox 2778 721 2844 761; x_wconf 83' lang='lat' dir='ltr'><strong>ex</strong></span> <span class='ocrx_word' id='word_1_305' title='bbox 2880 705 2990 762; x_wconf 90' lang='lat' dir='ltr'><strong>Deo</strong></span> <span class='ocrx_word' id='word_1_306' title='bbox 3017 717 3076 763; x_wconf 92' lang='lat' dir='ltr'><strong>se</strong></span> <span class='ocrx_word' id='word_1_307' title='bbox 3103 705 3312 776; x_wconf 83' lang='lat' dir='ltr'><strong>exisse,</strong></span> <span class='ocrx_word' id='word_1_308' title='bbox 3345 717 3400 769; x_wconf 86' lang='lat' dir='ltr'><strong>ct</strong></span> <span class='ocrx_word' id='word_1_309' title='bbox 3425 707 3495 764; x_wconf 89' lang='lat' dir='ltr'><strong>ab</strong></span> <span class='ocrx_word' id='word_1_310' title='bbox 3546 723 3612 764; x_wconf 89' lang='lat' dir='ltr'><strong>co</strong></span> 
     </span>
    </p>
   </div>
   <div class='ocr_carea' id='block_1_34' title="bbox 2003 795 3606 884">
    <p class='ocr_par' dir='ltr' id='par_1_34' title="bbox 2003 795 3606 884">
     <span class='ocr_line' id='line_1_34' title="bbox 2003 795 3606 884; baseline 0.004 -33"><span class='ocrx_word' id='word_1_311' title='bbox 2003 795 2228 851; x_wconf 88' lang='lat' dir='ltr'><strong>missum</strong></span> <span class='ocrx_word' id='word_1_312' title='bbox 2250 811 2374 853; x_wconf 86' lang='lat' dir='ltr'><strong>esse</strong></span> <span class='ocrx_word' id='word_1_313' title='bbox 2399 806 2648 854; x_wconf 88' lang='lat' dir='ltr'><strong>testatur.</strong></span> <span class='ocrx_word' id='word_1_314' title='bbox 2681 799 2786 856; x_wconf 89' lang='lat' dir='ltr'><strong>Sed</strong></span> <span class='ocrx_word' id='word_1_315' title='bbox 2818 815 2938 858; x_wconf 90' lang='lat' dir='ltr'><strong>cum</strong></span> <span class='ocrx_word' id='word_1_316' title='bbox 2969 801 3037 856; x_wconf 90' lang='lat' dir='ltr'><strong>ab</strong></span> <span class='ocrx_word' id='word_1_317' title='bbox 3061 801 3164 870; x_wconf 86' lang='lat' dir='ltr'><strong>iis,</strong></span> <span class='ocrx_word' id='word_1_318' title='bbox 3193 803 3284 876; x_wconf 88' lang='lat' dir='ltr'><strong>qui</strong></span> <span class='ocrx_word' id='word_1_319' title='bbox 3311 803 3416 884; x_wconf 81' lang='lat' dir='ltr'><strong>sibi</strong></span> <span class='ocrx_word' id='word_1_320' title='bbox 3441 803 3606 860; x_wconf 91' lang='lat' dir='ltr'><strong>Deum</strong></span> 
     </span>
    </p>
   </div>
   <div class='ocr_carea' id='block_1_35' title="bbox 2003 889 3608 978">
    <p class='ocr_par' dir='ltr' id='par_1_35' title="bbox 2003 889 3608 978">
     <span class='ocr_line' id='line_1_35' title="bbox 2003 889 3608 978; baseline 0.007 -36"><span class='ocrx_word' id='word_1_321' title='bbox 2003 899 2212 961; x_wconf 87' lang='lat' dir='ltr'><strong>patrem</strong></span> <span class='ocrx_word' id='word_1_322' title='bbox 2242 889 2486 946; x_wconf 88' lang='lat' dir='ltr'><strong>dicerent</strong></span> <span class='ocrx_word' id='word_1_323' title='bbox 2506 935 2522 960; x_wconf 91' lang='lat'><strong>,</strong></span> <span class='ocrx_word' id='word_1_324' title='bbox 2554 893 2757 950; x_wconf 90' lang='lat' dir='ltr'><strong>idcirco</strong></span> <span class='ocrx_word' id='word_1_325' title='bbox 2785 909 2844 950; x_wconf 89' lang='lat' dir='ltr'><strong>se</strong></span> <span class='ocrx_word' id='word_1_326' title='bbox 2865 895 3198 970; x_wconf 87' lang='lat' dir='ltr'><strong>diligendum</strong></span> <span class='ocrx_word' id='word_1_327' title='bbox 3233 898 3337 965; x_wconf 89' lang='lat' dir='ltr'><strong>ait,</strong></span> <span class='ocrx_word' id='word_1_328' title='bbox 3361 898 3490 978; x_wconf 75' lang='lat' dir='ltr'><strong>quia</strong></span> <span class='ocrx_word' id='word_1_329' title='bbox 3539 913 3608 962; x_wconf 82' lang='lat' dir='ltr'><strong>ex</strong></span> 
     </span>
    </p>
   </div>
   <div class='ocr_carea' id='block_1_36' title="bbox 2005 981 3608 1056">
    <p class='ocr_par' dir='ltr' id='par_1_36' title="bbox 2005 981 3608 1056">
     <span class='ocr_line' id='line_1_36' title="bbox 2005 981 3608 1056; baseline 0.006 -19"><span class='ocrx_word' id='word_1_330' title='bbox 2005 981 2117 1038; x_wconf 91' lang='lat' dir='ltr'><strong>Deo</strong></span> <span class='ocrx_word' id='word_1_331' title='bbox 2147 981 2348 1040; x_wconf 80' lang='lat' dir='ltr'><strong>exisset</strong></span> <span class='ocrx_word' id='word_1_332' title='bbox 2372 1000 2386 1051; x_wconf 94' lang='lat'><strong>;</strong></span> <span class='ocrx_word' id='word_1_333' title='bbox 2414 999 2632 1040; x_wconf 86' lang='lat' dir='ltr'><strong>causam</strong></span> <span class='ocrx_word' id='word_1_334' title='bbox 2658 986 2965 1044; x_wconf 88' lang='lat' dir='ltr'><strong>dilectionis</strong></span> <span class='ocrx_word' id='word_1_335' title='bbox 2991 1004 3060 1046; x_wconf 84' lang='lat' dir='ltr'><strong>ex</strong></span> <span class='ocrx_word' id='word_1_336' title='bbox 3082 1005 3245 1047; x_wconf 85' lang='lat' dir='ltr'><strong>causa</strong></span> <span class='ocrx_word' id='word_1_337' title='bbox 3285 991 3465 1056; x_wconf 87' lang='lat' dir='ltr'><strong>docuit</strong></span> <span class='ocrx_word' id='word_1_338' title='bbox 3486 1007 3608 1052; x_wconf 86' lang='lat' dir='ltr'><strong>esse</strong></span> 
     </span>
    </p>
   </div>
   <div class='ocr_carea' id='block_1_37' title="bbox 2005 1075 3607 1152">
    <p class='ocr_par' dir='ltr' id='par_1_37' title="bbox 2005 1075 3607 1152">
     <span class='ocr_line' id='line_1_37' title="bbox 2005 1075 3607 1152; baseline 0.006 -22"><span class='ocrx_word' id='word_1_339' title='bbox 2005 1075 2284 1132; x_wconf 90' lang='lat' dir='ltr'><strong>nascendi.</strong></span> <span class='ocrx_word' id='word_1_340' title='bbox 2314 1077 2506 1134; x_wconf 84' lang='lat' dir='ltr'><strong>Exisse</strong></span> <span class='ocrx_word' id='word_1_341' title='bbox 2533 1078 2678 1134; x_wconf 90' lang='lat' dir='ltr'><strong>enim</strong></span> <span class='ocrx_word' id='word_1_342' title='bbox 2706 1079 2773 1134; x_wconf 90' lang='lat' dir='ltr'><strong>ad</strong></span> <span class='ocrx_word' id='word_1_343' title='bbox 2801 1079 3166 1152; x_wconf 86' lang='lat' dir='ltr'><strong>incorporalis</strong></span> <span class='ocrx_word' id='word_1_344' title='bbox 3194 1083 3492 1140; x_wconf 84' lang='lat' dir='ltr'><strong>nativitatis</strong></span> <span class='ocrx_word' id='word_1_345' title='bbox 3518 1099 3607 1140; x_wconf 89' lang='lat' dir='ltr'><strong>rc-</strong></span> 
     </span>
    </p>
   </div>
   <div class='ocr_carea' id='block_1_38' title="bbox 2002 1168 3609 1256">
    <p class='ocr_par' dir='ltr' id='par_1_38' title="bbox 2002 1168 3609 1256">
     <span class='ocr_line' id='line_1_38' title="bbox 2002 1168 3609 1256; baseline 0.007 -33"><span class='ocrx_word' id='word_1_346' title='bbox 2002 1168 2124 1224; x_wconf 89' lang='lat' dir='ltr'><strong>tulit</strong></span> <span class='ocrx_word' id='word_1_347' title='bbox 2170 1186 2365 1226; x_wconf 89' lang='lat' dir='ltr'><strong>nomen</strong></span> <span class='ocrx_word' id='word_1_348' title='bbox 2411 1189 2424 1226; x_wconf 92' lang='lat'><strong>:</strong></span> <span class='ocrx_word' id='word_1_349' title='bbox 2476 1171 2600 1244; x_wconf 89' lang='lat' dir='ltr'><strong>quia</strong></span> <span class='ocrx_word' id='word_1_350' title='bbox 2657 1172 2848 1248; x_wconf 84' lang='lat' dir='ltr'><strong>religio</strong></span> <span class='ocrx_word' id='word_1_351' title='bbox 2897 1174 3184 1250; x_wconf 87' lang='lat' dir='ltr'><strong>proﬁtendi</strong></span> <span class='ocrx_word' id='word_1_352' title='bbox 3247 1175 3350 1231; x_wconf 89' lang='lat' dir='ltr'><strong>sibi</strong></span> <span class='ocrx_word' id='word_1_353' title='bbox 3401 1185 3609 1256; x_wconf 68' lang='lat' dir='ltr'><strong>patrem</strong></span> 
     </span>
    </p>
   </div>
   <div class='ocr_carea' id='block_1_39' title="bbox 2003 1263 3612 1344">
    <p class='ocr_par' dir='ltr' id='par_1_39' title="bbox 2003 1263 3612 1344">
     <span class='ocr_line' id='line_1_39' title="bbox 2003 1263 3612 1344; baseline 0.006 -25"><span class='ocrx_word' id='word_1_354' title='bbox 2003 1263 2172 1320; x_wconf 92' lang='lat' dir='ltr'><strong>Deum</strong></span> <span class='ocrx_word' id='word_1_355' title='bbox 2194 1307 2208 1331; x_wconf 93' lang='lat'><strong>,</strong></span> <span class='ocrx_word' id='word_1_356' title='bbox 2231 1281 2299 1321; x_wconf 81' lang='lat' dir='ltr'><strong>ex</strong></span> <span class='ocrx_word' id='word_1_357' title='bbox 2318 1265 2609 1324; x_wconf 86' lang='lat' dir='ltr'><strong>dilectione</strong></span> <span class='ocrx_word' id='word_1_358' title='bbox 2633 1266 2832 1324; x_wconf 81' lang='lat' dir='ltr'><strong>Christi</strong></span> <span class='ocrx_word' id='word_1_359' title='bbox 2863 1269 2955 1343; x_wconf 89' lang='lat' dir='ltr'><strong>qui</strong></span> <span class='ocrx_word' id='word_1_360' title='bbox 2981 1286 3047 1325; x_wconf 84' lang='lat' dir='ltr'><strong>ex</strong></span> <span class='ocrx_word' id='word_1_361' title='bbox 3073 1285 3140 1327; x_wconf 92' lang='lat' dir='ltr'><strong>eo</strong></span> <span class='ocrx_word' id='word_1_362' title='bbox 3167 1270 3382 1344; x_wconf 89' lang='lat' dir='ltr'><strong>genitus</strong></span> <span class='ocrx_word' id='word_1_363' title='bbox 3427 1281 3511 1328; x_wconf 91' lang='lat' dir='ltr'><strong>est</strong></span> <span class='ocrx_word' id='word_1_364' title='bbox 3536 1275 3612 1328; x_wconf 87' lang='lat' dir='ltr'><strong>sit</strong></span> 
     </span>
    </p>
   </div>
   <div class='ocr_carea' id='block_1_40' title="bbox 2003 1358 3612 1436">
    <p class='ocr_par' dir='ltr' id='par_1_40' title="bbox 2003 1358 3612 1436">
     <span class='ocr_line' id='line_1_40' title="bbox 2003 1358 3612 1436; baseline 0.007 -25"><span class='ocrx_word' id='word_1_365' title='bbox 2003 1358 2280 1412; x_wconf 89' lang='lat' dir='ltr'><strong>merenda.</strong></span> <span class='ocrx_word' id='word_1_366' title='bbox 2310 1359 2442 1414; x_wconf 87' lang='lat' dir='ltr'><strong>Nam</strong></span> <span class='ocrx_word' id='word_1_367' title='bbox 2467 1376 2587 1415; x_wconf 92' lang='lat' dir='ltr'><strong>cum</strong></span> <span class='ocrx_word' id='word_1_368' title='bbox 2611 1361 2720 1416; x_wconf 89' lang='lat' dir='ltr'><strong>ait:</strong></span> <span class='ocrx_word' id='word_1_369' title='bbox 2748 1362 2851 1430; x_wconf 85' lang='lat' dir='ltr'><strong>Qui</strong></span> <span class='ocrx_word' id='word_1_370' title='bbox 2879 1381 2960 1418; x_wconf 87' lang='lat' dir='ltr'><strong>me</strong></span> <span class='ocrx_word' id='word_1_371' title='bbox 2988 1365 3126 1433; x_wconf 87' lang='lat' dir='ltr'><strong>odit,</strong></span> <span class='ocrx_word' id='word_1_372' title='bbox 3146 1375 3190 1419; x_wconf 88' lang='lat' dir='ltr'><strong>et</strong></span> <span class='ocrx_word' id='word_1_373' title='bbox 3215 1375 3416 1436; x_wconf 84' lang='lat' dir='ltr'><strong>patrem</strong></span> <span class='ocrx_word' id='word_1_374' title='bbox 3443 1385 3612 1423; x_wconf 85' lang='lat' dir='ltr'><strong>meum</strong></span> 
     </span>
    </p>
   </div>
   <div class='ocr_carea' id='block_1_41' title="bbox 2003 1451 3611 1538">
    <p class='ocr_par' dir='ltr' id='par_1_41' title="bbox 2003 1451 3611 1538">
     <span class='ocr_line' id='line_1_41' title="bbox 2003 1451 3611 1538; baseline 0.006 -32"><span class='ocrx_word' id='word_1_375' title='bbox 2003 1451 2112 1506; x_wconf 87' lang='lat' dir='ltr'><strong>odit</strong></span> <span class='ocrx_word' id='word_1_376' title='bbox 2142 1453 2324 1521; x_wconf 84' lang='lat' dir='ltr'><strong>(Joan.</strong></span> <span class='ocrx_word' id='word_1_377' title='bbox 2351 1469 2438 1521; x_wconf 88' lang='lat' dir='ltr'><strong>xv,</strong></span> <span class='ocrx_word' id='word_1_378' title='bbox 2471 1453 2566 1523; x_wconf 66' lang='lat'><strong>‘25)</strong></span> <span class='ocrx_word' id='word_1_379' title='bbox 2589 1469 2609 1509; x_wconf 89' lang='lat'><strong>:</strong></span> <span class='ocrx_word' id='word_1_380' title='bbox 2638 1472 2810 1510; x_wconf 88' lang='lat' dir='ltr'><strong>meum</strong></span> <span class='ocrx_word' id='word_1_381' title='bbox 2840 1472 2964 1512; x_wconf 89' lang='lat' dir='ltr'><strong>cum</strong></span> <span class='ocrx_word' id='word_1_382' title='bbox 3016 1459 3121 1524; x_wconf 90' lang='lat' dir='ltr'><strong>ait,</strong></span> <span class='ocrx_word' id='word_1_383' title='bbox 3173 1461 3611 1538; x_wconf 80' lang='lat' dir='ltr'><strong>communionem</strong></span> 
     </span>
    </p>
   </div>
   <div class='ocr_carea' id='block_1_42' title="bbox 2004 1545 3604 1625">
    <p class='ocr_par' dir='ltr' id='par_1_42' title="bbox 2004 1545 3604 1625">
     <span class='ocr_line' id='line_1_42' title="bbox 2004 1545 3604 1625; baseline 0.003 -25"><span class='ocrx_word' id='word_1_384' title='bbox 2004 1545 2241 1600; x_wconf 90' lang='lat' dir='ltr'><strong>nominis</strong></span> <span class='ocrx_word' id='word_1_385' title='bbox 2267 1545 2478 1617; x_wconf 83' lang='lat' dir='ltr'><strong>(supple</strong></span> <span class='ocrx_word' id='word_1_386' title='bbox 2497 1587 2511 1614; x_wconf 92' lang='lat'><strong>,</strong></span> <span class='ocrx_word' id='word_1_387' title='bbox 2546 1563 2668 1604; x_wconf 90' lang='lat' dir='ltr'><strong>cum</strong></span> <span class='ocrx_word' id='word_1_388' title='bbox 2699 1547 2845 1620; x_wconf 89' lang='lat' dir='ltr'><strong>aliis)</strong></span> <span class='ocrx_word' id='word_1_389' title='bbox 2873 1565 2970 1620; x_wconf 90' lang='lat' dir='ltr'><strong>per</strong></span> <span class='ocrx_word' id='word_1_390' title='bbox 2999 1549 3448 1622; x_wconf 74' lang='lat' dir='ltr'><strong>significationem</strong></span> <span class='ocrx_word' id='word_1_391' title='bbox 3477 1569 3604 1625; x_wconf 81' lang='lat' dir='ltr'><strong>prn-</strong></span> 
     </span>
    </p>
   </div>
   <div class='ocr_carea' id='block_1_43' title="bbox 2001 1638 3608 1714">
    <p class='ocr_par' dir='ltr' id='par_1_43' title="bbox 2001 1638 3608 1714">
     <span class='ocr_line' id='line_1_43' title="bbox 2001 1638 3608 1714; baseline 0.005 -22"><span class='ocrx_word' id='word_1_392' title='bbox 2001 1638 2246 1710; x_wconf 84' lang='lat' dir='ltr'><strong>prietatis</strong></span> <span class='ocrx_word' id='word_1_393' title='bbox 2273 1638 2528 1694; x_wconf 84' lang='lat' dir='ltr'><strong>exclusit.</strong></span> <span class='ocrx_word' id='word_1_394' title='bbox 2555 1639 2827 1704; x_wconf 79' lang='lat' dir='ltr'><strong>Caeterum</strong></span> <span class='ocrx_word' id='word_1_395' title='bbox 2861 1642 3208 1713; x_wconf 88' lang='lat' dir='ltr'><strong>proﬁtentem</strong></span> <span class='ocrx_word' id='word_1_396' title='bbox 3263 1643 3365 1702; x_wconf 90' lang='lat' dir='ltr'><strong>sibi</strong></span> <span class='ocrx_word' id='word_1_397' title='bbox 3400 1655 3608 1714; x_wconf 85' lang='lat' dir='ltr'><strong>patrem</strong></span> 
     </span>
    </p>
   </div>
   <div class='ocr_carea' id='block_1_44' title="bbox 2004 1729 3607 1806">
    <p class='ocr_par' dir='ltr' id='par_1_44' title="bbox 2004 1729 3607 1806">
     <span class='ocr_line' id='line_1_44' title="bbox 2004 1729 3607 1806; baseline 0.006 -22"><span class='ocrx_word' id='word_1_398' title='bbox 2004 1729 2206 1794; x_wconf 90' lang='lat' dir='ltr'><strong>Deum,</strong></span> <span class='ocrx_word' id='word_1_399' title='bbox 2261 1739 2317 1786; x_wconf 90' lang='lat' dir='ltr'><strong>et</strong></span> <span class='ocrx_word' id='word_1_400' title='bbox 2359 1745 2548 1785; x_wconf 90' lang='lat' dir='ltr'><strong>senon</strong></span> <span class='ocrx_word' id='word_1_401' title='bbox 2599 1730 2944 1803; x_wconf 88' lang='lat' dir='ltr'><strong>diligentem,</strong></span> <span class='ocrx_word' id='word_1_402' title='bbox 3000 1733 3055 1788; x_wconf 92' lang='lat' dir='ltr'><strong>in</strong></span> <span class='ocrx_word' id='word_1_403' title='bbox 3110 1735 3323 1806; x_wconf 86' lang='lat' dir='ltr'><strong>paterni</strong></span> <span class='ocrx_word' id='word_1_404' title='bbox 3372 1736 3607 1794; x_wconf 86' lang='lat' dir='ltr'><strong>nominis</strong></span> 
     </span>
    </p>
   </div>
   <div class='ocr_carea' id='block_1_45' title="bbox 2843 1809 3608 1903">
    <p class='ocr_par' dir='ltr' id='par_1_45' title="bbox 2843 1809 3608 1903">
     <span class='ocr_line' id='line_1_45' title="bbox 2843 1809 3608 1903; baseline 0.004 -22"><span class='ocrx_word' id='word_1_405' title='bbox 2843 1825 2951 1900; x_wconf 75' lang='lat'><strong>56</strong></span> <span class='ocrx_word' id='word_1_406' title='bbox 2991 1823 3072 1900; x_wconf 89' lang='lat' dir='ltr'><strong>(g)</strong></span> <span class='ocrx_word' id='word_1_407' title='bbox 3125 1827 3252 1902; x_wconf 81' lang='lat' dir='ltr'><strong>quia</strong></span> <span class='ocrx_word' id='word_1_408' title='bbox 3270 1828 3360 1903; x_wconf 84' lang='lat' dir='ltr'><strong>qui</strong></span> <span class='ocrx_word' id='word_1_409' title='bbox 3383 1809 3442 1883; x_wconf 83' lang='lat' dir='ltr'><strong>se</strong></span> <span class='ocrx_word' id='word_1_410' title='bbox 3464 1829 3608 1898; x_wconf 86' lang='lat' dir='ltr'><strong>odit,</strong></span> 
     </span>
    </p>
   </div>
   <div class='ocr_carea' id='block_1_46' title="bbox 2005 1915 3606 1997">
    <p class='ocr_par' dir='ltr' id='par_1_46' title="bbox 2005 1915 3606 1997">
     <span class='ocr_line' id='line_1_46' title="bbox 2005 1915 3606 1997; baseline 0.004 -26"><span class='ocrx_word' id='word_1_411' title='bbox 2005 1915 2182 1972; x_wconf 91' lang='lat' dir='ltr'><strong>oderit</strong></span> <span class='ocrx_word' id='word_1_412' title='bbox 2216 1927 2272 1972; x_wconf 91' lang='lat' dir='ltr'><strong>et</strong></span> <span class='ocrx_word' id='word_1_413' title='bbox 2293 1916 2540 1982; x_wconf 84' lang='lat' dir='ltr'><strong>Patrem;</strong></span> <span class='ocrx_word' id='word_1_414' title='bbox 2571 1933 2670 1972; x_wconf 91' lang='lat' dir='ltr'><strong>nec</strong></span> <span class='ocrx_word' id='word_1_415' title='bbox 2691 1919 2744 1996; x_wconf 84' lang='lat' dir='ltr'><strong>in</strong></span> <span class='ocrx_word' id='word_1_416' title='bbox 2786 1915 2952 1973; x_wconf 88' lang='lat' dir='ltr'><strong>Deum</strong></span> <span class='ocrx_word' id='word_1_417' title='bbox 3004 1927 3216 1997; x_wconf 81' lang='lat' dir='ltr'><strong>patrem</strong></span> <span class='ocrx_word' id='word_1_418' title='bbox 3269 1921 3342 1976; x_wconf 92' lang='lat' dir='ltr'><strong>sit</strong></span> <span class='ocrx_word' id='word_1_419' title='bbox 3383 1919 3606 1996; x_wconf 80' lang='lat' dir='ltr'><strong>religio-</strong></span> 
     </span>
    </p>
   </div>
   <div class='ocr_carea' id='block_1_47' title="bbox 2004 2007 3603 2088">
    <p class='ocr_par' dir='ltr' id='par_1_47' title="bbox 2004 2007 3603 2088">
     <span class='ocr_line' id='line_1_47' title="bbox 2004 2007 3603 2088; baseline 0.005 -24"><span class='ocrx_word' id='word_1_420' title='bbox 2004 2007 2229 2080; x_wconf 88' lang='lat' dir='ltr'><strong>sus,qui</strong></span> <span class='ocrx_word' id='word_1_421' title='bbox 2250 2024 2356 2088; x_wconf 88' lang='lat' dir='ltr'><strong>non</strong></span> <span class='ocrx_word' id='word_1_422' title='bbox 2381 2009 2571 2081; x_wconf 85' lang='lat' dir='ltr'><strong>diligat</strong></span> <span class='ocrx_word' id='word_1_423' title='bbox 2599 2010 2832 2078; x_wconf 87' lang='lat' dir='ltr'><strong>Filium;</strong></span> <span class='ocrx_word' id='word_1_424' title='bbox 2863 2027 2986 2066; x_wconf 91' lang='lat' dir='ltr'><strong>cum</strong></span> <span class='ocrx_word' id='word_1_425' title='bbox 3013 2011 3271 2084; x_wconf 83' lang='lat' dir='ltr'><strong>diligendi</strong></span> <span class='ocrx_word' id='word_1_426' title='bbox 3325 2013 3447 2068; x_wconf 90' lang='lat' dir='ltr'><strong>Filii</strong></span> <span class='ocrx_word' id='word_1_427' title='bbox 3495 2032 3603 2072; x_wconf 86' lang='lat' dir='ltr'><strong>non</strong></span> 
     </span>
    </p>
   </div>
   <div class='ocr_carea' id='block_1_48' title="bbox 2004 2101 3608 2181">
    <p class='ocr_par' dir='ltr' id='par_1_48' title="bbox 2004 2101 3608 2181">
     <span class='ocr_line' id='line_1_48' title="bbox 2004 2101 3608 2181; baseline 0.004 -26"><span class='ocrx_word' id='word_1_428' title='bbox 2004 2102 2108 2156; x_wconf 88' lang='lat' dir='ltr'><strong>alia</strong></span> <span class='ocrx_word' id='word_1_429' title='bbox 2139 2116 2298 2159; x_wconf 87' lang='lat' dir='ltr'><strong>causa</strong></span> <span class='ocrx_word' id='word_1_430' title='bbox 2330 2102 2422 2168; x_wconf 90' lang='lat' dir='ltr'><strong>sit,</strong></span> <span class='ocrx_word' id='word_1_431' title='bbox 2451 2117 2609 2174; x_wconf 87' lang='lat' dir='ltr'><strong>quam</strong></span> <span class='ocrx_word' id='word_1_432' title='bbox 2637 2102 2782 2174; x_wconf 83' lang='lat' dir='ltr'><strong>quod</strong></span> <span class='ocrx_word' id='word_1_433' title='bbox 2805 2117 2870 2158; x_wconf 86' lang='lat' dir='ltr'><strong>ex</strong></span> <span class='ocrx_word' id='word_1_434' title='bbox 2905 2103 3014 2158; x_wconf 89' lang='lat' dir='ltr'><strong>Deo</strong></span> <span class='ocrx_word' id='word_1_435' title='bbox 3036 2101 3132 2158; x_wconf 47' lang='lat' dir='ltr'><strong>sit.&quot;</strong></span> <span class='ocrx_word' id='word_1_436' title='bbox 3161 2104 3241 2162; x_wconf 84' lang='lat' dir='ltr'><strong>Ex</strong></span> <span class='ocrx_word' id='word_1_437' title='bbox 3285 2105 3406 2181; x_wconf 39' lang='lat' dir='ltr'><strong>Deo.</strong></span> <span class='ocrx_word' id='word_1_438' title='bbox 3445 2105 3608 2178; x_wconf 77' lang='lat' dir='ltr'><strong>igitur</strong></span> 
     </span>
    </p>
   </div>
   <div class='ocr_carea' id='block_1_49' title="bbox 2003 2195 3608 2272">
    <p class='ocr_par' dir='ltr' id='par_1_49' title="bbox 2003 2195 3608 2272">
     <span class='ocr_line' id='line_1_49' title="bbox 2003 2195 3608 2272; baseline 0.001 -21"><span class='ocrx_word' id='word_1_439' title='bbox 2003 2195 2174 2252; x_wconf 88' lang='lat' dir='ltr'><strong>Filius</strong></span> <span class='ocrx_word' id='word_1_440' title='bbox 2199 2204 2313 2261; x_wconf 92' lang='lat' dir='ltr'><strong>est,</strong></span> <span class='ocrx_word' id='word_1_441' title='bbox 2347 2211 2454 2250; x_wconf 90' lang='lat' dir='ltr'><strong>non</strong></span> <span class='ocrx_word' id='word_1_442' title='bbox 2493 2195 2762 2263; x_wconf 89' lang='lat' dir='ltr'><strong>adventu,</strong></span> <span class='ocrx_word' id='word_1_443' title='bbox 2791 2196 2888 2272; x_wconf 87' lang='lat' dir='ltr'><strong>sed</strong></span> <span class='ocrx_word' id='word_1_444' title='bbox 2915 2196 3193 2253; x_wconf 84' lang='lat' dir='ltr'><strong>nativitate</strong></span> <span class='ocrx_word' id='word_1_445' title='bbox 3241 2215 3255 2252; x_wconf 91' lang='lat'><strong>:</strong></span> <span class='ocrx_word' id='word_1_446' title='bbox 3307 2209 3362 2253; x_wconf 88' lang='lat' dir='ltr'><strong>et</strong></span> <span class='ocrx_word' id='word_1_447' title='bbox 3399 2195 3480 2272; x_wconf 83' lang='grc'><strong>(5)</strong></span> <span class='ocrx_word' id='word_1_448' title='bbox 3527 2199 3608 2254; x_wconf 87' lang='lat' dir='ltr'><strong>di-</strong></span> 
     </span>
    </p>
   </div>
   <div class='ocr_carea' id='block_1_50' title="bbox 2003 2271 3611 2374">
    <p class='ocr_par' dir='ltr' id='par_1_50' title="bbox 2003 2271 3611 2374">
     <span class='ocr_line' id='line_1_50' title="bbox 2003 2271 3611 2374; baseline 0.004 -30"><span class='ocrx_word' id='word_1_449' title='bbox 2003 2289 2164 2346; x_wconf 90' lang='lat' dir='ltr'><strong>lectio</strong></span> <span class='ocrx_word' id='word_1_450' title='bbox 2190 2289 2242 2344; x_wconf 87' lang='lat' dir='ltr'><strong>in</strong></span> <span class='ocrx_word' id='word_1_451' title='bbox 2273 2288 2488 2346; x_wconf 89' lang='lat' dir='ltr'><strong>Patrem</strong></span> <span class='ocrx_word' id='word_1_452' title='bbox 2521 2288 2604 2369; x_wconf 76' lang='grc' dir='ltr'><strong>(ιι)</strong></span> <span class='ocrx_word' id='word_1_453' title='bbox 2627 2288 2715 2347; x_wconf 92' lang='lat' dir='ltr'><strong>hic</strong></span> <span class='ocrx_word' id='word_1_454' title='bbox 2741 2271 2846 2374; x_wconf 80' lang='lat' dir='ltr'><strong>erit</strong></span> <span class='ocrx_word' id='word_1_455' title='bbox 2871 2288 3074 2362; x_wconf 87' lang='lat' dir='ltr'><strong>omnis,</strong></span> <span class='ocrx_word' id='word_1_456' title='bbox 3128 2289 3176 2346; x_wconf 91' lang='lat' dir='ltr'><strong>si</strong></span> <span class='ocrx_word' id='word_1_457' title='bbox 3211 2291 3384 2374; x_wconf 64' lang='lat' dir='ltr'><strong>ifitius</strong></span> <span class='ocrx_word' id='word_1_458' title='bbox 3432 2307 3501 2372; x_wconf 72' lang='lat' dir='ltr'><strong>ett</strong></span> <span class='ocrx_word' id='word_1_459' title='bbox 3543 2307 3611 2350; x_wconf 89' lang='lat' dir='ltr'><strong>eo</strong></span> 
     </span>
    </p>
   </div>
   <div class='ocr_carea' id='block_1_51' title="bbox 2001 2369 3501 2441">
    <p class='ocr_par' dir='ltr' id='par_1_51' title="bbox 2001 2369 3501 2441">
     <span class='ocr_line' id='line_1_51' title="bbox 2001 2369 3501 2441; baseline 0 -1"><span class='ocrx_word' id='word_1_460' title='bbox 2001 2399 2124 2441; x_wconf 90' lang='lat' dir='ltr'><strong>esse</strong></span> <span class='ocrx_word' id='word_1_461' title='bbox 2151 2385 2425 2441; x_wconf 88' lang='lat' dir='ltr'><strong>credatur.</strong></span> <span class='ocrx_word' id='word_1_462' title='bbox 2793 2369 2798 2374; x_wconf 63' lang='grc'><em>’</em></span> <span class='ocrx_word' id='word_1_463' title='bbox 3233 2369 3242 2378; x_wconf 72' lang='grc'><em>’</em></span> <span class='ocrx_word' id='word_1_464' title='bbox 3294 2371 3301 2376; x_wconf 65' lang='grc'><strong>’</strong></span> <span class='ocrx_word' id='word_1_465' title='bbox 3493 2369 3501 2378; x_wconf 35' lang='grc' dir='ltr'>δ</span> 
     </span>
    </p>
   </div>
   <div class='ocr_carea' id='block_1_52' title="bbox 2073 2480 3610 2555">
    <p class='ocr_par' dir='ltr' id='par_1_52' title="bbox 2073 2480 3610 2555">
     <span class='ocr_line' id='line_1_52' title="bbox 2073 2480 3610 2555; baseline 0.004 -19"><span class='ocrx_word' id='word_1_466' title='bbox 2073 2482 2163 2538; x_wconf 79' lang='lat' dir='ltr'><strong>5i.</strong></span> <span class='ocrx_word' id='word_1_467' title='bbox 2189 2480 2445 2555; x_wconf 74' lang='lat' dir='ltr'><strong>Perfecta:</strong></span> <span class='ocrx_word' id='word_1_468' title='bbox 2468 2482 2530 2537; x_wconf 89' lang='lat' dir='ltr'><strong>de</strong></span> <span class='ocrx_word' id='word_1_469' title='bbox 2561 2480 2701 2538; x_wconf 87' lang='lat' dir='ltr'><strong>Filio</strong></span> <span class='ocrx_word' id='word_1_470' title='bbox 2723 2480 2850 2553; x_wconf 82' lang='lat' dir='ltr'><strong>ﬁdei</strong></span> <span class='ocrx_word' id='word_1_471' title='bbox 2869 2483 3128 2546; x_wconf 85' lang='lat' dir='ltr'><strong>meritum.</strong></span> <span class='ocrx_word' id='word_1_472' title='bbox 3159 2481 3264 2549; x_wconf 83' lang='lat' dir='ltr'><strong>Qui</strong></span> <span class='ocrx_word' id='word_1_473' title='bbox 3288 2492 3337 2539; x_wconf 87' lang='lat' dir='ltr'><strong>et</strong></span> <span class='ocrx_word' id='word_1_474' title='bbox 3364 2485 3610 2550; x_wconf 73' lang='lat' dir='ltr'><strong>nativita-</strong></span> 
     </span>
    </p>
   </div>
   <div class='ocr_carea' id='block_1_53' title="bbox 2002 2561 3613 2665">
    <p class='ocr_par' dir='ltr' id='par_1_53' title="bbox 2002 2561 3613 2665">
     <span class='ocr_line' id='line_1_53' title="bbox 2002 2561 3613 2665; baseline 0.002 -34"><span class='ocrx_word' id='word_1_475' title='bbox 2002 2585 2101 2631; x_wconf 85' lang='lat' dir='ltr'><strong>tem</strong></span> <span class='ocrx_word' id='word_1_476' title='bbox 2127 2591 2190 2631; x_wconf 65' lang='grc' dir='ltr'><strong>επ</strong></span> <span class='ocrx_word' id='word_1_477' title='bbox 2212 2573 2370 2630; x_wconf 87' lang='lat' dir='ltr'><strong>Patre</strong></span> <span class='ocrx_word' id='word_1_478' title='bbox 2391 2584 2439 2630; x_wconf 92' lang='lat' dir='ltr'><strong>et</strong></span> <span class='ocrx_word' id='word_1_479' title='bbox 2466 2576 2741 2631; x_wconf 82' lang='lat' dir='ltr'><strong>adventum</strong></span> <span class='ocrx_word' id='word_1_480' title='bbox 2765 2577 2834 2631; x_wconf 89' lang='lat' dir='ltr'><strong>ad</strong></span> <span class='ocrx_word' id='word_1_481' title='bbox 2861 2593 2952 2631; x_wconf 90' lang='lat' dir='ltr'><strong>nos</strong></span> <span class='ocrx_word' id='word_1_482' title='bbox 2995 2576 3298 2665; x_wconf 73' lang='lat' dir='ltr'><strong>distinguat.</strong></span> <span class='ocrx_word' id='word_1_483' title='bbox 3326 2607 3398 2618; x_wconf 96' lang='lat'><strong>—</strong></span> <span class='ocrx_word' id='word_1_484' title='bbox 3416 2561 3613 2653; x_wconf 20' lang='lat' dir='ltr'><strong>Testa,-</strong></span> 
     </span>
    </p>
   </div>
   <div class='ocr_carea' id='block_1_54' title="bbox 2001 2667 3612 2752">
    <p class='ocr_par' dir='ltr' id='par_1_54' title="bbox 2001 2667 3612 2752">
     <span class='ocr_line' id='line_1_54' title="bbox 2001 2667 3612 2752; baseline 0.003 -30"><span class='ocrx_word' id='word_1_485' title='bbox 2001 2675 2090 2722; x_wconf 90' lang='lat' dir='ltr'><strong>tur</strong></span> <span class='ocrx_word' id='word_1_486' title='bbox 2115 2667 2218 2722; x_wconf 89' lang='lat' dir='ltr'><strong>hoc</strong></span> <span class='ocrx_word' id='word_1_487' title='bbox 2246 2667 2502 2752; x_wconf 83' lang='lat' dir='ltr'><strong>Dominus</strong></span> <span class='ocrx_word' id='word_1_488' title='bbox 2523 2667 2712 2724; x_wconf 89' lang='lat' dir='ltr'><strong>dicens</strong></span> <span class='ocrx_word' id='word_1_489' title='bbox 2744 2687 2758 2724; x_wconf 91' lang='lat'><strong>:</strong></span> <span class='ocrx_word' id='word_1_490' title='bbox 2793 2668 2919 2722; x_wconf 85' lang='lat' dir='ltr'><strong>Non</strong></span> <span class='ocrx_word' id='word_1_491' title='bbox 2949 2669 3118 2724; x_wconf 70' lang='lat' dir='ltr'><strong>diram</strong></span> <span class='ocrx_word' id='word_1_492' title='bbox 3163 2672 3336 2743; x_wconf 73' lang='lat' dir='ltr'><strong>vobis,</strong></span> <span class='ocrx_word' id='word_1_493' title='bbox 3368 2673 3612 2751; x_wconf 81' lang='lat' dir='ltr'><strong>quoniam</strong></span> 
     </span>
    </p>
   </div>
   <div class='ocr_carea' id='block_1_55' title="bbox 2003 2761 3616 2841">
    <p class='ocr_par' dir='ltr' id='par_1_55' title="bbox 2003 2761 3616 2841">
     <span class='ocr_line' id='line_1_55' title="bbox 2003 2761 3616 2841; baseline 0.003 -25"><span class='ocrx_word' id='word_1_494' title='bbox 2003 2778 2094 2834; x_wconf 82' lang='lat' dir='ltr'><strong>ego</strong></span> <span class='ocrx_word' id='word_1_495' title='bbox 2119 2761 2310 2834; x_wconf 87' lang='lat' dir='ltr'><strong>rogabo</strong></span> <span class='ocrx_word' id='word_1_496' title='bbox 2337 2761 2546 2816; x_wconf 88' lang='lat' dir='ltr'><strong>Patrem</strong></span> <span class='ocrx_word' id='word_1_497' title='bbox 2575 2778 2668 2833; x_wconf 86' lang='lat' dir='ltr'><strong>pro</strong></span> <span class='ocrx_word' id='word_1_498' title='bbox 2695 2763 2836 2817; x_wconf 85' lang='lat' dir='ltr'><strong>vobis</strong></span> <span class='ocrx_word' id='word_1_499' title='bbox 2891 2780 2905 2818; x_wconf 92' lang='lat'><strong>:</strong></span> <span class='ocrx_word' id='word_1_500' title='bbox 2959 2763 3070 2835; x_wconf 85' lang='lat' dir='ltr'><strong>ipse</strong></span> <span class='ocrx_word' id='word_1_501' title='bbox 3115 2763 3255 2841; x_wconf 80' lang='lat' dir='ltr'><strong>enim</strong></span> <span class='ocrx_word' id='word_1_502' title='bbox 3286 2763 3446 2820; x_wconf 89' lang='lat' dir='ltr'><strong>Pater</strong></span> <span class='ocrx_word' id='word_1_503' title='bbox 3471 2778 3616 2841; x_wconf 71' lang='lat' dir='ltr'><strong>amat</strong></span> 
     </span>
    </p>
   </div>
   <div class='ocr_carea' id='block_1_56' title="bbox 2001 2835 3614 2940">
    <p class='ocr_par' dir='ltr' id='par_1_56' title="bbox 2001 2835 3614 2940">
     <span class='ocr_line' id='line_1_56' title="bbox 2001 2835 3614 2940; baseline 0.004 -33"><span class='ocrx_word' id='word_1_504' title='bbox 2001 2870 2088 2908; x_wconf 88' lang='lat' dir='ltr'><strong>vos</strong></span> <span class='ocrx_word' id='word_1_505' title='bbox 2107 2895 2120 2920; x_wconf 93' lang='lat'><strong>,</strong></span> <span class='ocrx_word' id='word_1_506' title='bbox 2145 2854 2386 2924; x_wconf 87' lang='lat' dir='ltr'><strong>quoniam</strong></span> <span class='ocrx_word' id='word_1_507' title='bbox 2415 2871 2502 2909; x_wconf 88' lang='lat' dir='ltr'><strong>vos</strong></span> <span class='ocrx_word' id='word_1_508' title='bbox 2523 2871 2604 2908; x_wconf 91' lang='lat' dir='ltr'><strong>me</strong></span> <span class='ocrx_word' id='word_1_509' title='bbox 2627 2855 2832 2922; x_wconf 85' lang='lat' dir='ltr'><strong>amatis,</strong></span> <span class='ocrx_word' id='word_1_510' title='bbox 2870 2863 2920 2940; x_wconf 78' lang='lat' dir='ltr'><strong>et</strong></span> <span class='ocrx_word' id='word_1_511' title='bbox 2941 2835 3425 2940; x_wconf 37' lang='lat' dir='ltr'><strong>creditis&#39;qu‘onian&#39;t</strong></span> <span class='ocrx_word' id='word_1_512' title='bbox 3447 2875 3540 2932; x_wconf 82' lang='lat' dir='ltr'><strong>ego</strong></span> <span class='ocrx_word' id='word_1_513' title='bbox 3581 2876 3614 2935; x_wconf 77' lang='grc' dir='ltr'><strong><em>ᾳ</em></strong></span> 
     </span>
    </p>
   </div>
   <div class='ocr_carea' id='block_1_57' title="bbox 2001 2945 3604 3038">
    <p class='ocr_par' dir='ltr' id='par_1_57' title="bbox 2001 2945 3604 3038">
     <span class='ocr_line' id='line_1_57' title="bbox 2001 2945 3604 3038; baseline 0.007 -38"><span class='ocrx_word' id='word_1_514' title='bbox 2001 2945 2111 3002; x_wconf 85' lang='lat' dir='ltr'><strong>Deo</strong></span> <span class='ocrx_word' id='word_1_515' title='bbox 2141 2947 2294 3012; x_wconf 78' lang='lat' dir='ltr'><strong>exivi,</strong></span> <span class='ocrx_word' id='word_1_516' title='bbox 2319 2956 2415 3002; x_wconf 83' lang='lat' dir='ltr'><strong>eta</strong></span> <span class='ocrx_word' id='word_1_517' title='bbox 2443 2947 2598 3002; x_wconf 83' lang='lat' dir='ltr'><strong>Patre</strong></span> <span class='ocrx_word' id='word_1_518' title='bbox 2622 2949 2734 3003; x_wconf 89' lang='lat' dir='ltr'><strong>veni</strong></span> <span class='ocrx_word' id='word_1_519' title='bbox 2753 2949 2809 3002; x_wconf 87' lang='lat' dir='ltr'><strong>in</strong></span> <span class='ocrx_word' id='word_1_520' title='bbox 2837 2949 2974 3016; x_wconf 82' lang='lat' dir='ltr'><strong>hunc</strong></span> <span class='ocrx_word' id='word_1_521' title='bbox 2999 2949 3250 3005; x_wconf 87' lang='lat' dir='ltr'><strong>mundum</strong></span> <span class='ocrx_word' id='word_1_522' title='bbox 3283 2950 3459 3030; x_wconf 75' lang='lat' dir='ltr'><strong>(Joan.</strong></span> <span class='ocrx_word' id='word_1_523' title='bbox 3493 2969 3604 3038; x_wconf 51' lang='grc' dir='ltr'><strong>ξπ,</strong></span> 
     </span>
    </p>
   </div>
   <div class='ocr_carea' id='block_1_58' title="bbox 296 3032 3610 3127">
    <p class='ocr_par' dir='ltr' id='par_1_58' title="bbox 296 3032 3610 3127">
     <span class='ocr_line' id='line_1_58' title="bbox 296 3032 3610 3127; baseline 0 -25"><span class='ocrx_word' id='word_1_524' title='bbox 296 3062 388 3118; x_wconf 89' lang='lat' dir='ltr'><strong>per</strong></span> <span class='ocrx_word' id='word_1_525' title='bbox 415 3046 471 3101; x_wconf 89' lang='lat' dir='ltr'><strong>id</strong></span> <span class='ocrx_word' id='word_1_526' title='bbox 497 3045 637 3116; x_wconf 89' lang='lat' dir='ltr'><strong>quod</strong></span> <span class='ocrx_word' id='word_1_527' title='bbox 661 3059 721 3100; x_wconf 89' lang='lat' dir='ltr'><strong>se</strong></span> <span class='ocrx_word' id='word_1_528' title='bbox 747 3059 856 3100; x_wconf 90' lang='lat' dir='ltr'><strong>non</strong></span> <span class='ocrx_word' id='word_1_529' title='bbox 878 3042 1198 3113; x_wconf 90' lang='lat' dir='ltr'><strong>diligerent,</strong></span> <span class='ocrx_word' id='word_1_530' title='bbox 1223 3041 1472 3127; x_wconf 81' lang='lat' dir='ltr'><strong>objurgat</strong></span> <span class='ocrx_word' id='word_1_531' title='bbox 1505 3058 1518 3096; x_wconf 91' lang='lat'><strong>:</strong></span> <span class='ocrx_word' id='word_1_532' title='bbox 1550 3040 1614 3096; x_wconf 88' lang='lat' dir='ltr'><strong>Si</strong></span> <span class='ocrx_word' id='word_1_533' title='bbox 1643 3038 1786 3095; x_wconf 86' lang='lat' dir='ltr'><strong>Deus</strong></span> <span class='ocrx_word' id='word_1_534' title='bbox 1809 3058 1902 3112; x_wconf 85' lang='lat' dir='ltr'><strong>pa-</strong></span> <span class='ocrx_word' id='word_1_535' title='bbox 1997 3041 2069 3096; x_wconf 72' lang='grc'>27</span> <span class='ocrx_word' id='word_1_536' title='bbox 2090 3049 2137 3096; x_wconf 91' lang='lat' dir='ltr'><strong>et</strong></span> <span class='ocrx_word' id='word_1_537' title='bbox 2164 3039 2454 3111; x_wconf 72' lang='lat' dir='ltr'><strong>28).Caret</strong></span> <span class='ocrx_word' id='word_1_538' title='bbox 2470 3042 2609 3112; x_wconf 87' lang='lat' dir='ltr'><strong>apud</strong></span> <span class='ocrx_word' id='word_1_539' title='bbox 2624 3041 2838 3099; x_wconf 87' lang='lat' dir='ltr'><strong>Patrem</strong></span> <span class='ocrx_word' id='word_1_540' title='bbox 2866 3045 3269 3102; x_wconf 83' lang='lat' dir='ltr'><strong>intercessionis</strong></span> <span class='ocrx_word' id='word_1_541' title='bbox 3287 3032 3610 3127; x_wconf 68' lang='lat' dir='ltr'><strong>necessitate</strong></span> 
     </span>
    </p>
   </div>
   <div class='ocr_carea' id='block_1_59' title="bbox 294 3118 1898 3213">
    <p class='ocr_par' dir='ltr' id='par_1_59' title="bbox 294 3118 1898 3213">
     <span class='ocr_line' id='line_1_59' title="bbox 294 3118 1898 3213; baseline -0.003 -19"><span class='ocrx_word' id='word_1_542' title='bbox 294 3147 368 3194; x_wconf 87' lang='lat' dir='ltr'><strong>ter</strong></span> <span class='ocrx_word' id='word_1_543' title='bbox 393 3148 562 3194; x_wconf 84' lang='lat' dir='ltr'><strong>vester</strong></span> <span class='ocrx_word' id='word_1_544' title='bbox 587 3147 716 3194; x_wconf 84' lang='lat' dir='ltr'><strong>esset</strong></span> <span class='ocrx_word' id='word_1_545' title='bbox 739 3181 754 3202; x_wconf 90' lang='lat'><strong>,</strong></span> <span class='ocrx_word' id='word_1_546' title='bbox 785 3135 1069 3213; x_wconf 84' lang='lat' dir='ltr'><strong>diligeretis</strong></span> <span class='ocrx_word' id='word_1_547' title='bbox 1114 3135 1290 3206; x_wconf 87' lang='lat' dir='ltr'><strong>utique</strong></span> <span class='ocrx_word' id='word_1_548' title='bbox 1315 3118 1426 3200; x_wconf 42' lang='lat' dir='ltr'><strong>mel;</strong></span> <span class='ocrx_word' id='word_1_549' title='bbox 1455 3150 1546 3206; x_wconf 86' lang='lat' dir='ltr'><strong>ego</strong></span> <span class='ocrx_word' id='word_1_550' title='bbox 1569 3135 1706 3188; x_wconf 88' lang='lat' dir='ltr'><strong>enim</strong></span> <span class='ocrx_word' id='word_1_551' title='bbox 1733 3151 1764 3188; x_wconf 90' lang='lat' dir='ltr'><strong>a</strong></span> <span class='ocrx_word' id='word_1_552' title='bbox 1788 3131 1898 3189; x_wconf 88' lang='lat' dir='ltr'><strong>Deo</strong></span> 
     </span>
    </p>
   </div>
   <div class='ocr_carea' id='block_1_60' title="bbox 2000 3132 3603 3224">
    <p class='ocr_par' dir='ltr' id='par_1_60' title="bbox 2000 3132 3603 3224">
     <span class='ocr_line' id='line_1_60' title="bbox 2000 3132 3603 3224; baseline 0.005 -35"><span class='ocrx_word' id='word_1_553' title='bbox 2000 3133 2238 3209; x_wconf 81' lang='lat' dir='ltr'><strong>perfecta</strong></span> <span class='ocrx_word' id='word_1_554' title='bbox 2267 3132 2336 3190; x_wconf 88' lang='lat' dir='ltr'><strong>de</strong></span> <span class='ocrx_word' id='word_1_555' title='bbox 2363 3133 2505 3222; x_wconf 61' lang='lat' dir='ltr'><strong>Filio</strong></span> <span class='ocrx_word' id='word_1_556' title='bbox 2529 3135 2702 3224; x_wconf 71' lang='lat' dir='ltr'><strong>ﬁdes,</strong></span> <span class='ocrx_word' id='word_1_557' title='bbox 2730 3151 2851 3208; x_wconf 66' lang='lat' dir='ltr'><strong>quae</strong></span> <span class='ocrx_word' id='word_1_558' title='bbox 2872 3137 3020 3212; x_wconf 76' lang='lat' dir='ltr'><strong>quod</strong></span> <span class='ocrx_word' id='word_1_559' title='bbox 3045 3155 3074 3192; x_wconf 88' lang='lat' dir='ltr'><strong>a</strong></span> <span class='ocrx_word' id='word_1_560' title='bbox 3103 3139 3216 3220; x_wconf 72' lang='lat' dir='ltr'><strong>Deo</strong></span> <span class='ocrx_word' id='word_1_561' title='bbox 3243 3139 3439 3221; x_wconf 63' lang='lat' dir='ltr'><strong>exierit</strong></span> <span class='ocrx_word' id='word_1_562' title='bbox 3478 3157 3603 3215; x_wconf 77' lang='lat' dir='ltr'><strong>cre-</strong></span> 
     </span>
    </p>
   </div>
   <div class='ocr_carea' id='block_1_61' title="bbox 294 3225 3614 3315">
    <p class='ocr_par' dir='ltr' id='par_1_61' title="bbox 294 3225 3614 3315">
     <span class='ocr_line' id='line_1_61' title="bbox 294 3225 3614 3315; baseline 0.005 -39"><span class='ocrx_word' id='word_1_563' title='bbox 294 3235 446 3288; x_wconf 68' lang='grc' dir='ltr'><strong>ηίυξ,</strong></span> <span class='ocrx_word' id='word_1_564' title='bbox 478 3231 777 3315; x_wconf 76' lang='lat' dir='ltr'><strong>omnibus,</strong></span> <span class='ocrx_word' id='word_1_565' title='bbox 815 3229 1012 3312; x_wconf 83' lang='lat' dir='ltr'><strong>quibus</strong></span> <span class='ocrx_word' id='word_1_566' title='bbox 1053 3243 1148 3299; x_wconf 88' lang='lat' dir='ltr'><strong>per</strong></span> <span class='ocrx_word' id='word_1_567' title='bbox 1193 3227 1352 3282; x_wconf 86' lang='lat' dir='ltr'><strong>ﬁdem</strong></span> <span class='ocrx_word' id='word_1_568' title='bbox 1395 3227 1538 3282; x_wconf 90' lang='lat' dir='ltr'><strong>Deus</strong></span> <span class='ocrx_word' id='word_1_569' title='bbox 1582 3237 1732 3314; x_wconf 77' lang='lat' dir='ltr'><strong>pater</strong></span> <span class='ocrx_word' id='word_1_570' title='bbox 1781 3237 1864 3282; x_wconf 88' lang='lat' dir='ltr'><strong>est</strong></span> <span class='ocrx_word' id='word_1_571' title='bbox 1885 3268 1899 3293; x_wconf 94' lang='lat'><strong>,</strong></span> <span class='ocrx_word' id='word_1_572' title='bbox 1929 3225 1973 3288; x_wconf 91' lang='lat' dir='ltr'><strong>C</strong></span> <span class='ocrx_word' id='word_1_573' title='bbox 2008 3225 2101 3280; x_wconf 84' lang='lat' dir='ltr'><strong>dat</strong></span> <span class='ocrx_word' id='word_1_574' title='bbox 2129 3235 2292 3296; x_wconf 82' lang='lat' dir='ltr'><strong>atque</strong></span> <span class='ocrx_word' id='word_1_575' title='bbox 2314 3236 2458 3282; x_wconf 85' lang='lat' dir='ltr'><strong>amet</strong></span> <span class='ocrx_word' id='word_1_576' title='bbox 2485 3245 2498 3280; x_wconf 91' lang='lat'>:</span> <span class='ocrx_word' id='word_1_577' title='bbox 2525 3236 2579 3282; x_wconf 89' lang='lat' dir='ltr'><strong>et</strong></span> <span class='ocrx_word' id='word_1_578' title='bbox 2611 3243 2707 3297; x_wconf 90' lang='lat' dir='ltr'><strong>per</strong></span> <span class='ocrx_word' id='word_1_579' title='bbox 2733 3244 2790 3282; x_wconf 78' lang='lat' dir='ltr'><strong>se</strong></span> <span class='ocrx_word' id='word_1_580' title='bbox 2815 3229 2927 3300; x_wconf 86' lang='lat' dir='ltr'><strong>ipsa</strong></span> <span class='ocrx_word' id='word_1_581' title='bbox 2948 3230 3058 3299; x_wconf 91' lang='lat' dir='ltr'><strong>jam</strong></span> <span class='ocrx_word' id='word_1_582' title='bbox 3081 3238 3136 3286; x_wconf 89' lang='lat' dir='ltr'><strong>et</strong></span> <span class='ocrx_word' id='word_1_583' title='bbox 3167 3231 3340 3306; x_wconf 79' lang='lat' dir='ltr'><strong>audiri</strong></span> <span class='ocrx_word' id='word_1_584' title='bbox 3373 3243 3614 3312; x_wconf 70' lang='lat' dir='ltr'><strong>meretur</strong></span> 
     </span>
    </p>
   </div>
   <div class='ocr_carea' id='block_1_62' title="bbox 296 3306 1904 3398">
    <p class='ocr_par' dir='ltr' id='par_1_62' title="bbox 296 3306 1904 3398">
     <span class='ocr_line' id='line_1_62' title="bbox 296 3306 1904 3398; baseline -0.005 -16"><span class='ocrx_word' id='word_1_585' title='bbox 296 3343 388 3398; x_wconf 87' lang='lat' dir='ltr'><strong>per</strong></span> <span class='ocrx_word' id='word_1_586' title='bbox 414 3342 539 3382; x_wconf 84' lang='lat' dir='ltr'><strong>eam</strong></span> <span class='ocrx_word' id='word_1_587' title='bbox 566 3306 724 3380; x_wconf 80' lang='lat' dir='ltr'><strong>ﬁdem</strong></span> <span class='ocrx_word' id='word_1_588' title='bbox 753 3332 907 3396; x_wconf 88' lang='lat' dir='ltr'><strong>pater</strong></span> <span class='ocrx_word' id='word_1_589' title='bbox 937 3309 1052 3389; x_wconf 81' lang='lat' dir='ltr'><strong>est,</strong></span> <span class='ocrx_word' id='word_1_590' title='bbox 1082 3337 1185 3393; x_wconf 88' lang='lat' dir='ltr'><strong>qua</strong></span> <span class='ocrx_word' id='word_1_591' title='bbox 1209 3321 1392 3377; x_wconf 87' lang='lat' dir='ltr'><strong>Jesum</strong></span> <span class='ocrx_word' id='word_1_592' title='bbox 1417 3319 1688 3376; x_wconf 88' lang='lat' dir='ltr'><strong>Christum</strong></span> <span class='ocrx_word' id='word_1_593' title='bbox 1719 3306 1812 3377; x_wconf 83' lang='lat' dir='ltr'><strong>Dei</strong></span> <span class='ocrx_word' id='word_1_594' title='bbox 1843 3320 1904 3374; x_wconf 88' lang='lat' dir='ltr'><strong>ﬁ-</strong></span> 
     </span>
    </p>
   </div>
   <div class='ocr_carea' id='block_1_63' title="bbox 294 3412 1900 3477">
    <p class='ocr_par' dir='ltr' id='par_1_63' title="bbox 294 3412 1900 3477">
     <span class='ocr_line' id='line_1_63' title="bbox 294 3412 1900 3477; baseline -0.004 0"><span class='ocrx_word' id='word_1_595' title='bbox 294 3412 422 3477; x_wconf 85' lang='lat' dir='ltr'><strong>lium</strong></span> <span class='ocrx_word' id='word_1_596' title='bbox 449 3417 794 3476; x_wconf 83' lang='lat' dir='ltr'><strong>confitemur.</strong></span> <span class='ocrx_word' id='word_1_597' title='bbox 849 3417 1129 3472; x_wconf 80' lang='lat' dir='ltr'><strong>Contiteri‘</strong></span> <span class='ocrx_word' id='word_1_598' title='bbox 1161 3425 1340 3472; x_wconf 91' lang='lat' dir='ltr'><strong>autem</strong></span> <span class='ocrx_word' id='word_1_599' title='bbox 1394 3414 1564 3471; x_wconf 91' lang='lat' dir='ltr'><strong>ﬁlium</strong></span> <span class='ocrx_word' id='word_1_600' title='bbox 1605 3415 1900 3473; x_wconf 86' lang='lat' dir='ltr'><strong>secundum</strong></span> 
     </span>
    </p>
   </div>
   <div class='ocr_carea' id='block_1_64' title="bbox 294 3507 1904 3586">
    <p class='ocr_par' dir='ltr' id='par_1_64' title="bbox 294 3507 1904 3586">
     <span class='ocr_line' id='line_1_64' title="bbox 294 3507 1904 3586; baseline -0.005 -16"><span class='ocrx_word' id='word_1_601' title='bbox 294 3514 551 3586; x_wconf 82' lang='lat' dir='ltr'><strong>generale</strong></span> <span class='ocrx_word' id='word_1_602' title='bbox 573 3521 885 3568; x_wconf 90' lang='lat' dir='ltr'><strong>sanctorum</strong></span> <span class='ocrx_word' id='word_1_603' title='bbox 911 3526 1130 3574; x_wconf 80' lang='lat' dir='ltr'><strong>nomen,</strong></span> <span class='ocrx_word' id='word_1_604' title='bbox 1152 3509 1280 3582; x_wconf 88' lang='lat' dir='ltr'><strong>quid</strong></span> <span class='ocrx_word' id='word_1_605' title='bbox 1303 3508 1466 3565; x_wconf 88' lang='lat' dir='ltr'><strong>habet</strong></span> <span class='ocrx_word' id='word_1_606' title='bbox 1497 3507 1640 3576; x_wconf 88' lang='lat' dir='ltr'><strong>ﬁdei,</strong></span> <span class='ocrx_word' id='word_1_607' title='bbox 1671 3517 1728 3566; x_wconf 92' lang='lat' dir='ltr'><strong>ut</strong></span> <span class='ocrx_word' id='word_1_608' title='bbox 1756 3508 1904 3564; x_wconf 83' lang='lat' dir='ltr'><strong>dica-</strong></span> 
     </span>
    </p>
   </div>
   <div class='ocr_carea' id='block_1_65' title="bbox 295 3599 1902 3692">
    <p class='ocr_par' dir='ltr' id='par_1_65' title="bbox 295 3599 1902 3692">
     <span class='ocr_line' id='line_1_65' title="bbox 295 3599 1902 3692; baseline -0.001 -32"><span class='ocrx_word' id='word_1_609' title='bbox 295 3599 412 3661; x_wconf 79' lang='lat' dir='ltr'><strong>inus</strong></span> <span class='ocrx_word' id='word_1_610' title='bbox 433 3650 450 3672; x_wconf 94' lang='lat'><strong>,</strong></span> <span class='ocrx_word' id='word_1_611' title='bbox 481 3602 637 3688; x_wconf 82' lang='lat' dir='ltr'><strong>Unus</strong></span> <span class='ocrx_word' id='word_1_612' title='bbox 685 3619 751 3660; x_wconf 88' lang='lat' dir='ltr'><strong>ex</strong></span> <span class='ocrx_word' id='word_1_613' title='bbox 783 3602 904 3658; x_wconf 88' lang='lat' dir='ltr'><strong>ﬁliis</strong></span> <span class='ocrx_word' id='word_1_614' title='bbox 932 3605 1051 3660; x_wconf 85' lang='lat' dir='ltr'><strong>est?</strong></span> <span class='ocrx_word' id='word_1_615' title='bbox 1071 3603 1176 3660; x_wconf 90' lang='lat' dir='ltr'><strong>Sed</strong></span> <span class='ocrx_word' id='word_1_616' title='bbox 1223 3603 1481 3692; x_wconf 70' lang='lat' dir='ltr'><strong>numquid</strong></span> <span class='ocrx_word' id='word_1_617' title='bbox 1536 3611 1590 3658; x_wconf 91' lang='lat' dir='ltr'><strong>et</strong></span> <span class='ocrx_word' id='word_1_618' title='bbox 1633 3605 1816 3683; x_wconf 66' lang='lat' dir='ltr'><strong>ctetcri</strong></span> <span class='ocrx_word' id='word_1_619' title='bbox 1846 3603 1902 3659; x_wconf 90' lang='lat' dir='ltr'><strong>in</strong></span> 
     </span>
    </p>
   </div>
   <div class='ocr_carea' id='block_1_66' title="bbox 294 3677 1899 3768">
    <p class='ocr_par' dir='ltr' id='par_1_66' title="bbox 294 3677 1899 3768">
     <span class='ocr_line' id='line_1_66' title="bbox 294 3677 1899 3768; baseline -0.001 -15"><span class='ocrx_word' id='word_1_620' title='bbox 294 3683 392 3755; x_wconf 80' lang='lat' dir='ltr'><strong>hac</strong></span> <span class='ocrx_word' id='word_1_621' title='bbox 412 3679 684 3754; x_wconf 71' lang='lat' dir='ltr'><strong>creatura:</strong></span> <span class='ocrx_word' id='word_1_622' title='bbox 711 3712 821 3752; x_wconf 70' lang='lat' dir='ltr'><strong>sua:</strong></span> <span class='ocrx_word' id='word_1_623' title='bbox 849 3697 1158 3752; x_wconf 88' lang='lat' dir='ltr'><strong>inﬁrmitate</strong></span> <span class='ocrx_word' id='word_1_624' title='bbox 1185 3711 1293 3751; x_wconf 91' lang='lat' dir='ltr'><strong>non</strong></span> <span class='ocrx_word' id='word_1_625' title='bbox 1331 3677 1437 3750; x_wconf 53' lang='lat' dir='ltr'><strong>&#39;ﬁlii</strong></span> <span class='ocrx_word' id='word_1_626' title='bbox 1465 3704 1587 3752; x_wconf 92' lang='lat' dir='ltr'><strong>sunt</strong></span> <span class='ocrx_word' id='word_1_627' title='bbox 1612 3677 1652 3748; x_wconf 65' lang='grc' dir='ltr'><strong>γ’</strong></span> <span class='ocrx_word' id='word_1_628' title='bbox 1679 3695 1740 3750; x_wconf 87' lang='lat' dir='ltr'><strong>In</strong></span> <span class='ocrx_word' id='word_1_629' title='bbox 1793 3712 1899 3768; x_wconf 88' lang='lat' dir='ltr'><strong>quo</strong></span> 
     </span>
    </p>
   </div>
   <div class='ocr_carea' id='block_1_67' title="bbox 296 3777 1904 3870">
    <p class='ocr_par' dir='ltr' id='par_1_67' title="bbox 296 3777 1904 3870">
     <span class='ocr_line' id='line_1_67' title="bbox 296 3777 1904 3870; baseline -0.001 -24"><span class='ocrx_word' id='word_1_630' title='bbox 296 3807 420 3863; x_wconf 88' lang='lat' dir='ltr'><strong>ergo</strong></span> <span class='ocrx_word' id='word_1_631' title='bbox 445 3777 623 3846; x_wconf 73' lang='lat' dir='ltr'><strong>ﬁlium</strong></span> <span class='ocrx_word' id='word_1_632' title='bbox 653 3788 748 3846; x_wconf 89' lang='lat' dir='ltr'><strong>Dei</strong></span> <span class='ocrx_word' id='word_1_633' title='bbox 769 3789 956 3846; x_wconf 76' lang='lat' dir='ltr'><strong>Iesum</strong></span> <span class='ocrx_word' id='word_1_634' title='bbox 985 3789 1257 3844; x_wconf 88' lang='lat' dir='ltr'><strong>Christum</strong></span> <span class='ocrx_word' id='word_1_635' title='bbox 1316 3788 1451 3844; x_wconf 90' lang='lat' dir='ltr'><strong>ﬁdes</strong></span> <span class='ocrx_word' id='word_1_636' title='bbox 1491 3788 1742 3850; x_wconf 82' lang='lat' dir='ltr'><strong>confessa</strong></span> <span class='ocrx_word' id='word_1_637' title='bbox 1764 3777 1904 3870; x_wconf 67' lang='lat' dir='ltr'><strong>prai-</strong></span> 
     </span>
    </p>
   </div>
   <div class='ocr_carea' id='block_1_68' title="bbox 294 3880 1900 3956">
    <p class='ocr_par' dir='ltr' id='par_1_68' title="bbox 294 3880 1900 3956">
     <span class='ocr_line' id='line_1_68' title="bbox 294 3880 1900 3956; baseline -0.002 -15"><span class='ocrx_word' id='word_1_638' title='bbox 294 3885 474 3954; x_wconf 86' lang='lat' dir='ltr'><strong>eellit,</strong></span> <span class='ocrx_word' id='word_1_639' title='bbox 501 3900 621 3956; x_wconf 83' lang='lat' dir='ltr'><strong>cum</strong></span> <span class='ocrx_word' id='word_1_640' title='bbox 651 3884 704 3940; x_wconf 91' lang='lat' dir='ltr'><strong>ei</strong></span> <span class='ocrx_word' id='word_1_641' title='bbox 719 3884 800 3955; x_wconf 78' lang='grc' dir='ltr'><strong>(ά)</strong></span> <span class='ocrx_word' id='word_1_642' title='bbox 827 3882 1124 3940; x_wconf 86' lang='lat' dir='ltr'><strong>secundum</strong></span> <span class='ocrx_word' id='word_1_643' title='bbox 1154 3882 1322 3950; x_wconf 89' lang='lat' dir='ltr'><strong>ﬁlios,</strong></span> <span class='ocrx_word' id='word_1_644' title='bbox 1356 3880 1454 3938; x_wconf 91' lang='lat' dir='ltr'><strong>ﬁlii</strong></span> <span class='ocrx_word' id='word_1_645' title='bbox 1502 3898 1610 3938; x_wconf 92' lang='lat' dir='ltr'><strong>non</strong></span> <span class='ocrx_word' id='word_1_646' title='bbox 1667 3893 1860 3938; x_wconf 87' lang='lat' dir='ltr'><strong>natura</strong></span> <span class='ocrx_word' id='word_1_647' title='bbox 1883 3923 1900 3953; x_wconf 94' lang='lat'><strong>,</strong></span> 
     </span>
    </p>
   </div>
   <div class='ocr_carea' id='block_1_69' title="bbox 296 3964 1901 4050">
    <p class='ocr_par' dir='ltr' id='par_1_69' title="bbox 296 3964 1901 4050">
     <span class='ocr_line' id='line_1_69' title="bbox 296 3964 1901 4050; baseline -0.004 -13"><span class='ocrx_word' id='word_1_648' title='bbox 296 3981 391 4050; x_wconf 83' lang='lat' dir='ltr'><strong>sed</strong></span> <span class='ocrx_word' id='word_1_649' title='bbox 419 3964 626 4036; x_wconf 80' lang='lat' dir='ltr'><strong>nomen</strong></span> <span class='ocrx_word' id='word_1_650' title='bbox 645 3979 752 4034; x_wconf 83' lang='lat' dir='ltr'><strong>sit?</strong></span> <span class='ocrx_word' id='word_1_651' title='bbox 778 3977 1050 4035; x_wconf 89' lang='lat' dir='ltr'><strong>Christum</strong></span> <span class='ocrx_word' id='word_1_652' title='bbox 1081 3975 1418 4050; x_wconf 84' lang='lat' dir='ltr'><strong>perﬁdiaista</strong></span> <span class='ocrx_word' id='word_1_653' title='bbox 1447 3992 1553 4032; x_wconf 91' lang='lat' dir='ltr'><strong>non</strong></span> <span class='ocrx_word' id='word_1_654' title='bbox 1576 3976 1779 4048; x_wconf 83' lang='lat' dir='ltr'><strong>diligit,</strong></span> <span class='ocrx_word' id='word_1_655' title='bbox 1819 3976 1901 4050; x_wconf 90' lang='lat' dir='ltr'><strong>(l)</strong></span> 
     </span>
    </p>
   </div>
   <div class='ocr_carea' id='block_1_70' title="bbox 297 4049 1904 4142">
    <p class='ocr_par' dir='ltr' id='par_1_70' title="bbox 297 4049 1904 4142">
     <span class='ocr_line' id='line_1_70' title="bbox 297 4049 1904 4142; baseline -0.004 -13"><span class='ocrx_word' id='word_1_656' title='bbox 297 4049 395 4129; x_wconf 59' lang='lat' dir='ltr'><strong>neti</strong></span> <span class='ocrx_word' id='word_1_657' title='bbox 424 4073 548 4128; x_wconf 71' lang='lat' dir='ltr'><strong>hinc</strong></span> <span class='ocrx_word' id='word_1_658' title='bbox 585 4057 752 4142; x_wconf 82' lang='lat' dir='ltr'><strong>impia</strong></span> <span class='ocrx_word' id='word_1_659' title='bbox 778 4070 1046 4141; x_wconf 83' lang='lat' dir='ltr'><strong>professio</strong></span> <span class='ocrx_word' id='word_1_660' title='bbox 1077 4049 1162 4141; x_wconf 86' lang='lat' dir='ltr'><strong>pie</strong></span> <span class='ocrx_word' id='word_1_661' title='bbox 1189 4069 1294 4124; x_wconf 88' lang='lat' dir='ltr'><strong>sibi</strong></span> <span class='ocrx_word' id='word_1_662' title='bbox 1347 4067 1578 4125; x_wconf 86' lang='lat' dir='ltr'><strong>assumit</strong></span> <span class='ocrx_word' id='word_1_663' title='bbox 1616 4069 1782 4124; x_wconf 90' lang='lat' dir='ltr'><strong>Deum</strong></span> <span class='ocrx_word' id='word_1_664' title='bbox 1807 4049 1904 4140; x_wconf 83' lang='lat' dir='ltr'><strong>pa-</strong></span> 
     </span>
    </p>
   </div>
   <div class='ocr_carea' id='block_1_71' title="bbox 301 4159 1902 4235">
    <p class='ocr_par' dir='ltr' id='par_1_71' title="bbox 301 4159 1902 4235">
     <span class='ocr_line' id='line_1_71' title="bbox 301 4159 1902 4235; baseline -0.001 -15"><span class='ocrx_word' id='word_1_665' title='bbox 301 4173 455 4220; x_wconf 88' lang='lat' dir='ltr'><strong>trem:</strong></span> <span class='ocrx_word' id='word_1_666' title='bbox 472 4163 596 4235; x_wconf 85' lang='lat' dir='ltr'><strong>quia</strong></span> <span class='ocrx_word' id='word_1_667' title='bbox 611 4163 658 4218; x_wconf 89' lang='lat' dir='ltr'><strong>si</strong></span> <span class='ocrx_word' id='word_1_668' title='bbox 669 4163 772 4218; x_wconf 84' lang='lat' dir='ltr'><strong>sibi</strong></span> <span class='ocrx_word' id='word_1_669' title='bbox 789 4172 939 4233; x_wconf 87' lang='lat' dir='ltr'><strong>pater</strong></span> <span class='ocrx_word' id='word_1_670' title='bbox 955 4163 1092 4218; x_wconf 87' lang='lat' dir='ltr'><strong>Deus</strong></span> <span class='ocrx_word' id='word_1_671' title='bbox 1108 4161 1552 4229; x_wconf 89' lang='lat' dir='ltr'><strong>esset,Christum</strong></span> <span class='ocrx_word' id='word_1_672' title='bbox 1566 4161 1637 4218; x_wconf 90' lang='lat' dir='ltr'><strong>ob</strong></span> <span class='ocrx_word' id='word_1_673' title='bbox 1648 4159 1702 4216; x_wconf 89' lang='lat' dir='ltr'><strong>id</strong></span> <span class='ocrx_word' id='word_1_674' title='bbox 1717 4161 1902 4232; x_wconf 85' lang='lat' dir='ltr'><strong>dilige-</strong></span> 
     </span>
    </p>
   </div>
   <div class='ocr_carea' id='block_1_72' title="bbox 297 4253 1908 4327">
    <p class='ocr_par' dir='ltr' id='par_1_72' title="bbox 297 4253 1908 4327">
     <span class='ocr_line' id='line_1_72' title="bbox 297 4253 1908 4327; baseline -0.003 -15"><span class='ocrx_word' id='word_1_675' title='bbox 297 4265 437 4323; x_wconf 85' lang='lat' dir='ltr'><strong>rent,</strong></span> <span class='ocrx_word' id='word_1_676' title='bbox 457 4257 584 4327; x_wconf 87' lang='lat' dir='ltr'><strong>quia</strong></span> <span class='ocrx_word' id='word_1_677' title='bbox 597 4255 797 4311; x_wconf 80' lang='lat' dir='ltr'><strong>exisset</strong></span> <span class='ocrx_word' id='word_1_678' title='bbox 811 4271 874 4311; x_wconf 82' lang='lat' dir='ltr'><strong>ex</strong></span> <span class='ocrx_word' id='word_1_679' title='bbox 892 4255 1219 4311; x_wconf 86' lang='lat' dir='ltr'><strong>Deo.Exissc</strong></span> <span class='ocrx_word' id='word_1_680' title='bbox 1239 4270 1304 4311; x_wconf 86' lang='lat' dir='ltr'><strong>ex</strong></span> <span class='ocrx_word' id='word_1_681' title='bbox 1323 4255 1432 4310; x_wconf 89' lang='lat' dir='ltr'><strong>Deo</strong></span> <span class='ocrx_word' id='word_1_682' title='bbox 1444 4253 1570 4326; x_wconf 88' lang='lat' dir='ltr'><strong>quid</strong></span> <span class='ocrx_word' id='word_1_683' title='bbox 1589 4253 1908 4324; x_wconf 90' lang='lat' dir='ltr'><strong>sitrequiro.</strong></span> 
     </span>
    </p>
   </div>
   <div class='ocr_carea' id='block_1_73' title="bbox 297 4346 1914 4422">
    <p class='ocr_par' dir='ltr' id='par_1_73' title="bbox 297 4346 1914 4422">
     <span class='ocr_line' id='line_1_73' title="bbox 297 4346 1914 4422; baseline 0 -18"><span class='ocrx_word' id='word_1_684' title='bbox 297 4347 413 4408; x_wconf 81' lang='lat' dir='ltr'><strong>Non</strong></span> <span class='ocrx_word' id='word_1_685' title='bbox 469 4347 656 4422; x_wconf 74' lang='lat' dir='ltr'><strong>utique</strong></span> <span class='ocrx_word' id='word_1_686' title='bbox 705 4347 814 4404; x_wconf 91' lang='lat' dir='ltr'><strong>dici</strong></span> <span class='ocrx_word' id='word_1_687' title='bbox 861 4355 1052 4418; x_wconf 87' lang='lat' dir='ltr'><strong>potest,</strong></span> <span class='ocrx_word' id='word_1_688' title='bbox 1091 4349 1148 4404; x_wconf 85' lang='lat' dir='ltr'><strong>id</strong></span> <span class='ocrx_word' id='word_1_689' title='bbox 1176 4349 1350 4420; x_wconf 89' lang='lat' dir='ltr'><strong>ipsum</strong></span> <span class='ocrx_word' id='word_1_690' title='bbox 1393 4363 1513 4406; x_wconf 91' lang='lat' dir='ltr'><strong>esse</strong></span> <span class='ocrx_word' id='word_1_691' title='bbox 1553 4362 1581 4404; x_wconf 90' lang='lat' dir='ltr'><strong>a</strong></span> <span class='ocrx_word' id='word_1_692' title='bbox 1609 4347 1720 4404; x_wconf 88' lang='lat' dir='ltr'><strong>Deo</strong></span> <span class='ocrx_word' id='word_1_693' title='bbox 1736 4346 1914 4418; x_wconf 81' lang='lat' dir='ltr'><strong>exisse</strong></span> 
     </span>
    </p>
   </div>
   <div class='ocr_carea' id='block_1_74' title="bbox 301 4439 1918 4515">
    <p class='ocr_par' dir='ltr' id='par_1_74' title="bbox 301 4439 1918 4515">
     <span class='ocr_line' id='line_1_74' title="bbox 301 4439 1918 4515; baseline -0.001 -19"><span class='ocrx_word' id='word_1_694' title='bbox 301 4439 377 4512; x_wconf 77' lang='lat'><strong>(2)</strong></span> <span class='ocrx_word' id='word_1_695' title='bbox 401 4441 510 4515; x_wconf 79' lang='grc' dir='ltr'><strong>(ε),</strong></span> <span class='ocrx_word' id='word_1_696' title='bbox 529 4441 669 4512; x_wconf 90' lang='lat' dir='ltr'><strong>quod</strong></span> <span class='ocrx_word' id='word_1_697' title='bbox 688 4449 746 4498; x_wconf 89' lang='lat' dir='ltr'><strong>et</strong></span> <span class='ocrx_word' id='word_1_698' title='bbox 764 4440 995 4508; x_wconf 83' lang='lat' dir='ltr'><strong>venisse;</strong></span> <span class='ocrx_word' id='word_1_699' title='bbox 1016 4457 1138 4496; x_wconf 89' lang='lat' dir='ltr'><strong>nam</strong></span> <span class='ocrx_word' id='word_1_700' title='bbox 1161 4451 1451 4513; x_wconf 86' lang='lat' dir='ltr'><strong>utrumque</strong></span> <span class='ocrx_word' id='word_1_701' title='bbox 1470 4440 1760 4512; x_wconf 87' lang='lat' dir='ltr'><strong>signiﬁcat:</strong></span> <span class='ocrx_word' id='word_1_702' title='bbox 1778 4440 1918 4508; x_wconf 81' lang='lat' dir='ltr'><strong>Quo-</strong></span> 
     </span>
    </p>
   </div>
   <div class='ocr_carea' id='block_1_75' title="bbox 2006 3318 3598 3414">
    <p class='ocr_par' dir='ltr' id='par_1_75' title="bbox 2006 3318 3598 3414">
     <span class='ocr_line' id='line_1_75' title="bbox 2006 3318 3598 3414; baseline 0.007 -39"><span class='ocrx_word' id='word_1_703' title='bbox 2006 3328 2061 3375; x_wconf 92' lang='lat' dir='ltr'><strong>et</strong></span> <span class='ocrx_word' id='word_1_704' title='bbox 2087 3321 2280 3387; x_wconf 83' lang='lat' dir='ltr'><strong>amari,</strong></span> <span class='ocrx_word' id='word_1_705' title='bbox 2308 3331 2490 3400; x_wconf 77' lang='lat' dir='ltr'><strong>natum</strong></span> <span class='ocrx_word' id='word_1_706' title='bbox 2509 3336 2574 3376; x_wconf 86' lang='lat' dir='ltr'><strong>ex</strong></span> <span class='ocrx_word' id='word_1_707' title='bbox 2607 3318 2720 3377; x_wconf 91' lang='lat' dir='ltr'><strong>Deo</strong></span> <span class='ocrx_word' id='word_1_708' title='bbox 2751 3321 2945 3397; x_wconf 84' lang='lat' dir='ltr'><strong>Filium</strong></span> <span class='ocrx_word' id='word_1_709' title='bbox 2974 3323 3310 3408; x_wconf 54' lang='lat' dir='ltr'><strong>missumque</strong></span> <span class='ocrx_word' id='word_1_710' title='bbox 3328 3325 3598 3414; x_wconf 70' lang='lat' dir='ltr'><strong>confessa.</strong></span> 
     </span>
    </p>
   </div>
   <div class='ocr_carea' id='block_1_76' title="bbox 2005 3392 3610 3504">
    <p class='ocr_par' dir='ltr' id='par_1_76' title="bbox 2005 3392 3610 3504">
     <span class='ocr_line' id='line_1_76' title="bbox 2005 3392 3610 3504; baseline 0.007 -36"><span class='ocrx_word' id='word_1_711' title='bbox 2005 3411 2272 3468; x_wconf 87' lang='lat' dir='ltr'><strong>Nativitas</strong></span> <span class='ocrx_word' id='word_1_712' title='bbox 2327 3392 2507 3486; x_wconf 77' lang='lat' dir='ltr'><strong>itaque</strong></span> <span class='ocrx_word' id='word_1_713' title='bbox 2571 3413 2689 3485; x_wconf 88' lang='lat' dir='ltr'><strong>ejus</strong></span> <span class='ocrx_word' id='word_1_714' title='bbox 2737 3422 2792 3470; x_wconf 78' lang='lat' dir='ltr'><strong>et</strong></span> <span class='ocrx_word' id='word_1_715' title='bbox 2835 3392 3102 3472; x_wconf 79' lang='lat' dir='ltr'><strong>adventus</strong></span> <span class='ocrx_word' id='word_1_716' title='bbox 3489 3392 3610 3482; x_wconf 73' lang='lat' dir='ltr'><strong>eum</strong></span> 
     </span>
    </p>
   </div>
   <div class='ocr_carea' id='block_1_77' title="bbox 2007 3505 3615 3590">
    <p class='ocr_par' dir='ltr' id='par_1_77' title="bbox 2007 3505 3615 3590">
     <span class='ocr_line' id='line_1_77' title="bbox 2007 3505 3615 3590; baseline 0.003 -30"><span class='ocrx_word' id='word_1_717' title='bbox 2007 3506 2405 3563; x_wconf 87' lang='lat' dir='ltr'><strong>absolutissima</strong></span> <span class='ocrx_word' id='word_1_718' title='bbox 2462 3505 2832 3578; x_wconf 65' lang='lat' dir='ltr'><strong>signiﬁcanda}</strong></span> <span class='ocrx_word' id='word_1_719' title='bbox 2877 3508 3226 3581; x_wconf 88' lang='lat' dir='ltr'><strong>proprietatis</strong></span> <span class='ocrx_word' id='word_1_720' title='bbox 3267 3511 3522 3590; x_wconf 60' lang='lat' dir='ltr'><strong>veritate.</strong></span> 
     </span>
    </p>
   </div>
   <div class='ocr_carea' id='block_1_78' title="bbox 2009 3585 3614 3689">
    <p class='ocr_par' dir='ltr' id='par_1_78' title="bbox 2009 3585 3614 3689">
     <span class='ocr_line' id='line_1_78' title="bbox 2009 3585 3614 3689; baseline 0.002 -31"><span class='ocrx_word' id='word_1_721' title='bbox 2009 3603 2154 3673; x_wconf 88' lang='lat' dir='ltr'><strong>Deo,</strong></span> <span class='ocrx_word' id='word_1_722' title='bbox 2185 3603 2288 3682; x_wconf 42' lang='lat' dir='ltr'><strong>aito,</strong></span> <span class='ocrx_word' id='word_1_723' title='bbox 2322 3603 2486 3670; x_wconf 75' lang='lat' dir='ltr'><strong>exivi;</strong></span> <span class='ocrx_word' id='word_1_724' title='bbox 2513 3618 2583 3659; x_wconf 87' lang='lat' dir='ltr'><strong>ne</strong></span> <span class='ocrx_word' id='word_1_725' title='bbox 2612 3603 2665 3657; x_wconf 89' lang='lat' dir='ltr'><strong>in</strong></span> <span class='ocrx_word' id='word_1_726' title='bbox 2692 3617 2760 3659; x_wconf 92' lang='lat' dir='ltr'><strong>eo</strong></span> <span class='ocrx_word' id='word_1_727' title='bbox 2789 3601 2893 3679; x_wconf 81' lang='lat' dir='ltr'><strong>alia</strong></span> <span class='ocrx_word' id='word_1_728' title='bbox 2912 3619 3072 3676; x_wconf 87' lang='lat' dir='ltr'><strong>quam</strong></span> <span class='ocrx_word' id='word_1_729' title='bbox 3099 3585 3614 3689; x_wconf 24' lang='lat' dir='ltr'><strong>nativitatis-natura</strong></span> 
     </span>
    </p>
   </div>
   <div class='ocr_carea' id='block_1_79' title="bbox 2007 3697 3610 3776">
    <p class='ocr_par' dir='ltr' id='par_1_79' title="bbox 2007 3697 3610 3776">
     <span class='ocr_line' id='line_1_79' title="bbox 2007 3697 3610 3776; baseline -0.001 -20"><span class='ocrx_word' id='word_1_730' title='bbox 2007 3714 2130 3756; x_wconf 90' lang='lat' dir='ltr'><strong>esse</strong></span> <span class='ocrx_word' id='word_1_731' title='bbox 2151 3699 2594 3770; x_wconf 81' lang='lat' dir='ltr'><strong>existimaretur;</strong></span> <span class='ocrx_word' id='word_1_732' title='bbox 2627 3711 2750 3769; x_wconf 86' lang='lat' dir='ltr'><strong>cum</strong></span> <span class='ocrx_word' id='word_1_733' title='bbox 2782 3699 2934 3754; x_wconf 86' lang='lat' dir='ltr'><strong>exire</strong></span> <span class='ocrx_word' id='word_1_734' title='bbox 2955 3713 2985 3751; x_wconf 88' lang='lat' dir='ltr'><strong>a</strong></span> <span class='ocrx_word' id='word_1_735' title='bbox 3011 3698 3155 3765; x_wconf 88' lang='lat' dir='ltr'><strong>Deo,</strong></span> <span class='ocrx_word' id='word_1_736' title='bbox 3186 3697 3237 3776; x_wconf 80' lang='lat' dir='ltr'><strong>id</strong></span> <span class='ocrx_word' id='word_1_737' title='bbox 3261 3706 3346 3774; x_wconf 71' lang='lat' dir='ltr'><strong>est</strong></span> <span class='ocrx_word' id='word_1_738' title='bbox 3366 3739 3382 3764; x_wconf 85' lang='grc'><em>,</em></span> <span class='ocrx_word' id='word_1_739' title='bbox 3413 3715 3479 3760; x_wconf 72' lang='lat' dir='ltr'><strong>ex</strong></span> <span class='ocrx_word' id='word_1_740' title='bbox 3512 3715 3610 3770; x_wconf 62' lang='lat' dir='ltr'><strong>na;</strong></span> 
     </span>
    </p>
   </div>
   <div class='ocr_carea' id='block_1_80' title="bbox 2007 3777 3609 3876">
    <p class='ocr_par' dir='ltr' id='par_1_80' title="bbox 2007 3777 3609 3876">
     <span class='ocr_line' id='line_1_80' title="bbox 2007 3777 3609 3876; baseline -0.001 -28"><span class='ocrx_word' id='word_1_741' title='bbox 2007 3793 2216 3848; x_wconf 81' lang='lat' dir='ltr'><strong>tivitate</strong></span> <span class='ocrx_word' id='word_1_742' title='bbox 2250 3791 2548 3848; x_wconf 88' lang='lat' dir='ltr'><strong>subsistere</strong></span> <span class='ocrx_word' id='word_1_743' title='bbox 2567 3833 2582 3859; x_wconf 94' lang='lat'><strong>,</strong></span> <span class='ocrx_word' id='word_1_744' title='bbox 2614 3790 2743 3863; x_wconf 89' lang='lat' dir='ltr'><strong>quid</strong></span> <span class='ocrx_word' id='word_1_745' title='bbox 2771 3789 2916 3864; x_wconf 80' lang='lat' dir='ltr'><strong>aliud</strong></span> <span class='ocrx_word' id='word_1_746' title='bbox 2945 3805 3104 3862; x_wconf 84' lang='lat' dir='ltr'><strong>quam</strong></span> <span class='ocrx_word' id='word_1_747' title='bbox 3131 3777 3278 3866; x_wconf 81' lang='lat' dir='ltr'><strong>Deus</strong></span> <span class='ocrx_word' id='word_1_748' title='bbox 3315 3790 3609 3876; x_wconf 48' lang='lat' dir='ltr'><strong>(aposset?</strong></span> 
     </span>
    </p>
   </div>
   <div class='ocr_carea' id='block_1_81' title="bbox 2009 3879 3608 3968">
    <p class='ocr_par' dir='ltr' id='par_1_81' title="bbox 2009 3879 3608 3968">
     <span class='ocr_line' id='line_1_81' title="bbox 2009 3879 3608 3968; baseline 0 -30"><span class='ocrx_word' id='word_1_749' title='bbox 2009 3885 2126 3939; x_wconf 85' lang='lat' dir='ltr'><strong>Eta</strong></span> <span class='ocrx_word' id='word_1_750' title='bbox 2147 3883 2323 3952; x_wconf 88' lang='lat' dir='ltr'><strong>Patre,</strong></span> <span class='ocrx_word' id='word_1_751' title='bbox 2347 3879 2542 3957; x_wconf 89' lang='lat' dir='ltr'><strong>inquit,</strong></span> <span class='ocrx_word' id='word_1_752' title='bbox 2561 3884 2674 3938; x_wconf 90' lang='lat' dir='ltr'><strong>veni</strong></span> <span class='ocrx_word' id='word_1_753' title='bbox 2694 3883 2749 3937; x_wconf 89' lang='lat' dir='ltr'><strong>in</strong></span> <span class='ocrx_word' id='word_1_754' title='bbox 2777 3883 2912 3938; x_wconf 85' lang='lat' dir='ltr'><strong>hunc</strong></span> <span class='ocrx_word' id='word_1_755' title='bbox 2942 3883 3210 3964; x_wconf 67' lang='lat' dir='ltr'><strong>mundum,</strong></span> <span class='ocrx_word' id='word_1_756' title='bbox 3235 3881 3314 3967; x_wconf 22' lang='lat' dir='ltr'><strong>Ut,“</strong></span> <span class='ocrx_word' id='word_1_757' title='bbox 3332 3882 3608 3968; x_wconf 48' lang='lat' dir='ltr'><strong>exitio‘illa</strong></span> 
     </span>
    </p>
   </div>
   <div class='ocr_carea' id='block_1_82' title="bbox 2006 3977 3608 4060">
    <p class='ocr_par' dir='ltr' id='par_1_82' title="bbox 2006 3977 3608 4060">
     <span class='ocr_line' id='line_1_82' title="bbox 2006 3977 3608 4060; baseline -0.001 -26"><span class='ocrx_word' id='word_1_758' title='bbox 2006 3993 2036 4034; x_wconf 90' lang='lat' dir='ltr'><strong>a</strong></span> <span class='ocrx_word' id='word_1_759' title='bbox 2060 3979 2170 4050; x_wconf 80' lang='lat' dir='ltr'><strong>Deo</strong></span> <span class='ocrx_word' id='word_1_760' title='bbox 2183 3979 2436 4034; x_wconf 86' lang='lat' dir='ltr'><strong>nativitas</strong></span> <span class='ocrx_word' id='word_1_761' title='bbox 2455 3978 2749 4050; x_wconf 85' lang='lat' dir='ltr'><strong>signiﬁcata</strong></span> <span class='ocrx_word' id='word_1_762' title='bbox 2773 3993 2893 4034; x_wconf 89' lang='lat' dir='ltr'><strong>esse</strong></span> <span class='ocrx_word' id='word_1_763' title='bbox 2910 3977 3302 4059; x_wconf 79' lang='lat' dir='ltr'><strong>intelligeretur</strong></span> <span class='ocrx_word' id='word_1_764' title='bbox 3329 3993 3394 4054; x_wconf 76' lang='lat' dir='ltr'><strong>ex</strong></span> <span class='ocrx_word' id='word_1_765' title='bbox 3423 3977 3608 4060; x_wconf 48' lang='lat' dir='ltr'><strong>Page,</strong></span> 
     </span>
    </p>
   </div>
   <div class='ocr_carea' id='block_1_83' title="bbox 2008 4066 3608 4138">
    <p class='ocr_par' dir='ltr' id='par_1_83' title="bbox 2008 4066 3608 4138">
     <span class='ocr_line' id='line_1_83' title="bbox 2008 4066 3608 4138; baseline 0.001 -14"><span class='ocrx_word' id='word_1_766' title='bbox 2008 4085 2038 4124; x_wconf 90' lang='lat' dir='ltr'><strong>a</strong></span> <span class='ocrx_word' id='word_1_767' title='bbox 2092 4069 2251 4124; x_wconf 78' lang='lat' dir='ltr'><strong>Patre</strong></span> <span class='ocrx_word' id='word_1_768' title='bbox 2299 4085 2360 4126; x_wconf 84' lang='lat' dir='ltr'><strong>se</strong></span> <span class='ocrx_word' id='word_1_769' title='bbox 2387 4071 2444 4125; x_wconf 91' lang='lat' dir='ltr'><strong>in</strong></span> <span class='ocrx_word' id='word_1_770' title='bbox 2471 4071 2614 4124; x_wconf 92' lang='lat' dir='ltr'><strong>hunc</strong></span> <span class='ocrx_word' id='word_1_771' title='bbox 2636 4068 2894 4124; x_wconf 91' lang='lat' dir='ltr'><strong>mundum</strong></span> <span class='ocrx_word' id='word_1_772' title='bbox 2918 4066 3196 4138; x_wconf 80' lang='lat' dir='ltr'><strong>professus</strong></span> <span class='ocrx_word' id='word_1_773' title='bbox 3236 4078 3321 4126; x_wconf 89' lang='lat' dir='ltr'><strong>est</strong></span> <span class='ocrx_word' id='word_1_774' title='bbox 3371 4071 3608 4128; x_wconf 88' lang='lat' dir='ltr'><strong>venisse.</strong></span> 
     </span>
    </p>
   </div>
   <div class='ocr_carea' id='block_1_84' title="bbox 2008 4159 3616 4250">
    <p class='ocr_par' dir='ltr' id='par_1_84' title="bbox 2008 4159 3616 4250">
     <span class='ocr_line' id='line_1_84' title="bbox 2008 4159 3616 4250; baseline 0.001 -34"><span class='ocrx_word' id='word_1_775' title='bbox 2008 4160 2256 4218; x_wconf 85' lang='lat' dir='ltr'><strong>Alterum</strong></span> <span class='ocrx_word' id='word_1_776' title='bbox 2285 4162 2464 4232; x_wconf 89' lang='lat' dir='ltr'><strong>itaque</strong></span> <span class='ocrx_word' id='word_1_777' title='bbox 2493 4162 2547 4217; x_wconf 92' lang='lat' dir='ltr'><strong>in</strong></span> <span class='ocrx_word' id='word_1_778' title='bbox 2575 4159 3014 4232; x_wconf 88' lang='lat' dir='ltr'><strong>dispensatione,</strong></span> <span class='ocrx_word' id='word_1_779' title='bbox 3037 4161 3270 4217; x_wconf 91' lang='lat' dir='ltr'><strong>alterum</strong></span> <span class='ocrx_word' id='word_1_780' title='bbox 3317 4159 3382 4250; x_wconf 66' lang='grc' dir='ltr'><strong>ἱιιι1</strong></span> <span class='ocrx_word' id='word_1_781' title='bbox 3422 4170 3616 4250; x_wconf 74' lang='lat' dir='ltr'><strong>natura</strong></span> 
     </span>
    </p>
   </div>
   <div class='ocr_carea' id='block_1_85' title="bbox 2013 4231 3613 4326">
    <p class='ocr_par' dir='ltr' id='par_1_85' title="bbox 2013 4231 3613 4326">
     <span class='ocr_line' id='line_1_85' title="bbox 2013 4231 3613 4326; baseline -0.002 -15"><span class='ocrx_word' id='word_1_782' title='bbox 2013 4263 2117 4311; x_wconf 90' lang='lat' dir='ltr'><strong>est.</strong></span> <span class='ocrx_word' id='word_1_783' title='bbox 2145 4253 2257 4310; x_wconf 86' lang='lat' dir='ltr'><strong>Nec</strong></span> <span class='ocrx_word' id='word_1_784' title='bbox 2281 4255 2481 4326; x_wconf 89' lang='lat' dir='ltr'><strong>patitur</strong></span> <span class='ocrx_word' id='word_1_785' title='bbox 2501 4253 2793 4311; x_wconf 86' lang='lat' dir='ltr'><strong>exitionem</strong></span> <span class='ocrx_word' id='word_1_786' title='bbox 2820 4253 3110 4308; x_wconf 71' lang='lat' dir='ltr'><strong>adventrum</strong></span> <span class='ocrx_word' id='word_1_787' title='bbox 3141 4231 3464 4321; x_wconf 73' lang='lat' dir='ltr'><strong>existimari,</strong></span> <span class='ocrx_word' id='word_1_788' title='bbox 3489 4269 3613 4311; x_wconf 90' lang='lat' dir='ltr'><strong>cum</strong></span> 
     </span>
    </p>
   </div>
   <div class='ocr_carea' id='block_1_86' title="bbox 2017 4347 3615 4431">
    <p class='ocr_par' dir='ltr' id='par_1_86' title="bbox 2017 4347 3615 4431">
     <span class='ocr_line' id='line_1_86' title="bbox 2017 4347 3615 4431; baseline 0 -27"><span class='ocrx_word' id='word_1_789' title='bbox 2017 4357 2142 4420; x_wconf 91' lang='lat' dir='ltr'><strong>post</strong></span> <span class='ocrx_word' id='word_1_790' title='bbox 2165 4347 2462 4431; x_wconf 76' lang='lat' dir='ltr'><strong>exilionem</strong></span> <span class='ocrx_word' id='word_1_791' title='bbox 2481 4363 2510 4402; x_wconf 88' lang='lat' dir='ltr'><strong>a</strong></span> <span class='ocrx_word' id='word_1_792' title='bbox 2530 4348 2641 4417; x_wconf 77' lang='lat' dir='ltr'><strong>Deo</strong></span> <span class='ocrx_word' id='word_1_793' title='bbox 2661 4389 2677 4416; x_wconf 94' lang='lat'><strong>,</strong></span> <span class='ocrx_word' id='word_1_794' title='bbox 2706 4347 2999 4414; x_wconf 82' lang='lat' dir='ltr'><strong>adventum</strong></span> <span class='ocrx_word' id='word_1_795' title='bbox 3027 4358 3420 4416; x_wconf 81' lang='lat' dir='ltr'><strong>commemoret</strong></span> <span class='ocrx_word' id='word_1_796' title='bbox 3449 4363 3479 4406; x_wconf 86' lang='lat' dir='ltr'><strong>a</strong></span> <span class='ocrx_word' id='word_1_797' title='bbox 3507 4348 3615 4404; x_wconf 81' lang='lat' dir='ltr'><strong>Pa-</strong></span> 
     </span>
    </p>
   </div>
   <div class='ocr_carea' id='block_1_87' title="bbox 2021 4442 3620 4511">
    <p class='ocr_par' dir='ltr' id='par_1_87' title="bbox 2021 4442 3620 4511">
     <span class='ocr_line' id='line_1_87' title="bbox 2021 4442 3620 4511; baseline 0.001 -13"><span class='ocrx_word' id='word_1_798' title='bbox 2021 4451 2122 4498; x_wconf 90' lang='lat' dir='ltr'><strong>tre.</strong></span> <span class='ocrx_word' id='word_1_799' title='bbox 2146 4443 2192 4498; x_wconf 81' lang='lat' dir='ltr'><strong>A</strong></span> <span class='ocrx_word' id='word_1_800' title='bbox 2217 4443 2379 4498; x_wconf 88' lang='lat' dir='ltr'><strong>Patre</strong></span> <span class='ocrx_word' id='word_1_801' title='bbox 2397 4442 2545 4500; x_wconf 91' lang='lat' dir='ltr'><strong>enim</strong></span> <span class='ocrx_word' id='word_1_802' title='bbox 2574 4443 2790 4498; x_wconf 83' lang='lat' dir='ltr'><strong>venisse</strong></span> <span class='ocrx_word' id='word_1_803' title='bbox 2806 4483 2823 4510; x_wconf 92' lang='lat'><strong>,</strong></span> <span class='ocrx_word' id='word_1_804' title='bbox 2852 4453 2908 4498; x_wconf 90' lang='lat' dir='ltr'><strong>et</strong></span> <span class='ocrx_word' id='word_1_805' title='bbox 2934 4458 3001 4498; x_wconf 90' lang='lat' dir='ltr'><strong>ex</strong></span> <span class='ocrx_word' id='word_1_806' title='bbox 3029 4443 3139 4499; x_wconf 89' lang='lat' dir='ltr'><strong>Deo</strong></span> <span class='ocrx_word' id='word_1_807' title='bbox 3159 4443 3339 4500; x_wconf 88' lang='lat' dir='ltr'><strong>exisse</strong></span> <span class='ocrx_word' id='word_1_808' title='bbox 3357 4483 3374 4511; x_wconf 89' lang='lat'><strong>,</strong></span> <span class='ocrx_word' id='word_1_809' title='bbox 3407 4459 3514 4499; x_wconf 92' lang='lat' dir='ltr'><strong>non</strong></span> <span class='ocrx_word' id='word_1_810' title='bbox 3533 4453 3620 4500; x_wconf 91' lang='lat' dir='ltr'><strong>est</strong></span> 
     </span>
    </p>
   </div>
   <div class='ocr_carea' id='block_1_88' title="bbox 300 4521 3616 4617">
    <p class='ocr_par' dir='ltr' id='par_1_88' title="bbox 300 4521 3616 4617">
     <span class='ocr_line' id='line_1_88' title="bbox 300 4521 3616 4617; baseline 0.001 -29"><span class='ocrx_word' id='word_1_811' title='bbox 300 4535 441 4589; x_wconf 80' lang='lat' dir='ltr'><strong>niam</strong></span> <span class='ocrx_word' id='word_1_812' title='bbox 467 4549 506 4588; x_wconf 80' lang='grc' dir='ltr'><strong>α</strong></span> <span class='ocrx_word' id='word_1_813' title='bbox 523 4533 636 4590; x_wconf 88' lang='lat' dir='ltr'><strong>Deo</strong></span> <span class='ocrx_word' id='word_1_814' title='bbox 687 4535 842 4617; x_wconf 60' lang='lat' dir='ltr'><strong>cnvivi,</strong></span> <span class='ocrx_word' id='word_1_815' title='bbox 869 4543 915 4588; x_wconf 88' lang='lat' dir='ltr'><strong>et</strong></span> <span class='ocrx_word' id='word_1_816' title='bbox 957 4536 1094 4590; x_wconf 83' lang='lat' dir='ltr'><strong>veni.</strong></span> <span class='ocrx_word' id='word_1_817' title='bbox 1125 4534 1190 4590; x_wconf 87' lang='lat' dir='ltr'><strong>Et</strong></span> <span class='ocrx_word' id='word_1_818' title='bbox 1215 4535 1510 4591; x_wconf 89' lang='lat' dir='ltr'><strong>ostendens</strong></span> <span class='ocrx_word' id='word_1_819' title='bbox 1531 4533 1657 4604; x_wconf 90' lang='lat' dir='ltr'><strong>quid</strong></span> <span class='ocrx_word' id='word_1_820' title='bbox 1684 4541 1831 4592; x_wconf 86' lang='lat' dir='ltr'><strong>esset</strong></span> <span class='ocrx_word' id='word_1_821' title='bbox 1879 4551 1914 4588; x_wconf 89' lang='lat' dir='ltr'><strong>a</strong></span> <span class='ocrx_word' id='word_1_822' title='bbox 1937 4521 1992 4583; x_wconf 86' lang='lat' dir='ltr'><strong>D</strong></span> <span class='ocrx_word' id='word_1_823' title='bbox 2017 4535 2429 4609; x_wconf 80' lang='lat' dir='ltr'><strong>signiﬁcationis</strong></span> <span class='ocrx_word' id='word_1_824' title='bbox 2455 4535 2699 4608; x_wconf 88' lang='lat' dir='ltr'><strong>ejusdem</strong></span> <span class='ocrx_word' id='word_1_825' title='bbox 2730 4542 2822 4593; x_wconf 92' lang='lat' dir='ltr'><strong>:ct</strong></span> <span class='ocrx_word' id='word_1_826' title='bbox 2846 4545 3108 4612; x_wconf 84' lang='lat' dir='ltr'><strong>quantum</strong></span> <span class='ocrx_word' id='word_1_827' title='bbox 3128 4536 3353 4594; x_wconf 88' lang='lat' dir='ltr'><strong>interest</strong></span> <span class='ocrx_word' id='word_1_828' title='bbox 3370 4529 3458 4610; x_wconf 65' lang='lat' dir='ltr'><strong>‘(j)</strong></span> <span class='ocrx_word' id='word_1_829' title='bbox 3487 4550 3616 4592; x_wconf 89' lang='lat' dir='ltr'><strong>nas-</strong></span> 
     </span>
    </p>
   </div>
   <div class='ocr_carea' id='block_1_89' title="bbox 379 4688 1903 4780">
    <p class='ocr_par' dir='ltr' id='par_1_89' title="bbox 379 4688 1903 4780">
     <span class='ocr_line' id='line_1_89' title="bbox 379 4688 1903 4780; baseline -0.009 -22"><span class='ocrx_word' id='word_1_830' title='bbox 379 4697 464 4774; x_wconf 76' lang='lat' dir='ltr'><strong>(i)</strong></span> <span class='ocrx_word' id='word_1_831' title='bbox 497 4697 608 4753; x_wconf 85' lang='lat' dir='ltr'><strong>Nec</strong></span> <span class='ocrx_word' id='word_1_832' title='bbox 635 4696 801 4776; x_wconf 73' lang='lat' dir='ltr'><strong>impia</strong></span> <span class='ocrx_word' id='word_1_833' title='bbox 823 4695 1074 4773; x_wconf 78' lang='lat' dir='ltr'><strong>professio</strong></span> <span class='ocrx_word' id='word_1_834' title='bbox 1103 4693 1185 4765; x_wconf 81' lang='lat' dir='ltr'><strong>pie</strong></span> <span class='ocrx_word' id='word_1_835' title='bbox 1214 4693 1312 4780; x_wconf 75' lang='lat' dir='ltr'><strong>sibi</strong></span> <span class='ocrx_word' id='word_1_836' title='bbox 1338 4692 1572 4748; x_wconf 85' lang='lat' dir='ltr'><strong>adsumet</strong></span> <span class='ocrx_word' id='word_1_837' title='bbox 1600 4691 1773 4748; x_wconf 89' lang='lat' dir='ltr'><strong>Deum</strong></span> <span class='ocrx_word' id='word_1_838' title='bbox 1795 4688 1903 4746; x_wconf 88' lang='lat' dir='ltr'><strong>Pa-</strong></span> 
     </span>
    </p>
   </div>
   <div class='ocr_carea' id='block_1_90' title="bbox 304 4783 451 4835">
    <p class='ocr_par' dir='ltr' id='par_1_90' title="bbox 304 4783 451 4835">
     <span class='ocr_line' id='line_1_90' title="bbox 304 4783 451 4835; baseline -0.048 0"><span class='ocrx_word' id='word_1_839' title='bbox 304 4783 451 4835; x_wconf 68' lang='lat' dir='ltr'><strong>vein.</strong></span> 
     </span>
    </p>
   </div>
   <div class='ocr_carea' id='block_1_91' title="bbox 401 4905 1737 4995">
    <p class='ocr_par' dir='ltr' id='par_1_91' title="bbox 401 4905 1737 4995">
     <span class='ocr_line' id='line_1_91' title="bbox 401 4905 1737 4995; baseline -0.007 -26"><span class='ocrx_word' id='word_1_840' title='bbox 401 4914 460 4995; x_wconf 68' lang='grc' dir='ltr'><strong>ᾳ)</strong></span> <span class='ocrx_word' id='word_1_841' title='bbox 477 4913 650 4995; x_wconf 56' lang='lat' dir='ltr'><strong>idest</strong></span> <span class='ocrx_word' id='word_1_842' title='bbox 668 4954 688 4995; x_wconf 82' lang='lat'><strong>,_</strong></span> <span class='ocrx_word' id='word_1_843' title='bbox 714 4909 858 4994; x_wconf 79' lang='lat' dir='ltr'><strong>quod</strong></span> <span class='ocrx_word' id='word_1_844' title='bbox 889 4909 964 4995; x_wconf 65' lang='lat' dir='ltr'><strong>ajt</strong></span> <span class='ocrx_word' id='word_1_845' title='bbox 991 4906 1544 4995; x_wconf 50' lang='lat' dir='ltr'><strong>ignogriundeipse</strong></span> <span class='ocrx_word' id='word_1_846' title='bbox 1567 4905 1682 4995; x_wconf 25' lang='lat' dir='ltr'><strong>sit.“</strong></span> 
     </span>
    </p>
   </div>
   <div class='ocr_carea' id='block_1_92' title="bbox 398 4979 1908 5058">
    <p class='ocr_par' dir='ltr' id='par_1_92' title="bbox 398 4979 1908 5058">
     <span class='ocr_line' id='line_1_92' title="bbox 398 4979 1908 5058; baseline -0.007 -15"><span class='ocrx_word' id='word_1_847' title='bbox 475 4979 778 5058; x_wconf 70' lang='lat' dir='ltr'><strong>Ed.iti,&#39;qnid</strong></span> <span class='ocrx_word' id='word_1_848' title='bbox 800 4979 1095 5058; x_wconf 62' lang='lat' dir='ltr'><strong>nescientes.</strong></span> <span class='ocrx_word' id='word_1_849' title='bbox 1130 4979 1321 5058; x_wconf 73' lang='lat' dir='ltr'><strong>veritis</strong></span> <span class='ocrx_word' id='word_1_850' title='bbox 1340 4979 1471 5058; x_wconf 62' lang='lat' dir='ltr'><strong>mss;</strong></span> <span class='ocrx_word' id='word_1_851' title='bbox 1495 4979 1582 5049; x_wconf 82' lang='lat' dir='ltr'><strong>qui</strong></span> <span class='ocrx_word' id='word_1_852' title='bbox 1599 4979 1908 5058; x_wconf 83' lang='lat' dir='ltr'><strong>nescientes:</strong></span> 
     </span>
    </p>
   </div>
   <div class='ocr_carea' id='block_1_93' title="bbox 304 5051 1910 5129">
    <p class='ocr_par' dir='ltr' id='par_1_93' title="bbox 304 5051 1910 5129">
     <span class='ocr_line' id='line_1_93' title="bbox 304 5051 1910 5129; baseline -0.008 -16"><span class='ocrx_word' id='word_1_853' title='bbox 304 5051 681 5129; x_wconf 41' lang='lat' dir='ltr'><strong>qui&#39;tiit&#39;nirtit‘n</strong></span> <span class='ocrx_word' id='word_1_854' title='bbox 712 5068 832 5129; x_wconf 80' lang='lat' dir='ltr'><strong>_nec</strong></span> <span class='ocrx_word' id='word_1_855' title='bbox 883 5051 1253 5129; x_wconf 67' lang='lat' dir='ltr'><strong>intelligentiae</strong></span> <span class='ocrx_word' id='word_1_856' title='bbox 1300 5051 1564 5129; x_wconf 75' lang='lat' dir='ltr'><strong>rationein</strong></span> <span class='ocrx_word' id='word_1_857' title='bbox 1625 5057 1910 5129; x_wconf 52' lang='lat' dir='ltr'><strong>quierunt,</strong></span> 
     </span>
    </p>
   </div>
   <div class='ocr_carea' id='block_1_94' title="bbox 307 5120 1911 5206">
    <p class='ocr_par' dir='ltr' id='par_1_94' title="bbox 307 5120 1911 5206">
     <span class='ocr_line' id='line_1_94' title="bbox 307 5120 1911 5206; baseline -0.006 -23"><span class='ocrx_word' id='word_1_858' title='bbox 307 5120 414 5185; x_wconf 68' lang='lat' dir='ltr'><strong>nec</strong></span> <span class='ocrx_word' id='word_1_859' title='bbox 441 5125 1010 5206; x_wconf 80' lang='lat' dir='ltr'><strong>ab__aliisiutimatam</strong></span> <span class='ocrx_word' id='word_1_860' title='bbox 1057 5120 1309 5206; x_wconf 71' lang='lat' dir='ltr'><strong>capiunt,</strong></span> <span class='ocrx_word' id='word_1_861' title='bbox 1368 5131 1426 5191; x_wconf 81' lang='lat' dir='ltr'><strong>ut</strong></span> <span class='ocrx_word' id='word_1_862' title='bbox 1472 5121 1702 5195; x_wconf 76' lang='lat' dir='ltr'><strong>habetur</strong></span> <span class='ocrx_word' id='word_1_863' title='bbox 1731 5120 1911 5202; x_wconf 66' lang='lat' dir='ltr'><strong>supra</strong></span> 
     </span>
    </p>
   </div>
   <div class='ocr_carea' id='block_1_95' title="bbox 306 5199 576 5260">
    <p class='ocr_par' dir='ltr' id='par_1_95' title="bbox 306 5199 576 5260">
     <span class='ocr_line' id='line_1_95' title="bbox 306 5199 576 5260; baseline -0.011 -4"><span class='ocrx_word' id='word_1_864' title='bbox 306 5217 460 5260; x_wconf 85' lang='lat' dir='ltr'><strong>num.</strong></span> <span class='ocrx_word' id='word_1_865' title='bbox 490 5199 576 5255; x_wconf 75' lang='grc'><strong>15.</strong></span> 
     </span>
    </p>
   </div>
   <div class='ocr_carea' id='block_1_96' title="bbox 380 5265 1918 5351">
    <p class='ocr_par' dir='ltr' id='par_1_96' title="bbox 380 5265 1918 5351">
     <span class='ocr_line' id='line_1_96' title="bbox 380 5265 1918 5351; baseline -0.005 -25"><span class='ocrx_word' id='word_1_866' title='bbox 485 5269 772 5351; x_wconf 68' lang='lat' dir='ltr'><strong>Ei&#39;.,Lips.</strong></span> <span class='ocrx_word' id='word_1_867' title='bbox 805 5277 861 5351; x_wconf 82' lang='lat' dir='ltr'><strong>et</strong></span> <span class='ocrx_word' id='word_1_868' title='bbox 883 5266 1002 5351; x_wconf 43' lang='lat' dir='ltr'><strong>Par}</strong></span> <span class='ocrx_word' id='word_1_869' title='bbox 1031 5267 1121 5351; x_wconf 74' lang='lat' dir='ltr'><strong>qui</strong></span> <span class='ocrx_word' id='word_1_870' title='bbox 1151 5266 1331 5351; x_wconf 39' lang='grc' dir='ltr'><strong>ες.ρεὶ</strong></span> <span class='ocrx_word' id='word_1_871' title='bbox 1359 5265 1497 5349; x_wconf 68' lang='lat' dir='ltr'><strong>ﬁlios</strong></span> <span class='ocrx_word' id='word_1_872' title='bbox 1531 5271 1824 5351; x_wconf 76' lang='lat' dir='ltr'><strong>:corrUpte</strong></span> <span class='ocrx_word' id='word_1_873' title='bbox 1853 5277 1918 5351; x_wconf 70' lang='lat' dir='ltr'><strong>ac</strong></span> 
     </span>
    </p>
   </div>
   <div class='ocr_carea' id='block_1_97' title="bbox 311 5335 1912 5416">
    <p class='ocr_par' dir='ltr' id='par_1_97' title="bbox 311 5335 1912 5416">
     <span class='ocr_line' id='line_1_97' title="bbox 311 5335 1912 5416; baseline -0.007 -16"><span class='ocrx_word' id='word_1_874' title='bbox 311 5335 525 5416; x_wconf 61' lang='lat' dir='ltr'><strong>gpblata</strong></span> <span class='ocrx_word' id='word_1_875' title='bbox 549 5343 604 5416; x_wconf 78' lang='lat' dir='ltr'><strong>vi</strong></span> <span class='ocrx_word' id='word_1_876' title='bbox 633 5335 801 5412; x_wconf 80' lang='lat' dir='ltr'><strong>totius</strong></span> <span class='ocrx_word' id='word_1_877' title='bbox 821 5335 1145 5416; x_wconf 70' lang='lat' dir='ltr'><strong>argumenti.</strong></span> <span class='ocrx_word' id='word_1_878' title='bbox 1178 5335 1256 5394; x_wconf 89' lang='lat' dir='ltr'><strong>lbi</strong></span> <span class='ocrx_word' id='word_1_879' title='bbox 1290 5340 1487 5416; x_wconf 76' lang='lat' dir='ltr'><strong>quippe</strong></span> <span class='ocrx_word' id='word_1_880' title='bbox 1510 5379 1524 5404; x_wconf 96' lang='lat'><strong>,</strong></span> <span class='ocrx_word' id='word_1_881' title='bbox 1583 5346 1810 5416; x_wconf 44' lang='lat' dir='ltr'><strong>plaltqu</strong></span> <span class='ocrx_word' id='word_1_882' title='bbox 1861 5335 1912 5388; x_wconf 89' lang='lat' dir='ltr'><strong>in</strong></span> 
     </span>
    </p>
   </div>
   <div class='ocr_carea' id='block_1_98' title="bbox 461 5393 1910 5486">
    <p class='ocr_par' dir='ltr' id='par_1_98' title="bbox 461 5393 1910 5486">
     <span class='ocr_line' id='line_1_98' title="bbox 461 5393 1910 5486; baseline -0.008 -16"><span class='ocrx_word' id='word_1_883' title='bbox 461 5393 604 5486; x_wconf 62' lang='lat' dir='ltr'><strong>quod</strong></span> <span class='ocrx_word' id='word_1_884' title='bbox 632 5393 838 5468; x_wconf 43' lang='lat' dir='ltr'><strong>tt‘t’t’tn</strong></span> <span class='ocrx_word' id='word_1_885' title='bbox 862 5393 1165 5486; x_wconf 10' lang='lat' dir='ltr'><strong>rd‘iligerent,</strong></span> <span class='ocrx_word' id='word_1_886' title='bbox 1188 5393 1400 5486; x_wconf 32' lang='lat' dir='ltr'><strong>vocula;</strong></span> <span class='ocrx_word' id='word_1_887' title='bbox 1423 5393 1596 5486; x_wconf 33' lang='grc' dir='ltr'><strong>’ξε-’ξιιί</strong></span> <span class='ocrx_word' id='word_1_888' title='bbox 1637 5393 1910 5486; x_wconf 43' lang='lat' dir='ltr'><strong>Christum</strong></span> 
     </span>
    </p>
   </div>
   <div class='ocr_carea' id='block_1_99' title="bbox 306 5399 1916 5567">
    <p class='ocr_par' dir='ltr' id='par_1_99' title="bbox 306 5399 1916 5567">
     <span class='ocr_line' id='line_1_99' title="bbox 307 5399 1910 5540; baseline -0.007 -69"><span class='ocrx_word' id='word_1_889' title='bbox 307 5399 604 5540; x_wconf 48' lang='grc' dir='ltr'><strong>ᾔίῗζῇιιοᾶ</strong></span> <span class='ocrx_word' id='word_1_890' title='bbox 632 5429 688 5468; x_wconf 89' lang='lat' dir='ltr'><strong>se</strong></span> <span class='ocrx_word' id='word_1_891' title='bbox 731 5407 838 5466; x_wconf 78' lang='lat' dir='ltr'><strong>non</strong></span> <span class='ocrx_word' id='word_1_892' title='bbox 869 5399 1165 5487; x_wconf 62' lang='lat' dir='ltr'><strong>diligerent,</strong></span> <span class='ocrx_word' id='word_1_893' title='bbox 1188 5399 1400 5464; x_wconf 40' lang='lat' dir='ltr'><strong>vocula-</strong></span> <span class='ocrx_word' id='word_1_894' title='bbox 1423 5399 1482 5462; x_wconf 67' lang='lat' dir='ltr'><strong>se</strong></span> <span class='ocrx_word' id='word_1_895' title='bbox 1511 5399 1596 5462; x_wconf 69' lang='grc' dir='ltr'><strong>’ξιιῖ</strong></span> <span class='ocrx_word' id='word_1_896' title='bbox 1637 5399 1910 5480; x_wconf 75' lang='lat' dir='ltr'><strong>Christum</strong></span> 
     </span>
     <span class='ocr_line' id='line_1_100' title="bbox 306 5477 1916 5567; baseline -0.006 -26"><span class='ocrx_word' id='word_1_897' title='bbox 306 5481 374 5558; x_wconf 57' lang='lat' dir='ltr'><strong>re</strong></span> <span class='ocrx_word' id='word_1_898' title='bbox 395 5495 580 5567; x_wconf 69' lang='lat' dir='ltr'><strong>ertur;</strong></span> <span class='ocrx_word' id='word_1_899' title='bbox 607 5493 898 5567; x_wconf 71' lang='lat' dir='ltr'><strong>tttnnctque</strong></span> <span class='ocrx_word' id='word_1_900' title='bbox 923 5482 1284 5567; x_wconf 43' lang='lat' dir='ltr'><strong>Hilariuinon</strong></span> <span class='ocrx_word' id='word_1_901' title='bbox 1307 5480 1644 5567; x_wconf 44' lang='lat' dir='ltr'><strong>improbatus</strong></span> <span class='ocrx_word' id='word_1_902' title='bbox 1667 5477 1916 5567; x_wconf 37' lang='lat' dir='ltr'><strong>cos-luis:</strong></span> 
     </span>
    </p>
   </div>
   <div class='ocr_carea' id='block_1_100' title="bbox 311 5543 1923 5628">
    <p class='ocr_par' dir='ltr' id='par_1_100' title="bbox 311 5543 1923 5628">
     <span class='ocr_line' id='line_1_101' title="bbox 311 5543 1923 5628; baseline -0.008 -13"><span class='ocrx_word' id='word_1_903' title='bbox 311 5546 374 5628; x_wconf 58' lang='lat' dir='ltr'><strong>se</strong></span> <span class='ocrx_word' id='word_1_904' title='bbox 395 5599 412 5622; x_wconf 88' lang='lat'><strong>,</strong></span> <span class='ocrx_word' id='word_1_905' title='bbox 439 5557 530 5628; x_wconf 75' lang='lat' dir='ltr'><strong>qui</strong></span> <span class='ocrx_word' id='word_1_906' title='bbox 557 5543 682 5628; x_wconf 72' lang='lat' dir='ltr'><strong>cum</strong></span> <span class='ocrx_word' id='word_1_907' title='bbox 703 5543 975 5628; x_wconf 75' lang='lat' dir='ltr'><strong>Christum</strong></span> <span class='ocrx_word' id='word_1_908' title='bbox 1004 5547 1098 5612; x_wconf 85' lang='lat' dir='ltr'><strong>Dei</strong></span> <span class='ocrx_word' id='word_1_909' title='bbox 1126 5549 1293 5628; x_wconf 73' lang='lat' dir='ltr'><strong>lilium</strong></span> <span class='ocrx_word' id='word_1_910' title='bbox 1343 5543 1404 5608; x_wconf 55' lang='lat' dir='ltr'><strong>et-</strong></span> <span class='ocrx_word' id='word_1_911' title='bbox 1440 5543 1844 5628; x_wconf 60' lang='lat' dir='ltr'><strong>conﬁterentur</strong></span> <span class='ocrx_word' id='word_1_912' title='bbox 1866 5555 1923 5604; x_wconf 91' lang='lat' dir='ltr'><strong>et</strong></span> 
     </span>
    </p>
   </div>
   <div class='ocr_carea' id='block_1_101' title="bbox 311 5613 1926 5694">
    <p class='ocr_par' dir='ltr' id='par_1_101' title="bbox 311 5613 1926 5694">
     <span class='ocr_line' id='line_1_102' title="bbox 311 5613 1926 5694; baseline -0.007 -10"><span class='ocrx_word' id='word_1_913' title='bbox 311 5613 607 5694; x_wconf 53' lang='lat' dir='ltr'><strong>a&#39;m&#39;aFeut,</strong></span> <span class='ocrx_word' id='word_1_914' title='bbox 641 5613 811 5688; x_wconf 76' lang='lat' dir='ltr'><strong>Deum</strong></span> <span class='ocrx_word' id='word_1_915' title='bbox 839 5623 1171 5693; x_wconf 74' lang='lat' dir='ltr'><strong>sibipatrcm</strong></span> <span class='ocrx_word' id='word_1_916' title='bbox 1230 5623 1496 5680; x_wconf 89' lang='lat' dir='ltr'><strong>dicerent.</strong></span> <span class='ocrx_word' id='word_1_917' title='bbox 1547 5621 1787 5694; x_wconf 85' lang='lat' dir='ltr'><strong>Pessime</strong></span> <span class='ocrx_word' id='word_1_918' title='bbox 1831 5634 1926 5674; x_wconf 88' lang='lat' dir='ltr'><strong>au-</strong></span> 
     </span>
    </p>
   </div>
   <div class='ocr_carea' id='block_1_102' title="bbox 317 5693 1926 5772">
    <p class='ocr_par' dir='ltr' id='par_1_102' title="bbox 317 5693 1926 5772">
     <span class='ocr_line' id='line_1_103' title="bbox 317 5693 1926 5772; baseline -0.005 -17"><span class='ocrx_word' id='word_1_919' title='bbox 317 5693 601 5772; x_wconf 66' lang='lat' dir='ltr'><strong>tetn_\&#39;at.</strong></span> <span class='ocrx_word' id='word_1_920' title='bbox 630 5699 746 5772; x_wconf 77' lang='lat' dir='ltr'><strong>bas.</strong></span> <span class='ocrx_word' id='word_1_921' title='bbox 802 5711 905 5772; x_wconf 74' lang='lat' dir='ltr'><strong>ins.</strong></span> <span class='ocrx_word' id='word_1_922' title='bbox 937 5698 1030 5772; x_wconf 78' lang='lat' dir='ltr'><strong>hic</strong></span> <span class='ocrx_word' id='word_1_923' title='bbox 1074 5699 1234 5772; x_wconf 78' lang='lat' dir='ltr'><strong>etiam</strong></span> <span class='ocrx_word' id='word_1_924' title='bbox 1284 5695 1489 5752; x_wconf 85' lang='lat' dir='ltr'><strong>habens</strong></span> <span class='ocrx_word' id='word_1_925' title='bbox 1533 5693 1670 5772; x_wconf 72' lang='lat' dir='ltr'><strong>ﬁlios</strong></span> <span class='ocrx_word' id='word_1_926' title='bbox 1697 5733 1710 5757; x_wconf 95' lang='lat'><strong>,</strong></span> <span class='ocrx_word' id='word_1_927' title='bbox 1744 5701 1926 5772; x_wconf 68' lang='lat' dir='ltr'><strong>postea</strong></span> 
     </span>
    </p>
   </div>
   <div class='ocr_carea' id='block_1_103' title="bbox 315 5761 1929 5840">
    <p class='ocr_par' dir='ltr' id='par_1_103' title="bbox 315 5761 1929 5840">
     <span class='ocr_line' id='line_1_104' title="bbox 315 5761 1929 5840; baseline -0.005 -14"><span class='ocrx_word' id='word_1_928' title='bbox 315 5761 582 5840; x_wconf 65' lang='lat' dir='ltr'><strong>subjicit,</strong></span> <span class='ocrx_word' id='word_1_929' title='bbox 622 5761 728 5824; x_wconf 75' lang='lat' dir='ltr'><strong>non</strong></span> <span class='ocrx_word' id='word_1_930' title='bbox 743 5770 910 5824; x_wconf 87' lang='lat' dir='ltr'><strong>solum</strong></span> <span class='ocrx_word' id='word_1_931' title='bbox 930 5765 1276 5840; x_wconf 82' lang='lat' dir='ltr'><strong>improbavit,</strong></span> <span class='ocrx_word' id='word_1_932' title='bbox 1309 5781 1409 5840; x_wconf 91' lang='lat' dir='ltr'><strong>pro</strong></span> <span class='ocrx_word' id='word_1_933' title='bbox 1437 5761 1543 5823; x_wconf 78' lang='lat' dir='ltr'><strong>non</strong></span> <span class='ocrx_word' id='word_1_934' title='bbox 1567 5761 1872 5835; x_wconf 81' lang='lat' dir='ltr'><strong>improbavit.</strong></span> <span class='ocrx_word' id='word_1_935' title='bbox 1909 5777 1929 5818; x_wconf 87' lang='lat'><strong><em>:</em></strong></span> 
     </span>
    </p>
   </div>
   <div class='ocr_carea' id='block_1_104' title="bbox 319 5849 888 5899">
    <p class='ocr_par' dir='ltr' id='par_1_104' title="bbox 319 5849 888 5899">
     <span class='ocr_line' id='line_1_105' title="bbox 319 5849 888 5899; baseline -0.005 -1"><span class='ocrx_word' id='word_1_936' title='bbox 319 5849 568 5899; x_wconf 78' lang='lat' dir='ltr'><strong>erratum</strong></span> <span class='ocrx_word' id='word_1_937' title='bbox 593 5857 663 5899; x_wconf 82' lang='lat' dir='ltr'><strong>ex</strong></span> <span class='ocrx_word' id='word_1_938' title='bbox 689 5850 888 5898; x_wconf 84' lang='lat' dir='ltr'><strong>errato.</strong></span> 
     </span>
    </p>
   </div>
   <div class='ocr_carea' id='block_1_105' title="bbox 2101 4691 2368 4762">
    <p class='ocr_par' dir='ltr' id='par_1_105' title="bbox 2101 4691 2368 4762">
     <span class='ocr_line' id='line_1_106' title="bbox 2101 4691 2368 4762; baseline 0 -16"><span class='ocrx_word' id='word_1_939' title='bbox 2101 4691 2158 4762; x_wconf 67' lang='grc' dir='ltr'>ἓ)</span> <span class='ocrx_word' id='word_1_940' title='bbox 2190 4691 2368 4746; x_wconf 77' lang='lat' dir='ltr'><strong>Exire.</strong></span> 
     </span>
    </p>
   </div>
   <div class='ocr_carea' id='block_1_106' title="bbox 2075 4690 3176 4835">
    <p class='ocr_par' dir='ltr' id='par_1_106' title="bbox 2075 4690 3176 4835">
     <span class='ocr_line' id='line_1_107' title="bbox 2101 4691 2368 4762; baseline 0 -16"><span class='ocrx_word' id='word_1_941' title='bbox 2101 4691 2158 4762; x_wconf 67' lang='grc' dir='ltr'>ἓ)</span> <span class='ocrx_word' id='word_1_942' title='bbox 2190 4691 2368 4746; x_wconf 77' lang='lat' dir='ltr'><strong>Exire.</strong></span> 
     </span>
     <span class='ocr_line' id='line_1_108' title="bbox 2075 4690 3176 4835; baseline -0.002 -17"><span class='ocrx_word' id='word_1_943' title='bbox 2075 4690 2153 4835; x_wconf 51' lang='grc' dir='ltr'><strong>ΣΞ)</strong></span> <span class='ocrx_word' id='word_1_944' title='bbox 2176 4762 2395 4818; x_wconf 86' lang='lat' dir='ltr'><strong>Dilectio</strong></span> <span class='ocrx_word' id='word_1_945' title='bbox 2421 4762 2478 4817; x_wconf 86' lang='lat' dir='ltr'><strong>in</strong></span> <span class='ocrx_word' id='word_1_946' title='bbox 2498 4759 2708 4818; x_wconf 84' lang='lat' dir='ltr'><strong>Patrem</strong></span> <span class='ocrx_word' id='word_1_947' title='bbox 2732 4761 2896 4818; x_wconf 85' lang='lat' dir='ltr'><strong>omnis</strong></span> <span class='ocrx_word' id='word_1_948' title='bbox 2915 4761 3037 4817; x_wconf 80' lang='lat' dir='ltr'><strong>hinc</strong></span> <span class='ocrx_word' id='word_1_949' title='bbox 3059 4762 3176 4818; x_wconf 88' lang='lat' dir='ltr'><strong>erit.</strong></span> 
     </span>
    </p>
   </div>
   <div class='ocr_carea' id='block_1_107' title="bbox 2085 4897 3617 4976">
    <p class='ocr_par' dir='ltr' id='par_1_107' title="bbox 2085 4897 3617 4976">
     <span class='ocr_line' id='line_1_109' title="bbox 2085 4897 3617 4976; baseline -0.004 -20"><span class='ocrx_word' id='word_1_950' title='bbox 2085 4901 2173 4976; x_wconf 77' lang='grc' dir='ltr'><strong>(ά)</strong></span> <span class='ocrx_word' id='word_1_951' title='bbox 2201 4903 2353 4976; x_wconf 78' lang='lat' dir='ltr'><strong>Apud</strong></span> <span class='ocrx_word' id='word_1_952' title='bbox 2378 4902 2471 4976; x_wconf 80' lang='lat' dir='ltr'><strong>Et‘.</strong></span> <span class='ocrx_word' id='word_1_953' title='bbox 2503 4902 2556 4957; x_wconf 92' lang='lat' dir='ltr'><strong>in</strong></span> <span class='ocrx_word' id='word_1_954' title='bbox 2587 4903 2862 4972; x_wconf 83' lang='lat' dir='ltr'><strong>margine,</strong></span> <span class='ocrx_word' id='word_1_955' title='bbox 2887 4902 3194 4976; x_wconf 85' lang='lat' dir='ltr'><strong>_secundum</strong></span> <span class='ocrx_word' id='word_1_956' title='bbox 3237 4900 3424 4976; x_wconf 32' lang='lat' dir='ltr'><strong>illos‘:</strong></span> <span class='ocrx_word' id='word_1_957' title='bbox 3467 4897 3617 4976; x_wconf 78' lang='lat' dir='ltr'><strong>quod</strong></span> 
     </span>
    </p>
   </div>
   <div class='ocr_carea' id='block_1_108' title="bbox 2015 4965 3620 5046">
    <p class='ocr_par' dir='ltr' id='par_1_108' title="bbox 2015 4965 3620 5046">
     <span class='ocr_line' id='line_1_110' title="bbox 2015 4965 3620 5046; baseline -0.002 -17"><span class='ocrx_word' id='word_1_958' title='bbox 2015 4965 2210 5030; x_wconf 80' lang='lat' dir='ltr'><strong>deinde</strong></span> <span class='ocrx_word' id='word_1_959' title='bbox 2239 4965 2267 5029; x_wconf 70' lang='grc' dir='ltr'><strong>εἰ</strong></span> <span class='ocrx_word' id='word_1_960' title='bbox 2294 4973 2481 5046; x_wconf 86' lang='lat' dir='ltr'><strong>Lipsio</strong></span> <span class='ocrx_word' id='word_1_961' title='bbox 2532 4965 2856 5046; x_wconf 19' lang='lat' dir='ltr'><strong>arreptum;</strong></span> <span class='ocrx_word' id='word_1_962' title='bbox 2887 4971 3019 5046; x_wconf 64' lang='lat' dir='ltr'><strong>Par.</strong></span> <span class='ocrx_word' id='word_1_963' title='bbox 3063 4965 3306 5046; x_wconf 61' lang='lat' dir='ltr'><strong>retinuit.</strong></span> <span class='ocrx_word' id='word_1_964' title='bbox 3358 4965 3620 5046; x_wconf 62' lang='lat' dir='ltr'><strong>Restituti-</strong></span> 
     </span>
    </p>
   </div>
   <div class='ocr_carea' id='block_1_109' title="bbox 2017 4987 3620 5120">
    <p class='ocr_par' dir='ltr' id='par_1_109' title="bbox 2017 4987 3620 5120">
     <span class='ocr_line' id='line_1_111' title="bbox 2017 4987 3620 5043; baseline -0.002 -14"><span class='ocrx_word' id='word_1_965' title='bbox 2017 4987 2210 5030; x_wconf 83' lang='lat' dir='ltr'><strong>uetnue</strong></span> <span class='ocrx_word' id='word_1_966' title='bbox 2239 4990 2267 5029; x_wconf 92' lang='lat' dir='ltr'><strong>a</strong></span> <span class='ocrx_word' id='word_1_967' title='bbox 2294 4987 2354 5029; x_wconf 82' lang='lat' dir='ltr'><strong>LI</strong></span> <span class='ocrx_word' id='word_1_968' title='bbox 2400 4990 2481 5029; x_wconf 81' lang='lat' dir='ltr'><strong>sm</strong></span> <span class='ocrx_word' id='word_1_969' title='bbox 2532 4987 2837 5043; x_wconf 88' lang='lat' dir='ltr'><strong>arreptum,</strong></span> <span class='ocrx_word' id='word_1_970' title='bbox 2888 4987 3013 5027; x_wconf 73' lang='lat' dir='ltr'><strong>rar.</strong></span> <span class='ocrx_word' id='word_1_971' title='bbox 3063 4987 3306 5028; x_wconf 82' lang='lat' dir='ltr'><strong>retinuit.</strong></span> <span class='ocrx_word' id='word_1_972' title='bbox 3358 4987 3550 5028; x_wconf 77' lang='lat' dir='ltr'><strong>itcsutt</strong></span> <span class='ocrx_word' id='word_1_973' title='bbox 3576 4987 3620 5025; x_wconf 89' lang='lat' dir='ltr'><strong>t-</strong></span> 
     </span>
     <span class='ocr_line' id='line_1_112' title="bbox 2017 4987 3620 5120; baseline -0.002 -20"><span class='ocrx_word' id='word_1_974' title='bbox 2017 5061 2137 5120; x_wconf 82' lang='lat' dir='ltr'><strong>inus</strong></span> <span class='ocrx_word' id='word_1_975' title='bbox 2162 5060 2224 5100; x_wconf 74' lang='lat' dir='ltr'><strong>ex</strong></span> <span class='ocrx_word' id='word_1_976' title='bbox 2261 4990 2395 5102; x_wconf 39' lang='lat' dir='ltr'><strong>Bai]?</strong></span> <span class='ocrx_word' id='word_1_977' title='bbox 2423 5053 2478 5100; x_wconf 90' lang='lat' dir='ltr'><strong>et</strong></span> <span class='ocrx_word' id='word_1_978' title='bbox 2504 5060 2636 5120; x_wconf 79' lang='lat' dir='ltr'><strong>mss.</strong></span> <span class='ocrx_word' id='word_1_979' title='bbox 2667 5043 2943 5099; x_wconf 73' lang='lat' dir='ltr'><strong>secundant</strong></span> <span class='ocrx_word' id='word_1_980' title='bbox 2961 5034 3239 5114; x_wconf 78' lang='lat' dir='ltr'><strong>ﬁlios,hoc</strong></span> <span class='ocrx_word' id='word_1_981' title='bbox 3259 5051 3344 5100; x_wconf 82' lang='lat' dir='ltr'><strong>est</strong></span> <span class='ocrx_word' id='word_1_982' title='bbox 3359 5038 3380 5112; x_wconf 80' lang='grc'><em>,’</em></span> <span class='ocrx_word' id='word_1_983' title='bbox 3409 5043 3480 5120; x_wconf 76' lang='lat' dir='ltr'><strong>ad</strong></span> <span class='ocrx_word' id='word_1_984' title='bbox 3505 4987 3620 5107; x_wconf 52' lang='lat' dir='ltr'><strong>nti)-</strong></span> 
     </span>
    </p>
   </div>
   <div class='ocr_carea' id='block_1_110' title="bbox 2017 5116 3554 5193">
    <p class='ocr_par' dir='ltr' id='par_1_110' title="bbox 2017 5116 3554 5193">
     <span class='ocr_line' id='line_1_113' title="bbox 2017 5116 3554 5193; baseline -0.003 -19"><span class='ocrx_word' id='word_1_985' title='bbox 2017 5116 2779 5193; x_wconf 48' lang='lat' dir='ltr'><strong>duntcasterorumﬁliorum.</strong></span> <span class='ocrx_word' id='word_1_986' title='bbox 2853 5186 2884 5193; x_wconf 90' lang='lat'><em>_</em></span> <span class='ocrx_word' id='word_1_987' title='bbox 3129 5187 3160 5193; x_wconf 96' lang='lat'>_</span> <span class='ocrx_word' id='word_1_988' title='bbox 3431 5116 3460 5193; x_wconf 73' lang='lat'><strong>_&#39;</strong></span> <span class='ocrx_word' id='word_1_989' title='bbox 3547 5165 3554 5170; x_wconf 87' lang='lat'><strong>.</strong></span> 
     </span>
    </p>
   </div>
   <div class='ocr_carea' id='block_1_111' title="bbox 2115 5186 3523 5259">
    <p class='ocr_par' dir='ltr' id='par_1_111' title="bbox 2115 5186 3523 5259">
     <span class='ocr_line' id='line_1_114' title="bbox 2115 5186 3523 5259; baseline -0.003 -15"><span class='ocrx_word' id='word_1_990' title='bbox 2115 5189 2164 5259; x_wconf 92' lang='lat' dir='ltr'><strong>e)</strong></span> <span class='ocrx_word' id='word_1_991' title='bbox 2198 5189 2330 5244; x_wconf 85' lang='lat' dir='ltr'><strong>&#39;l&#39;res</strong></span> <span class='ocrx_word' id='word_1_992' title='bbox 2361 5203 2492 5242; x_wconf 89' lang='lat' dir='ltr'><strong>mss.</strong></span> <span class='ocrx_word' id='word_1_993' title='bbox 2516 5186 2823 5242; x_wconf 80' lang='lat' dir='ltr'><strong>Colb.&#39;cum</strong></span> <span class='ocrx_word' id='word_1_994' title='bbox 2845 5186 3006 5243; x_wconf 90' lang='lat' dir='ltr'><strong>Carn.</strong></span> <span class='ocrx_word' id='word_1_995' title='bbox 3040 5197 3095 5242; x_wconf 90' lang='lat' dir='ltr'><strong>et</strong></span> <span class='ocrx_word' id='word_1_996' title='bbox 3121 5187 3330 5257; x_wconf 89' lang='lat' dir='ltr'><strong>Germ.,</strong></span> <span class='ocrx_word' id='word_1_997' title='bbox 3361 5188 3523 5244; x_wconf 68' lang='lat' dir='ltr'><strong>exire.</strong></span> 
     </span>
    </p>
   </div>
   <div class='ocr_carea' id='block_1_112' title="bbox 2091 5196 3626 5334">
    <p class='ocr_par' dir='ltr' id='par_1_112' title="bbox 2091 5196 3626 5334">
     <span class='ocr_line' id='line_1_115' title="bbox 2115 5196 3523 5259; baseline -0.003 -15"><span class='ocrx_word' id='word_1_998' title='bbox 2115 5196 2164 5259; x_wconf 92' lang='lat' dir='ltr'><strong>e)</strong></span> <span class='ocrx_word' id='word_1_999' title='bbox 2198 5196 2330 5244; x_wconf 89' lang='lat' dir='ltr'><strong>&#39;l&#39;res</strong></span> <span class='ocrx_word' id='word_1_1000' title='bbox 2361 5203 2492 5242; x_wconf 89' lang='lat' dir='ltr'><strong>mss.</strong></span> <span class='ocrx_word' id='word_1_1001' title='bbox 2516 5196 2668 5242; x_wconf 81' lang='lat' dir='ltr'><strong>Colb.</strong></span> <span class='ocrx_word' id='word_1_1002' title='bbox 2699 5201 2823 5242; x_wconf 90' lang='lat' dir='ltr'><strong>cum</strong></span> <span class='ocrx_word' id='word_1_1003' title='bbox 2845 5196 3006 5243; x_wconf 82' lang='lat' dir='ltr'><strong>Carn.</strong></span> <span class='ocrx_word' id='word_1_1004' title='bbox 3040 5197 3095 5242; x_wconf 88' lang='lat' dir='ltr'><strong>et</strong></span> <span class='ocrx_word' id='word_1_1005' title='bbox 3121 5196 3330 5257; x_wconf 77' lang='lat' dir='ltr'><strong>Germ.,</strong></span> <span class='ocrx_word' id='word_1_1006' title='bbox 3361 5196 3523 5244; x_wconf 68' lang='lat' dir='ltr'><strong>exire.</strong></span> 
     </span>
     <span class='ocr_line' id='line_1_116' title="bbox 2091 5196 3626 5334; baseline 0.001 -20"><span class='ocrx_word' id='word_1_1007' title='bbox 2091 5196 2162 5334; x_wconf 37' lang='lat' dir='ltr'><strong>if)</strong></span> <span class='ocrx_word' id='word_1_1008' title='bbox 2193 5260 2348 5334; x_wconf 66' lang='lat' dir='ltr'><strong>Lips.</strong></span> <span class='ocrx_word' id='word_1_1009' title='bbox 2378 5260 2611 5334; x_wconf 40' lang='lat' dir='ltr'><strong>etram</strong></span> <span class='ocrx_word' id='word_1_1010' title='bbox 2644 5275 2800 5334; x_wconf 72' lang='lat' dir='ltr'><strong>nona</strong></span> <span class='ocrx_word' id='word_1_1011' title='bbox 2825 5275 2880 5334; x_wconf 75' lang='lat' dir='ltr'><strong>se</strong></span> <span class='ocrx_word' id='word_1_1012' title='bbox 2908 5277 2922 5312; x_wconf 90' lang='lat'><strong>:</strong></span> <span class='ocrx_word' id='word_1_1013' title='bbox 2952 5260 3343 5334; x_wconf 79' lang='lat' dir='ltr'><strong>reluctantibus</strong></span> <span class='ocrx_word' id='word_1_1014' title='bbox 3363 5331 3374 5334; x_wconf 87' lang='lat'>_</span> <span class='ocrx_word' id='word_1_1015' title='bbox 3395 5259 3530 5333; x_wconf 64' lang='lat' dir='ltr'><strong>aliis</strong></span> <span class='ocrx_word' id='word_1_1016' title='bbox 3558 5259 3626 5316; x_wconf 86' lang='lat' dir='ltr'><strong>li-</strong></span> 
     </span>
    </p>
   </div>
   <div class='ocr_carea' id='block_1_113' title="bbox 2023 5323 3619 5405">
    <p class='ocr_par' dir='ltr' id='par_1_113' title="bbox 2023 5323 3619 5405">
     <span class='ocr_line' id='line_1_117' title="bbox 2023 5323 3619 5405; baseline 0 -19"><span class='ocrx_word' id='word_1_1017' title='bbox 2023 5323 2160 5405; x_wconf 41' lang='lat' dir='ltr'><strong>bris;</strong></span> <span class='ocrx_word' id='word_1_1018' title='bbox 2189 5323 2367 5405; x_wconf 34' lang='lat' dir='ltr'><strong>Porro.</strong></span> <span class='ocrx_word' id='word_1_1019' title='bbox 2390 5323 2944 5390; x_wconf 26' lang='lat' dir='ltr'><strong>llilario’v&#39;o&#39;cabulum</strong></span> <span class='ocrx_word' id='word_1_1020' title='bbox 2977 5333 3121 5405; x_wconf 75' lang='lat' dir='ltr'><strong>origo</strong></span> <span class='ocrx_word' id='word_1_1021' title='bbox 3151 5345 3296 5404; x_wconf 78' lang='lat' dir='ltr'><strong>saepe</strong></span> <span class='ocrx_word' id='word_1_1022' title='bbox 3324 5323 3468 5390; x_wconf 73' lang='lat' dir='ltr'><strong>idem</strong></span> <span class='ocrx_word' id='word_1_1023' title='bbox 3497 5323 3619 5401; x_wconf 76' lang='lat' dir='ltr'><strong>est,</strong></span> 
     </span>
    </p>
   </div>
   <div class='ocr_carea' id='block_1_114' title="bbox 2022 5397 2697 5476">
    <p class='ocr_par' dir='ltr' id='par_1_114' title="bbox 2022 5397 2697 5476">
     <span class='ocr_line' id='line_1_118' title="bbox 2022 5397 2697 5476; baseline -0.003 -20"><span class='ocrx_word' id='word_1_1024' title='bbox 2022 5403 2166 5476; x_wconf 84' lang='lat' dir='ltr'><strong>quod</strong></span> <span class='ocrx_word' id='word_1_1025' title='bbox 2190 5402 2346 5476; x_wconf 82' lang='lat' dir='ltr'><strong>nobis</strong></span> <span class='ocrx_word' id='word_1_1026' title='bbox 2363 5397 2697 5476; x_wconf 67' lang='lat' dir='ltr'><strong>&#39;priuripium.</strong></span> 
     </span>
    </p>
   </div>
   <div class='ocr_carea' id='block_1_115' title="bbox 2097 5473 3628 5556">
    <p class='ocr_par' dir='ltr' id='par_1_115' title="bbox 2097 5473 3628 5556">
     <span class='ocr_line' id='line_1_119' title="bbox 2097 5473 3628 5556; baseline -0.001 -26"><span class='ocrx_word' id='word_1_1027' title='bbox 2097 5473 2183 5556; x_wconf 67' lang='lat' dir='ltr'><strong>(_g)</strong></span> <span class='ocrx_word' id='word_1_1028' title='bbox 2211 5473 2377 5556; x_wconf 76' lang='lat' dir='ltr'><strong>Vetus</strong></span> <span class='ocrx_word' id='word_1_1029' title='bbox 2401 5473 2655 5556; x_wconf 39' lang='lat' dir='ltr'><strong>code’xﬂS.</strong></span> <span class='ocrx_word' id='word_1_1030' title='bbox 2689 5473 2900 5538; x_wconf 82' lang='lat' dir='ltr'><strong>Martini</strong></span> <span class='ocrx_word' id='word_1_1031' title='bbox 2931 5473 3158 5538; x_wconf 87' lang='lat' dir='ltr'><strong>Turon.,</strong></span> <span class='ocrx_word' id='word_1_1032' title='bbox 3209 5474 3328 5545; x_wconf 82' lang='lat' dir='ltr'><strong>quia</strong></span> <span class='ocrx_word' id='word_1_1033' title='bbox 3372 5473 3418 5530; x_wconf 84' lang='lat' dir='ltr'><strong>si</strong></span> <span class='ocrx_word' id='word_1_1034' title='bbox 3459 5473 3628 5530; x_wconf 87' lang='lat' dir='ltr'><strong>oderit</strong></span> 
     </span>
    </p>
   </div>
   <div class='ocr_carea' id='block_1_116' title="bbox 2027 5543 2786 5609">
    <p class='ocr_par' dir='ltr' id='par_1_116' title="bbox 2027 5543 2786 5609">
     <span class='ocr_line' id='line_1_120' title="bbox 2027 5543 2786 5609; baseline -0.001 -10"><span class='ocrx_word' id='word_1_1035' title='bbox 2027 5543 2226 5600; x_wconf 79' lang='lat' dir='ltr'><strong>Filium</strong></span> <span class='ocrx_word' id='word_1_1036' title='bbox 2251 5587 2264 5609; x_wconf 90' lang='lat'><strong>,</strong></span> <span class='ocrx_word' id='word_1_1037' title='bbox 2299 5545 2460 5600; x_wconf 80' lang='lat' dir='ltr'><strong>oderit</strong></span> <span class='ocrx_word' id='word_1_1038' title='bbox 2484 5556 2529 5598; x_wconf 84' lang='lat' dir='ltr'><strong>et</strong></span> <span class='ocrx_word' id='word_1_1039' title='bbox 2558 5543 2786 5600; x_wconf 81' lang='lat' dir='ltr'><strong>Patrem.</strong></span> 
     </span>
    </p>
   </div>
   <div class='ocr_carea' id='block_1_117' title="bbox 2049 5614 3336 5693">
    <p class='ocr_par' dir='ltr' id='par_1_117' title="bbox 2049 5614 3336 5693">
     <span class='ocr_line' id='line_1_121' title="bbox 2049 5614 3336 5693; baseline 0.004 -23"><span class='ocrx_word' id='word_1_1040' title='bbox 2049 5614 2055 5627; x_wconf 91' lang='lat'>&#39;</span> <span class='ocrx_word' id='word_1_1041' title='bbox 2099 5617 2175 5693; x_wconf 73' lang='lat' dir='ltr'><strong>(Ii)</strong></span> <span class='ocrx_word' id='word_1_1042' title='bbox 2200 5619 2290 5693; x_wconf 90' lang='lat' dir='ltr'><strong>_Sic</strong></span> <span class='ocrx_word' id='word_1_1043' title='bbox 2313 5616 2552 5693; x_wconf 72' lang='lat' dir='ltr'><strong>potiores</strong></span> <span class='ocrx_word' id='word_1_1044' title='bbox 2573 5616 2714 5672; x_wconf 87' lang='lat' dir='ltr'><strong>libri.</strong></span> <span class='ocrx_word' id='word_1_1045' title='bbox 2747 5616 2850 5693; x_wconf 68' lang='lat' dir='ltr'><strong>Alii</strong></span> <span class='ocrx_word' id='word_1_1046' title='bbox 2879 5630 3008 5671; x_wconf 90' lang='lat' dir='ltr'><strong>vero</strong></span> <span class='ocrx_word' id='word_1_1047' title='bbox 3029 5657 3044 5682; x_wconf 93' lang='lat'><strong>,</strong></span> <span class='ocrx_word' id='word_1_1048' title='bbox 3074 5616 3194 5693; x_wconf 67' lang='lat' dir='ltr'><strong>hinc</strong></span> <span class='ocrx_word' id='word_1_1049' title='bbox 3221 5619 3336 5675; x_wconf 85' lang='lat' dir='ltr'><strong>erit.</strong></span> 
     </span>
    </p>
   </div>
   <div class='ocr_carea' id='block_1_118' title="bbox 2107 5683 3121 5768">
    <p class='ocr_par' dir='ltr' id='par_1_118' title="bbox 2107 5683 3121 5768">
     <span class='ocr_line' id='line_1_122' title="bbox 2107 5683 3121 5768; baseline 0.001 -27"><span class='ocrx_word' id='word_1_1050' title='bbox 2199 5690 2264 5768; x_wconf 76' lang='lat' dir='ltr'><strong>In__</strong></span> <span class='ocrx_word' id='word_1_1051' title='bbox 2285 5683 2386 5744; x_wconf 62' lang='lat' dir='ltr'><strong>nis.</strong></span> <span class='ocrx_word' id='word_1_1052' title='bbox 2409 5688 2594 5768; x_wconf 48' lang='lat' dir='ltr'><strong>_Maijt”</strong></span> <span class='ocrx_word' id='word_1_1053' title='bbox 2623 5703 2790 5768; x_wconf 63' lang='lat' dir='ltr'><strong>quant</strong></span> <span class='ocrx_word' id='word_1_1054' title='bbox 2802 5683 2945 5768; x_wconf 84' lang='lat' dir='ltr'><strong>Deus</strong></span> <span class='ocrx_word' id='word_1_1055' title='bbox 2972 5683 3121 5743; x_wconf 58' lang='lat' dir='ltr'><strong>esset;</strong></span> 
     </span>
    </p>
   </div>
   <div class='ocr_carea' id='block_1_119' title="bbox 2101 5749 3628 5839">
    <p class='ocr_par' dir='ltr' id='par_1_119' title="bbox 2101 5749 3628 5839">
     <span class='ocr_line' id='line_1_123' title="bbox 2101 5749 3628 5839; baseline -0.012 -5"><span class='ocrx_word' id='word_1_1056' title='bbox 2101 5749 2426 5839; x_wconf 67' lang='grc' dir='ltr'><strong>ς’ἱ),Ειεεμεί</strong></span> <span class='ocrx_word' id='word_1_1057' title='bbox 2451 5801 2466 5827; x_wconf 71' lang='grc'><strong>9</strong></span> <span class='ocrx_word' id='word_1_1058' title='bbox 2499 5749 2826 5839; x_wconf 55' lang='grc' dir='ltr'><strong>ἱξξιέῖήρεεη</strong></span> <span class='ocrx_word' id='word_1_1059' title='bbox 2857 5767 2920 5839; x_wconf 58' lang='lat' dir='ltr'><strong>et</strong></span> <span class='ocrx_word' id='word_1_1060' title='bbox 2934 5775 3059 5839; x_wconf 60' lang='lat' dir='ltr'><strong>moi;</strong></span> <span class='ocrx_word' id='word_1_1061' title='bbox 3078 5802 3094 5828; x_wconf 95' lang='lat'><strong>,</strong></span> <span class='ocrx_word' id='word_1_1062' title='bbox 3125 5763 3179 5820; x_wconf 85' lang='lat' dir='ltr'><strong>in</strong></span> <span class='ocrx_word' id='word_1_1063' title='bbox 3201 5762 3483 5838; x_wconf 67' lang='lat' dir='ltr'><strong>substantia</strong></span> <span class='ocrx_word' id='word_1_1064' title='bbox 3536 5775 3628 5818; x_wconf 86' lang='lat' dir='ltr'><strong>na-</strong></span> 
     </span>
    </p>
   </div>
   <div class='ocr_carea' id='block_1_120' title="bbox 2027 5827 3331 5903">
    <p class='ocr_par' dir='ltr' id='par_1_120' title="bbox 2027 5827 3331 5903">
     <span class='ocr_line' id='line_1_124' title="bbox 2027 5827 3331 5903; baseline 0.002 -17"><span class='ocrx_word' id='word_1_1065' title='bbox 2027 5827 2247 5887; x_wconf 55' lang='lat' dir='ltr'><strong>tivit&#39;a&#39;tis&#39;</strong></span> <span class='ocrx_word' id='word_1_1066' title='bbox 2270 5827 2456 5898; x_wconf 70' lang='lat' dir='ltr'><strong>exisse,</strong></span> <span class='ocrx_word' id='word_1_1067' title='bbox 2483 5831 2627 5885; x_wconf 81' lang='lat' dir='ltr'><strong>aliud</strong></span> <span class='ocrx_word' id='word_1_1068' title='bbox 2649 5831 2737 5896; x_wconf 85' lang='lat' dir='ltr'><strong>sit,</strong></span> <span class='ocrx_word' id='word_1_1069' title='bbox 2760 5827 3175 5903; x_wconf 67' lang='lat' dir='ltr'><strong>etc.&#39;Sequimur</strong></span> <span class='ocrx_word' id='word_1_1070' title='bbox 3201 5827 3331 5892; x_wconf 77' lang='lat' dir='ltr'><strong>mss.</strong></span> 
     </span>
    </p>
   </div>
  </div>
