4118 6186
468 237 576 300 185

1690 237 1934 299 SANCTI
1974 237 2226 298 lllLARll
2262 239 2575 301 EPISCOPI

3673 252 3781 312 I84

463 358 553 425 ci,
580 363 635 413 et
656 353 852 412 adesse
869 394 886 425 ,
919 360 1126 413 tantum
1156 367 1189 411 a
1216 368 1277 411 se
1304 360 1533 425 uterque
1579 368 1764 411 sermo
1799 353 2065 411 discerni-
2090 364 2144 419 Α
2169 357 2265 413 hoc
2287 358 2539 414 credimus
2562 360 2683 427 quia
2706 378 2738 416 a
2766 359 2877 416 Deo
2915 360 3066 416 existi
3114 360 3295 434 (Jomt.
3331 377 3447 432 xvr,
3472 361 3591 437 29).
3622 365 3777 435 Quae,

468 461 576 507 tur.
603 448 740 506 Cum
765 449 910 506 aliud
951 451 1023 505 sit
1065 464 1098 504 a
1130 450 1241 504 Deo
1272 451 1326 504 in
1357 447 1716 504 substantiam
1773 450 2071 506 nativitatis

466 544 677 611 exisse,
707 543 851 598 aliud
881 553 967 599 est
987 558 1018 597 a
1048 542 1210 599 Patre
1241 543 1293 598 in
1324 542 1470 598 hunc
1509 544 1769 599 mundum
1824 545 1891 600 ad
1935 560 2072 602 con-

466 636 789 693 summanda
814 635 1003 691 salutis
1031 645 1233 691 nostrae
1262 650 1603 692 sacramenta
1626 639 1862 694 venisse.

544 731 634 789 '52.
662 729 897 787 Christus
923 729 986 784 ab
1007 730 1260 800 apostolis
1302 733 1444 799 [ilius
1497 749 1561 787 ea:
1616 743 1808 788 natura
1860 749 1963 789 non
2012 750 2075 790 ea:

468 826 750 895 adoptione
776 823 1022 880 creditus.
1047 854 1121 866 —-
1142 825 1214 880 Et
1239 826 1456 895 quidem
1488 827 1787 883 secundum
1818 829 2074 900 proposi-

473 928 596 974 tasa
640 918 799 975 nobis
855 917 1234 989 reSponsionis
1280 918 1525 974 ordinem
1579 920 2076 990 opportunissimus

472 1013 563 1068 hic
592 1011 753 1068 nobis
781 1011 934 1067 locus
960 1019 1084 1080 est,
1115 1020 1174 1066 ut
1204 1012 1366 1066 tertio
1398 1026 1540 1067 nunc
1565 1011 1860 1069 doceamus
1904 1011 2075 1067 ﬁlium

476 1106 571 1161 Dei
623 1104 908 1160 Dominum
939 1112 1183 1160 nostrum
1205 1103 1393 1160 Jesum
1425 1104 1699 1160 Christum
1724 1105 1792 1160 ab
1818 1106 2081 1177 apostolis

475 1200 740 1256 creditum
776 1196 852 1273 (a)
881 1213 987 1254 non
1019 1215 1087 1254 ex
1109 1199 1545 1270 nuncupatione,
1580 1199 1677 1254 sed
1731 1215 1797 1256 ex
1849 1208 2078 1267 natura;

481 1309 658 1365 neque
679 1308 747 1348 ex
775 1294 1069 1364 adoptione
1089 1333 1105 1360 ,
1140 1292 1238 1348 sed
1265 1308 1334 1347 ex
1378 1293 1680 1348 nativitate.
1741 1293 2081 1363 Quamquam

483 1388 629 1442 enim
653 1386 833 1457 plures
861 1395 915 1441 et
940 1384 1016 1459 (b)
1043 1387 1292 1442 maximae
1320 1384 1499 1440 adhuc
1522 1383 1786 1455 unigeniti
1812 1385 1881 1440 de
1905 1398 1966 1440 se
1989 1384 2083 1438 Dei

477 1488 695 1535 exstent
727 1477 1096 1549 professiones
1119 1520 1134 1547 ,
1162 1478 1357 1550 quibus
1382 1478 1750 1548 generationis
1775 1492 1890 1533 sua:
1947 1477 2086 1531 veri-

477 1581 646 1628 tatem
675 1573 792 1628 sine
823 1572 928 1627 levi
957 1571 1150 1627 saltem
1207 1571 1572 1627 ementiendm
1616 1572 1744 1626 licet
1802 1570 2087 1625 calumniae

476 1664 767 1719 occasione
798 1671 1030 1719 testetur
1056 1681 1069 1716 :
1094 1671 1272 1718 tamen
1305 1662 1460 1735 157
1484 1663 1611 1734 quia
1666 1678 1841 1733 neque
1902 1663 2087 1733 legen-

2174 466 2326 523 rogo,
2354 451 2470 507 htee
2497 454 2648 508 verbi
2681 452 2841 524 hujus
2868 453 3158 510 admiratio
3207 465 3314 524 est,
3346 455 3488 526 quod
3515 470 3575 511 se
3602 459 3783 514 exisse

2173 558 2202 596 a
2227 543 2339 598 Deo
2367 541 2645 614 professus
2684 544 2795 600 sit?
2824 545 2995 603 Tanta
3041 556 3097 605 et
3127 556 3234 603 tam
3281 547 3393 603 Deo
3419 548 3636 618 prepria
3660 564 3782 617 vos,

2175 650 2209 690 ο
2237 636 2407 691 sancti
2431 644 2485 691 et
2512 636 2653 692 beati
2685 637 2807 704 viri,
2836 649 2891 695 et
2919 640 2990 695 ob
3020 640 3143 696 ﬁdei
3168 647 3360 696 vestrm
3388 643 3640 697 meritum
3664 642 3783 697 cla-

2176 743 2272 785 ves
2298 727 2377 801 (f)
2410 731 2561 801 regni
2593 731 2855 788 caelorum
2904 735 3102 803 sortiti,
3134 743 3190 790 et
3218 734 3419 805 ligandi
3445 751 3509 791 ac
3536 736 3787 793 solvendi

2180 822 2233 877 in
2247 823 2387 878 coelo
2407 834 2462 878 et
2490 824 2543 878 in
2576 834 2716 879 terra
2730 825 2819 896 jus
2837 825 3038 896 adepti,
3071 837 3222 899 gesta
3241 842 3361 884 esse
3389 844 3483 899 per
3499 828 3789 885 Dominum

2181 923 2425 970 nostrqu
2449 915 2630 972 Jesum
2660 917 2935 974 Christum
2985 920 3077 976 Dei
3110 920 3278 975 ﬁlium
3309 920 3563 977 videratis
3592 941 3607 977 :
3634 932 3690 978 et
3717 923 3791 978 ad

2182 1008 2258 1077 id,
2290 1009 2433 1080 quod
2454 1025 2482 1063 a
2512 1011 2619 1066 Deo
2645 1011 2825 1067 exisse
2847 1025 2908 1067 se
2934 1010 3088 1079 dixit,
3122 1028 3264 1067 nunc
3294 1014 3523 1083 primum
3555 1029 3654 1069 vos
3675 1012 3791 1070 veri

2183 1100 2597 1172 intelligentiam
2625 1102 2841 1173 assequi
2872 1103 3272 1172 protestamini?
3295 1103 3569 1161 Videratis
3599 1107 3787 1177 utique

2187 1194 2456 1266 nuptiales
2500 1210 2693 1268 aquas,
2745 1194 2820 1269 (g)
2865 1206 2918 1251 et
2946 1197 3163 1253 easdem
3196 1199 3436 1269 nuptiale
3478 1199 3686 1267 vinum,
3739 1209 3798 1257 et

2186 1301 2392 1343 natura:
2417 1287 2470 1343 in
2495 1299 2740 1343 naturam
2764 1277 3320 1357 veLdemutaIionem,
3349 1292 3433 1346 vel
3465 1292 3794 1361 profectum,

2187 1380 2272 1437 vel
2300 1382 2631 1437 creationem
2674 1380 2853 1454 (Jonn.
2887 1382 2971 1456 Il).
3015 1382 3267 1453 Quinque
3298 1384 3462 1440 etiam
3512 1400 3677 1454 panes
3724 1386 3795 1441 ad

2188 1473 2369 1528 cibum
2400 1480 2562 1530 tantae
2592 1472 2955 1529 multitudinis
3001 1473 3307 1546 fregeratis,
3357 1484 3413 1530 et
3439 1475 3648 1532 satiatis
3674 1483 3797 1533 οιιι-

2191 1568 2354 1623 nibus
2398 1568 2452 1621 in
2502 1566 2895 1636 plenitudinem
2950 1566 3237 1624 duodecim
3270 1567 3625 1638 caphinorum
3657 1569 3800 1640 frag-

2195 1670 2379 1716 menta
2409 1658 2489 1733 (h)
2520 1659 2600 1732 (2)
2645 1675 2840 1731 panum
2871 1668 3178 1727 creverant,
3210 1668 3267 1715 et
3311 1669 3520 1716 natura:
3565 1662 3803 1740 parvitas

480 1757 615 1813 tium
644 1755 957 1813 onerandus
1009 1762 1096 1811 est
1141 1769 1337 1811 sensus
1367 1755 1708 1810 coacervatis
1754 1753 1823 1809 ad
1874 1754 2087 1825 c0piam
2118 1773 2169 1833 Β
2194 1752 2391 1807 famem
2436 1752 2643 1821 pellens
2684 1751 2986 1822 proiecerat
3025 1750 3079 1806 in
3129 1753 3289 1825 158
3315 1751 3559 1821 ejusdem
3584 1753 3800 1821 copiam

478 1850 672 1914 dictis,
695 1856 752 1903 et
770 1863 891 1903 cum
918 1848 1033 1919 jam
1064 1846 1325 1902 nonnulla
1373 1846 1443 1902 de
1474 1846 1807 1918 proprietate
1838 1845 2092 1901 nativita-

480 1943 549 1998 tis
579 1951 797 1997 ostensa
827 1939 969 2006 sint,
993 1949 1190 1994 ctetera
1212 1940 1395 1995 omnia
1425 1939 1548 1995 aliis
1572 1950 1735 1995 erunt
1764 1939 2088 2010 quaestioni-

480 2034 584 2090 bus
606 2032 957 2090 reservanda.
990 2030 1146 2087 Nunc
1175 2046 1307 2086 vero
1331 2031 1455 2102 quia
1487 2031 1574 2086 hic
1604 2033 1878 2086 sermonis
1907 2031 2083 2085 nostri

483 2127 621 2182 ordo
652 2125 932 2182 institutus
959 2134 1081 2192 est,
1128 2132 1190 2179 ut
1216 2131 1343 2195 post
1390 2123 1570 2179 Patris
1597 2123 2052 2179 contestationem
2074 2162 2090 2189 ,

484 2232 611 2294 post
631 2220 753 2277 Filii
779 2218 1209 2292 professionem,
1269 2216 1341 2290 (a)
1391 2217 1499 2273 ﬁde
1553 2232 1769 2289 quoque
1802 2218 2095 2290 Apostolo-

490 2331 615 2371 rum
662 2314 732 2371 de
769 2328 901 2370 vero
946 2321 1003 2370 et
1055 2312 1353 2370 secundum
1401 2310 1736 2368 nativitatem
1788 2310 2097 2367 conﬁtendo

492 2408 593 2467 Dei
635 2406 746 2463 lilio
771 2407 1130 2474 doceremur;
1163 2404 1456 2462 videndum
1478 2412 1565 2460 est
1588 2446 1603 2471 ,
1634 2419 1702 2459 an
1733 2405 1787 2460 in
1844 2419 1912 2460 eo
1952 2402 2097 2475 quod

493 2500 571 2556 ait
598 2500 861 2556 Dominus
883 2541 899 2567 ,
923 2497 1009 2554 Ea:
1037 2496 1150 2553 Deo
1177 2498 1311 2553 exivi
1332 2539 1347 2565 ,
1380 2496 1527 2553 aliud
1554 2497 1608 2552 in
1640 2512 1706 2553 eo
1744 2496 1949 2568 aliquid
1996 2510 2098 2567 po-

491 2598 601 2651 tius
625 2610 786 2667 quam
816 2604 1066 2651 naturam
1096 2592 1464 2649 intellexerint
1486 2592 1807 2648 nativitatis.

557 2690 649 2746 ‘55.
695 2687 834 2756 Quid
857 2688 925 2743 sit
949 2687 1088 2759 quod
1108 2688 1339 2756 primum
1359 2687 1572 2742 credant
1593 2703 1707 2742 eum
1727 2703 1760 2741 a
1780 2683 1892 2742 Deo
1913 2687 2097 2743 emisse.

486 2811 560 2824 —-
587 2782 714 2838 Post
743 2782 941 2837 multas
990 2795 1226 2852 namque
1258 2779 1668 2849 proverbiorum
1713 2779 2095 2847 obscuritates,

487 2873 684 2945 quibus
726 2872 782 2928 in
809 2872 1082 2943 parabolis
1109 2873 1321 2928 locutus
1369 2878 1550 2941 esset,
1595 2886 1757 2942 quem
1797 2872 1911 2942 jam
1943 2880 2101 2927 antea

486 2967 767 3023 Christum
792 2965 1036 3022 sciebant
1054 2965 1439 3020 annuntiatum
1459 2980 1489 3018 a
1516 2964 1698 3036 Moyse
1724 2974 1779 3020 et
1803 2966 2100 3036 prophetis,

492 3057 806 3115 confessum
836 3073 1052 3128 quoque
1071 3073 1103 3113 a
1129 3056 1432 3113 Nathanael
1458 3067 1512 3113 et
1533 3056 1630 3112 Dei
1648 3057 1819 3113 ﬁlium
1847 3067 1899 3114 et
1921 3073 2104 3129 regem

2194 1854 2399 1898 natura:
2430 1841 2643 1916 (Matth.
2677 1842 2817 1914 xxv).
2866 1843 3179 1899 Reviruisse
3222 1858 3415 1898 manus
3464 1843 3643 1901 aridas
3670 1859 3805 1900 con-

2193 1937 2532 2010 spexeratis,
2566 1945 2622 1992 et
2652 1938 2707 1992 in
2731 1952 2918 1992 vocem
2952 1946 3222 1991 mutorum
3251 1936 3462 2008 linguas
3492 1938 3718 2005 solutas,
3748 1948 3810 1993 et

2195 2031 2249 2086 in
2293 2045 2513 2086 cursum
2559 2029 2876 2085 claudorum
2926 2028 3093 2102 pedes
3143 2030 3386 2096 alacres,
3435 2038 3491 2086 et
3537 2045 3806 2088 caecorum

2195 2124 2383 2180 oculos
2429 2132 2741 2192 cernentes,
2777 2131 2832 2179 et
2861 2135 3200 2180 mortuorum
3251 2124 3388 2180 vitas
3431 2134 3804 2182 revertentes.

2197 2217 2417 2275 Ftetens
2443 2218 2679 2274 Lazarus
2707 2219 3029 2275 constiterat
3056 2220 3124 2276 ad
3154 2235 3368 2288 vocem,
3408 2230 3463 2278 et
3496 2237 3528 2278 e
3556 2223 3807 2294 sepulcro

2198 2319 2444 2376 vocatus,
2471 2309 2619 2366 nullo
2651 2311 2934 2368 intervallo
2955 2312 3105 2368 vocis
3129 2323 3183 2368 et
3209 2314 3354 2382 vitae,
3381 2312 3445 2383 (i)
3469 2315 3608 2371 citus
3632 2315 3808 2371 fuerat

2199 2416 2471 2474 egressus,
2504 2412 2559 2459 et
2579 2402 2756 2460 adhuc
2778 2404 3005 2461 odorem
3036 2406 3227 2462 mortis
3257 2406 3310 2461 in
3341 2421 3560 2464 sensum
3594 2410 3807 2465 narium

2203 2498 2399 2569 spiritu
2430 2508 2646 2569 agente,
2702 2499 2821 2570 ipse
2855 2499 2967 2570 jam
2995 2500 3151 2556 vivus
3180 2500 3462 2556 adstiterat
3502 2500 3681 2575 (Joau.
3731 2518 3814 2570 ιι,

2200 2587 2319 2660 44).
2352 2589 2531 2646 Taceo
2560 2589 2629 2648 de
2674 2593 2885 2648 caeteris
2915 2607 3229 2662 magnarum
3276 2593 3532 2648 virtutum
3580 2603 3637 2649 et
3679 2594 3820 2651 divi-

2203 2698 2396 2739 narum
2424 2685 2851 2753 operationibus.
2879 2685 3033 2741 Nunc
3079 2700 3209 2757 ergo
3239 2687 3473 2757 primum
3506 2687 3817 2759 intelligitis

2205 2782 2294 2853 qui
2324 2781 2394 2836 sit
2422 2778 2512 2835 hic
2560 2780 2759 2836 missus
2811 2795 2842 2835 e
2870 2780 3044 2847 oculis,
3097 2789 3380 2852 postquam
3433 2780 3658 2837 audistis
3688 2800 3701 2836 :
3733 2778 3815 2838 De

2206 2873 2369 2929 Patre
2394 2872 2566 2928 exivi?
2598 2873 2665 2929 Et
2690 2876 2793 2929 hoc
2813 2873 2968 2928 vobis
2995 2872 3223 2943 primum
3246 2874 3357 2945 jam
3382 2873 3500 2929 sine
3520 2874 3818 2944 proverbio

2206 2968 2410 3024 dictum
2434 2976 2537 3037 est,
2561 2978 2617 3023 et
2647 2982 2742 3037 per
2767 2977 2973 3025 naturae
3002 2966 3259 3024 virtutem
3293 2952 3592 3039 intelligitis
3624 2984 3816 3025 verum

2208 3075 2330 3116 esse
2354 3061 2498 3132 quod
2528 3075 2558 3114 a
2588 3060 2698 3115 Deo
2741 3061 2927 3125 exivit,
2956 3075 3078 3116 cum
3107 3060 3442 3116 voluntatum
3475 3060 3554 3135 (5)
3583 3059 3655 3135 (j)
3688 3078 3815 3118 ves—

491 3154 659 3211 Israel
704 3152 885 3226 (Joan.
914 3168 955 3219 ι,
986 3152 1103 3223 49),
1156 3151 1443 3221 objurgato
1480 3149 1647 3205 etiam
1674 3150 1947 3221 Philippo,
1978 3166 2101 3206 cum
2129 3155 2175 3218 C
2209 3161 2411 3210 trarum
2434 3152 2787 3224 cogitationes
2817 3155 3010 3210 tacitus
3032 3154 3293 3222 intuetur,
3313 3169 3433 3208 cum
3462 3151 3538 3226 (k)
3563 3153 3634 3209 de
3658 3155 3822 3210 nullis

491 3246 563 3304 de
589 3247 749 3302 Patre
776 3254 1069 3317 quaereret,
1101 3258 1199 3300 cur
1228 3258 1325 3313 per
1350 3257 1579 3313 operum
1601 3242 1856 3298 virtutem
1887 3242 2102 3298 Patrem

492 3340 548 3395 in
577 3354 637 3394 se
666 3336 748 3412 (i)
779 3337 860 3411 (ά)
888 3352 1010 3394 esse
1035 3345 1091 3393 et
1109 3351 1170 3392 se
1195 3337 1247 3391 in
1279 3335 1438 3392 Patre
1463 3336 1644 3392 inesse
1668 3336 1928 3403 nesciret,
1954 3352 2107 3393 cum-

494 3448 602 3504 que
628 3447 690 3489 se
718 3447 749 3487 a
781 3431 941 3488 Patre
982 3431 1207 3486 missum
1252 3427 1628 3501 frequentibus
1655 3430 1816 3486 dictis
1844 3440 1968 3486 ante
2008 3430 2107 3486 do-

494 3526 699 3582 cuisset
727 3525 908 3597 (loan.
954 3540 1065 3591 xlv,
1096 3524 1261 3595 9-12)
1299 3542 1312 3578 :
1367 3532 1547 3580 tamen
1596 3539 1718 3581 cum
1758 3524 2103 3595 proﬁtentem

497 3633 621 3674 eum
650 3617 930 3674 audissent
971 3632 1032 3673 se
1060 3632 1091 3672 a
1125 3617 1236 3672 Deo
1262 3616 1462 3684 exisse,
1496 3616 1612 3672 haec
1655 3632 1844 3672 eorum
1875 3633 2107 3688 respon-

496 3711 581 3766 sio
627 3711 726 3766 fuit
778 3710 1078 3783 (connexus
1121 3709 1268 3766 enim
1315 3709 1405 3765 hic
1452 3709 1555 3766 sibi
1600 3724 1780 3766 sermo
1809 3709 1915 3782 est)
1961 3709 2108 3767 :Di-

502 3812 622 3859 cunt
644 3803 717 3876 (ε)
746 3803 794 3857 ei
820 3803 1062 3875 discipuli
1091 3806 1224 3877 ejus,
1257 3801 1419 3857 Nunc
1443 3804 1617 3872 palam
1642 3805 1883 3876 loqueris,
1912 3814 1960 3858 et
1987 3822 2109 3875 pro-

495 3897 727 3952 verbium
758 3897 962 3952 nullum
1009 3897 1158 3951 dicis.
1214 3894 1369 3950 Nunc
1414 3913 1535 3969 ergo
1581 3898 1770 3953 scimus
1812 3899 1932 3969 quia
1976 3901 2110 3955 nosti

498 3989 694 4054 omnia,
723 3999 771 4045 et
796 4005 901 4044 non
926 3988 1081 4044 habes
1104 4004 1307 4045 necesse
1326 3997 1381 4042 ut
1407 3987 1595 4062 aliquis
1627 3999 1674 4044 te
1698 3992 1975 4063 interroget
2004 4007 2024 4046 :
2054 3992 2111 4048 in

575 4127 631 4197 (ι

579 4199 636 4272 (‘2

580 4338 663 4410 (a)
690 4340 814 4396 Par.
835 4346 961 4410 post
986 4337 1261 4410 Lipsium.
1302 4337 1559 4410 traditum
1587 4354 1603 4393 :
1631 4338 1770 4410 male
1809 4347 1865 4394 et
1909 4347 2109 4409 praeter

509 4406 741 4468 aliorum
771 4406 1033 4481 librorum
1057 4406 1257 4481 ﬁdem.
1290 4406 1499 4481 Quippe
1546 4408 1785 4464 nondum
1835 4406 2111 4481 apostolo-

507 4498 627 4539 rum
648 4479 890 4552 do_ctrina
922 4479 1265 4552 expenditur,
1297 4478 1392 4533 sed
1417 4478 1569 4552 ﬁdes.

582 4553 659 4626 (b)
710 4550 768 4606 In
816 4553 964 4626 prius
993 4549 1260 4626 _vul_ga_tis_,
1311 4550 1568 4626 maxﬂne,
1624 4549 1960 4626 adverbium.
1989 4551 2110 4626 _Hic

514 4619 865 4690 maxime,“
891 4632 1010 4688 est,
1054 4619 1372 4676 clarissime.
1429 4619 1566 4675 Tum
1624 4623 1675 4676 in
1724 4623 2110 4684 vetustissimis

512 4696 913 4764 exemplaribus
933 4694 1085 4751 Colb.
1112 4702 1169 4748 et
1212 4692 1376 4748 Carn.
1426 4694 1681 4749 scribitur
1728 4693 1956 4764 adhunc,
2006 4711 2112 4749 non

512 4769 623 4823 alio
646 4782 833 4823 sensu.

582 4840 656 4912 (ε)
694 4839 852 4912 Itain
880 4851 1013 4912 mss.
1045 4836 1123 4912 At
1140 4836 1193 4891 in
1217 4838 1452 4904 excusis,
1482 4837 1656 4912 ﬁdem.

585 4908 667 4985 (ἄ)
712 4910 852 4965 Editi
904 4909 989 4964 hic
1006 4909 1220 4985 omisso
1268 4924 1395 4985 esse,
1442 4908 1817 4985 subjiciebant,
1871 4917 1917 4963 et
1964 4926 2021 4985 se
2063 4909 2118 4963 in

514 4979 675 5038 Patre
719 4996 827 5036 esse
879 4981 1118 5047 nesciret,
1153 4994 1260 5034 non
1310 4980 1494 5035 inesse.
1544 4979 1872 5035 Cuncinnior
1900 4990 1983 5036 est
2010 4981 2117 5036 lec—

511 5056 589 5111 tio
620 5069 751 5109 mss.

586 5123 681 5199 (e)
706 5124 828 5180 Par.
857 5137 979 5178 cum
1022 5129 1239 5179 vetusto
1270 5136 1371 5176 ms.
1405 5120 1586 5191 Colb.,
1638 5118 1831 5176 Dicunt
1859 5138 1980 5193 ergo
2012 5123 2121 5177 dis-

517 5197 703 5253 ciouli.

568 5216 756 5342 ’(Wiln
796 5264 1191 5342 antiquioribus
1214 5277 1347 5342 mss.
1389 5261 1482 5342 hic
1521 5262 2012 5342 clavem_.__lnferius
2041 5272 2121 5319 ta-

518 5334 651 5395 men
673 5338 789 5393 haec
818 5334 1123 5392 vox'exStat
1152 5336 1204 5391 in
1235 5334 1425 5406 plurali
1456 5344 1682 5391 numero
1714 5336 1973 5391 librorum
2003 5353 2120 5392 0m-

520 5411 668 5465 nium
696 5423 984 5465 consensu.

595 5481 671 5553 (g)
703 5480 860 5553 Bad.,
892 5479 982 5553 Er.
1016 5488 1071 5534 et
1092 5480 1422 5553 recentiores
1448 5487 1657 5553 mss.et
1683 5478 1736 5532 in
1760 5476 1972 5553 eisdem.
1998 5477 2115 5553 Me-

522 5549 636 5605 lius
670 5552 761 5605 alii
810 5551 951 5615 libri,
998 5559 1043 5604 et
1073 5549 1298 5622 easdem,
1348 5551 1537 5622 supple
1568 5552 1775 5622 factas:
1806 5549 1908 5604 nisi
1957 5550 2114 5605 malis

521 5636 644 5677 cum
672 5621 883 5676 Martia.
911 5630 960 5676 et
988 5636 1053 5675 ea:
1078 5621 1291 5675 eisdem.

599 5690 681 5765 (h)
719 5691 1061 5762 Antiquiores
1108 5705 1239 5765 mss.
1276 5693 1509 5765 puniunt.
1560 5691 1695 5746 Tum
1730 5692 1985 5748 Erasmus
2030 5692 2112 5765 le:

520 5763 754 5835 gendum
783 5770 933 5833 putat
955 5772 1003 5817 et
1030 5764 1256 5819 materiae
1275 5763 1520 5833 paruitas,
1553 5776 1661 5819 non
1688 5773 1740 5819 et
1769 5772 1988 5820 natum.
2015 5763 2114 5820 Cui

699 4127 977 4185 Omittitur
1002 4144 1110 4184 esse
1136 4128 1190 4182 in
1220 4133 1409 4183 nostro
1436 4141 1540 4183 ms.

704 4197 1014 4272 Fragmenta
1040 4199 1273 4271 ponium.

2211 3259 2483 3318 tamquam
2514 3246 2732 3315 ignarus
2761 3245 3079 3317 interrogat,
3121 3260 3242 3301 cum
3292 3246 3534 3301 omnium
3561 3246 3823 3317 cognitor

2210 3340 2332 3396 est?
2361 3339 2466 3395 Per
2495 3338 2612 3394 haec
2639 3339 2782 3397 enim
2809 3341 3013 3406 omnia,
3045 3354 3165 3409 quo:
3193 3339 3392 3394 virtute
3411 3353 3475 3394 ac
3499 3348 3690 3394 natura
3723 3338 3840 3396 Dei‘

2209 3432 2341 3503 agit,
2374 3446 2403 3484 a
2429 3432 2541 3487 Deo
2568 3433 2748 3486 exisse
2776 3430 3081 3487 credendus
3111 3439 3212 3487 est.

2281 3525 2370 3582 54.
2393 3525 2549 3581 Prius
2570 3534 2815 3581 noverant
2831 3543 2864 3581 a
2881 3523 2992 3582 Deo
3008 3527 3218 3582 missum
3235 3542 3254 3581 :
3271 3528 3361 3582 sed
3379 3528 3657 3583 nativitatis
3669 3528 3829 3584 ratio-

2213 3636 2329 3675 nem
2348 3637 2453 3675 non
2470 3628 2787 3690 acceperant.
2821 3650 2892 3659 —
2920 3621 3034 3676 Non
3061 3620 3148 3676 hic
3193 3622 3365 3677 sancti
3395 3623 3624 3692 apostoli
3643 3637 3672 3676 a
3705 3623 3824 3678 Deo

2215 3716 2413 3786 exisse,
2441 3715 2494 3770 id
2520 3724 2625 3783 est,
2658 3730 2685 3769 a
2711 3715 2822 3772 Deo
2850 3715 3072 3771 missum
3104 3731 3225 3771 esse
3252 3715 3662 3784 intellexerunt;
3693 3733 3823 3774 nam

2215 3806 2364 3861 omni
2384 3807 2669 3876 superiore
2697 3820 2949 3862 sermone
2985 3806 3332 3863 conﬁtentem
3362 3807 3586 3864 missum
3608 3823 3732 3866 esse
3762 3827 3827 3868 se

2215 3899 2528 3971 frequenter
2568 3898 2850 3956 audierant
2882 3917 2897 3953 :
2926 3898 3020 3955 sed
3066 3900 3348 3956 audientes
3382 3915 3411 3954 a
3458 3900 3573 3956 Deo
3617 3903 3823 3970 exisse,

2219 4004 2468 4050 naturam
2529 3996 2583 4048 in
2629 4008 2697 4049 eo
2748 3992 2840 4050 Dei
2891 4008 2953 4048 ex
3001 3992 3254 4064 operibus
3278 4004 3585 4063 cernentes,
3611 4003 3827 4054 natura:

2288 4131 2369 4205 (5)
2412 4129 2743 4188 Nostrarum.

2219 4338 2363 4409 lavet
2405 4336 2549 4409 quod
2592 4335 2661 4393 de
2700 4333 3141 4409 eodem_Chr_isti
3177 4333 3332 4409 (facto
3377 4333 3453 4389 ait
3494 4333 3726 4409 Hilarius
3772 4337 3827 4391 in

2220 4404 2482 4464 Matthfc.
2515 4423 2624 4472 XIV,
2661 4423 2717 4463 n.
2747 4406 2815 4463 12
2844 4425 2858 4460 :
2890 4404 3083 4461 Crescit
3104 4407 3290 4461 deinde
3321 4406 3560 4460 ntateries
3586 4423 3605 4461 :
3626 4417 3681 4461 et
3704 4419 3830 4476 post

2221 4496 2411 4551 pauca,
2436 4479 2709 4534 Auctorem
2731 4480 2867 4534 enim
2890 4480 3043 4551 hujus
3066 4477 3410 4532 universitatis
3436 4487 3829 4551 tantusjpanunt

2218 4549 2480 4625 profectus
2508 4552 2749 4625 ostendit,
2776 4566 2864 4625 per
2887 4549 3040 4620 quem
3057 4551 3155 4625 t_ali
3171 4551 3485 4625 incremento
3506 4549 3687 4625 utodus
3708 4565 3832 4620 per-

2220 4620 2451 4678 tractata:
2480 4624 2706 4678 materie
2728 4622 3024 4676 adderetur.
3057 4620 3293 4676 Facilius
3327 4625 3505 4690 itaque
3534 4621 3583 4675 ei
3613 4637 3827 4676 annue-

2220 4708 2424 4759 remus,
2456 4697 2555 4748 nisi
2587 4697 2753 4749 verbo
2785 4703 2984 4747 natura:
3012 4706 3134 4746 mox
3168 4694 3419 4763 repetito,
3453 4693 3500 4745 ei
3533 4693 3833 4760 praemitte—

2221 4779 2369 4840 tjetnr
2418 4766 2668 4840 ejusdem.
2739 4765 2871 4840 (Haec
2925 4764 3187 4840 sententia
3236 4780 3264 4817 a
3319 4763 3645 4840 praecedenti
3715 4777 3826 4840 non

2220 4837 2404 4892 diﬁ‘ert
2439 4832 2549 4892 'nisi
2599 4837 2892 4893 vocabulis.
2930 4833 3131 4889 Deinde
3157 4834 3211 4889 in
3244 4832 3344 4889 ms.
3378 4832 3482 4889 Vat
3530 4833 3645 4888 bas.
3692 4836 3831 4889 revi-

2221 4910 2387 4964 ruisse
2429 4925 2641 4963 manum
2687 4908 2884 4963 aridam
2913 4922 2931 4959 :
2962 4906 3104 4974 quod
3158 4919 3191 4960 a
3234 4906 3491 4961 subnexis
3535 4905 3785 4961 dissonat
3810 4949 3826 4972 ,

2223 4980 2277 5034 in
2299 4980 2492 5050 quibus
2515 4991 2715 5037 caetera
2756 4979 2956 5035 Christi
2983 4984 3133 5048 gesta
3167 4977 3360 5049 plurali
3397 4990 3624 5033 numero
3653 4992 3831 5034 enun-

2222 5052 2445 5107 tiantur.

2298 5121 2361 5193 (i)
2402 5123 2491 5193 Sic
2530 5137 2660 5177 mss.
2690 5121 2761 5177 At
2780 5119 2934 5186 editi,
2967 5119 3086 5174 cito.

2295 5190 2364 5265 (i)
2402 5192 2654 5262 Plerique
2696 5208 2759 5247 ac
2789 5196 3039 5265 potiores
3071 5205 3219 5265 mss:
3258 5198 3568 5265 nostrarum.
3615 5190 3741 5247 Mox
3772 5192 3827 5248 in

2222 5262 2472 5321 omnibus
2501 5266 2723 5331 tacitus;
2750 5263 2838 5318 ubi
2865 5262 2917 5316 in
2946 5262 3160 5323 excusis
3192 5262 3391 5316 tacitas.

2301 5336 2376 5407 (Ις)
2418 5335 2578 5402 Editi,
2612 5339 2674 5391 de
2707 5331 3009 5407 nonnullis._
3032 5333 3251 5407 Rectius
3296 5348 3425 5407 mss.
3476 5335 3738 5403 potiores,
3765 5336 3832 5389 de

2227 5402 2724 5475 nullis;rcspicitur
2766 5408 2909 5461 enim
2959 5405 3110 5470 illud,
3163 5402 3285 5460 Non
3332 5402 3489 5460 habes
3528 5421 3731 5460 necesse
3773 5418 3828 5460 ut

2226 5478 2412 5549 aliquis
2452 5490 2499 5532 te
2518 5481 2817 5551 interroget.
2850 5477 3041 5551 Postea
3071 5476 3193 5551 V_a_t.
3225 5475 3478 5551 has._ms.
3513 5495 3526 5529 :
3558 5475 3687 5551 (Sum
3712 5493 3829 5530 om-

2223 5546 2363 5604 nium
2389 5546 2962 5621 occultorum'cognitor
2984 5558 3091 5615 est;
3116 5546 3270 5601 Mart.
3299 5566 3312 5601 :
3337 5546 3463 5621 Cum
3483 5548 3721 5601 omnium
3739 5566 3828 5602 oc-

2223 5622 2363 5674 culta
2392 5623 2628 5676 conditor
2653 5630 2730 5676 est
2757 5638 2775 5675 :
2797 5619 2983 5675 minus
3003 5622 3245 5685 sincere;
3273 5635 3395 5674 cum
3421 5620 3473 5672 in
3495 5634 3651 5673 sacro
3675 5629 3824 5673 textu

2224 5695 2276 5745 in
2310 5708 2467 5766 quem
2501 5694 2588 5749 hic
2615 5692 2918 5766 reSpiciIur,
2950 5689 3269 5760 simpliciter
3312 5698 3510 5758 exstet,
3540 5690 3663 5760 quia
3690 5702 3825 5746 nem

2221 5765 2413 5819 omnia.
