  <div class='ocr_page' id='page_1' title='image "/cluster/home/n/w/nwhite01/storage/ocr_20150623/10/hvd.32044096580394/098.png"; bbox 0 0 4118 6186; ppageno 0'>
   <div class='ocr_carea' id='block_1_1' title="bbox 318 257 414 316">
    <p class='ocr_par' dir='ltr' id='par_1_1' title="bbox 318 257 414 316">
     <span class='ocr_line' id='line_1_1' title="bbox 318 257 414 316; baseline -0.01 0"><span class='ocrx_word' id='word_1_1' title='bbox 318 257 414 316; x_wconf 72' lang='grc'><strong>185</strong></span> 
     </span>
    </p>
   </div>
   <div class='ocr_carea' id='block_1_2' title="bbox 1504 252 2379 314">
    <p class='ocr_par' dir='ltr' id='par_1_2' title="bbox 1504 252 2379 314">
     <span class='ocr_line' id='line_1_2' title="bbox 1504 252 2379 314; baseline -0.001 0"><span class='ocrx_word' id='word_1_2' title='bbox 1504 257 1592 314; x_wconf 80' lang='lat' dir='ltr'><strong>DE</strong></span> <span class='ocrx_word' id='word_1_3' title='bbox 1630 252 2004 314; x_wconf 78' lang='lat' dir='ltr'><strong>TRINITATE</strong></span> <span class='ocrx_word' id='word_1_4' title='bbox 2043 254 2253 314; x_wconf 78' lang='lat' dir='ltr'><strong>LIBER</strong></span> <span class='ocrx_word' id='word_1_5' title='bbox 2296 256 2379 313; x_wconf 87' lang='lat' dir='ltr'><strong>Vl.</strong></span> 
     </span>
    </p>
   </div>
   <div class='ocr_carea' id='block_1_3' title="bbox 3505 262 3609 321">
    <p class='ocr_par' dir='ltr' id='par_1_3' title="bbox 3505 262 3609 321">
     <span class='ocr_line' id='line_1_3' title="bbox 3505 262 3609 321; baseline -0.01 0"><span class='ocrx_word' id='word_1_6' title='bbox 3505 262 3609 321; x_wconf 71' lang='lat'><strong>186</strong></span> 
     </span>
    </p>
   </div>
   <div class='ocr_carea' id='block_1_4' title="bbox 311 348 3613 446">
    <p class='ocr_par' dir='ltr' id='par_1_4' title="bbox 311 348 3613 446">
     <span class='ocr_line' id='line_1_4' title="bbox 311 348 3613 446; baseline 0.004 -22"><span class='ocrx_word' id='word_1_7' title='bbox 311 370 384 443; x_wconf 83' lang='grc' dir='ltr'><strong>(η)</strong></span> <span class='ocrx_word' id='word_1_8' title='bbox 398 348 662 425; x_wconf 66' lang='grc' dir='ltr'>ιέι-ἰιδὶθῐιι</span> <span class='ocrx_word' id='word_1_9' title='bbox 684 382 778 439; x_wconf 86' lang='lat' dir='ltr'><strong>per</strong></span> <span class='ocrx_word' id='word_1_10' title='bbox 792 367 843 423; x_wconf 99' lang='lat' dir='ltr'><strong>id</strong></span> <span class='ocrx_word' id='word_1_11' title='bbox 856 368 998 439; x_wconf 86' lang='lat' dir='ltr'><strong>quod</strong></span> <span class='ocrx_word' id='word_1_12' title='bbox 1012 382 1042 423; x_wconf 90' lang='lat' dir='ltr'><strong>a</strong></span> <span class='ocrx_word' id='word_1_13' title='bbox 1059 368 1167 424; x_wconf 89' lang='lat' dir='ltr'><strong>Deo</strong></span> <span class='ocrx_word' id='word_1_14' title='bbox 1184 366 1315 424; x_wconf 90' lang='lat' dir='ltr'><strong>exiit</strong></span> <span class='ocrx_word' id='word_1_15' title='bbox 1343 381 1757 441; x_wconf 86' lang='lat' dir='ltr'><strong>recognoscunt,</strong></span> <span class='ocrx_word' id='word_1_16' title='bbox 1773 384 1896 424; x_wconf 90' lang='lat' dir='ltr'><strong>cum</strong></span> <span class='ocrx_word' id='word_1_17' title='bbox 1926 374 1977 434; x_wconf 78' lang='grc' dir='ltr'><strong>Α</strong></span> <span class='ocrx_word' id='word_1_18' title='bbox 2072 371 2162 427; x_wconf 80' lang='lat'><strong>36.</strong></span> <span class='ocrx_word' id='word_1_19' title='bbox 2211 369 2398 427; x_wconf 82' lang='lat' dir='ltr'><strong>Petrus</strong></span> <span class='ocrx_word' id='word_1_20' title='bbox 2418 372 2584 443; x_wconf 83' lang='lat' dir='ltr'><strong>ﬁlium</strong></span> <span class='ocrx_word' id='word_1_21' title='bbox 2604 370 2702 429; x_wconf 83' lang='lat' dir='ltr'><strong>Dei</strong></span> <span class='ocrx_word' id='word_1_22' title='bbox 2721 378 2986 446; x_wconf 81' lang='lat' dir='ltr'><strong>confessus</strong></span> <span class='ocrx_word' id='word_1_23' title='bbox 3010 391 3181 432; x_wconf 80' lang='lat' dir='ltr'><strong>rerum</strong></span> <span class='ocrx_word' id='word_1_24' title='bbox 3203 376 3439 439; x_wconf 75' lang='lat' dir='ltr'><strong>credidit.</strong></span> <span class='ocrx_word' id='word_1_25' title='bbox 3465 378 3613 437; x_wconf 85' lang='lat' dir='ltr'><strong>Tunc</strong></span> 
     </span>
    </p>
   </div>
   <div class='ocr_carea' id='block_1_5' title="bbox 310 460 1896 533">
    <p class='ocr_par' dir='ltr' id='par_1_5' title="bbox 310 460 1896 533">
     <span class='ocr_line' id='line_1_5' title="bbox 310 460 1896 533; baseline -0.001 -14"><span class='ocrx_word' id='word_1_26' title='bbox 310 465 514 520; x_wconf 87' lang='lat' dir='ltr'><strong>dicunt:</strong></span> <span class='ocrx_word' id='word_1_27' title='bbox 540 460 696 516; x_wconf 84' lang='lat' dir='ltr'><strong>Nunc</strong></span> <span class='ocrx_word' id='word_1_28' title='bbox 719 478 840 533; x_wconf 86' lang='lat' dir='ltr'><strong>ergo</strong></span> <span class='ocrx_word' id='word_1_29' title='bbox 865 463 1076 525; x_wconf 86' lang='lat' dir='ltr'><strong>scimus,</strong></span> <span class='ocrx_word' id='word_1_30' title='bbox 1096 462 1216 533; x_wconf 89' lang='lat' dir='ltr'><strong>quia</strong></span> <span class='ocrx_word' id='word_1_31' title='bbox 1235 464 1367 517; x_wconf 89' lang='lat' dir='ltr'><strong>nosti</strong></span> <span class='ocrx_word' id='word_1_32' title='bbox 1385 463 1577 530; x_wconf 87' lang='lat' dir='ltr'><strong>omnia,</strong></span> <span class='ocrx_word' id='word_1_33' title='bbox 1610 473 1655 518; x_wconf 90' lang='lat' dir='ltr'><strong>et</strong></span> <span class='ocrx_word' id='word_1_34' title='bbox 1676 480 1779 518; x_wconf 87' lang='lat' dir='ltr'><strong>non</strong></span> <span class='ocrx_word' id='word_1_35' title='bbox 1799 461 1896 518; x_wconf 82' lang='lat' dir='ltr'><strong>Ita-</strong></span> 
     </span>
    </p>
   </div>
   <div class='ocr_carea' id='block_1_6' title="bbox 307 554 1899 627">
    <p class='ocr_par' dir='ltr' id='par_1_6' title="bbox 307 554 1899 627">
     <span class='ocr_line' id='line_1_6' title="bbox 307 554 1899 627; baseline 0 -16"><span class='ocrx_word' id='word_1_36' title='bbox 307 557 385 611; x_wconf 68' lang='grc' dir='ltr'><strong>ιιι</strong></span> <span class='ocrx_word' id='word_1_37' title='bbox 408 570 624 621; x_wconf 86' lang='lat' dir='ltr'><strong>necesse,</strong></span> <span class='ocrx_word' id='word_1_38' title='bbox 664 563 719 608; x_wconf 85' lang='lat' dir='ltr'><strong>ut</strong></span> <span class='ocrx_word' id='word_1_39' title='bbox 762 555 952 625; x_wconf 84' lang='lat' dir='ltr'><strong>aliquis</strong></span> <span class='ocrx_word' id='word_1_40' title='bbox 978 564 1027 610; x_wconf 86' lang='lat' dir='ltr'><strong>te</strong></span> <span class='ocrx_word' id='word_1_41' title='bbox 1052 556 1326 627; x_wconf 84' lang='lat' dir='ltr'><strong>interroget</strong></span> <span class='ocrx_word' id='word_1_42' title='bbox 1356 556 1454 609; x_wconf 87' lang='lat' dir='ltr'><strong>:in</strong></span> <span class='ocrx_word' id='word_1_43' title='bbox 1500 554 1599 609; x_wconf 88' lang='lat' dir='ltr'><strong>hoc</strong></span> <span class='ocrx_word' id='word_1_44' title='bbox 1643 554 1899 611; x_wconf 79' lang='lat' dir='ltr'><strong>credimus</strong></span> 
     </span>
    </p>
   </div>
   <div class='ocr_carea' id='block_1_7' title="bbox 305 649 1898 723">
    <p class='ocr_par' dir='ltr' id='par_1_7' title="bbox 305 649 1898 723">
     <span class='ocr_line' id='line_1_7' title="bbox 305 649 1898 723; baseline 0.001 -17"><span class='ocrx_word' id='word_1_45' title='bbox 305 652 433 723; x_wconf 78' lang='lat' dir='ltr'><strong>quod</strong></span> <span class='ocrx_word' id='word_1_46' title='bbox 459 668 491 705; x_wconf 89' lang='lat' dir='ltr'><strong>a</strong></span> <span class='ocrx_word' id='word_1_47' title='bbox 532 649 643 704; x_wconf 89' lang='lat' dir='ltr'><strong>Deo</strong></span> <span class='ocrx_word' id='word_1_48' title='bbox 670 651 821 705; x_wconf 67' lang='lat' dir='ltr'><strong>eriin</strong></span> <span class='ocrx_word' id='word_1_49' title='bbox 852 649 1035 715; x_wconf 85' lang='lat' dir='ltr'><strong>(Joan.</strong></span> <span class='ocrx_word' id='word_1_50' title='bbox 1087 666 1203 716; x_wconf 83' lang='lat' dir='ltr'><strong>xvt,</strong></span> <span class='ocrx_word' id='word_1_51' title='bbox 1228 651 1344 723; x_wconf 72' lang='lat'><strong>29).</strong></span> <span class='ocrx_word' id='word_1_52' title='bbox 1376 651 1478 708; x_wconf 85' lang='lat' dir='ltr'><strong>Per</strong></span> <span class='ocrx_word' id='word_1_53' title='bbox 1512 651 1564 706; x_wconf 90' lang='lat' dir='ltr'><strong><em>id</em></strong></span> <span class='ocrx_word' id='word_1_54' title='bbox 1589 651 1733 707; x_wconf 92' lang='lat' dir='ltr'><strong>enim</strong></span> <span class='ocrx_word' id='word_1_55' title='bbox 1779 667 1898 707; x_wconf 89' lang='lat' dir='ltr'><strong>cre-</strong></span> 
     </span>
    </p>
   </div>
   <div class='ocr_carea' id='block_1_8' title="bbox 306 746 1895 818">
    <p class='ocr_par' dir='ltr' id='par_1_8' title="bbox 306 746 1895 818">
     <span class='ocr_line' id='line_1_8' title="bbox 306 746 1895 818; baseline -0.001 -13"><span class='ocrx_word' id='word_1_56' title='bbox 306 750 449 813; x_wconf 90' lang='lat' dir='ltr'><strong>dunt,</strong></span> <span class='ocrx_word' id='word_1_57' title='bbox 476 747 618 818; x_wconf 87' lang='lat' dir='ltr'><strong>quod</strong></span> <span class='ocrx_word' id='word_1_58' title='bbox 643 762 674 801; x_wconf 88' lang='lat' dir='ltr'><strong>a</strong></span> <span class='ocrx_word' id='word_1_59' title='bbox 699 748 809 801; x_wconf 89' lang='lat' dir='ltr'><strong>Deo</strong></span> <span class='ocrx_word' id='word_1_60' title='bbox 837 746 986 814; x_wconf 87' lang='lat' dir='ltr'><strong>exiit,</strong></span> <span class='ocrx_word' id='word_1_61' title='bbox 1012 762 1107 817; x_wconf 91' lang='lat' dir='ltr'><strong>per</strong></span> <span class='ocrx_word' id='word_1_62' title='bbox 1132 746 1275 818; x_wconf 90' lang='lat' dir='ltr'><strong>quod</strong></span> <span class='ocrx_word' id='word_1_63' title='bbox 1304 763 1364 802; x_wconf 87' lang='lat' dir='ltr'><strong>ea</strong></span> <span class='ocrx_word' id='word_1_64' title='bbox 1388 762 1509 818; x_wconf 53' lang='lat' dir='ltr'><strong>qua»</strong></span> <span class='ocrx_word' id='word_1_65' title='bbox 1534 747 1624 802; x_wconf 86' lang='lat' dir='ltr'><strong>Dei</strong></span> <span class='ocrx_word' id='word_1_66' title='bbox 1649 754 1776 802; x_wconf 86' lang='lat' dir='ltr'><strong>sunt</strong></span> <span class='ocrx_word' id='word_1_67' title='bbox 1798 762 1895 817; x_wconf 89' lang='lat' dir='ltr'><strong>po-</strong></span> 
     </span>
    </p>
   </div>
   <div class='ocr_carea' id='block_1_9' title="bbox 305 838 1895 910">
    <p class='ocr_par' dir='ltr' id='par_1_9' title="bbox 305 838 1895 910">
     <span class='ocr_line' id='line_1_9' title="bbox 305 838 1895 910; baseline 0.001 -15"><span class='ocrx_word' id='word_1_68' title='bbox 305 849 574 909; x_wconf 82' lang='lat' dir='ltr'><strong>testatque</strong></span> <span class='ocrx_word' id='word_1_69' title='bbox 595 841 705 909; x_wconf 87' lang='lat' dir='ltr'><strong>agit</strong></span> <span class='ocrx_word' id='word_1_70' title='bbox 730 838 827 910; x_wconf 87' lang='lat' dir='ltr'><strong>(b).</strong></span> <span class='ocrx_word' id='word_1_71' title='bbox 855 838 972 895; x_wconf 82' lang='lat' dir='ltr'><strong>Non</strong></span> <span class='ocrx_word' id='word_1_72' title='bbox 999 840 1144 894; x_wconf 91' lang='lat' dir='ltr'><strong>enim</strong></span> <span class='ocrx_word' id='word_1_73' title='bbox 1168 848 1413 895; x_wconf 89' lang='lat' dir='ltr'><strong>naturam</strong></span> <span class='ocrx_word' id='word_1_74' title='bbox 1441 841 1535 896; x_wconf 91' lang='lat' dir='ltr'><strong>Dei</strong></span> <span class='ocrx_word' id='word_1_75' title='bbox 1557 856 1587 895; x_wconf 88' lang='lat' dir='ltr'><strong>a</strong></span> <span class='ocrx_word' id='word_1_76' title='bbox 1619 841 1775 896; x_wconf 85' lang='lat' dir='ltr'><strong>Patre</strong></span> <span class='ocrx_word' id='word_1_77' title='bbox 1802 856 1895 896; x_wconf 84' lang='lat' dir='ltr'><strong>ve-</strong></span> 
     </span>
    </p>
   </div>
   <div class='ocr_carea' id='block_1_10' title="bbox 304 931 1892 1002">
    <p class='ocr_par' dir='ltr' id='par_1_10' title="bbox 304 931 1892 1002">
     <span class='ocr_line' id='line_1_10' title="bbox 304 931 1892 1002; baseline 0 -13"><span class='ocrx_word' id='word_1_78' title='bbox 304 935 461 999; x_wconf 89' lang='lat' dir='ltr'><strong>nisse,</strong></span> <span class='ocrx_word' id='word_1_79' title='bbox 491 931 588 988; x_wconf 92' lang='lat' dir='ltr'><strong>sed</strong></span> <span class='ocrx_word' id='word_1_80' title='bbox 618 948 648 985; x_wconf 90' lang='lat' dir='ltr'><strong>a</strong></span> <span class='ocrx_word' id='word_1_81' title='bbox 699 932 813 988; x_wconf 91' lang='lat' dir='ltr'><strong>Deo</strong></span> <span class='ocrx_word' id='word_1_82' title='bbox 851 933 1032 988; x_wconf 82' lang='lat' dir='ltr'><strong>exisse</strong></span> <span class='ocrx_word' id='word_1_83' title='bbox 1075 941 1442 988; x_wconf 77' lang='lat' dir='ltr'><strong>consummat.</strong></span> <span class='ocrx_word' id='word_1_84' title='bbox 1497 933 1736 1002; x_wconf 84' lang='lat' dir='ltr'><strong>Denique</strong></span> <span class='ocrx_word' id='word_1_85' title='bbox 1768 935 1892 1000; x_wconf 90' lang='lat' dir='ltr'><strong>hoc,</strong></span> 
     </span>
    </p>
   </div>
   <div class='ocr_carea' id='block_1_11' title="bbox 305 1024 1890 1103">
    <p class='ocr_par' dir='ltr' id='par_1_11' title="bbox 305 1024 1890 1103">
     <span class='ocr_line' id='line_1_11' title="bbox 305 1024 1890 1103; baseline -0.002 -20"><span class='ocrx_word' id='word_1_86' title='bbox 305 1027 437 1099; x_wconf 82' lang='lat' dir='ltr'><strong>quod</strong></span> <span class='ocrx_word' id='word_1_87' title='bbox 458 1041 601 1081; x_wconf 89' lang='lat' dir='ltr'><strong>nunc</strong></span> <span class='ocrx_word' id='word_1_88' title='bbox 620 1027 849 1097; x_wconf 90' lang='lat' dir='ltr'><strong>primum</strong></span> <span class='ocrx_word' id='word_1_89' title='bbox 875 1024 1122 1091; x_wconf 89' lang='lat' dir='ltr'><strong>audiunt,</strong></span> <span class='ocrx_word' id='word_1_90' title='bbox 1142 1025 1217 1098; x_wconf 90' lang='lat' dir='ltr'><strong>(c)</strong></span> <span class='ocrx_word' id='word_1_91' title='bbox 1239 1026 1591 1081; x_wconf 87' lang='lat' dir='ltr'><strong>conﬁrmatur</strong></span> <span class='ocrx_word' id='word_1_92' title='bbox 1609 1025 1674 1081; x_wconf 89' lang='lat' dir='ltr'><strong>ad</strong></span> <span class='ocrx_word' id='word_1_93' title='bbox 1709 1026 1890 1103; x_wconf 87' lang='lat' dir='ltr'><strong>ﬁdem.</strong></span> 
     </span>
    </p>
   </div>
   <div class='ocr_carea' id='block_1_12' title="bbox 304 1118 1893 1191">
    <p class='ocr_par' dir='ltr' id='par_1_12' title="bbox 304 1118 1893 1191">
     <span class='ocr_line' id='line_1_12' title="bbox 304 1118 1893 1191; baseline -0.002 -12"><span class='ocrx_word' id='word_1_94' title='bbox 304 1121 424 1179; x_wconf 81' lang='lat' dir='ltr'><strong>Nam</strong></span> <span class='ocrx_word' id='word_1_95' title='bbox 463 1136 586 1175; x_wconf 90' lang='lat' dir='ltr'><strong>cum</strong></span> <span class='ocrx_word' id='word_1_96' title='bbox 638 1120 896 1175; x_wconf 87' lang='lat' dir='ltr'><strong>Dominus</strong></span> <span class='ocrx_word' id='word_1_97' title='bbox 944 1129 1232 1188; x_wconf 85' lang='lat' dir='ltr'><strong>utrumque</strong></span> <span class='ocrx_word' id='word_1_98' title='bbox 1276 1118 1544 1175; x_wconf 84' lang='lat' dir='ltr'><strong>dixisset:</strong></span> <span class='ocrx_word' id='word_1_99' title='bbox 1578 1119 1689 1191; x_wconf 83' lang='lat' dir='ltr'><strong>Ego</strong></span> <span class='ocrx_word' id='word_1_100' title='bbox 1725 1136 1757 1173; x_wconf 88' lang='lat' dir='ltr'><strong>a</strong></span> <span class='ocrx_word' id='word_1_101' title='bbox 1782 1118 1893 1176; x_wconf 87' lang='lat' dir='ltr'><strong>Deo</strong></span> 
     </span>
    </p>
   </div>
   <div class='ocr_carea' id='block_1_13' title="bbox 301 1210 1890 1286">
    <p class='ocr_par' dir='ltr' id='par_1_13' title="bbox 301 1210 1890 1286">
     <span class='ocr_line' id='line_1_13' title="bbox 301 1210 1890 1286; baseline -0.001 -17"><span class='ocrx_word' id='word_1_102' title='bbox 301 1213 513 1277; x_wconf 63' lang='lat' dir='ltr'><strong>exivi,“</strong></span> <span class='ocrx_word' id='word_1_103' title='bbox 550 1228 583 1265; x_wconf 89' lang='lat' dir='ltr'><strong>a</strong></span> <span class='ocrx_word' id='word_1_104' title='bbox 630 1210 788 1265; x_wconf 78' lang='lat' dir='ltr'><strong>Patre</strong></span> <span class='ocrx_word' id='word_1_105' title='bbox 832 1213 944 1266; x_wconf 80' lang='lat' dir='ltr'><strong>ueni</strong></span> <span class='ocrx_word' id='word_1_106' title='bbox 994 1212 1050 1267; x_wconf 90' lang='lat' dir='ltr'><strong>in</strong></span> <span class='ocrx_word' id='word_1_107' title='bbox 1101 1210 1239 1267; x_wconf 83' lang='lat' dir='ltr'><strong>hunc</strong></span> <span class='ocrx_word' id='word_1_108' title='bbox 1288 1213 1536 1267; x_wconf 88' lang='lat' dir='ltr'><strong>mundum</strong></span> <span class='ocrx_word' id='word_1_109' title='bbox 1569 1212 1890 1286; x_wconf 72' lang='lat' dir='ltr'><strong>(lbid.28);</strong></span> 
     </span>
    </p>
   </div>
   <div class='ocr_carea' id='block_1_14' title="bbox 300 1304 1893 1377">
    <p class='ocr_par' dir='ltr' id='par_1_14' title="bbox 300 1304 1893 1377">
     <span class='ocr_line' id='line_1_14' title="bbox 300 1304 1893 1377; baseline 0.001 -17"><span class='ocrx_word' id='word_1_110' title='bbox 300 1304 423 1361; x_wconf 87' lang='lat' dir='ltr'><strong>nihil</strong></span> <span class='ocrx_word' id='word_1_111' title='bbox 452 1304 822 1360; x_wconf 89' lang='lat' dir='ltr'><strong>admirationis</strong></span> <span class='ocrx_word' id='word_1_112' title='bbox 854 1305 906 1358; x_wconf 93' lang='lat' dir='ltr'><strong>in</strong></span> <span class='ocrx_word' id='word_1_113' title='bbox 950 1319 1018 1359; x_wconf 91' lang='lat' dir='ltr'><strong>eo</strong></span> <span class='ocrx_word' id='word_1_114' title='bbox 1042 1305 1366 1372; x_wconf 91' lang='lat' dir='ltr'><strong>habuerunt,</strong></span> <span class='ocrx_word' id='word_1_115' title='bbox 1392 1305 1536 1374; x_wconf 85' lang='lat' dir='ltr'><strong>quod</strong></span> <span class='ocrx_word' id='word_1_116' title='bbox 1582 1305 1893 1377; x_wconf 81' lang='lat' dir='ltr'><strong>frequenter</strong></span> 
     </span>
    </p>
   </div>
   <div class='ocr_carea' id='block_1_15' title="bbox 298 1395 1889 1470">
    <p class='ocr_par' dir='ltr' id='par_1_15' title="bbox 298 1395 1889 1470">
     <span class='ocr_line' id='line_1_15' title="bbox 298 1395 1889 1470; baseline 0.001 -16"><span class='ocrx_word' id='word_1_117' title='bbox 298 1398 589 1462; x_wconf 84' lang='lat' dir='ltr'><strong>audierant,</strong></span> <span class='ocrx_word' id='word_1_118' title='bbox 612 1408 659 1452; x_wconf 87' lang='lat' dir='ltr'><strong>et</strong></span> <span class='ocrx_word' id='word_1_119' title='bbox 684 1416 717 1451; x_wconf 89' lang='lat' dir='ltr'><strong>a</strong></span> <span class='ocrx_word' id='word_1_120' title='bbox 737 1395 896 1452; x_wconf 82' lang='lat' dir='ltr'><strong>Patre</strong></span> <span class='ocrx_word' id='word_1_121' title='bbox 921 1398 1035 1451; x_wconf 86' lang='lat' dir='ltr'><strong>ueni</strong></span> <span class='ocrx_word' id='word_1_122' title='bbox 1059 1398 1113 1451; x_wconf 89' lang='lat' dir='ltr'><strong>in</strong></span> <span class='ocrx_word' id='word_1_123' title='bbox 1133 1396 1271 1452; x_wconf 86' lang='lat' dir='ltr'><strong>hunc</strong></span> <span class='ocrx_word' id='word_1_124' title='bbox 1291 1398 1559 1454; x_wconf 86' lang='lat' dir='ltr'><strong>mundum.</strong></span> <span class='ocrx_word' id='word_1_125' title='bbox 1586 1399 1889 1470; x_wconf 82' lang='lat' dir='ltr'><strong>Responsio</strong></span> 
     </span>
    </p>
   </div>
   <div class='ocr_carea' id='block_1_16' title="bbox 297 1472 1888 1563">
    <p class='ocr_par' dir='ltr' id='par_1_16' title="bbox 297 1472 1888 1563">
     <span class='ocr_line' id='line_1_16' title="bbox 297 1472 1888 1563; baseline 0.001 -16"><span class='ocrx_word' id='word_1_126' title='bbox 297 1500 473 1547; x_wconf 90' lang='lat' dir='ltr'><strong>autem</strong></span> <span class='ocrx_word' id='word_1_127' title='bbox 494 1506 704 1555; x_wconf 90' lang='lat' dir='ltr'><strong>eorum,</strong></span> <span class='ocrx_word' id='word_1_128' title='bbox 732 1490 891 1547; x_wconf 85' lang='lat' dir='ltr'><strong>fidem</strong></span> <span class='ocrx_word' id='word_1_129' title='bbox 911 1498 969 1546; x_wconf 89' lang='lat' dir='ltr'><strong>et</strong></span> <span class='ocrx_word' id='word_1_130' title='bbox 991 1472 1399 1563; x_wconf 73' lang='lat' dir='ltr'><strong>intelligentiam</strong></span> <span class='ocrx_word' id='word_1_131' title='bbox 1427 1491 1584 1563; x_wconf 83' lang='lat' dir='ltr'><strong>hujus</strong></span> <span class='ocrx_word' id='word_1_132' title='bbox 1609 1492 1734 1547; x_wconf 86' lang='lat' dir='ltr'><strong>dicti</strong></span> <span class='ocrx_word' id='word_1_133' title='bbox 1758 1509 1888 1549; x_wconf 90' lang='lat' dir='ltr'><strong>con-</strong></span> 
     </span>
    </p>
   </div>
   <div class='ocr_carea' id='block_1_17' title="bbox 298 1582 1889 1656">
    <p class='ocr_par' dir='ltr' id='par_1_17' title="bbox 298 1582 1889 1656">
     <span class='ocr_line' id='line_1_17' title="bbox 298 1582 1889 1656; baseline 0.001 -16"><span class='ocrx_word' id='word_1_134' title='bbox 298 1594 478 1641; x_wconf 83' lang='lat' dir='ltr'><strong>testata</strong></span> <span class='ocrx_word' id='word_1_135' title='bbox 509 1592 613 1651; x_wconf 89' lang='lat' dir='ltr'><strong>est,</strong></span> <span class='ocrx_word' id='word_1_136' title='bbox 648 1583 759 1656; x_wconf 82' lang='lat' dir='ltr'><strong>Ego</strong></span> <span class='ocrx_word' id='word_1_137' title='bbox 793 1599 826 1638; x_wconf 92' lang='lat' dir='ltr'><strong>a</strong></span> <span class='ocrx_word' id='word_1_138' title='bbox 863 1582 974 1640; x_wconf 85' lang='lat' dir='ltr'><strong>Deo</strong></span> <span class='ocrx_word' id='word_1_139' title='bbox 1001 1584 1153 1641; x_wconf 71' lang='lat' dir='ltr'><strong>exivi.</strong></span> <span class='ocrx_word' id='word_1_140' title='bbox 1184 1585 1412 1640; x_wconf 82' lang='lat' dir='ltr'><strong>Namad</strong></span> <span class='ocrx_word' id='word_1_141' title='bbox 1446 1586 1496 1640; x_wconf 90' lang='lat' dir='ltr'><strong>id</strong></span> <span class='ocrx_word' id='word_1_142' title='bbox 1531 1595 1736 1640; x_wconf 91' lang='lat' dir='ltr'><strong>tantum</strong></span> <span class='ocrx_word' id='word_1_143' title='bbox 1773 1602 1889 1643; x_wconf 71' lang='lat' dir='ltr'><strong>res-</strong></span> 
     </span>
    </p>
   </div>
   <div class='ocr_carea' id='block_1_18' title="bbox 296 1676 1885 1750">
    <p class='ocr_par' dir='ltr' id='par_1_18' title="bbox 296 1676 1885 1750">
     <span class='ocr_line' id='line_1_18' title="bbox 296 1676 1885 1750; baseline 0.002 -17"><span class='ocrx_word' id='word_1_144' title='bbox 296 1693 513 1750; x_wconf 88' lang='lat' dir='ltr'><strong>ponsum</strong></span> <span class='ocrx_word' id='word_1_145' title='bbox 542 1688 644 1745; x_wconf 88' lang='lat' dir='ltr'><strong>est,</strong></span> <span class='ocrx_word' id='word_1_146' title='bbox 679 1693 799 1733; x_wconf 90' lang='lat' dir='ltr'><strong>eum</strong></span> <span class='ocrx_word' id='word_1_147' title='bbox 826 1676 1036 1744; x_wconf 80' lang='lat' dir='ltr'><strong>dicunt,</strong></span> <span class='ocrx_word' id='word_1_148' title='bbox 1085 1678 1151 1733; x_wconf 77' lang='lat' dir='ltr'><strong>In</strong></span> <span class='ocrx_word' id='word_1_149' title='bbox 1172 1677 1270 1733; x_wconf 91' lang='lat' dir='ltr'><strong>hoc</strong></span> <span class='ocrx_word' id='word_1_150' title='bbox 1294 1680 1549 1734; x_wconf 78' lang='lat' dir='ltr'><strong>credimus</strong></span> <span class='ocrx_word' id='word_1_151' title='bbox 1579 1683 1821 1749; x_wconf 84' lang='lat' dir='ltr'><strong>quoniam</strong></span> <span class='ocrx_word' id='word_1_152' title='bbox 1853 1699 1885 1736; x_wconf 88' lang='lat' dir='ltr'><strong>a</strong></span> 
     </span>
    </p>
   </div>
   <div class='ocr_carea' id='block_1_19' title="bbox 295 1770 1163 1855">
    <p class='ocr_par' dir='ltr' id='par_1_19' title="bbox 295 1770 1163 1855">
     <span class='ocr_line' id='line_1_19' title="bbox 295 1770 1163 1855; baseline -0.002 -27"><span class='ocrx_word' id='word_1_153' title='bbox 295 1770 393 1828; x_wconf 86' lang='lat' dir='ltr'><strong>Deo</strong></span> <span class='ocrx_word' id='word_1_154' title='bbox 416 1774 568 1827; x_wconf 73' lang='lat' dir='ltr'><strong>existi</strong></span> <span class='ocrx_word' id='word_1_155' title='bbox 593 1788 613 1837; x_wconf 81' lang='lat'><strong>,°</strong></span> <span class='ocrx_word' id='word_1_156' title='bbox 644 1787 818 1855; x_wconf 40' lang='lat' dir='ltr'><strong>hocque</strong></span> <span class='ocrx_word' id='word_1_157' title='bbox 839 1772 1065 1841; x_wconf 88' lang='lat' dir='ltr'><strong>addunt,</strong></span> <span class='ocrx_word' id='word_1_158' title='bbox 1098 1772 1163 1828; x_wconf 87' lang='lat' dir='ltr'><strong>Et</strong></span> 
     </span>
    </p>
   </div>
   <div class='ocr_carea' id='block_1_20' title="bbox 293 1865 1891 1940">
    <p class='ocr_par' dir='ltr' id='par_1_20' title="bbox 293 1865 1891 1940">
     <span class='ocr_line' id='line_1_20' title="bbox 293 1865 1891 1940; baseline -0.001 -16"><span class='ocrx_word' id='word_1_159' title='bbox 293 1865 560 1924; x_wconf 89' lang='lat' dir='ltr'><strong>utuudum.</strong></span> <span class='ocrx_word' id='word_1_160' title='bbox 602 1866 762 1940; x_wconf 76' lang='lat'><strong>159</strong></span> <span class='ocrx_word' id='word_1_161' title='bbox 803 1866 865 1921; x_wconf 85' lang='lat' dir='ltr'><strong>Et</strong></span> <span class='ocrx_word' id='word_1_162' title='bbox 897 1881 1018 1922; x_wconf 94' lang='lat' dir='ltr'><strong>cum</strong></span> <span class='ocrx_word' id='word_1_163' title='bbox 1065 1865 1292 1924; x_wconf 73' lang='lat' dir='ltr'><strong>altelm</strong></span> <span class='ocrx_word' id='word_1_164' title='bbox 1326 1867 1375 1920; x_wconf 92' lang='lat' dir='ltr'><strong>in</strong></span> <span class='ocrx_word' id='word_1_165' title='bbox 1421 1866 1782 1937; x_wconf 76' lang='lat' dir='ltr'><strong>professione,</strong></span> <span class='ocrx_word' id='word_1_166' title='bbox 1813 1868 1891 1923; x_wconf 85' lang='lat' dir='ltr'><strong>al-</strong></span> 
     </span>
    </p>
   </div>
   <div class='ocr_carea' id='block_1_21' title="bbox 240 1957 1888 2029">
    <p class='ocr_par' dir='ltr' id='par_1_21' title="bbox 240 1957 1888 2029">
     <span class='ocr_line' id='line_1_21' title="bbox 240 1957 1888 2029; baseline 0 -12"><span class='ocrx_word' id='word_1_167' title='bbox 240 2012 245 2017; x_wconf 83' lang='lat'><strong>.</strong></span> <span class='ocrx_word' id='word_1_168' title='bbox 292 1970 447 2016; x_wconf 86' lang='lat' dir='ltr'><strong>terum</strong></span> <span class='ocrx_word' id='word_1_169' title='bbox 479 1960 536 2015; x_wconf 92' lang='lat' dir='ltr'><strong>in</strong></span> <span class='ocrx_word' id='word_1_170' title='bbox 567 1961 789 2016; x_wconf 89' lang='lat' dir='ltr'><strong>silentio</strong></span> <span class='ocrx_word' id='word_1_171' title='bbox 828 1970 943 2024; x_wconf 89' lang='lat' dir='ltr'><strong>est;</strong></span> <span class='ocrx_word' id='word_1_172' title='bbox 996 1957 1351 2029; x_wconf 81' lang='lat' dir='ltr'><strong>professionis</strong></span> <span class='ocrx_word' id='word_1_173' title='bbox 1374 1974 1595 2015; x_wconf 63' lang='lat' dir='ltr'><strong>causam</strong></span> <span class='ocrx_word' id='word_1_174' title='bbox 1625 1959 1762 2015; x_wconf 86' lang='lat' dir='ltr'><strong>dicti</strong></span> <span class='ocrx_word' id='word_1_175' title='bbox 1787 1977 1888 2017; x_wconf 81' lang='lat' dir='ltr'><strong>no-</strong></span> 
     </span>
    </p>
   </div>
   <div class='ocr_carea' id='block_1_22' title="bbox 289 2053 1889 2124">
    <p class='ocr_par' dir='ltr' id='par_1_22' title="bbox 289 2053 1889 2124">
     <span class='ocr_line' id='line_1_22' title="bbox 289 2053 1889 2124; baseline 0.002 -15"><span class='ocrx_word' id='word_1_176' title='bbox 289 2055 411 2109; x_wconf 81' lang='lat' dir='ltr'><strong>vitas</strong></span> <span class='ocrx_word' id='word_1_177' title='bbox 438 2054 645 2124; x_wconf 84' lang='lat' dir='ltr'><strong>exegit,</strong></span> <span class='ocrx_word' id='word_1_178' title='bbox 677 2053 967 2124; x_wconf 86' lang='lat' dir='ltr'><strong>proﬁtendi</strong></span> <span class='ocrx_word' id='word_1_179' title='bbox 1000 2064 1181 2109; x_wconf 91' lang='lat' dir='ltr'><strong>autem</strong></span> <span class='ocrx_word' id='word_1_180' title='bbox 1206 2055 1658 2111; x_wconf 72' lang='lat' dir='ltr'><strong>contestationem</strong></span> <span class='ocrx_word' id='word_1_181' title='bbox 1693 2057 1889 2112; x_wconf 84' lang='lat' dir='ltr'><strong>intelli-</strong></span> 
     </span>
    </p>
   </div>
   <div class='ocr_carea' id='block_1_23' title="bbox 184 2134 1887 2219">
    <p class='ocr_par' dir='ltr' id='par_1_23' title="bbox 184 2134 1887 2219">
     <span class='ocr_line' id='line_1_23' title="bbox 184 2134 1887 2219; baseline 0.002 -18"><span class='ocrx_word' id='word_1_182' title='bbox 184 2134 193 2143; x_wconf 77' lang='grc'><em>’</em></span> <span class='ocrx_word' id='word_1_183' title='bbox 288 2148 448 2219; x_wconf 78' lang='lat' dir='ltr'><strong>gentia</strong></span> <span class='ocrx_word' id='word_1_184' title='bbox 481 2148 733 2204; x_wconf 80' lang='lat' dir='ltr'><strong>veritatis</strong></span> <span class='ocrx_word' id='word_1_185' title='bbox 763 2148 972 2205; x_wconf 85' lang='lat' dir='ltr'><strong>elicuit.</strong></span> <span class='ocrx_word' id='word_1_186' title='bbox 1012 2148 1269 2205; x_wconf 79' lang='lat' dir='ltr'><strong>Sciebant</strong></span> <span class='ocrx_word' id='word_1_187' title='bbox 1309 2148 1525 2218; x_wconf 91' lang='lat' dir='ltr'><strong>quidem</strong></span> <span class='ocrx_word' id='word_1_188' title='bbox 1551 2165 1674 2204; x_wconf 90' lang='lat' dir='ltr'><strong>eum</strong></span> <span class='ocrx_word' id='word_1_189' title='bbox 1706 2151 1887 2205; x_wconf 87' lang='lat' dir='ltr'><strong>omnia</strong></span> 
     </span>
    </p>
   </div>
   <div class='ocr_carea' id='block_1_24' title="bbox 291 2242 1887 2313">
    <p class='ocr_par' dir='ltr' id='par_1_24' title="bbox 291 2242 1887 2313">
     <span class='ocr_line' id='line_1_24' title="bbox 291 2242 1887 2313; baseline 0.003 -18"><span class='ocrx_word' id='word_1_190' title='bbox 291 2254 337 2297; x_wconf 91' lang='lat' dir='ltr'><strong>ut</strong></span> <span class='ocrx_word' id='word_1_191' title='bbox 363 2242 531 2299; x_wconf 91' lang='lat' dir='ltr'><strong>Deum</strong></span> <span class='ocrx_word' id='word_1_192' title='bbox 555 2256 736 2311; x_wconf 86' lang='lat' dir='ltr'><strong>posse,</strong></span> <span class='ocrx_word' id='word_1_193' title='bbox 766 2243 862 2297; x_wconf 89' lang='lat' dir='ltr'><strong>sed</strong></span> <span class='ocrx_word' id='word_1_194' title='bbox 891 2242 1130 2297; x_wconf 91' lang='lat' dir='ltr'><strong>nondum</strong></span> <span class='ocrx_word' id='word_1_195' title='bbox 1174 2242 1439 2297; x_wconf 90' lang='lat' dir='ltr'><strong>rationem</strong></span> <span class='ocrx_word' id='word_1_196' title='bbox 1473 2242 1557 2313; x_wconf 81' lang='grc' dir='ltr'><strong>(ά)</strong></span> <span class='ocrx_word' id='word_1_197' title='bbox 1590 2244 1887 2299; x_wconf 83' lang='lat' dir='ltr'><strong>nativitatis</strong></span> 
     </span>
    </p>
   </div>
   <div class='ocr_carea' id='block_1_25' title="bbox 289 2333 1887 2405">
    <p class='ocr_par' dir='ltr' id='par_1_25' title="bbox 289 2333 1887 2405">
     <span class='ocr_line' id='line_1_25' title="bbox 289 2333 1887 2405; baseline 0.001 -17"><span class='ocrx_word' id='word_1_198' title='bbox 289 2346 643 2404; x_wconf 83' lang='lat' dir='ltr'><strong>acceperant:</strong></span> <span class='ocrx_word' id='word_1_199' title='bbox 676 2345 732 2390; x_wconf 89' lang='lat' dir='ltr'><strong>et</strong></span> <span class='ocrx_word' id='word_1_200' title='bbox 779 2334 868 2405; x_wconf 90' lang='lat' dir='ltr'><strong>qui</strong></span> <span class='ocrx_word' id='word_1_201' title='bbox 911 2334 1156 2390; x_wconf 84' lang='lat' dir='ltr'><strong>sciebant</strong></span> <span class='ocrx_word' id='word_1_202' title='bbox 1196 2334 1363 2388; x_wconf 81' lang='lat' dir='ltr'><strong>abeo</strong></span> <span class='ocrx_word' id='word_1_203' title='bbox 1413 2333 1659 2397; x_wconf 86' lang='lat' dir='ltr'><strong>missum,</strong></span> <span class='ocrx_word' id='word_1_204' title='bbox 1708 2335 1887 2391; x_wconf 82' lang='lat' dir='ltr'><strong>exisse</strong></span> 
     </span>
    </p>
   </div>
   <div class='ocr_carea' id='block_1_26' title="bbox 290 2426 1882 2497">
    <p class='ocr_par' dir='ltr' id='par_1_26' title="bbox 290 2426 1882 2497">
     <span class='ocr_line' id='line_1_26' title="bbox 290 2426 1882 2497; baseline -0.001 -15"><span class='ocrx_word' id='word_1_205' title='bbox 290 2436 447 2483; x_wconf 86' lang='lat' dir='ltr'><strong>tamen</strong></span> <span class='ocrx_word' id='word_1_206' title='bbox 486 2443 517 2482; x_wconf 87' lang='lat' dir='ltr'><strong>a</strong></span> <span class='ocrx_word' id='word_1_207' title='bbox 546 2427 657 2482; x_wconf 90' lang='lat' dir='ltr'><strong>Deo</strong></span> <span class='ocrx_word' id='word_1_208' title='bbox 687 2427 1022 2483; x_wconf 85' lang='lat' dir='ltr'><strong>nesciebant.</strong></span> <span class='ocrx_word' id='word_1_209' title='bbox 1057 2426 1477 2481; x_wconf 85' lang='lat' dir='ltr'><strong>lncnarrahilem</strong></span> <span class='ocrx_word' id='word_1_210' title='bbox 1509 2426 1655 2479; x_wconf 91' lang='lat' dir='ltr'><strong>illam</strong></span> <span class='ocrx_word' id='word_1_211' title='bbox 1679 2434 1735 2480; x_wconf 92' lang='lat' dir='ltr'><strong>et</strong></span> <span class='ocrx_word' id='word_1_212' title='bbox 1760 2442 1882 2497; x_wconf 82' lang='lat' dir='ltr'><strong>per-</strong></span> 
     </span>
    </p>
   </div>
   <div class='ocr_carea' id='block_1_27' title="bbox 289 2520 1880 2591">
    <p class='ocr_par' dir='ltr' id='par_1_27' title="bbox 289 2520 1880 2591">
     <span class='ocr_line' id='line_1_27' title="bbox 289 2520 1880 2591; baseline 0.001 -17"><span class='ocrx_word' id='word_1_213' title='bbox 289 2520 461 2577; x_wconf 87' lang='lat' dir='ltr'><strong>fectam</strong></span> <span class='ocrx_word' id='word_1_214' title='bbox 500 2520 620 2576; x_wconf 78' lang='lat' dir='ltr'><strong>Filii</strong></span> <span class='ocrx_word' id='word_1_215' title='bbox 653 2524 989 2576; x_wconf 79' lang='lat' dir='ltr'><strong>nativitatem</strong></span> <span class='ocrx_word' id='word_1_216' title='bbox 1022 2536 1117 2591; x_wconf 92' lang='lat' dir='ltr'><strong>per</strong></span> <span class='ocrx_word' id='word_1_217' title='bbox 1147 2522 1405 2575; x_wconf 81' lang='lat' dir='ltr'><strong>virtutem</strong></span> <span class='ocrx_word' id='word_1_218' title='bbox 1454 2520 1578 2576; x_wconf 87' lang='lat' dir='ltr'><strong>dicti</strong></span> <span class='ocrx_word' id='word_1_219' title='bbox 1612 2521 1768 2576; x_wconf 86' lang='lat' dir='ltr'><strong>istius</strong></span> <span class='ocrx_word' id='word_1_220' title='bbox 1797 2522 1880 2576; x_wconf 88' lang='lat' dir='ltr'><strong>itt-</strong></span> 
     </span>
    </p>
   </div>
   <div class='ocr_carea' id='block_1_28' title="bbox 253 2613 1886 2697">
    <p class='ocr_par' dir='ltr' id='par_1_28' title="bbox 253 2613 1886 2697">
     <span class='ocr_line' id='line_1_28' title="bbox 253 2613 1886 2697; baseline 0.003 -30"><span class='ocrx_word' id='word_1_221' title='bbox 253 2684 269 2697; x_wconf 46' lang='grc'><strong>.</strong></span> <span class='ocrx_word' id='word_1_222' title='bbox 290 2614 605 2685; x_wconf 84' lang='lat' dir='ltr'><strong>telligentes,</strong></span> <span class='ocrx_word' id='word_1_223' title='bbox 632 2613 705 2686; x_wconf 78' lang='grc' dir='ltr'><strong>(ε)</strong></span> <span class='ocrx_word' id='word_1_224' title='bbox 732 2629 872 2669; x_wconf 90' lang='lat' dir='ltr'><strong>nunc</strong></span> <span class='ocrx_word' id='word_1_225' title='bbox 888 2629 1072 2670; x_wconf 85' lang='lat' dir='ltr'><strong>secum</strong></span> <span class='ocrx_word' id='word_1_226' title='bbox 1097 2614 1216 2670; x_wconf 91' lang='lat' dir='ltr'><strong>sine</strong></span> <span class='ocrx_word' id='word_1_227' title='bbox 1239 2614 1541 2685; x_wconf 85' lang='lat' dir='ltr'><strong>proverbiis</strong></span> <span class='ocrx_word' id='word_1_228' title='bbox 1564 2614 1886 2686; x_wconf 88' lang='lat' dir='ltr'><strong>proﬁtentur</strong></span> 
     </span>
    </p>
   </div>
   <div class='ocr_carea' id='block_1_29' title="bbox 290 2707 537 2765">
    <p class='ocr_par' dir='ltr' id='par_1_29' title="bbox 290 2707 537 2765">
     <span class='ocr_line' id='line_1_29' title="bbox 290 2707 537 2765; baseline 0.004 -3"><span class='ocrx_word' id='word_1_229' title='bbox 290 2707 537 2765; x_wconf 85' lang='lat' dir='ltr'><strong>locutum.</strong></span> 
     </span>
    </p>
   </div>
   <div class='ocr_carea' id='block_1_30' title="bbox 347 2799 1883 2873">
    <p class='ocr_par' dir='ltr' id='par_1_30' title="bbox 347 2799 1883 2873">
     <span class='ocr_line' id='line_1_30' title="bbox 347 2799 1883 2873; baseline 0.001 -17"><span class='ocrx_word' id='word_1_230' title='bbox 347 2799 427 2856; x_wconf 77' lang='lat'><strong>35.</strong></span> <span class='ocrx_word' id='word_1_231' title='bbox 474 2799 656 2854; x_wconf 77' lang='lat' dir='ltr'><strong>Exitio</strong></span> <span class='ocrx_word' id='word_1_232' title='bbox 681 2817 833 2871; x_wconf 88' lang='lat' dir='ltr'><strong>quam</strong></span> <span class='ocrx_word' id='word_1_233' title='bbox 864 2810 983 2873; x_wconf 89' lang='lat' dir='ltr'><strong>apte</strong></span> <span class='ocrx_word' id='word_1_234' title='bbox 1028 2799 1154 2856; x_wconf 86' lang='lat' dir='ltr'><strong>Filii</strong></span> <span class='ocrx_word' id='word_1_235' title='bbox 1194 2802 1510 2857; x_wconf 78' lang='lat' dir='ltr'><strong>nativitatem</strong></span> <span class='ocrx_word' id='word_1_236' title='bbox 1532 2804 1778 2859; x_wconf 85' lang='lat' dir='ltr'><strong>enuntiet.</strong></span> <span class='ocrx_word' id='word_1_237' title='bbox 1810 2834 1883 2845; x_wconf 93' lang='lat'>—</span> 
     </span>
    </p>
   </div>
   <div class='ocr_carea' id='block_1_31' title="bbox 288 2892 1881 2965">
    <p class='ocr_par' dir='ltr' id='par_1_31' title="bbox 288 2892 1881 2965">
     <span class='ocr_line' id='line_1_31' title="bbox 288 2892 1881 2965; baseline 0.003 -17"><span class='ocrx_word' id='word_1_238' title='bbox 288 2892 390 2949; x_wconf 78' lang='lat' dir='ltr'><strong>Non</strong></span> <span class='ocrx_word' id='word_1_239' title='bbox 430 2895 581 2950; x_wconf 90' lang='lat' dir='ltr'><strong>enim</strong></span> <span class='ocrx_word' id='word_1_240' title='bbox 612 2909 709 2965; x_wconf 89' lang='lat' dir='ltr'><strong>per</strong></span> <span class='ocrx_word' id='word_1_241' title='bbox 734 2894 1189 2950; x_wconf 88' lang='lat' dir='ltr'><strong>consuetudinem</strong></span> <span class='ocrx_word' id='word_1_242' title='bbox 1241 2895 1460 2950; x_wconf 82' lang='lat' dir='ltr'><strong>humani</strong></span> <span class='ocrx_word' id='word_1_243' title='bbox 1512 2905 1697 2963; x_wconf 89' lang='lat' dir='ltr'><strong>partus</strong></span> <span class='ocrx_word' id='word_1_244' title='bbox 1740 2897 1881 2952; x_wconf 87' lang='lat' dir='ltr'><strong>Deus</strong></span> 
     </span>
    </p>
   </div>
   <div class='ocr_carea' id='block_1_32' title="bbox 287 2982 1880 3069">
    <p class='ocr_par' dir='ltr' id='par_1_32' title="bbox 287 2982 1880 3069">
     <span class='ocr_line' id='line_1_32' title="bbox 287 2982 1880 3069; baseline 0.004 -28"><span class='ocrx_word' id='word_1_245' title='bbox 287 3001 343 3041; x_wconf 84' lang='lat' dir='ltr'><strong>ex</strong></span> <span class='ocrx_word' id='word_1_246' title='bbox 366 2982 469 3043; x_wconf 86' lang='lat' dir='ltr'><strong>Deo</strong></span> <span class='ocrx_word' id='word_1_247' title='bbox 500 2988 757 3056; x_wconf 84' lang='lat' dir='ltr'><strong>nascitur,</strong></span> <span class='ocrx_word' id='word_1_248' title='bbox 778 3004 966 3069; x_wconf 56' lang='lat' dir='ltr'><strong>’neque</strong></span> <span class='ocrx_word' id='word_1_249' title='bbox 1006 3004 1104 3060; x_wconf 88' lang='lat' dir='ltr'><strong>per</strong></span> <span class='ocrx_word' id='word_1_250' title='bbox 1133 2990 1397 3046; x_wconf 88' lang='lat' dir='ltr'><strong>elementa</strong></span> <span class='ocrx_word' id='word_1_251' title='bbox 1426 2990 1652 3060; x_wconf 79' lang='lat' dir='ltr'><strong>originis</strong></span> <span class='ocrx_word' id='word_1_252' title='bbox 1682 3000 1880 3048; x_wconf 70' lang='lat' dir='ltr'><strong>nostra:</strong></span> 
     </span>
    </p>
   </div>
   <div class='ocr_carea' id='block_1_33' title="bbox 287 3082 1882 3155">
    <p class='ocr_par' dir='ltr' id='par_1_33' title="bbox 287 3082 1882 3155">
     <span class='ocr_line' id='line_1_33' title="bbox 287 3082 1882 3155; baseline 0.003 -18"><span class='ocrx_word' id='word_1_253' title='bbox 287 3093 333 3137; x_wconf 91' lang='lat' dir='ltr'><strong>ut</strong></span> <span class='ocrx_word' id='word_1_254' title='bbox 354 3085 519 3138; x_wconf 87' lang='lat' dir='ltr'><strong>homo</strong></span> <span class='ocrx_word' id='word_1_255' title='bbox 551 3098 618 3137; x_wconf 90' lang='lat' dir='ltr'><strong>ex</strong></span> <span class='ocrx_word' id='word_1_256' title='bbox 666 3082 888 3138; x_wconf 85' lang='lat' dir='ltr'><strong>homine</strong></span> <span class='ocrx_word' id='word_1_257' title='bbox 917 3083 1249 3152; x_wconf 71' lang='lat' dir='ltr'><strong>propellitur.</strong></span> <span class='ocrx_word' id='word_1_258' title='bbox 1287 3085 1497 3155; x_wconf 80' lang='lat' dir='ltr'><strong>Integra</strong></span> <span class='ocrx_word' id='word_1_259' title='bbox 1531 3085 1616 3139; x_wconf 92' lang='lat' dir='ltr'><strong>illa</strong></span> <span class='ocrx_word' id='word_1_260' title='bbox 1664 3094 1719 3139; x_wconf 92' lang='lat' dir='ltr'><strong>et</strong></span> <span class='ocrx_word' id='word_1_261' title='bbox 1760 3101 1882 3155; x_wconf 91' lang='lat' dir='ltr'><strong>per-</strong></span> 
     </span>
    </p>
   </div>
   <div class='ocr_carea' id='block_1_34' title="bbox 286 3176 1881 3248">
    <p class='ocr_par' dir='ltr' id='par_1_34' title="bbox 286 3176 1881 3248">
     <span class='ocr_line' id='line_1_34' title="bbox 286 3176 1881 3248; baseline 0.003 -17"><span class='ocrx_word' id='word_1_262' title='bbox 286 3176 403 3231; x_wconf 82' lang='lat' dir='ltr'><strong>fecta</strong></span> <span class='ocrx_word' id='word_1_263' title='bbox 428 3186 491 3231; x_wconf 89' lang='lat' dir='ltr'><strong>et.</strong></span> <span class='ocrx_word' id='word_1_264' title='bbox 520 3176 945 3231; x_wconf 88' lang='lat' dir='ltr'><strong>incontaminata</strong></span> <span class='ocrx_word' id='word_1_265' title='bbox 976 3178 1228 3233; x_wconf 82' lang='lat' dir='ltr'><strong>nativitas</strong></span> <span class='ocrx_word' id='word_1_266' title='bbox 1253 3187 1356 3243; x_wconf 88' lang='lat' dir='ltr'><strong>est,</strong></span> <span class='ocrx_word' id='word_1_267' title='bbox 1388 3178 1543 3248; x_wconf 87' lang='lat' dir='ltr'><strong>cujus</strong></span> <span class='ocrx_word' id='word_1_268' title='bbox 1574 3194 1604 3233; x_wconf 91' lang='lat' dir='ltr'><strong>a</strong></span> <span class='ocrx_word' id='word_1_269' title='bbox 1630 3178 1738 3233; x_wconf 86' lang='lat' dir='ltr'><strong>Deo</strong></span> <span class='ocrx_word' id='word_1_270' title='bbox 1765 3180 1881 3236; x_wconf 89' lang='lat' dir='ltr'><strong>exi-</strong></span> 
     </span>
    </p>
   </div>
   <div class='ocr_carea' id='block_1_35' title="bbox 206 3269 1873 3349">
    <p class='ocr_par' dir='ltr' id='par_1_35' title="bbox 206 3269 1873 3349">
     <span class='ocr_line' id='line_1_35' title="bbox 206 3269 1873 3349; baseline 0.002 -27"><span class='ocrx_word' id='word_1_271' title='bbox 206 3338 216 3349; x_wconf 37' lang='lat'><strong><em>.</em></strong></span> <span class='ocrx_word' id='word_1_272' title='bbox 286 3270 350 3323; x_wconf 90' lang='lat' dir='ltr'><strong>tio</strong></span> <span class='ocrx_word' id='word_1_273' title='bbox 377 3269 560 3339; x_wconf 84' lang='lat' dir='ltr'><strong>potius</strong></span> <span class='ocrx_word' id='word_1_274' title='bbox 601 3285 761 3340; x_wconf 84' lang='lat' dir='ltr'><strong>quam</strong></span> <span class='ocrx_word' id='word_1_275' title='bbox 794 3280 979 3339; x_wconf 89' lang='lat' dir='ltr'><strong>partus</strong></span> <span class='ocrx_word' id='word_1_276' title='bbox 1029 3282 1133 3326; x_wconf 86' lang='lat' dir='ltr'><strong>est.</strong></span> <span class='ocrx_word' id='word_1_277' title='bbox 1166 3271 1261 3326; x_wconf 86' lang='lat' dir='ltr'><strong>Est</strong></span> <span class='ocrx_word' id='word_1_278' title='bbox 1302 3273 1444 3326; x_wconf 89' lang='lat' dir='ltr'><strong>enim</strong></span> <span class='ocrx_word' id='word_1_279' title='bbox 1490 3287 1628 3327; x_wconf 91' lang='lat' dir='ltr'><strong>unus</strong></span> <span class='ocrx_word' id='word_1_280' title='bbox 1654 3288 1721 3328; x_wconf 82' lang='lat' dir='ltr'><strong>ex</strong></span> <span class='ocrx_word' id='word_1_281' title='bbox 1749 3288 1873 3329; x_wconf 91' lang='lat' dir='ltr'><strong>uno.</strong></span> 
     </span>
    </p>
   </div>
   <div class='ocr_carea' id='block_1_36' title="bbox 285 3361 1874 3443">
    <p class='ocr_par' dir='ltr' id='par_1_36' title="bbox 285 3361 1874 3443">
     <span class='ocr_line' id='line_1_36' title="bbox 285 3361 1874 3443; baseline 0.002 -26"><span class='ocrx_word' id='word_1_282' title='bbox 285 3361 384 3417; x_wconf 82' lang='lat' dir='ltr'><strong>Non</strong></span> <span class='ocrx_word' id='word_1_283' title='bbox 403 3372 495 3418; x_wconf 71' lang='lat' dir='ltr'><strong>est</strong></span> <span class='ocrx_word' id='word_1_284' title='bbox 522 3364 715 3432; x_wconf 88' lang='lat' dir='ltr'><strong>portio,</strong></span> <span class='ocrx_word' id='word_1_285' title='bbox 749 3378 856 3417; x_wconf 91' lang='lat' dir='ltr'><strong>non</strong></span> <span class='ocrx_word' id='word_1_286' title='bbox 885 3372 972 3418; x_wconf 90' lang='lat' dir='ltr'><strong>est</strong></span> <span class='ocrx_word' id='word_1_287' title='bbox 998 3362 1255 3443; x_wconf 75' lang='lat' dir='ltr'><strong>defectio,</strong></span> <span class='ocrx_word' id='word_1_288' title='bbox 1290 3379 1394 3419; x_wconf 91' lang='lat' dir='ltr'><strong>non</strong></span> <span class='ocrx_word' id='word_1_289' title='bbox 1445 3376 1527 3420; x_wconf 87' lang='lat' dir='ltr'><strong>est</strong></span> <span class='ocrx_word' id='word_1_290' title='bbox 1553 3364 1874 3432; x_wconf 89' lang='lat' dir='ltr'><strong>deminutio,</strong></span> 
     </span>
    </p>
   </div>
   <div class='ocr_carea' id='block_1_37' title="bbox 285 3457 1880 3528">
    <p class='ocr_par' dir='ltr' id='par_1_37' title="bbox 285 3457 1880 3528">
     <span class='ocr_line' id='line_1_37' title="bbox 285 3457 1880 3528; baseline 0.003 -18"><span class='ocrx_word' id='word_1_291' title='bbox 285 3472 375 3511; x_wconf 89' lang='lat' dir='ltr'><strong>non</strong></span> <span class='ocrx_word' id='word_1_292' title='bbox 420 3458 716 3521; x_wconf 83' lang='lat' dir='ltr'><strong>derivatio,</strong></span> <span class='ocrx_word' id='word_1_293' title='bbox 762 3472 867 3512; x_wconf 91' lang='lat' dir='ltr'><strong>non</strong></span> <span class='ocrx_word' id='word_1_294' title='bbox 917 3458 1214 3526; x_wconf 90' lang='lat' dir='ltr'><strong>protensio,</strong></span> <span class='ocrx_word' id='word_1_295' title='bbox 1245 3474 1350 3513; x_wconf 91' lang='lat' dir='ltr'><strong>non</strong></span> <span class='ocrx_word' id='word_1_296' title='bbox 1383 3458 1596 3528; x_wconf 82' lang='lat' dir='ltr'><strong>passio;</strong></span> <span class='ocrx_word' id='word_1_297' title='bbox 1652 3457 1747 3515; x_wconf 90' lang='lat' dir='ltr'><strong>sed</strong></span> <span class='ocrx_word' id='word_1_298' title='bbox 1796 3459 1880 3514; x_wconf 87' lang='lat' dir='ltr'><strong>vi-</strong></span> 
     </span>
    </p>
   </div>
   <div class='ocr_carea' id='block_1_38' title="bbox 284 3551 1877 3609">
    <p class='ocr_par' dir='ltr' id='par_1_38' title="bbox 284 3551 1877 3609">
     <span class='ocr_line' id='line_1_38' title="bbox 284 3551 1877 3609; baseline 0.003 -5"><span class='ocrx_word' id='word_1_299' title='bbox 284 3553 437 3607; x_wconf 78' lang='lat' dir='ltr'><strong>ventis</strong></span> <span class='ocrx_word' id='word_1_300' title='bbox 463 3562 686 3606; x_wconf 74' lang='lat' dir='ltr'><strong>staturte</strong></span> <span class='ocrx_word' id='word_1_301' title='bbox 710 3568 774 3606; x_wconf 90' lang='lat' dir='ltr'><strong>ex</strong></span> <span class='ocrx_word' id='word_1_302' title='bbox 803 3552 1018 3606; x_wconf 80' lang='lat' dir='ltr'><strong>vivente</strong></span> <span class='ocrx_word' id='word_1_303' title='bbox 1050 3551 1301 3607; x_wconf 83' lang='lat' dir='ltr'><strong>nativitas</strong></span> <span class='ocrx_word' id='word_1_304' title='bbox 1337 3562 1440 3609; x_wconf 89' lang='lat' dir='ltr'><strong>est.</strong></span> <span class='ocrx_word' id='word_1_305' title='bbox 1473 3552 1618 3608; x_wconf 90' lang='lat' dir='ltr'><strong>Deus</strong></span> <span class='ocrx_word' id='word_1_306' title='bbox 1665 3569 1731 3608; x_wconf 88' lang='lat' dir='ltr'><strong>ex</strong></span> <span class='ocrx_word' id='word_1_307' title='bbox 1767 3551 1877 3608; x_wconf 91' lang='lat' dir='ltr'><strong>Deo</strong></span> 
     </span>
    </p>
   </div>
   <div class='ocr_carea' id='block_1_39' title="bbox 282 3644 1882 3710">
    <p class='ocr_par' dir='ltr' id='par_1_39' title="bbox 282 3644 1882 3710">
     <span class='ocr_line' id='line_1_39' title="bbox 282 3644 1882 3710; baseline 0 -10"><span class='ocrx_word' id='word_1_308' title='bbox 282 3646 447 3700; x_wconf 76' lang='lat' dir='ltr'><strong>exiens</strong></span> <span class='ocrx_word' id='word_1_309' title='bbox 488 3654 592 3709; x_wconf 71' lang='lat' dir='ltr'><strong>est,</strong></span> <span class='ocrx_word' id='word_1_310' title='bbox 619 3660 727 3699; x_wconf 88' lang='lat' dir='ltr'><strong>non</strong></span> <span class='ocrx_word' id='word_1_311' title='bbox 752 3652 1000 3699; x_wconf 86' lang='lat' dir='ltr'><strong>creatura</strong></span> <span class='ocrx_word' id='word_1_312' title='bbox 1025 3646 1076 3699; x_wconf 91' lang='lat' dir='ltr'><strong>in</strong></span> <span class='ocrx_word' id='word_1_313' title='bbox 1106 3644 1198 3700; x_wconf 92' lang='lat' dir='ltr'><strong>Dei</strong></span> <span class='ocrx_word' id='word_1_314' title='bbox 1223 3659 1418 3701; x_wconf 85' lang='lat' dir='ltr'><strong>nomen</strong></span> <span class='ocrx_word' id='word_1_315' title='bbox 1445 3645 1616 3701; x_wconf 89' lang='lat' dir='ltr'><strong>electa</strong></span> <span class='ocrx_word' id='word_1_316' title='bbox 1640 3662 1655 3710; x_wconf 90' lang='lat'><strong>;</strong></span> <span class='ocrx_word' id='word_1_317' title='bbox 1690 3661 1798 3700; x_wconf 88' lang='lat' dir='ltr'><strong>non</strong></span> <span class='ocrx_word' id='word_1_318' title='bbox 1824 3655 1882 3700; x_wconf 90' lang='lat' dir='ltr'><strong>ut</strong></span> 
     </span>
    </p>
   </div>
   <div class='ocr_carea' id='block_1_40' title="bbox 286 3735 1880 3803">
    <p class='ocr_par' dir='ltr' id='par_1_40' title="bbox 286 3735 1880 3803">
     <span class='ocr_line' id='line_1_40' title="bbox 286 3735 1880 3803; baseline 0.001 -12"><span class='ocrx_word' id='word_1_319' title='bbox 286 3747 412 3791; x_wconf 77' lang='lat' dir='ltr'><strong>esset</strong></span> <span class='ocrx_word' id='word_1_320' title='bbox 438 3738 609 3803; x_wconf 73' lang='lat' dir='ltr'><strong>erepit</strong></span> <span class='ocrx_word' id='word_1_321' title='bbox 636 3752 703 3791; x_wconf 88' lang='lat' dir='ltr'><strong>ex</strong></span> <span class='ocrx_word' id='word_1_322' title='bbox 727 3736 914 3802; x_wconf 90' lang='lat' dir='ltr'><strong>nihilo,</strong></span> <span class='ocrx_word' id='word_1_323' title='bbox 948 3736 1042 3791; x_wconf 90' lang='lat' dir='ltr'><strong>sed</strong></span> <span class='ocrx_word' id='word_1_324' title='bbox 1066 3736 1200 3791; x_wconf 81' lang='lat' dir='ltr'><strong>exiit</strong></span> <span class='ocrx_word' id='word_1_325' title='bbox 1224 3750 1251 3789; x_wconf 88' lang='lat' dir='ltr'><strong>a</strong></span> <span class='ocrx_word' id='word_1_326' title='bbox 1282 3745 1533 3792; x_wconf 87' lang='lat' dir='ltr'><strong>manente</strong></span> <span class='ocrx_word' id='word_1_327' title='bbox 1560 3753 1573 3790; x_wconf 85' lang='lat'><strong>:</strong></span> <span class='ocrx_word' id='word_1_328' title='bbox 1599 3746 1654 3790; x_wconf 88' lang='lat' dir='ltr'><strong>et</strong></span> <span class='ocrx_word' id='word_1_329' title='bbox 1678 3735 1880 3792; x_wconf 90' lang='lat' dir='ltr'><strong>exiisse</strong></span> 
     </span>
    </p>
   </div>
   <div class='ocr_carea' id='block_1_41' title="bbox 293 3829 1879 3900">
    <p class='ocr_par' dir='ltr' id='par_1_41' title="bbox 293 3829 1879 3900">
     <span class='ocr_line' id='line_1_41' title="bbox 293 3829 1879 3900; baseline 0 -16"><span class='ocrx_word' id='word_1_330' title='bbox 293 3831 728 3900; x_wconf 80' lang='lat' dir='ltr'><strong>signiﬁcationem</strong></span> <span class='ocrx_word' id='word_1_331' title='bbox 775 3829 937 3885; x_wconf 89' lang='lat' dir='ltr'><strong>habet</strong></span> <span class='ocrx_word' id='word_1_332' title='bbox 969 3830 1293 3897; x_wconf 87' lang='lat' dir='ltr'><strong>nativitatis,</strong></span> <span class='ocrx_word' id='word_1_333' title='bbox 1329 3847 1432 3885; x_wconf 91' lang='lat' dir='ltr'><strong>non</strong></span> <span class='ocrx_word' id='word_1_334' title='bbox 1466 3830 1627 3885; x_wconf 88' lang='lat' dir='ltr'><strong>habet</strong></span> <span class='ocrx_word' id='word_1_335' title='bbox 1657 3830 1879 3885; x_wconf 88' lang='lat' dir='ltr'><strong>inchoa-</strong></span> 
     </span>
    </p>
   </div>
   <div class='ocr_carea' id='block_1_42' title="bbox 289 3922 1872 3996">
    <p class='ocr_par' dir='ltr' id='par_1_42' title="bbox 289 3922 1872 3996">
     <span class='ocr_line' id='line_1_42' title="bbox 289 3922 1872 3996; baseline 0 -19"><span class='ocrx_word' id='word_1_336' title='bbox 289 3924 454 3981; x_wconf 80' lang='lat' dir='ltr'><strong>tiouis.</strong></span> <span class='ocrx_word' id='word_1_337' title='bbox 489 3924 610 3978; x_wconf 79' lang='lat' dir='ltr'><strong>Non</strong></span> <span class='ocrx_word' id='word_1_338' title='bbox 641 3923 786 3978; x_wconf 89' lang='lat' dir='ltr'><strong>enim</strong></span> <span class='ocrx_word' id='word_1_339' title='bbox 818 3922 960 3978; x_wconf 85' lang='lat' dir='ltr'><strong>idem</strong></span> <span class='ocrx_word' id='word_1_340' title='bbox 991 3932 1074 3978; x_wconf 88' lang='lat' dir='ltr'><strong>est</strong></span> <span class='ocrx_word' id='word_1_341' title='bbox 1117 3923 1471 3979; x_wconf 84' lang='lat' dir='ltr'><strong>substantiam</strong></span> <span class='ocrx_word' id='word_1_342' title='bbox 1521 3922 1591 3996; x_wconf 80' lang='lat' dir='ltr'><strong>(f)</strong></span> <span class='ocrx_word' id='word_1_343' title='bbox 1616 3924 1872 3992; x_wconf 75' lang='lat' dir='ltr'><strong>empisse,</strong></span> 
     </span>
    </p>
   </div>
   <div class='ocr_carea' id='block_1_43' title="bbox 286 4016 1877 4086">
    <p class='ocr_par' dir='ltr' id='par_1_43' title="bbox 286 4016 1877 4086">
     <span class='ocr_line' id='line_1_43' title="bbox 286 4016 1877 4086; baseline 0.001 -15"><span class='ocrx_word' id='word_1_344' title='bbox 286 4029 327 4071; x_wconf 88' lang='lat' dir='ltr'><strong>et</strong></span> <span class='ocrx_word' id='word_1_345' title='bbox 357 4018 516 4073; x_wconf 86' lang='lat' dir='ltr'><strong>Deum</strong></span> <span class='ocrx_word' id='word_1_346' title='bbox 548 4017 758 4074; x_wconf 86' lang='lat' dir='ltr'><strong>exiisse</strong></span> <span class='ocrx_word' id='word_1_347' title='bbox 797 4017 866 4072; x_wconf 91' lang='lat' dir='ltr'><strong>de</strong></span> <span class='ocrx_word' id='word_1_348' title='bbox 900 4017 1030 4074; x_wconf 92' lang='lat' dir='ltr'><strong>Deo.</strong></span> <span class='ocrx_word' id='word_1_349' title='bbox 1061 4016 1129 4073; x_wconf 83' lang='lat' dir='ltr'><strong>Et</strong></span> <span class='ocrx_word' id='word_1_350' title='bbox 1174 4018 1465 4073; x_wconf 81' lang='lat' dir='ltr'><strong>nativitatis</strong></span> <span class='ocrx_word' id='word_1_351' title='bbox 1517 4017 1676 4086; x_wconf 88' lang='lat' dir='ltr'><strong>hujus</strong></span> <span class='ocrx_word' id='word_1_352' title='bbox 1719 4030 1877 4072; x_wconf 86' lang='lat' dir='ltr'><strong>cons-</strong></span> 
     </span>
    </p>
   </div>
   <div class='ocr_carea' id='block_1_44' title="bbox 286 4109 1875 4178">
    <p class='ocr_par' dir='ltr' id='par_1_44' title="bbox 286 4109 1875 4178">
     <span class='ocr_line' id='line_1_44' title="bbox 286 4109 1875 4178; baseline -0.001 -14"><span class='ocrx_word' id='word_1_353' title='bbox 286 4110 463 4167; x_wconf 86' lang='lat' dir='ltr'><strong>cientia</strong></span> <span class='ocrx_word' id='word_1_354' title='bbox 492 4114 622 4168; x_wconf 88' lang='lat' dir='ltr'><strong>licet</strong></span> <span class='ocrx_word' id='word_1_355' title='bbox 651 4126 758 4166; x_wconf 90' lang='lat' dir='ltr'><strong>non</strong></span> <span class='ocrx_word' id='word_1_356' title='bbox 801 4109 1043 4178; x_wconf 87' lang='lat' dir='ltr'><strong>subjecta</strong></span> <span class='ocrx_word' id='word_1_357' title='bbox 1092 4110 1272 4166; x_wconf 84' lang='lat' dir='ltr'><strong>verbis</strong></span> <span class='ocrx_word' id='word_1_358' title='bbox 1303 4111 1391 4171; x_wconf 89' lang='lat' dir='ltr'><strong>sit.</strong></span> <span class='ocrx_word' id='word_1_359' title='bbox 1425 4125 1546 4164; x_wconf 90' lang='lat' dir='ltr'><strong>cum</strong></span> <span class='ocrx_word' id='word_1_360' title='bbox 1592 4109 1875 4164; x_wconf 89' lang='lat' dir='ltr'><strong>inenarra-</strong></span> 
     </span>
    </p>
   </div>
   <div class='ocr_carea' id='block_1_45' title="bbox 286 4199 1880 4268">
    <p class='ocr_par' dir='ltr' id='par_1_45' title="bbox 286 4199 1880 4268">
     <span class='ocr_line' id='line_1_45' title="bbox 286 4199 1880 4268; baseline 0.001 -14"><span class='ocrx_word' id='word_1_361' title='bbox 286 4200 393 4256; x_wconf 85' lang='lat' dir='ltr'><strong>bilis</strong></span> <span class='ocrx_word' id='word_1_362' title='bbox 417 4203 523 4268; x_wconf 77' lang='lat' dir='ltr'><strong>sit;</strong></span> <span class='ocrx_word' id='word_1_363' title='bbox 582 4202 739 4259; x_wconf 86' lang='lat' dir='ltr'><strong>habet</strong></span> <span class='ocrx_word' id='word_1_364' title='bbox 770 4211 948 4256; x_wconf 90' lang='lat' dir='ltr'><strong>tamen</strong></span> <span class='ocrx_word' id='word_1_365' title='bbox 980 4200 1036 4255; x_wconf 91' lang='lat' dir='ltr'><strong>in</strong></span> <span class='ocrx_word' id='word_1_366' title='bbox 1063 4200 1307 4255; x_wconf 88' lang='lat' dir='ltr'><strong>doctrina</strong></span> <span class='ocrx_word' id='word_1_367' title='bbox 1356 4199 1474 4256; x_wconf 84' lang='lat' dir='ltr'><strong>Filii</strong></span> <span class='ocrx_word' id='word_1_368' title='bbox 1518 4199 1643 4255; x_wconf 88' lang='lat' dir='ltr'><strong>ﬁdei</strong></span> <span class='ocrx_word' id='word_1_369' title='bbox 1674 4199 1880 4255; x_wconf 87' lang='lat' dir='ltr'><strong>securi-</strong></span> 
     </span>
    </p>
   </div>
   <div class='ocr_carea' id='block_1_46' title="bbox 288 4284 1405 4362">
    <p class='ocr_par' dir='ltr' id='par_1_46' title="bbox 288 4284 1405 4362">
     <span class='ocr_line' id='line_1_46' title="bbox 288 4284 1405 4362; baseline 0.003 -14"><span class='ocrx_word' id='word_1_370' title='bbox 288 4300 452 4362; x_wconf 88' lang='lat' dir='ltr'><strong>tatem,</strong></span> <span class='ocrx_word' id='word_1_371' title='bbox 484 4313 515 4352; x_wconf 87' lang='lat' dir='ltr'><strong>a</strong></span> <span class='ocrx_word' id='word_1_372' title='bbox 551 4295 663 4351; x_wconf 92' lang='lat' dir='ltr'><strong>Deo</strong></span> <span class='ocrx_word' id='word_1_373' title='bbox 688 4284 753 4351; x_wconf 78' lang='lat' dir='ltr'><strong>se</strong></span> <span class='ocrx_word' id='word_1_374' title='bbox 783 4294 1405 4358; x_wconf 79' lang='lat' dir='ltr'><strong>manifestamis;exisse.</strong></span> 
     </span>
    </p>
   </div>
   <div class='ocr_carea' id='block_1_47' title="bbox 2002 467 3611 538">
    <p class='ocr_par' dir='ltr' id='par_1_47' title="bbox 2002 467 3611 538">
     <span class='ocr_line' id='line_1_47' title="bbox 2002 467 3611 538; baseline 0.009 -19"><span class='ocrx_word' id='word_1_375' title='bbox 2002 468 2224 537; x_wconf 82' lang='lat' dir='ltr'><strong>primum</strong></span> <span class='ocrx_word' id='word_1_376' title='bbox 2249 482 2362 521; x_wconf 88' lang='lat' dir='ltr'><strong>eum</strong></span> <span class='ocrx_word' id='word_1_377' title='bbox 2383 467 2589 538; x_wconf 80' lang='lat' dir='ltr'><strong>agnovit</strong></span> <span class='ocrx_word' id='word_1_378' title='bbox 2636 467 2823 523; x_wconf 84' lang='lat' dir='ltr'><strong>Deum.</strong></span> <span class='ocrx_word' id='word_1_379' title='bbox 2861 469 2962 525; x_wconf 83' lang='lat' dir='ltr'><strong>Ubi</strong></span> <span class='ocrx_word' id='word_1_380' title='bbox 2989 471 3250 527; x_wconf 83' lang='lat' dir='ltr'><strong>didicerit.</strong></span> <span class='ocrx_word' id='word_1_381' title='bbox 3277 503 3350 514; x_wconf 91' lang='lat'><strong>—-</strong></span> <span class='ocrx_word' id='word_1_382' title='bbox 3377 474 3496 531; x_wconf 87' lang='lat' dir='ltr'><strong>Non</strong></span> <span class='ocrx_word' id='word_1_383' title='bbox 3525 486 3611 534; x_wconf 84' lang='lat' dir='ltr'><strong>est</strong></span> 
     </span>
    </p>
   </div>
   <div class='ocr_carea' id='block_1_48' title="bbox 1998 560 3609 639">
    <p class='ocr_par' dir='ltr' id='par_1_48' title="bbox 1998 560 3609 639">
     <span class='ocr_line' id='line_1_48' title="bbox 1998 560 3609 639; baseline 0.006 -23"><span class='ocrx_word' id='word_1_384' title='bbox 1998 560 2309 630; x_wconf 86' lang='lat' dir='ltr'><strong>evangelica</strong></span> <span class='ocrx_word' id='word_1_385' title='bbox 2333 570 2388 616; x_wconf 92' lang='lat' dir='ltr'><strong>et</strong></span> <span class='ocrx_word' id='word_1_386' title='bbox 2412 561 2706 631; x_wconf 81' lang='lat' dir='ltr'><strong>apostolica</strong></span> <span class='ocrx_word' id='word_1_387' title='bbox 2737 562 2891 629; x_wconf 89' lang='lat' dir='ltr'><strong>ﬁdes,</strong></span> <span class='ocrx_word' id='word_1_388' title='bbox 2925 563 3091 619; x_wconf 91' lang='lat' dir='ltr'><strong>ﬁlium</strong></span> <span class='ocrx_word' id='word_1_389' title='bbox 3124 565 3219 622; x_wconf 89' lang='lat' dir='ltr'><strong>Dei</strong></span> <span class='ocrx_word' id='word_1_390' title='bbox 3262 568 3480 625; x_wconf 89' lang='lat' dir='ltr'><strong>nomine</strong></span> <span class='ocrx_word' id='word_1_391' title='bbox 3507 584 3609 639; x_wconf 88' lang='lat' dir='ltr'><strong>po-</strong></span> 
     </span>
    </p>
   </div>
   <div class='ocr_carea' id='block_1_49' title="bbox 1999 651 3607 730">
    <p class='ocr_par' dir='ltr' id='par_1_49' title="bbox 1999 651 3607 730">
     <span class='ocr_line' id='line_1_49' title="bbox 1999 651 3607 730; baseline 0.008 -24"><span class='ocrx_word' id='word_1_392' title='bbox 1999 651 2106 707; x_wconf 90' lang='lat' dir='ltr'><strong>tius</strong></span> <span class='ocrx_word' id='word_1_393' title='bbox 2131 667 2288 723; x_wconf 83' lang='lat' dir='ltr'><strong>quam</strong></span> <span class='ocrx_word' id='word_1_394' title='bbox 2319 667 2507 708; x_wconf 86' lang='lat' dir='ltr'><strong>natura</strong></span> <span class='ocrx_word' id='word_1_395' title='bbox 2539 654 2853 710; x_wconf 80' lang='lat' dir='ltr'><strong>credidisse.</strong></span> <span class='ocrx_word' id='word_1_396' title='bbox 2886 656 2945 712; x_wconf 90' lang='lat' dir='ltr'><strong>Si</strong></span> <span class='ocrx_word' id='word_1_397' title='bbox 2976 656 3121 713; x_wconf 87' lang='lat' dir='ltr'><strong>enim</strong></span> <span class='ocrx_word' id='word_1_398' title='bbox 3150 660 3455 730; x_wconf 83' lang='lat' dir='ltr'><strong>adoptionis</strong></span> <span class='ocrx_word' id='word_1_399' title='bbox 3485 662 3607 720; x_wconf 67' lang='lat' dir='ltr'><strong>hare</strong></span> 
     </span>
    </p>
   </div>
   <div class='ocr_carea' id='block_1_50' title="bbox 1997 747 3610 824">
    <p class='ocr_par' dir='ltr' id='par_1_50' title="bbox 1997 747 3610 824">
     <span class='ocr_line' id='line_1_50' title="bbox 1997 747 3610 824; baseline 0.008 -24"><span class='ocrx_word' id='word_1_400' title='bbox 1997 747 2327 817; x_wconf 88' lang='lat' dir='ltr'><strong>nuncupatio</strong></span> <span class='ocrx_word' id='word_1_401' title='bbox 2353 756 2455 812; x_wconf 88' lang='lat' dir='ltr'><strong>est,</strong></span> <span class='ocrx_word' id='word_1_402' title='bbox 2485 758 2537 803; x_wconf 90' lang='lat' dir='ltr'><strong>et</strong></span> <span class='ocrx_word' id='word_1_403' title='bbox 2561 764 2667 804; x_wconf 90' lang='lat' dir='ltr'><strong>non</strong></span> <span class='ocrx_word' id='word_1_404' title='bbox 2699 748 2900 805; x_wconf 89' lang='lat' dir='ltr'><strong>idcirco</strong></span> <span class='ocrx_word' id='word_1_405' title='bbox 2932 750 3074 806; x_wconf 86' lang='lat' dir='ltr'><strong>ﬁlius</strong></span> <span class='ocrx_word' id='word_1_406' title='bbox 3121 763 3227 819; x_wconf 89' lang='lat' dir='ltr'><strong>est,</strong></span> <span class='ocrx_word' id='word_1_407' title='bbox 3260 756 3384 824; x_wconf 89' lang='lat' dir='ltr'><strong>quia</strong></span> <span class='ocrx_word' id='word_1_408' title='bbox 3415 758 3610 813; x_wconf 78' lang='lat' dir='ltr'><strong>exierit</strong></span> 
     </span>
    </p>
   </div>
   <div class='ocr_carea' id='block_1_51' title="bbox 1997 839 3608 912">
    <p class='ocr_par' dir='ltr' id='par_1_51' title="bbox 1997 839 3608 912">
     <span class='ocr_line' id='line_1_51' title="bbox 1997 839 3608 912; baseline 0.007 -18"><span class='ocrx_word' id='word_1_409' title='bbox 1997 855 2027 893; x_wconf 88' lang='lat' dir='ltr'><strong>a</strong></span> <span class='ocrx_word' id='word_1_410' title='bbox 2055 839 2197 907; x_wconf 91' lang='lat' dir='ltr'><strong>Deo;</strong></span> <span class='ocrx_word' id='word_1_411' title='bbox 2230 856 2415 912; x_wconf 64' lang='lat' dir='ltr'><strong>quaero</strong></span> <span class='ocrx_word' id='word_1_412' title='bbox 2441 843 2587 898; x_wconf 88' lang='lat' dir='ltr'><strong>unde</strong></span> <span class='ocrx_word' id='word_1_413' title='bbox 2609 842 2796 898; x_wconf 90' lang='lat' dir='ltr'><strong>beatus</strong></span> <span class='ocrx_word' id='word_1_414' title='bbox 2820 844 3006 900; x_wconf 85' lang='lat' dir='ltr'><strong>Simon</strong></span> <span class='ocrx_word' id='word_1_415' title='bbox 3037 844 3307 903; x_wconf 82' lang='lat' dir='ltr'><strong>Bar—Jona</strong></span> <span class='ocrx_word' id='word_1_416' title='bbox 3351 859 3433 905; x_wconf 91' lang='lat' dir='ltr'><strong>cst</strong></span> <span class='ocrx_word' id='word_1_417' title='bbox 3477 865 3608 906; x_wconf 85' lang='lat' dir='ltr'><strong>con-</strong></span> 
     </span>
    </p>
   </div>
   <div class='ocr_carea' id='block_1_52' title="bbox 1996 928 3611 1014">
    <p class='ocr_par' dir='ltr' id='par_1_52' title="bbox 1996 928 3611 1014">
     <span class='ocr_line' id='line_1_52' title="bbox 1996 928 3611 1014; baseline 0.009 -28"><span class='ocrx_word' id='word_1_418' title='bbox 1996 928 2195 998; x_wconf 81' lang='lat' dir='ltr'><strong>fessus,</strong></span> <span class='ocrx_word' id='word_1_419' title='bbox 2220 932 2262 986; x_wconf 85' lang='grc' dir='ltr'><em>Τ</em></span> <span class='ocrx_word' id='word_1_420' title='bbox 2263 950 2298 988; x_wconf 87' lang='lat' dir='ltr'><strong>u</strong></span> <span class='ocrx_word' id='word_1_421' title='bbox 2318 950 2370 989; x_wconf 89' lang='lat' dir='ltr'><strong>es</strong></span> <span class='ocrx_word' id='word_1_422' title='bbox 2391 933 2629 989; x_wconf 74' lang='lat' dir='ltr'><strong>Christus</strong></span> <span class='ocrx_word' id='word_1_423' title='bbox 2649 936 2790 1006; x_wconf 84' lang='lat' dir='ltr'><strong>ﬁlius</strong></span> <span class='ocrx_word' id='word_1_424' title='bbox 2816 934 2913 991; x_wconf 78' lang='lat' dir='ltr'><strong>Dei</strong></span> <span class='ocrx_word' id='word_1_425' title='bbox 2933 937 3031 992; x_wconf 80' lang='lat' dir='ltr'><strong>vivi</strong></span> <span class='ocrx_word' id='word_1_426' title='bbox 3059 938 3272 1010; x_wconf 83' lang='lat' dir='ltr'><strong>(Matth.</strong></span> <span class='ocrx_word' id='word_1_427' title='bbox 3313 956 3421 1008; x_wconf 60' lang='grc' dir='ltr'>ιιι,</span> <span class='ocrx_word' id='word_1_428' title='bbox 3474 943 3561 1014; x_wconf 87' lang='lat' dir='ltr'><strong>l6)</strong></span> <span class='ocrx_word' id='word_1_429' title='bbox 3587 944 3611 1000; x_wconf 67' lang='grc' dir='ltr'><em>ἲ</em></span> 
     </span>
    </p>
   </div>
   <div class='ocr_carea' id='block_1_53' title="bbox 1995 1029 3592 1100">
    <p class='ocr_par' dir='ltr' id='par_1_53' title="bbox 1995 1029 3592 1100">
     <span class='ocr_line' id='line_1_53' title="bbox 1995 1029 3592 1100; baseline 0.01 -22"><span class='ocrx_word' id='word_1_430' title='bbox 1995 1040 2135 1081; x_wconf 88' lang='lat' dir='ltr'><strong>anne</strong></span> <span class='ocrx_word' id='word_1_431' title='bbox 2165 1042 2285 1082; x_wconf 92' lang='lat' dir='ltr'><strong>cum</strong></span> <span class='ocrx_word' id='word_1_432' title='bbox 2316 1029 2568 1084; x_wconf 90' lang='lat' dir='ltr'><strong>omnibus</strong></span> <span class='ocrx_word' id='word_1_433' title='bbox 2596 1040 2833 1099; x_wconf 87' lang='lat' dir='ltr'><strong>petestas</strong></span> <span class='ocrx_word' id='word_1_434' title='bbox 2864 1032 2934 1086; x_wconf 88' lang='lat' dir='ltr'><strong>sit</strong></span> <span class='ocrx_word' id='word_1_435' title='bbox 2958 1047 3054 1100; x_wconf 89' lang='lat' dir='ltr'><strong>per</strong></span> <span class='ocrx_word' id='word_1_436' title='bbox 3075 1046 3471 1091; x_wconf 88' lang='lat' dir='ltr'><strong>sacramentum</strong></span> <span class='ocrx_word' id='word_1_437' title='bbox 3508 1053 3592 1094; x_wconf 90' lang='lat' dir='ltr'><strong>re-</strong></span> 
     </span>
    </p>
   </div>
   <div class='ocr_carea' id='block_1_54' title="bbox 1993 1110 3609 1191">
    <p class='ocr_par' dir='ltr' id='par_1_54' title="bbox 1993 1110 3609 1191">
     <span class='ocr_line' id='line_1_54' title="bbox 1993 1110 3609 1191; baseline 0.01 -20"><span class='ocrx_word' id='word_1_438' title='bbox 1993 1119 2360 1187; x_wconf 73' lang='lat' dir='ltr'><strong>generationis</strong></span> <span class='ocrx_word' id='word_1_439' title='bbox 2383 1118 2460 1191; x_wconf 86' lang='lat' dir='ltr'><strong>(g)</strong></span> <span class='ocrx_word' id='word_1_440' title='bbox 2487 1120 2541 1174; x_wconf 90' lang='lat' dir='ltr'><strong>in</strong></span> <span class='ocrx_word' id='word_1_441' title='bbox 2572 1119 2710 1176; x_wconf 80' lang='lat' dir='ltr'><strong>ﬁlios</strong></span> <span class='ocrx_word' id='word_1_442' title='bbox 2739 1121 2836 1177; x_wconf 89' lang='lat' dir='ltr'><strong>Dei</strong></span> <span class='ocrx_word' id='word_1_443' title='bbox 2859 1124 3005 1178; x_wconf 89' lang='lat' dir='ltr'><strong>nasci</strong></span> <span class='ocrx_word' id='word_1_444' title='bbox 3023 1126 3044 1177; x_wconf 84' lang='grc' dir='ltr'><strong>ι</strong></span> <span class='ocrx_word' id='word_1_445' title='bbox 3064 1124 3119 1179; x_wconf 74' lang='lat' dir='ltr'><strong>sa</strong></span> <span class='ocrx_word' id='word_1_446' title='bbox 3144 1110 3442 1182; x_wconf 76' lang='lat' dir='ltr'><strong>secundum</strong></span> <span class='ocrx_word' id='word_1_447' title='bbox 3470 1128 3609 1187; x_wconf 90' lang='lat' dir='ltr'><strong>hanc</strong></span> 
     </span>
    </p>
   </div>
   <div class='ocr_carea' id='block_1_55' title="bbox 1998 1213 3605 1293">
    <p class='ocr_par' dir='ltr' id='par_1_55' title="bbox 1998 1213 3605 1293">
     <span class='ocr_line' id='line_1_55' title="bbox 1998 1213 3605 1293; baseline 0.007 -28"><span class='ocrx_word' id='word_1_448' title='bbox 1998 1215 2452 1280; x_wconf 88' lang='lat' dir='ltr'><strong>nuncupationem</strong></span> <span class='ocrx_word' id='word_1_449' title='bbox 2479 1213 2619 1291; x_wconf 82' lang='lat' dir='ltr'><strong>illius</strong></span> <span class='ocrx_word' id='word_1_450' title='bbox 2647 1214 2740 1270; x_wconf 91' lang='lat' dir='ltr'><strong>Dei</strong></span> <span class='ocrx_word' id='word_1_451' title='bbox 2758 1213 3004 1271; x_wconf 83' lang='lat' dir='ltr'><strong>Chrisms</strong></span> <span class='ocrx_word' id='word_1_452' title='bbox 3027 1226 3145 1278; x_wconf 84' lang='lat' dir='ltr'><strong>est;</strong></span> <span class='ocrx_word' id='word_1_453' title='bbox 3174 1220 3285 1274; x_wconf 89' lang='lat' dir='ltr'><strong>inte</strong></span> <span class='ocrx_word' id='word_1_454' title='bbox 3299 1236 3459 1292; x_wconf 85' lang='lat' dir='ltr'><strong>rrogo</strong></span> <span class='ocrx_word' id='word_1_455' title='bbox 3479 1221 3605 1293; x_wconf 84' lang='lat' dir='ltr'><strong>quid</strong></span> 
     </span>
    </p>
   </div>
   <div class='ocr_carea' id='block_1_56' title="bbox 1993 1302 3598 1383">
    <p class='ocr_par' dir='ltr' id='par_1_56' title="bbox 1993 1302 3598 1383">
     <span class='ocr_line' id='line_1_56' title="bbox 1993 1302 3598 1383; baseline 0.006 -25"><span class='ocrx_word' id='word_1_456' title='bbox 1993 1302 2121 1358; x_wconf 89' lang='lat' dir='ltr'><strong>illud</strong></span> <span class='ocrx_word' id='word_1_457' title='bbox 2139 1304 2227 1369; x_wconf 91' lang='lat' dir='ltr'><strong>sit,</strong></span> <span class='ocrx_word' id='word_1_458' title='bbox 2248 1305 2390 1376; x_wconf 86' lang='lat' dir='ltr'><strong>quod</strong></span> <span class='ocrx_word' id='word_1_459' title='bbox 2409 1306 2568 1360; x_wconf 85' lang='lat' dir='ltr'><strong>Petro</strong></span> <span class='ocrx_word' id='word_1_460' title='bbox 2590 1322 2696 1362; x_wconf 90' lang='lat' dir='ltr'><strong>non</strong></span> <span class='ocrx_word' id='word_1_461' title='bbox 2718 1322 2843 1362; x_wconf 90' lang='lat' dir='ltr'><strong>caro</strong></span> <span class='ocrx_word' id='word_1_462' title='bbox 2867 1324 3041 1380; x_wconf 89' lang='lat' dir='ltr'><strong>neque</strong></span> <span class='ocrx_word' id='word_1_463' title='bbox 3064 1313 3280 1382; x_wconf 80' lang='lat' dir='ltr'><strong>sanguis</strong></span> <span class='ocrx_word' id='word_1_464' title='bbox 3306 1313 3565 1368; x_wconf 81' lang='lat' dir='ltr'><strong>revelavit</strong></span> <span class='ocrx_word' id='word_1_465' title='bbox 3583 1359 3598 1383; x_wconf 90' lang='lat'><strong>,</strong></span> 
     </span>
    </p>
   </div>
   <div class='ocr_carea' id='block_1_57' title="bbox 1991 1396 3607 1473">
    <p class='ocr_par' dir='ltr' id='par_1_57' title="bbox 1991 1396 3607 1473">
     <span class='ocr_line' id='line_1_57' title="bbox 1991 1396 3607 1473; baseline 0.006 -22"><span class='ocrx_word' id='word_1_466' title='bbox 1991 1396 2087 1452; x_wconf 88' lang='lat' dir='ltr'><strong>sed</strong></span> <span class='ocrx_word' id='word_1_467' title='bbox 2102 1396 2261 1451; x_wconf 90' lang='lat' dir='ltr'><strong>Pater</strong></span> <span class='ocrx_word' id='word_1_468' title='bbox 2273 1398 2361 1467; x_wconf 90' lang='lat' dir='ltr'><strong>qui</strong></span> <span class='ocrx_word' id='word_1_469' title='bbox 2387 1400 2437 1451; x_wconf 92' lang='lat' dir='ltr'><strong>iu</strong></span> <span class='ocrx_word' id='word_1_470' title='bbox 2456 1399 2606 1454; x_wconf 64' lang='lat' dir='ltr'><strong>caelis</strong></span> <span class='ocrx_word' id='word_1_471' title='bbox 2623 1409 2705 1454; x_wconf 88' lang='lat' dir='ltr'><strong>est</strong></span> <span class='ocrx_word' id='word_1_472' title='bbox 2725 1398 2746 1472; x_wconf 92' lang='lat'><strong>(</strong></span> <span class='ocrx_word' id='word_1_473' title='bbox 2757 1400 2777 1452; x_wconf 88' lang='grc' dir='ltr'><strong><em>Ι</em></strong></span> <span class='ocrx_word' id='word_1_474' title='bbox 2784 1401 2887 1455; x_wconf 86' lang='lat' dir='ltr'><strong>bid.</strong></span> <span class='ocrx_word' id='word_1_475' title='bbox 2901 1401 3022 1472; x_wconf 85' lang='lat' dir='ltr'><strong>l7)?</strong></span> <span class='ocrx_word' id='word_1_476' title='bbox 3051 1401 3333 1460; x_wconf 84' lang='lat' dir='ltr'><strong>Generalis</strong></span> <span class='ocrx_word' id='word_1_477' title='bbox 3348 1405 3607 1473; x_wconf 88' lang='lat' dir='ltr'><strong>professio</strong></span> 
     </span>
    </p>
   </div>
   <div class='ocr_carea' id='block_1_58' title="bbox 1990 1488 3611 1570">
    <p class='ocr_par' dir='ltr' id='par_1_58' title="bbox 1990 1488 3611 1570">
     <span class='ocr_line' id='line_1_58' title="bbox 1990 1488 3611 1570; baseline 0.008 -29"><span class='ocrx_word' id='word_1_478' title='bbox 1990 1488 2116 1558; x_wconf 92' lang='lat' dir='ltr'><strong>quid</strong></span> <span class='ocrx_word' id='word_1_479' title='bbox 2133 1488 2291 1543; x_wconf 85' lang='lat' dir='ltr'><strong>habet</strong></span> <span class='ocrx_word' id='word_1_480' title='bbox 2307 1490 2733 1563; x_wconf 76' lang='lat' dir='ltr'><strong>meriti?autqua:</strong></span> <span class='ocrx_word' id='word_1_481' title='bbox 2749 1494 3089 1549; x_wconf 79' lang='lat' dir='ltr'><strong>revelationis</strong></span> <span class='ocrx_word' id='word_1_482' title='bbox 3105 1506 3184 1552; x_wconf 87' lang='lat' dir='ltr'><strong>est</strong></span> <span class='ocrx_word' id='word_1_483' title='bbox 3199 1495 3364 1568; x_wconf 80' lang='lat' dir='ltr'><strong>gloria</strong></span> <span class='ocrx_word' id='word_1_484' title='bbox 3382 1498 3611 1570; x_wconf 87' lang='lat' dir='ltr'><strong>in(lt)ptt-</strong></span> 
     </span>
    </p>
   </div>
   <div class='ocr_carea' id='block_1_59' title="bbox 1991 1581 3608 1658">
    <p class='ocr_par' dir='ltr' id='par_1_59' title="bbox 1991 1581 3608 1658">
     <span class='ocr_line' id='line_1_59' title="bbox 1991 1581 3608 1658; baseline 0.008 -21"><span class='ocrx_word' id='word_1_485' title='bbox 1991 1581 2127 1638; x_wconf 89' lang='lat' dir='ltr'><strong>blica</strong></span> <span class='ocrx_word' id='word_1_486' title='bbox 2155 1585 2510 1639; x_wconf 88' lang='lat' dir='ltr'><strong>conscientia?</strong></span> <span class='ocrx_word' id='word_1_487' title='bbox 2528 1586 2585 1641; x_wconf 91' lang='lat' dir='ltr'><strong>Si</strong></span> <span class='ocrx_word' id='word_1_488' title='bbox 2611 1602 2677 1641; x_wconf 81' lang='lat' dir='ltr'><strong>ex</strong></span> <span class='ocrx_word' id='word_1_489' title='bbox 2702 1587 2989 1657; x_wconf 83' lang='lat' dir='ltr'><strong>adoptione</strong></span> <span class='ocrx_word' id='word_1_490' title='bbox 3019 1589 3159 1645; x_wconf 87' lang='lat' dir='ltr'><strong>ﬁlius</strong></span> <span class='ocrx_word' id='word_1_491' title='bbox 3180 1601 3293 1658; x_wconf 88' lang='lat' dir='ltr'><strong>est;</strong></span> <span class='ocrx_word' id='word_1_492' title='bbox 3330 1591 3470 1647; x_wconf 90' lang='lat' dir='ltr'><strong>unde</strong></span> <span class='ocrx_word' id='word_1_493' title='bbox 3495 1594 3608 1651; x_wconf 69' lang='lat' dir='ltr'><strong>hare</strong></span> 
     </span>
    </p>
   </div>
   <div class='ocr_carea' id='block_1_60' title="bbox 1991 1673 3606 1755">
    <p class='ocr_par' dir='ltr' id='par_1_60' title="bbox 1991 1673 3606 1755">
     <span class='ocr_line' id='line_1_60' title="bbox 1991 1673 3606 1755; baseline 0.007 -27"><span class='ocrx_word' id='word_1_494' title='bbox 1991 1673 2043 1728; x_wconf 93' lang='lat' dir='ltr'><strong>in</strong></span> <span class='ocrx_word' id='word_1_495' title='bbox 2060 1675 2220 1731; x_wconf 85' lang='lat' dir='ltr'><strong>Petro</strong></span> <span class='ocrx_word' id='word_1_496' title='bbox 2238 1676 2391 1732; x_wconf 90' lang='lat' dir='ltr'><strong>beata</strong></span> <span class='ocrx_word' id='word_1_497' title='bbox 2413 1679 2681 1733; x_wconf 86' lang='lat' dir='ltr'><strong>confessio</strong></span> <span class='ocrx_word' id='word_1_498' title='bbox 2706 1688 2809 1746; x_wconf 90' lang='lat' dir='ltr'><strong>est,</strong></span> <span class='ocrx_word' id='word_1_499' title='bbox 2834 1679 2936 1735; x_wconf 91' lang='lat' dir='ltr'><strong>hoc</strong></span> <span class='ocrx_word' id='word_1_500' title='bbox 2953 1680 3159 1754; x_wconf 85' lang='lat' dir='ltr'><strong>Filio(i)</strong></span> <span class='ocrx_word' id='word_1_501' title='bbox 3181 1682 3442 1739; x_wconf 91' lang='lat' dir='ltr'><strong>deferenti</strong></span> <span class='ocrx_word' id='word_1_502' title='bbox 3461 1684 3606 1755; x_wconf 89' lang='lat' dir='ltr'><strong>quod</strong></span> 
     </span>
    </p>
   </div>
   <div class='ocr_carea' id='block_1_61' title="bbox 1249 1764 3607 1833">
    <p class='ocr_par' dir='ltr' id='par_1_61' title="bbox 1249 1764 3607 1833">
     <span class='ocr_line' id='line_1_61' title="bbox 1249 1764 3607 1833; baseline 0.001 -6"><span class='ocrx_word' id='word_1_503' title='bbox 1249 1772 1408 1828; x_wconf 87' lang='lat' dir='ltr'><strong>Patre</strong></span> <span class='ocrx_word' id='word_1_504' title='bbox 1430 1775 1626 1830; x_wconf 75' lang='lat' dir='ltr'><strong>venisti</strong></span> <span class='ocrx_word' id='word_1_505' title='bbox 1661 1776 1714 1830; x_wconf 90' lang='lat' dir='ltr'><strong>in</strong></span> <span class='ocrx_word' id='word_1_506' title='bbox 1749 1776 1893 1833; x_wconf 83' lang='lat' dir='ltr'><strong>hunc</strong></span> <span class='ocrx_word' id='word_1_507' title='bbox 1926 1764 1972 1824; x_wconf 87' lang='lat' dir='ltr'><strong>B</strong></span> <span class='ocrx_word' id='word_1_508' title='bbox 2000 1778 2080 1823; x_wconf 90' lang='lat' dir='ltr'><strong>est</strong></span> <span class='ocrx_word' id='word_1_509' title='bbox 2104 1782 2393 1823; x_wconf 90' lang='lat' dir='ltr'><strong>commune</strong></span> <span class='ocrx_word' id='word_1_510' title='bbox 2410 1772 2751 1825; x_wconf 88' lang='lat' dir='ltr'><strong>sanctorum?</strong></span> <span class='ocrx_word' id='word_1_511' title='bbox 2771 1771 2918 1827; x_wconf 84' lang='lat' dir='ltr'><strong>Ultra</strong></span> <span class='ocrx_word' id='word_1_512' title='bbox 2938 1770 3226 1828; x_wconf 88' lang='lat' dir='ltr'><strong>humanam</strong></span> <span class='ocrx_word' id='word_1_513' title='bbox 3242 1783 3419 1829; x_wconf 89' lang='lat' dir='ltr'><strong>autem</strong></span> <span class='ocrx_word' id='word_1_514' title='bbox 3442 1774 3607 1830; x_wconf 84' lang='lat' dir='ltr'><strong>intel—</strong></span> 
     </span>
    </p>
   </div>
   <div class='ocr_carea' id='block_1_62' title="bbox 1997 1858 3603 1933">
    <p class='ocr_par' dir='ltr' id='par_1_62' title="bbox 1997 1858 3603 1933">
     <span class='ocr_line' id='line_1_62' title="bbox 1997 1858 3603 1933; baseline 0.006 -20"><span class='ocrx_word' id='word_1_515' title='bbox 1997 1858 2273 1929; x_wconf 85' lang='lat' dir='ltr'><strong>ligentiam</strong></span> <span class='ocrx_word' id='word_1_516' title='bbox 2297 1875 2356 1915; x_wconf 93' lang='lat' dir='ltr'><strong>se</strong></span> <span class='ocrx_word' id='word_1_517' title='bbox 2384 1860 2517 1916; x_wconf 88' lang='lat' dir='ltr'><strong>ﬁdes</strong></span> <span class='ocrx_word' id='word_1_518' title='bbox 2558 1863 2855 1932; x_wconf 88' lang='lat' dir='ltr'><strong>apostolica</strong></span> <span class='ocrx_word' id='word_1_519' title='bbox 2887 1866 3178 1933; x_wconf 83' lang='lat' dir='ltr'><strong>protendit.</strong></span> <span class='ocrx_word' id='word_1_520' title='bbox 3211 1867 3471 1923; x_wconf 82' lang='lat' dir='ltr'><strong>Audierat</strong></span> <span class='ocrx_word' id='word_1_521' title='bbox 3497 1866 3603 1923; x_wconf 86' lang='lat' dir='ltr'><strong>nti-</strong></span> 
     </span>
    </p>
   </div>
   <div class='ocr_carea' id='block_1_63' title="bbox 1995 1953 3605 2033">
    <p class='ocr_par' dir='ltr' id='par_1_63' title="bbox 1995 1953 3605 2033">
     <span class='ocr_line' id='line_1_63' title="bbox 1995 1953 3605 2033; baseline 0.008 -28"><span class='ocrx_word' id='word_1_522' title='bbox 1995 1968 2101 2022; x_wconf 89' lang='lat' dir='ltr'><strong>que</strong></span> <span class='ocrx_word' id='word_1_523' title='bbox 2126 1953 2454 2023; x_wconf 83' lang='lat' dir='ltr'><strong>lreqncnter,</strong></span> <span class='ocrx_word' id='word_1_524' title='bbox 2491 1955 2595 2023; x_wconf 84' lang='lat' dir='ltr'><strong>Qui</strong></span> <span class='ocrx_word' id='word_1_525' title='bbox 2621 1957 2806 2027; x_wconf 75' lang='lat' dir='ltr'><strong>recipit</strong></span> <span class='ocrx_word' id='word_1_526' title='bbox 2835 1974 2943 2022; x_wconf 76' lang='lat' dir='ltr'><strong>vos,</strong></span> <span class='ocrx_word' id='word_1_527' title='bbox 2973 1975 3053 2013; x_wconf 89' lang='lat' dir='ltr'><strong>me</strong></span> <span class='ocrx_word' id='word_1_528' title='bbox 3080 1960 3265 2028; x_wconf 85' lang='lat' dir='ltr'><strong>recipit</strong></span> <span class='ocrx_word' id='word_1_529' title='bbox 3294 1976 3313 2014; x_wconf 91' lang='lat'><strong><em>:</em></strong></span> <span class='ocrx_word' id='word_1_530' title='bbox 3340 1969 3387 2015; x_wconf 88' lang='lat' dir='ltr'><strong>et</strong></span> <span class='ocrx_word' id='word_1_531' title='bbox 3414 1962 3501 2033; x_wconf 86' lang='lat' dir='ltr'><strong>qui</strong></span> <span class='ocrx_word' id='word_1_532' title='bbox 3523 1978 3605 2019; x_wconf 87' lang='lat' dir='ltr'><strong>me</strong></span> 
     </span>
    </p>
   </div>
   <div class='ocr_carea' id='block_1_64' title="bbox 1994 2048 3602 2127">
    <p class='ocr_par' dir='ltr' id='par_1_64' title="bbox 1994 2048 3602 2127">
     <span class='ocr_line' id='line_1_64' title="bbox 1994 2048 3602 2127; baseline 0.009 -29"><span class='ocrx_word' id='word_1_533' title='bbox 1994 2048 2195 2117; x_wconf 85' lang='lat' dir='ltr'><strong>recipit,</strong></span> <span class='ocrx_word' id='word_1_534' title='bbox 2229 2049 2411 2119; x_wconf 85' lang='lat' dir='ltr'><strong>recipit</strong></span> <span class='ocrx_word' id='word_1_535' title='bbox 2441 2065 2558 2103; x_wconf 87' lang='lat' dir='ltr'><strong>eum</strong></span> <span class='ocrx_word' id='word_1_536' title='bbox 2595 2052 2681 2121; x_wconf 89' lang='lat' dir='ltr'><strong>qui</strong></span> <span class='ocrx_word' id='word_1_537' title='bbox 2732 2069 2809 2106; x_wconf 88' lang='lat' dir='ltr'><strong>me</strong></span> <span class='ocrx_word' id='word_1_538' title='bbox 2833 2054 2969 2108; x_wconf 78' lang='lat' dir='ltr'><strong>misit</strong></span> <span class='ocrx_word' id='word_1_539' title='bbox 2996 2052 3211 2123; x_wconf 79' lang='lat' dir='ltr'><strong>(Matth.</strong></span> <span class='ocrx_word' id='word_1_540' title='bbox 3244 2071 3299 2122; x_wconf 89' lang='lat' dir='ltr'><strong>x,</strong></span> <span class='ocrx_word' id='word_1_541' title='bbox 3327 2056 3442 2127; x_wconf 68' lang='grc'><strong>40).</strong></span> <span class='ocrx_word' id='word_1_542' title='bbox 3473 2057 3602 2113; x_wconf 85' lang='lat' dir='ltr'><strong>Mis-</strong></span> 
     </span>
    </p>
   </div>
   <div class='ocr_carea' id='block_1_65' title="bbox 1994 2140 3596 2219">
    <p class='ocr_par' dir='ltr' id='par_1_65' title="bbox 1994 2140 3596 2219">
     <span class='ocr_line' id='line_1_65' title="bbox 1994 2140 3596 2219; baseline 0.007 -26"><span class='ocrx_word' id='word_1_543' title='bbox 1994 2154 2112 2194; x_wconf 90' lang='lat' dir='ltr'><strong>sum</strong></span> <span class='ocrx_word' id='word_1_544' title='bbox 2164 2140 2323 2213; x_wconf 77' lang='lat'><strong>160</strong></span> <span class='ocrx_word' id='word_1_545' title='bbox 2368 2157 2495 2213; x_wconf 81' lang='lat' dir='ltr'><strong>ergo</strong></span> <span class='ocrx_word' id='word_1_546' title='bbox 2534 2141 2647 2213; x_wconf 88' lang='lat' dir='ltr'><strong>jam</strong></span> <span class='ocrx_word' id='word_1_547' title='bbox 2679 2160 2787 2199; x_wconf 91' lang='lat' dir='ltr'><strong>non</strong></span> <span class='ocrx_word' id='word_1_548' title='bbox 2836 2146 3157 2216; x_wconf 87' lang='lat' dir='ltr'><strong>ignorabat:</strong></span> <span class='ocrx_word' id='word_1_549' title='bbox 3186 2158 3239 2203; x_wconf 89' lang='lat' dir='ltr'><strong>et</strong></span> <span class='ocrx_word' id='word_1_550' title='bbox 3267 2165 3427 2219; x_wconf 86' lang='lat' dir='ltr'><strong>quem</strong></span> <span class='ocrx_word' id='word_1_551' title='bbox 3457 2151 3596 2205; x_wconf 85' lang='lat' dir='ltr'><strong>mis-</strong></span> 
     </span>
    </p>
   </div>
   <div class='ocr_carea' id='block_1_66' title="bbox 1994 2235 3595 2308">
    <p class='ocr_par' dir='ltr' id='par_1_66' title="bbox 1994 2235 3595 2308">
     <span class='ocr_line' id='line_1_66' title="bbox 1994 2235 3595 2308; baseline 0.007 -23"><span class='ocrx_word' id='word_1_552' title='bbox 1994 2247 2111 2285; x_wconf 88' lang='lat' dir='ltr'><strong>sum</strong></span> <span class='ocrx_word' id='word_1_553' title='bbox 2139 2248 2246 2288; x_wconf 92' lang='lat' dir='ltr'><strong>non</strong></span> <span class='ocrx_word' id='word_1_554' title='bbox 2271 2235 2569 2304; x_wconf 82' lang='lat' dir='ltr'><strong>ignorabat,</strong></span> <span class='ocrx_word' id='word_1_555' title='bbox 2593 2235 2836 2292; x_wconf 87' lang='lat' dir='ltr'><strong>audierat</strong></span> <span class='ocrx_word' id='word_1_556' title='bbox 2859 2238 3226 2308; x_wconf 90' lang='lat' dir='ltr'><strong>proﬁtentem,</strong></span> <span class='ocrx_word' id='word_1_557' title='bbox 3254 2240 3444 2296; x_wconf 85' lang='lat' dir='ltr'><strong>Omnia</strong></span> <span class='ocrx_word' id='word_1_558' title='bbox 3466 2242 3595 2296; x_wconf 84' lang='lat' dir='ltr'><strong>mihi</strong></span> 
     </span>
    </p>
   </div>
   <div class='ocr_carea' id='block_1_67' title="bbox 1992 2326 3589 2400">
    <p class='ocr_par' dir='ltr' id='par_1_67' title="bbox 1992 2326 3589 2400">
     <span class='ocr_line' id='line_1_67' title="bbox 1992 2326 3589 2400; baseline 0.006 -20"><span class='ocrx_word' id='word_1_559' title='bbox 1992 2328 2182 2381; x_wconf 89' lang='lat' dir='ltr'><strong>tradita</strong></span> <span class='ocrx_word' id='word_1_560' title='bbox 2207 2338 2325 2382; x_wconf 87' lang='lat' dir='ltr'><strong>sunt</strong></span> <span class='ocrx_word' id='word_1_561' title='bbox 2347 2346 2378 2381; x_wconf 91' lang='lat' dir='ltr'><strong>a</strong></span> <span class='ocrx_word' id='word_1_562' title='bbox 2405 2326 2587 2395; x_wconf 89' lang='lat' dir='ltr'><strong>Patre,</strong></span> <span class='ocrx_word' id='word_1_563' title='bbox 2619 2340 2665 2385; x_wconf 88' lang='lat' dir='ltr'><strong>et</strong></span> <span class='ocrx_word' id='word_1_564' title='bbox 2693 2347 2840 2385; x_wconf 87' lang='lat' dir='ltr'><strong>nemo</strong></span> <span class='ocrx_word' id='word_1_565' title='bbox 2867 2332 3006 2387; x_wconf 81' lang='lat' dir='ltr'><strong>nouit</strong></span> <span class='ocrx_word' id='word_1_566' title='bbox 3054 2332 3252 2388; x_wconf 82' lang='lat' dir='ltr'><strong>Filium</strong></span> <span class='ocrx_word' id='word_1_567' title='bbox 3279 2335 3380 2389; x_wconf 88' lang='lat' dir='ltr'><strong>nisi</strong></span> <span class='ocrx_word' id='word_1_568' title='bbox 3406 2334 3589 2400; x_wconf 88' lang='lat' dir='ltr'><strong>Pater,</strong></span> 
     </span>
    </p>
   </div>
   <div class='ocr_carea' id='block_1_68' title="bbox 1991 2420 3589 2500">
    <p class='ocr_par' dir='ltr' id='par_1_68' title="bbox 1991 2420 3589 2500">
     <span class='ocr_line' id='line_1_68' title="bbox 1991 2420 3589 2500; baseline 0.005 -25"><span class='ocrx_word' id='word_1_569' title='bbox 1991 2437 2151 2492; x_wconf 85' lang='lat' dir='ltr'><strong>neque</strong></span> <span class='ocrx_word' id='word_1_570' title='bbox 2190 2420 2395 2476; x_wconf 85' lang='lat' dir='ltr'><strong>Patrem</strong></span> <span class='ocrx_word' id='word_1_571' title='bbox 2445 2424 2557 2493; x_wconf 87' lang='lat' dir='ltr'><strong>quis</strong></span> <span class='ocrx_word' id='word_1_572' title='bbox 2601 2426 2741 2478; x_wconf 80' lang='lat' dir='ltr'><strong>novit</strong></span> <span class='ocrx_word' id='word_1_573' title='bbox 2788 2425 2888 2480; x_wconf 85' lang='lat' dir='ltr'><strong>nisi</strong></span> <span class='ocrx_word' id='word_1_574' title='bbox 2917 2424 3085 2479; x_wconf 79' lang='lat' dir='ltr'><strong>Filius</strong></span> <span class='ocrx_word' id='word_1_575' title='bbox 3116 2425 3331 2499; x_wconf 79' lang='lat' dir='ltr'><strong>(Matth.</strong></span> <span class='ocrx_word' id='word_1_576' title='bbox 3366 2442 3441 2495; x_wconf 85' lang='lat' dir='ltr'><strong>xt,</strong></span> <span class='ocrx_word' id='word_1_577' title='bbox 3471 2427 3589 2500; x_wconf 72' lang='grc'><strong>25).</strong></span> 
     </span>
    </p>
   </div>
   <div class='ocr_carea' id='block_1_69' title="bbox 1993 2514 3589 2591">
    <p class='ocr_par' dir='ltr' id='par_1_69' title="bbox 1993 2514 3589 2591">
     <span class='ocr_line' id='line_1_69' title="bbox 1993 2514 3589 2591; baseline 0.006 -24"><span class='ocrx_word' id='word_1_578' title='bbox 1993 2514 2132 2581; x_wconf 82' lang='lat' dir='ltr'><strong>Quid</strong></span> <span class='ocrx_word' id='word_1_579' title='bbox 2163 2515 2304 2569; x_wconf 87' lang='lat' dir='ltr'><strong>istud</strong></span> <span class='ocrx_word' id='word_1_580' title='bbox 2326 2526 2411 2570; x_wconf 82' lang='lat' dir='ltr'><strong>est</strong></span> <span class='ocrx_word' id='word_1_581' title='bbox 2436 2515 2578 2586; x_wconf 90' lang='lat' dir='ltr'><strong>quod</strong></span> <span class='ocrx_word' id='word_1_582' title='bbox 2627 2533 2767 2571; x_wconf 89' lang='lat' dir='ltr'><strong>nunc</strong></span> <span class='ocrx_word' id='word_1_583' title='bbox 2811 2516 2974 2573; x_wconf 88' lang='lat' dir='ltr'><strong>Petro</strong></span> <span class='ocrx_word' id='word_1_584' title='bbox 3002 2516 3163 2573; x_wconf 87' lang='lat' dir='ltr'><strong>Pater</strong></span> <span class='ocrx_word' id='word_1_585' title='bbox 3188 2520 3413 2584; x_wconf 85' lang='lat' dir='ltr'><strong>revelat,</strong></span> <span class='ocrx_word' id='word_1_586' title='bbox 3446 2521 3589 2591; x_wconf 89' lang='lat' dir='ltr'><strong>quod</strong></span> 
     </span>
    </p>
   </div>
   <div class='ocr_carea' id='block_1_70' title="bbox 1992 2606 3596 2686">
    <p class='ocr_par' dir='ltr' id='par_1_70' title="bbox 1992 2606 3596 2686">
     <span class='ocr_line' id='line_1_70' title="bbox 1992 2606 3596 2686; baseline 0.006 -26"><span class='ocrx_word' id='word_1_587' title='bbox 1992 2606 2162 2663; x_wconf 73' lang='lat' dir='ltr'><strong>beata:</strong></span> <span class='ocrx_word' id='word_1_588' title='bbox 2189 2607 2547 2663; x_wconf 80' lang='lat' dir='ltr'><strong>cnttfessionis</strong></span> <span class='ocrx_word' id='word_1_589' title='bbox 2591 2608 2816 2679; x_wconf 64' lang='lat' dir='ltr'><strong>gloriam</strong></span> <span class='ocrx_word' id='word_1_590' title='bbox 2861 2611 3065 2664; x_wconf 84' lang='lat' dir='ltr'><strong>sumit?</strong></span> <span class='ocrx_word' id='word_1_591' title='bbox 3113 2610 3379 2684; x_wconf 83' lang='lat' dir='ltr'><strong>Numquid</strong></span> <span class='ocrx_word' id='word_1_592' title='bbox 3427 2614 3596 2686; x_wconf 81' lang='lat' dir='ltr'><strong>patris</strong></span> 
     </span>
    </p>
   </div>
   <div class='ocr_carea' id='block_1_71' title="bbox 1989 2701 3589 2775">
    <p class='ocr_par' dir='ltr' id='par_1_71' title="bbox 1989 2701 3589 2775">
     <span class='ocr_line' id='line_1_71' title="bbox 1989 2701 3589 2775; baseline 0.006 -21"><span class='ocrx_word' id='word_1_593' title='bbox 1989 2714 2185 2756; x_wconf 84' lang='lat' dir='ltr'><strong>nomen</strong></span> <span class='ocrx_word' id='word_1_594' title='bbox 2211 2711 2264 2757; x_wconf 89' lang='lat' dir='ltr'><strong>et</strong></span> <span class='ocrx_word' id='word_1_595' title='bbox 2292 2701 2386 2756; x_wconf 89' lang='lat' dir='ltr'><strong>ﬁlii</strong></span> <span class='ocrx_word' id='word_1_596' title='bbox 2419 2701 2731 2757; x_wconf 75' lang='lat' dir='ltr'><strong>nesciebat?</strong></span> <span class='ocrx_word' id='word_1_597' title='bbox 2756 2703 2954 2774; x_wconf 81' lang='lat' dir='ltr'><strong>Atquin</strong></span> <span class='ocrx_word' id='word_1_598' title='bbox 2979 2703 3293 2775; x_wconf 80' lang='lat' dir='ltr'><strong>frequenter</strong></span> <span class='ocrx_word' id='word_1_599' title='bbox 3322 2707 3589 2764; x_wconf 88' lang='lat' dir='ltr'><strong>audierat.</strong></span> 
     </span>
    </p>
   </div>
   <div class='ocr_carea' id='block_1_72' title="bbox 1988 2791 3588 2869">
    <p class='ocr_par' dir='ltr' id='par_1_72' title="bbox 1988 2791 3588 2869">
     <span class='ocr_line' id='line_1_72' title="bbox 1988 2791 3588 2869; baseline 0.004 -22"><span class='ocrx_word' id='word_1_600' title='bbox 1988 2791 2095 2848; x_wconf 90' lang='lat' dir='ltr'><strong>Sed</strong></span> <span class='ocrx_word' id='word_1_601' title='bbox 2135 2793 2372 2864; x_wconf 90' lang='lat' dir='ltr'><strong>loquitur</strong></span> <span class='ocrx_word' id='word_1_602' title='bbox 2413 2795 2555 2865; x_wconf 88' lang='lat' dir='ltr'><strong>quod</strong></span> <span class='ocrx_word' id='word_1_603' title='bbox 2588 2795 2823 2850; x_wconf 91' lang='lat' dir='ltr'><strong>nondum</strong></span> <span class='ocrx_word' id='word_1_604' title='bbox 2851 2811 2952 2851; x_wconf 89' lang='lat' dir='ltr'><strong>vox</strong></span> <span class='ocrx_word' id='word_1_605' title='bbox 2995 2795 3227 2852; x_wconf 89' lang='lat' dir='ltr'><strong>humana</strong></span> <span class='ocrx_word' id='word_1_606' title='bbox 3269 2799 3588 2869; x_wconf 89' lang='lat' dir='ltr'><strong>protulerat,</strong></span> 
     </span>
    </p>
   </div>
   <div class='ocr_carea' id='block_1_73' title="bbox 1986 2883 3593 2963">
    <p class='ocr_par' dir='ltr' id='par_1_73' title="bbox 1986 2883 3593 2963">
     <span class='ocr_line' id='line_1_73' title="bbox 1986 2883 3593 2963; baseline 0.007 -23"><span class='ocrx_word' id='word_1_607' title='bbox 1986 2883 2067 2941; x_wconf 85' lang='lat' dir='ltr'><strong>Tu</strong></span> <span class='ocrx_word' id='word_1_608' title='bbox 2094 2903 2145 2941; x_wconf 89' lang='lat' dir='ltr'><strong>es</strong></span> <span class='ocrx_word' id='word_1_609' title='bbox 2166 2884 2402 2943; x_wconf 75' lang='lat' dir='ltr'><strong>Christus</strong></span> <span class='ocrx_word' id='word_1_610' title='bbox 2425 2890 2566 2960; x_wconf 80' lang='lat' dir='ltr'><strong>ﬁlius</strong></span> <span class='ocrx_word' id='word_1_611' title='bbox 2596 2888 2694 2944; x_wconf 85' lang='lat' dir='ltr'><strong>Dei</strong></span> <span class='ocrx_word' id='word_1_612' title='bbox 2721 2892 2836 2945; x_wconf 82' lang='lat' dir='ltr'><strong>viui.</strong></span> <span class='ocrx_word' id='word_1_613' title='bbox 2865 2891 2999 2947; x_wconf 85' lang='lat' dir='ltr'><strong>Nam</strong></span> <span class='ocrx_word' id='word_1_614' title='bbox 3044 2896 3258 2948; x_wconf 89' lang='lat' dir='ltr'><strong>tametsi</strong></span> <span class='ocrx_word' id='word_1_615' title='bbox 3283 2895 3333 2949; x_wconf 94' lang='lat' dir='ltr'><strong>in</strong></span> <span class='ocrx_word' id='word_1_616' title='bbox 3361 2909 3593 2963; x_wconf 89' lang='lat' dir='ltr'><strong>corpore</strong></span> 
     </span>
    </p>
   </div>
   <div class='ocr_carea' id='block_1_74' title="bbox 1990 2981 3589 3060">
    <p class='ocr_par' dir='ltr' id='par_1_74' title="bbox 1990 2981 3589 3060">
     <span class='ocr_line' id='line_1_74' title="bbox 1990 2981 3589 3060; baseline 0.008 -28"><span class='ocrx_word' id='word_1_617' title='bbox 1990 2994 2216 3036; x_wconf 89' lang='lat' dir='ltr'><strong>manens</strong></span> <span class='ocrx_word' id='word_1_618' title='bbox 2249 2981 2342 3037; x_wconf 89' lang='lat' dir='ltr'><strong>Dei</strong></span> <span class='ocrx_word' id='word_1_619' title='bbox 2388 2996 2446 3037; x_wconf 91' lang='lat' dir='ltr'><strong>se</strong></span> <span class='ocrx_word' id='word_1_620' title='bbox 2476 2983 2642 3039; x_wconf 90' lang='lat' dir='ltr'><strong>tilium</strong></span> <span class='ocrx_word' id='word_1_621' title='bbox 2668 2995 2813 3041; x_wconf 86' lang='lat' dir='ltr'><strong>esset</strong></span> <span class='ocrx_word' id='word_1_622' title='bbox 2855 2987 3161 3054; x_wconf 83' lang='lat' dir='ltr'><strong>professus;</strong></span> <span class='ocrx_word' id='word_1_623' title='bbox 3214 2997 3396 3044; x_wconf 83' lang='lat' dir='ltr'><strong>tamen</strong></span> <span class='ocrx_word' id='word_1_624' title='bbox 3455 3004 3589 3060; x_wconf 87' lang='lat' dir='ltr'><strong>apo-</strong></span> 
     </span>
    </p>
   </div>
   <div class='ocr_carea' id='block_1_75' title="bbox 1986 3073 3593 3146">
    <p class='ocr_par' dir='ltr' id='par_1_75' title="bbox 1986 3073 3593 3146">
     <span class='ocr_line' id='line_1_75' title="bbox 1986 3073 3593 3146; baseline 0.006 -19"><span class='ocrx_word' id='word_1_625' title='bbox 1986 3073 2175 3128; x_wconf 87' lang='lat' dir='ltr'><strong>stolica</strong></span> <span class='ocrx_word' id='word_1_626' title='bbox 2205 3073 2334 3130; x_wconf 89' lang='lat' dir='ltr'><strong>lldes</strong></span> <span class='ocrx_word' id='word_1_627' title='bbox 2362 3091 2502 3129; x_wconf 89' lang='lat' dir='ltr'><strong>nunc</strong></span> <span class='ocrx_word' id='word_1_628' title='bbox 2538 3075 2767 3146; x_wconf 90' lang='lat' dir='ltr'><strong>primum</strong></span> <span class='ocrx_word' id='word_1_629' title='bbox 2800 3089 3044 3133; x_wconf 88' lang='lat' dir='ltr'><strong>naturam</strong></span> <span class='ocrx_word' id='word_1_630' title='bbox 3093 3080 3145 3134; x_wconf 93' lang='lat' dir='ltr'><strong>in</strong></span> <span class='ocrx_word' id='word_1_631' title='bbox 3183 3094 3250 3136; x_wconf 88' lang='lat' dir='ltr'><strong>eo</strong></span> <span class='ocrx_word' id='word_1_632' title='bbox 3294 3081 3593 3137; x_wconf 84' lang='lat' dir='ltr'><strong>divinitatis</strong></span> 
     </span>
    </p>
   </div>
   <div class='ocr_carea' id='block_1_76' title="bbox 1912 3157 3586 3248">
    <p class='ocr_par' dir='ltr' id='par_1_76' title="bbox 1912 3157 3586 3248">
     <span class='ocr_line' id='line_1_76' title="bbox 1912 3157 3586 3248; baseline 0.005 -29"><span class='ocrx_word' id='word_1_633' title='bbox 1912 3157 1956 3219; x_wconf 91' lang='lat' dir='ltr'><strong>C</strong></span> <span class='ocrx_word' id='word_1_634' title='bbox 1989 3166 2226 3239; x_wconf 83' lang='lat' dir='ltr'><strong>agnovit.</strong></span> <span class='ocrx_word' id='word_1_635' title='bbox 2259 3166 2447 3238; x_wconf 85' lang='lat' dir='ltr'><strong>Neque</strong></span> <span class='ocrx_word' id='word_1_636' title='bbox 2492 3171 2636 3224; x_wconf 91' lang='lat' dir='ltr'><strong>enim</strong></span> <span class='ocrx_word' id='word_1_637' title='bbox 2683 3169 2844 3226; x_wconf 88' lang='lat' dir='ltr'><strong>Petro</strong></span> <span class='ocrx_word' id='word_1_638' title='bbox 2877 3181 3080 3229; x_wconf 89' lang='lat' dir='ltr'><strong>tantunt</strong></span> <span class='ocrx_word' id='word_1_639' title='bbox 3115 3174 3194 3248; x_wconf 83' lang='lat' dir='ltr'><strong>(j)</strong></span> <span class='ocrx_word' id='word_1_640' title='bbox 3225 3190 3294 3230; x_wconf 88' lang='lat' dir='ltr'><strong>ex</strong></span> <span class='ocrx_word' id='word_1_641' title='bbox 3332 3174 3586 3230; x_wconf 89' lang='lat' dir='ltr'><strong>confesso</strong></span> 
     </span>
    </p>
   </div>
   <div class='ocr_carea' id='block_1_77' title="bbox 1987 3260 3589 3339">
    <p class='ocr_par' dir='ltr' id='par_1_77' title="bbox 1987 3260 3589 3339">
     <span class='ocr_line' id='line_1_77' title="bbox 1987 3260 3589 3339; baseline 0.004 -26"><span class='ocrx_word' id='word_1_642' title='bbox 1987 3260 2193 3315; x_wconf 92' lang='lat' dir='ltr'><strong>honore</strong></span> <span class='ocrx_word' id='word_1_643' title='bbox 2223 3260 2340 3315; x_wconf 88' lang='lat' dir='ltr'><strong>laus</strong></span> <span class='ocrx_word' id='word_1_644' title='bbox 2377 3260 2585 3316; x_wconf 88' lang='lat' dir='ltr'><strong>reddita</strong></span> <span class='ocrx_word' id='word_1_645' title='bbox 2631 3271 2735 3330; x_wconf 90' lang='lat' dir='ltr'><strong>est,</strong></span> <span class='ocrx_word' id='word_1_646' title='bbox 2766 3264 2859 3318; x_wconf 88' lang='lat' dir='ltr'><strong>sed</strong></span> <span class='ocrx_word' id='word_1_647' title='bbox 2891 3281 2954 3320; x_wconf 86' lang='lat' dir='ltr'><strong>ex</strong></span> <span class='ocrx_word' id='word_1_648' title='bbox 2986 3267 3263 3335; x_wconf 79' lang='lat' dir='ltr'><strong>agnitione</strong></span> <span class='ocrx_word' id='word_1_649' title='bbox 3302 3268 3543 3339; x_wconf 83' lang='lat' dir='ltr'><strong>mysterii</strong></span> <span class='ocrx_word' id='word_1_650' title='bbox 3576 3285 3589 3320; x_wconf 93' lang='lat'><strong>:</strong></span> 
     </span>
    </p>
   </div>
   <div class='ocr_carea' id='block_1_78' title="bbox 1982 3351 3586 3425">
    <p class='ocr_par' dir='ltr' id='par_1_78' title="bbox 1982 3351 3586 3425">
     <span class='ocr_line' id='line_1_78' title="bbox 1982 3351 3586 3425; baseline 0.007 -19"><span class='ocrx_word' id='word_1_651' title='bbox 1982 3351 2105 3423; x_wconf 88' lang='lat' dir='ltr'><strong>quia</strong></span> <span class='ocrx_word' id='word_1_652' title='bbox 2137 3368 2241 3408; x_wconf 90' lang='lat' dir='ltr'><strong>non</strong></span> <span class='ocrx_word' id='word_1_653' title='bbox 2273 3354 2542 3410; x_wconf 86' lang='lat' dir='ltr'><strong>Christum</strong></span> <span class='ocrx_word' id='word_1_654' title='bbox 2574 3357 2746 3411; x_wconf 89' lang='lat' dir='ltr'><strong>solum</strong></span> <span class='ocrx_word' id='word_1_655' title='bbox 2771 3398 2787 3425; x_wconf 95' lang='lat'><strong>,</strong></span> <span class='ocrx_word' id='word_1_656' title='bbox 2839 3361 2931 3413; x_wconf 82' lang='lat' dir='ltr'><strong>sed</strong></span> <span class='ocrx_word' id='word_1_657' title='bbox 2959 3357 3235 3415; x_wconf 77' lang='lat' dir='ltr'><strong>Christum</strong></span> <span class='ocrx_word' id='word_1_658' title='bbox 3288 3362 3378 3417; x_wconf 89' lang='lat' dir='ltr'><strong>Dei</strong></span> <span class='ocrx_word' id='word_1_659' title='bbox 3423 3363 3586 3418; x_wconf 89' lang='lat' dir='ltr'><strong>liliutn</strong></span> 
     </span>
    </p>
   </div>
   <div class='ocr_carea' id='block_1_79' title="bbox 1983 3446 3584 3522">
    <p class='ocr_par' dir='ltr' id='par_1_79' title="bbox 1983 3446 3584 3522">
     <span class='ocr_line' id='line_1_79' title="bbox 1983 3446 3584 3522; baseline 0.005 -22"><span class='ocrx_word' id='word_1_660' title='bbox 1983 3459 2104 3501; x_wconf 90' lang='lat' dir='ltr'><strong>esse</strong></span> <span class='ocrx_word' id='word_1_661' title='bbox 2127 3446 2409 3504; x_wconf 87' lang='lat' dir='ltr'><strong>confessus</strong></span> <span class='ocrx_word' id='word_1_662' title='bbox 2430 3456 2531 3503; x_wconf 87' lang='lat' dir='ltr'><strong>est.</strong></span> <span class='ocrx_word' id='word_1_663' title='bbox 2562 3448 2695 3504; x_wconf 85' lang='lat' dir='ltr'><strong>Nam</strong></span> <span class='ocrx_word' id='word_1_664' title='bbox 2727 3453 2910 3522; x_wconf 85' lang='lat' dir='ltr'><strong>utique</strong></span> <span class='ocrx_word' id='word_1_665' title='bbox 2935 3452 2999 3506; x_wconf 92' lang='lat' dir='ltr'><strong>ad</strong></span> <span class='ocrx_word' id='word_1_666' title='bbox 3043 3455 3442 3510; x_wconf 88' lang='lat' dir='ltr'><strong>confessionem</strong></span> <span class='ocrx_word' id='word_1_667' title='bbox 3481 3455 3584 3509; x_wconf 81' lang='lat' dir='ltr'><strong>bo-</strong></span> 
     </span>
    </p>
   </div>
   <div class='ocr_carea' id='block_1_80' title="bbox 1986 3540 3588 3604">
    <p class='ocr_par' dir='ltr' id='par_1_80' title="bbox 1986 3540 3588 3604">
     <span class='ocr_line' id='line_1_80' title="bbox 1986 3540 3588 3604; baseline 0.008 -14"><span class='ocrx_word' id='word_1_668' title='bbox 1986 3540 2133 3594; x_wconf 87' lang='lat' dir='ltr'><strong>noris</strong></span> <span class='ocrx_word' id='word_1_669' title='bbox 2160 3540 2450 3596; x_wconf 80' lang='lat' dir='ltr'><strong>suﬁ&#39;ecerat</strong></span> <span class='ocrx_word' id='word_1_670' title='bbox 2479 3542 2714 3599; x_wconf 81' lang='lat' dir='ltr'><strong>dixisse:</strong></span> <span class='ocrx_word' id='word_1_671' title='bbox 2746 3542 2828 3598; x_wconf 89' lang='lat' dir='ltr'><strong>Tu</strong></span> <span class='ocrx_word' id='word_1_672' title='bbox 2872 3561 2925 3599; x_wconf 89' lang='lat' dir='ltr'><strong>es</strong></span> <span class='ocrx_word' id='word_1_673' title='bbox 2975 3545 3230 3603; x_wconf 72' lang='lat' dir='ltr'><strong>Christus.</strong></span> <span class='ocrx_word' id='word_1_674' title='bbox 3268 3548 3373 3604; x_wconf 90' lang='lat' dir='ltr'><strong>Sed</strong></span> <span class='ocrx_word' id='word_1_675' title='bbox 3426 3549 3588 3603; x_wconf 89' lang='lat' dir='ltr'><strong>inane</strong></span> 
     </span>
    </p>
   </div>
   <div class='ocr_carea' id='block_1_81' title="bbox 1985 3630 3580 3708">
    <p class='ocr_par' dir='ltr' id='par_1_81' title="bbox 1985 3630 3580 3708">
     <span class='ocr_line' id='line_1_81' title="bbox 1985 3630 3580 3708; baseline 0.008 -24"><span class='ocrx_word' id='word_1_676' title='bbox 1985 3630 2177 3695; x_wconf 84' lang='lat' dir='ltr'><strong>fuerat,</strong></span> <span class='ocrx_word' id='word_1_677' title='bbox 2210 3630 2486 3689; x_wconf 91' lang='lat' dir='ltr'><strong>Christum</strong></span> <span class='ocrx_word' id='word_1_678' title='bbox 2515 3635 2581 3689; x_wconf 88' lang='lat' dir='ltr'><strong>ab</strong></span> <span class='ocrx_word' id='word_1_679' title='bbox 2611 3651 2677 3690; x_wconf 89' lang='lat' dir='ltr'><strong>eo</strong></span> <span class='ocrx_word' id='word_1_680' title='bbox 2702 3636 3009 3692; x_wconf 89' lang='lat' dir='ltr'><strong>confessum</strong></span> <span class='ocrx_word' id='word_1_681' title='bbox 3045 3641 3233 3708; x_wconf 86' lang='lat' dir='ltr'><strong>fuisse,</strong></span> <span class='ocrx_word' id='word_1_682' title='bbox 3265 3640 3366 3694; x_wconf 75' lang='lat' dir='ltr'><strong>nisi</strong></span> <span class='ocrx_word' id='word_1_683' title='bbox 3400 3640 3493 3696; x_wconf 88' lang='lat' dir='ltr'><strong>Dei</strong></span> <span class='ocrx_word' id='word_1_684' title='bbox 3517 3641 3580 3695; x_wconf 88' lang='lat' dir='ltr'><strong>ﬁ-</strong></span> 
     </span>
    </p>
   </div>
   <div class='ocr_carea' id='block_1_82' title="bbox 1983 3724 3588 3800">
    <p class='ocr_par' dir='ltr' id='par_1_82' title="bbox 1983 3724 3588 3800">
     <span class='ocr_line' id='line_1_82' title="bbox 1983 3724 3588 3800; baseline 0.006 -22"><span class='ocrx_word' id='word_1_685' title='bbox 1983 3724 2111 3778; x_wconf 89' lang='lat' dir='ltr'><strong>liunt</strong></span> <span class='ocrx_word' id='word_1_686' title='bbox 2141 3725 2512 3782; x_wconf 88' lang='lat' dir='ltr'><strong>conﬁteretur.</strong></span> <span class='ocrx_word' id='word_1_687' title='bbox 2546 3726 2602 3781; x_wconf 93' lang='lat' dir='ltr'><strong>ln</strong></span> <span class='ocrx_word' id='word_1_688' title='bbox 2629 3743 2695 3783; x_wconf 86' lang='lat' dir='ltr'><strong>eo</strong></span> <span class='ocrx_word' id='word_1_689' title='bbox 2734 3731 2876 3784; x_wconf 91' lang='lat' dir='ltr'><strong>enim</strong></span> <span class='ocrx_word' id='word_1_690' title='bbox 2909 3730 3049 3800; x_wconf 90' lang='lat' dir='ltr'><strong>quod</strong></span> <span class='ocrx_word' id='word_1_691' title='bbox 3079 3731 3174 3795; x_wconf 87' lang='lat' dir='ltr'><strong>ait,</strong></span> <span class='ocrx_word' id='word_1_692' title='bbox 3213 3731 3288 3785; x_wconf 84' lang='lat' dir='ltr'><strong>Tu</strong></span> <span class='ocrx_word' id='word_1_693' title='bbox 3314 3749 3388 3798; x_wconf 89' lang='lat' dir='ltr'><strong>es,</strong></span> <span class='ocrx_word' id='word_1_694' title='bbox 3420 3735 3588 3788; x_wconf 88' lang='lat' dir='ltr'><strong>virtu-</strong></span> 
     </span>
    </p>
   </div>
   <div class='ocr_carea' id='block_1_83' title="bbox 1983 3821 3589 3896">
    <p class='ocr_par' dir='ltr' id='par_1_83' title="bbox 1983 3821 3589 3896">
     <span class='ocr_line' id='line_1_83' title="bbox 1983 3821 3589 3896; baseline 0.006 -24"><span class='ocrx_word' id='word_1_695' title='bbox 1983 3825 2089 3875; x_wconf 91' lang='lat' dir='ltr'><strong>tem</strong></span> <span class='ocrx_word' id='word_1_696' title='bbox 2117 3828 2173 3875; x_wconf 88' lang='lat' dir='ltr'><strong>et</strong></span> <span class='ocrx_word' id='word_1_697' title='bbox 2216 3821 2599 3890; x_wconf 85' lang='lat' dir='ltr'><strong>proprietatem</strong></span> <span class='ocrx_word' id='word_1_698' title='bbox 2649 3825 2907 3880; x_wconf 89' lang='lat' dir='ltr'><strong>naturalis</strong></span> <span class='ocrx_word' id='word_1_699' title='bbox 2938 3826 3180 3880; x_wconf 86' lang='lat' dir='ltr'><strong>veritatis</strong></span> <span class='ocrx_word' id='word_1_700' title='bbox 3207 3828 3481 3896; x_wconf 82' lang='lat' dir='ltr'><strong>explicuit.</strong></span> <span class='ocrx_word' id='word_1_701' title='bbox 3520 3826 3589 3881; x_wconf 83' lang='lat' dir='ltr'><strong>Et</strong></span> 
     </span>
    </p>
   </div>
   <div class='ocr_carea' id='block_1_84' title="bbox 1982 3911 3585 3990">
    <p class='ocr_par' dir='ltr' id='par_1_84' title="bbox 1982 3911 3585 3990">
     <span class='ocr_line' id='line_1_84' title="bbox 1982 3911 3585 3990; baseline 0.006 -26"><span class='ocrx_word' id='word_1_702' title='bbox 1982 3911 2142 3966; x_wconf 83' lang='lat' dir='ltr'><strong>Pater</strong></span> <span class='ocrx_word' id='word_1_703' title='bbox 2181 3911 2433 3977; x_wconf 83' lang='lat' dir='ltr'><strong>dicendo,</strong></span> <span class='ocrx_word' id='word_1_704' title='bbox 2467 3912 2572 3968; x_wconf 82' lang='lat' dir='ltr'><strong>Hic</strong></span> <span class='ocrx_word' id='word_1_705' title='bbox 2629 3924 2702 3969; x_wconf 90' lang='lat' dir='ltr'><strong>est</strong></span> <span class='ocrx_word' id='word_1_706' title='bbox 2728 3917 2870 3986; x_wconf 78' lang='lat' dir='ltr'><strong>[ilius</strong></span> <span class='ocrx_word' id='word_1_707' title='bbox 2899 3933 3038 3971; x_wconf 87' lang='lat' dir='ltr'><strong>meus</strong></span> <span class='ocrx_word' id='word_1_708' title='bbox 3083 3915 3296 3990; x_wconf 80' lang='lat' dir='ltr'><strong>(Matth.</strong></span> <span class='ocrx_word' id='word_1_709' title='bbox 3327 3933 3457 3983; x_wconf 80' lang='lat' dir='ltr'><strong>xvtt,</strong></span> <span class='ocrx_word' id='word_1_710' title='bbox 3504 3919 3585 3987; x_wconf 84' lang='lat'><strong>5),</strong></span> 
     </span>
    </p>
   </div>
   <div class='ocr_carea' id='block_1_85' title="bbox 1982 4002 3583 4078">
    <p class='ocr_par' dir='ltr' id='par_1_85' title="bbox 1982 4002 3583 4078">
     <span class='ocr_line' id='line_1_85' title="bbox 1982 4002 3583 4078; baseline 0.004 -21"><span class='ocrx_word' id='word_1_711' title='bbox 1982 4002 2142 4059; x_wconf 87' lang='lat' dir='ltr'><strong>Petro</strong></span> <span class='ocrx_word' id='word_1_712' title='bbox 2188 4005 2449 4059; x_wconf 82' lang='lat' dir='ltr'><strong>revelavit</strong></span> <span class='ocrx_word' id='word_1_713' title='bbox 2488 4016 2543 4060; x_wconf 90' lang='lat' dir='ltr'><strong>ut</strong></span> <span class='ocrx_word' id='word_1_714' title='bbox 2586 4007 2813 4072; x_wconf 89' lang='lat' dir='ltr'><strong>diceret,</strong></span> <span class='ocrx_word' id='word_1_715' title='bbox 2847 4006 2922 4060; x_wconf 86' lang='lat' dir='ltr'><strong>Tu</strong></span> <span class='ocrx_word' id='word_1_716' title='bbox 2953 4024 3005 4063; x_wconf 92' lang='lat' dir='ltr'><strong>es</strong></span> <span class='ocrx_word' id='word_1_717' title='bbox 3031 4009 3172 4078; x_wconf 77' lang='lat' dir='ltr'><strong>ﬁlius</strong></span> <span class='ocrx_word' id='word_1_718' title='bbox 3213 4006 3310 4063; x_wconf 87' lang='lat' dir='ltr'><strong>Dei</strong></span> <span class='ocrx_word' id='word_1_719' title='bbox 3334 4025 3353 4064; x_wconf 91' lang='lat'><strong><em>:</em></strong></span> <span class='ocrx_word' id='word_1_720' title='bbox 3375 4009 3497 4078; x_wconf 90' lang='lat' dir='ltr'><strong>quia</strong></span> <span class='ocrx_word' id='word_1_721' title='bbox 3533 4011 3583 4064; x_wconf 75' lang='grc' dir='ltr'><strong>ιιι</strong></span> 
     </span>
    </p>
   </div>
   <div class='ocr_carea' id='block_1_86' title="bbox 1980 4095 3580 4166">
    <p class='ocr_par' dir='ltr' id='par_1_86' title="bbox 1980 4095 3580 4166">
     <span class='ocr_line' id='line_1_86' title="bbox 1980 4095 3580 4166; baseline 0.003 -17"><span class='ocrx_word' id='word_1_722' title='bbox 1980 4109 2047 4150; x_wconf 89' lang='lat' dir='ltr'><strong>eo</strong></span> <span class='ocrx_word' id='word_1_723' title='bbox 2076 4095 2218 4165; x_wconf 89' lang='lat' dir='ltr'><strong>qttod</strong></span> <span class='ocrx_word' id='word_1_724' title='bbox 2244 4095 2461 4164; x_wconf 83' lang='lat' dir='ltr'><strong>dicitur,</strong></span> <span class='ocrx_word' id='word_1_725' title='bbox 2502 4095 2601 4151; x_wconf 84' lang='lat' dir='ltr'><strong>Hic</strong></span> <span class='ocrx_word' id='word_1_726' title='bbox 2627 4107 2719 4161; x_wconf 88' lang='lat' dir='ltr'><strong>est,</strong></span> <span class='ocrx_word' id='word_1_727' title='bbox 2757 4099 3047 4155; x_wconf 83' lang='lat' dir='ltr'><strong>revelantis</strong></span> <span class='ocrx_word' id='word_1_728' title='bbox 3074 4099 3333 4155; x_wconf 84' lang='lat' dir='ltr'><strong>indit-ium</strong></span> <span class='ocrx_word' id='word_1_729' title='bbox 3372 4110 3489 4166; x_wconf 87' lang='lat' dir='ltr'><strong>est;</strong></span> <span class='ocrx_word' id='word_1_730' title='bbox 3528 4102 3580 4155; x_wconf 93' lang='lat' dir='ltr'><strong>in</strong></span> 
     </span>
    </p>
   </div>
   <div class='ocr_carea' id='block_1_87' title="bbox 1981 4192 3587 4265">
    <p class='ocr_par' dir='ltr' id='par_1_87' title="bbox 1981 4192 3587 4265">
     <span class='ocr_line' id='line_1_87' title="bbox 1981 4192 3587 4265; baseline 0.004 -21"><span class='ocrx_word' id='word_1_731' title='bbox 1981 4204 2048 4244; x_wconf 90' lang='lat' dir='ltr'><strong>eo</strong></span> <span class='ocrx_word' id='word_1_732' title='bbox 2074 4204 2205 4245; x_wconf 89' lang='lat' dir='ltr'><strong>vero</strong></span> <span class='ocrx_word' id='word_1_733' title='bbox 2244 4192 2389 4260; x_wconf 91' lang='lat' dir='ltr'><strong>quod</strong></span> <span class='ocrx_word' id='word_1_734' title='bbox 2418 4192 2802 4263; x_wconf 87' lang='lat' dir='ltr'><strong>respondetur,</strong></span> <span class='ocrx_word' id='word_1_735' title='bbox 2832 4192 2911 4248; x_wconf 86' lang='lat' dir='ltr'><strong>Tu</strong></span> <span class='ocrx_word' id='word_1_736' title='bbox 2939 4210 3012 4261; x_wconf 84' lang='lat' dir='ltr'><strong>es,</strong></span> <span class='ocrx_word' id='word_1_737' title='bbox 3042 4196 3353 4251; x_wconf 72' lang='lat' dir='ltr'><strong>confitentis</strong></span> <span class='ocrx_word' id='word_1_738' title='bbox 3384 4196 3587 4265; x_wconf 87' lang='lat' dir='ltr'><strong>agnitio</strong></span> 
     </span>
    </p>
   </div>
   <div class='ocr_carea' id='block_1_88' title="bbox 1983 4283 3588 4357">
    <p class='ocr_par' dir='ltr' id='par_1_88' title="bbox 1983 4283 3588 4357">
     <span class='ocr_line' id='line_1_88' title="bbox 1983 4283 3588 4357; baseline 0.004 -20"><span class='ocrx_word' id='word_1_739' title='bbox 1983 4297 2086 4342; x_wconf 91' lang='lat' dir='ltr'><strong>est.</strong></span> <span class='ocrx_word' id='word_1_740' title='bbox 2117 4283 2290 4356; x_wconf 87' lang='lat' dir='ltr'><strong>Super</strong></span> <span class='ocrx_word' id='word_1_741' title='bbox 2332 4286 2468 4340; x_wconf 87' lang='lat' dir='ltr'><strong>hanc</strong></span> <span class='ocrx_word' id='word_1_742' title='bbox 2512 4286 2672 4357; x_wconf 87' lang='lat' dir='ltr'><strong>igitur</strong></span> <span class='ocrx_word' id='word_1_743' title='bbox 2702 4285 3061 4344; x_wconf 87' lang='lat' dir='ltr'><strong>confessionis</strong></span> <span class='ocrx_word' id='word_1_744' title='bbox 3090 4298 3299 4357; x_wconf 81' lang='lat' dir='ltr'><strong>petram</strong></span> <span class='ocrx_word' id='word_1_745' title='bbox 3329 4287 3588 4344; x_wconf 46' lang='lat' dir='ltr'><strong>Ecclesiae</strong></span> 
     </span>
    </p>
   </div>
   <div class='ocr_carea' id='block_1_89' title="bbox 348 4468 1883 4552">
    <p class='ocr_par' dir='ltr' id='par_1_89' title="bbox 348 4476 1872 4552">
     <span class='ocr_line' id='line_1_89' title="bbox 348 4476 1872 4552; baseline -0.001 -21"><span class='ocrx_word' id='word_1_746' title='bbox 348 4480 419 4552; x_wconf 79' lang='grc' dir='ltr'><strong>(η)</strong></span> <span class='ocrx_word' id='word_1_747' title='bbox 439 4481 496 4536; x_wconf 87' lang='grc' dir='ltr'><strong>1η</strong></span> <span class='ocrx_word' id='word_1_748' title='bbox 529 4478 626 4552; x_wconf 65' lang='lat' dir='ltr'><strong>his.</strong></span> <span class='ocrx_word' id='word_1_749' title='bbox 658 4482 815 4552; x_wconf 77' lang='lat' dir='ltr'><strong>Mart.</strong></span> <span class='ocrx_word' id='word_1_750' title='bbox 850 4487 902 4533; x_wconf 89' lang='lat' dir='ltr'><strong>et</strong></span> <span class='ocrx_word' id='word_1_751' title='bbox 922 4477 1038 4533; x_wconf 86' lang='lat' dir='ltr'><strong>has.</strong></span> <span class='ocrx_word' id='word_1_752' title='bbox 1077 4477 1219 4552; x_wconf 54' lang='lat' dir='ltr'><strong>Van,</strong></span> <span class='ocrx_word' id='word_1_753' title='bbox 1244 4489 1444 4552; x_wconf 82' lang='lat' dir='ltr'><strong>natura:</strong></span> <span class='ocrx_word' id='word_1_754' title='bbox 1468 4477 1748 4552; x_wconf 64' lang='lat' dir='ltr'><strong>uirtutem;</strong></span> <span class='ocrx_word' id='word_1_755' title='bbox 1775 4476 1872 4531; x_wconf 88' lang='lat' dir='ltr'><strong>mi-</strong></span> 
     </span>
    </p>
   </div>
   <div class='ocr_carea' id='block_1_90' title="bbox 1986 4468 3589 4552">
    <p class='ocr_par' dir='ltr' id='par_1_90' title="bbox 2052 4468 3589 4552">
     <span class='ocr_line' id='line_1_90' title="bbox 2052 4468 3589 4552; baseline -0.029 16"><span class='ocrx_word' id='word_1_756' title='bbox 2052 4470 2123 4545; x_wconf 61' lang='grc' dir='ltr'><strong>(Γ)</strong></span> <span class='ocrx_word' id='word_1_757' title='bbox 2164 4472 2290 4552; x_wconf 61' lang='lat' dir='ltr'><strong>MSS!</strong></span> <span class='ocrx_word' id='word_1_758' title='bbox 2341 4471 2463 4552; x_wconf 53' lang='lat' dir='ltr'><strong>v‘it&#39;</strong></span> <span class='ocrx_word' id='word_1_759' title='bbox 2496 4471 2610 4552; x_wconf 61' lang='lat'><strong>[’95:</strong></span> <span class='ocrx_word' id='word_1_760' title='bbox 2649 4469 2940 4552; x_wconf 34' lang='lat'><strong>9.313!&quot;</strong></span> <span class='ocrx_word' id='word_1_761' title='bbox 2990 4470 3202 4541; x_wconf 68' lang='grc' dir='ltr'><strong>ταμίης</strong></span> <span class='ocrx_word' id='word_1_762' title='bbox 3245 4487 3313 4527; x_wconf 80' lang='lat' dir='ltr'><strong>ea:</strong></span> <span class='ocrx_word' id='word_1_763' title='bbox 3357 4468 3508 4529; x_wconf 87' lang='lat' dir='ltr'><strong>Deo:</strong></span> <span class='ocrx_word' id='word_1_764' title='bbox 3534 4482 3589 4529; x_wconf 86' lang='lat' dir='ltr'><strong>et</strong></span> 
     </span>
    </p>
   </div>
   <div class='ocr_carea' id='block_1_91' title="bbox 287 4549 1876 4623">
    <p class='ocr_par' dir='ltr' id='par_1_91' title="bbox 287 4549 1876 4623">
     <span class='ocr_line' id='line_1_91' title="bbox 287 4549 1876 4623; baseline -0.001 -18"><span class='ocrx_word' id='word_1_765' title='bbox 287 4549 370 4605; x_wconf 56' lang='lat' dir='ltr'><strong>nni</strong></span> <span class='ocrx_word' id='word_1_766' title='bbox 398 4549 546 4621; x_wconf 81' lang='lat' dir='ltr'><strong>apte.</strong></span> <span class='ocrx_word' id='word_1_767' title='bbox 580 4551 693 4608; x_wconf 77' lang='lat' dir='ltr'><strong>Hoc</strong></span> <span class='ocrx_word' id='word_1_768' title='bbox 723 4551 922 4623; x_wconf 88' lang='lat' dir='ltr'><strong>quippe</strong></span> <span class='ocrx_word' id='word_1_769' title='bbox 943 4549 1327 4623; x_wconf 69' lang='lat' dir='ltr'><strong>concluditur,</strong></span> <span class='ocrx_word' id='word_1_770' title='bbox 1361 4551 1650 4623; x_wconf 69' lang='lat' dir='ltr'><strong>Apostolus</strong></span> <span class='ocrx_word' id='word_1_771' title='bbox 1676 4550 1876 4604; x_wconf 85' lang='lat' dir='ltr'><strong>virtute</strong></span> 
     </span>
    </p>
   </div>
   <div class='ocr_carea' id='block_1_92' title="bbox 284 4621 1874 4694">
    <p class='ocr_par' dir='ltr' id='par_1_92' title="bbox 284 4621 1874 4694">
     <span class='ocr_line' id='line_1_92' title="bbox 284 4621 1874 4694; baseline -0.001 -19"><span class='ocrx_word' id='word_1_772' title='bbox 284 4633 428 4694; x_wconf 76' lang='lat' dir='ltr'><strong>atque</strong></span> <span class='ocrx_word' id='word_1_773' title='bbox 459 4624 725 4694; x_wconf 85' lang='lat' dir='ltr'><strong>operibus</strong></span> <span class='ocrx_word' id='word_1_774' title='bbox 743 4621 958 4679; x_wconf 82' lang='lat' dir='ltr'><strong>Christi</strong></span> <span class='ocrx_word' id='word_1_775' title='bbox 1003 4622 1263 4694; x_wconf 86' lang='lat' dir='ltr'><strong>adductos</strong></span> <span class='ocrx_word' id='word_1_776' title='bbox 1306 4621 1494 4685; x_wconf 85' lang='lat' dir='ltr'><strong>fuisse,</strong></span> <span class='ocrx_word' id='word_1_777' title='bbox 1529 4630 1591 4694; x_wconf 79' lang='lat' dir='ltr'><strong>ut</strong></span> <span class='ocrx_word' id='word_1_778' title='bbox 1616 4621 1874 4694; x_wconf 84' lang='lat' dir='ltr'><strong>latentem</strong></span> 
     </span>
    </p>
   </div>
   <div class='ocr_carea' id='block_1_93' title="bbox 287 4692 1872 4764">
    <p class='ocr_par' dir='ltr' id='par_1_93' title="bbox 287 4692 1872 4764">
     <span class='ocr_line' id='line_1_93' title="bbox 287 4692 1872 4764; baseline 0.001 -19"><span class='ocrx_word' id='word_1_779' title='bbox 287 4694 331 4747; x_wconf 90' lang='lat' dir='ltr'><strong>in</strong></span> <span class='ocrx_word' id='word_1_780' title='bbox 350 4692 414 4747; x_wconf 78' lang='lat' dir='ltr'><strong>eo</strong></span> <span class='ocrx_word' id='word_1_781' title='bbox 442 4692 655 4750; x_wconf 75' lang='lat' dir='ltr'><strong>natura:</strong></span> <span class='ocrx_word' id='word_1_782' title='bbox 684 4695 881 4748; x_wconf 74' lang='lat' dir='ltr'><strong>divina:</strong></span> <span class='ocrx_word' id='word_1_783' title='bbox 908 4693 1214 4759; x_wconf 87' lang='lat' dir='ltr'><strong>veritatem,</strong></span> <span class='ocrx_word' id='word_1_784' title='bbox 1242 4708 1402 4764; x_wconf 88' lang='lat' dir='ltr'><strong>quam</strong></span> <span class='ocrx_word' id='word_1_785' title='bbox 1437 4693 1553 4764; x_wconf 90' lang='lat' dir='ltr'><strong>ipse</strong></span> <span class='ocrx_word' id='word_1_786' title='bbox 1581 4692 1646 4748; x_wconf 89' lang='lat' dir='ltr'><strong>iis</strong></span> <span class='ocrx_word' id='word_1_787' title='bbox 1678 4692 1872 4763; x_wconf 56' lang='lat' dir='ltr'><strong>praedi-</strong></span> 
     </span>
    </p>
   </div>
   <div class='ocr_carea' id='block_1_94' title="bbox 282 4765 784 4828">
    <p class='ocr_par' dir='ltr' id='par_1_94' title="bbox 282 4765 784 4828">
     <span class='ocr_line' id='line_1_94' title="bbox 282 4765 784 4828; baseline -0.002 -8"><span class='ocrx_word' id='word_1_788' title='bbox 282 4765 444 4828; x_wconf 85' lang='lat' dir='ltr'><strong>cabat,</strong></span> <span class='ocrx_word' id='word_1_789' title='bbox 473 4768 784 4821; x_wconf 76' lang='lat' dir='ltr'><strong>crederent.</strong></span> 
     </span>
    </p>
   </div>
   <div class='ocr_carea' id='block_1_95' title="bbox 344 4856 1878 4928">
    <p class='ocr_par' dir='ltr' id='par_1_95' title="bbox 344 4856 1878 4928">
     <span class='ocr_line' id='line_1_95' title="bbox 344 4856 1878 4928; baseline -0.001 -16"><span class='ocrx_word' id='word_1_790' title='bbox 344 4859 414 4928; x_wconf 64' lang='grc' dir='ltr'><strong>(ὁ)</strong></span> <span class='ocrx_word' id='word_1_791' title='bbox 457 4858 514 4912; x_wconf 91' lang='lat' dir='ltr'><strong>lu</strong></span> <span class='ocrx_word' id='word_1_792' title='bbox 543 4875 650 4912; x_wconf 89' lang='lat' dir='ltr'><strong>ttno</strong></span> <span class='ocrx_word' id='word_1_793' title='bbox 676 4858 862 4913; x_wconf 87' lang='lat' dir='ltr'><strong>codice</strong></span> <span class='ocrx_word' id='word_1_794' title='bbox 909 4856 1026 4911; x_wconf 87' lang='lat' dir='ltr'><strong>Vat.</strong></span> <span class='ocrx_word' id='word_1_795' title='bbox 1060 4865 1115 4911; x_wconf 87' lang='lat' dir='ltr'><strong>et</strong></span> <span class='ocrx_word' id='word_1_796' title='bbox 1144 4857 1416 4911; x_wconf 85' lang='lat' dir='ltr'><strong>nonnullis</strong></span> <span class='ocrx_word' id='word_1_797' title='bbox 1458 4856 1600 4920; x_wconf 91' lang='lat' dir='ltr'><strong>aliis,</strong></span> <span class='ocrx_word' id='word_1_798' title='bbox 1630 4865 1878 4928; x_wconf 83' lang='lat' dir='ltr'><strong>potestate</strong></span> 
     </span>
    </p>
   </div>
   <div class='ocr_carea' id='block_1_96' title="bbox 283 4928 1872 4999">
    <p class='ocr_par' dir='ltr' id='par_1_96' title="bbox 283 4928 1872 4999">
     <span class='ocr_line' id='line_1_96' title="bbox 283 4928 1872 4999; baseline 0.001 -18"><span class='ocrx_word' id='word_1_799' title='bbox 283 4940 384 4983; x_wconf 81' lang='lat' dir='ltr'><strong>ecta</strong></span> <span class='ocrx_word' id='word_1_800' title='bbox 406 4948 525 4999; x_wconf 62' lang='lat' dir='ltr'><strong>qua?</strong></span> <span class='ocrx_word' id='word_1_801' title='bbox 551 4932 675 4999; x_wconf 75' lang='lat' dir='ltr'><strong>agit,</strong></span> <span class='ocrx_word' id='word_1_802' title='bbox 705 4930 857 4997; x_wconf 87' lang='lat' dir='ltr'><strong>plena</strong></span> <span class='ocrx_word' id='word_1_803' title='bbox 884 4928 987 4998; x_wconf 84' lang='lat' dir='ltr'><strong>ﬁde</strong></span> <span class='ocrx_word' id='word_1_804' title='bbox 1016 4929 1352 4997; x_wconf 80' lang='lat' dir='ltr'><strong>testiﬁcantur</strong></span> <span class='ocrx_word' id='word_1_805' title='bbox 1384 4946 1396 4982; x_wconf 88' lang='lat'><strong>:</strong></span> <span class='ocrx_word' id='word_1_806' title='bbox 1427 4928 1683 4983; x_wconf 54' lang='lat' dir='ltr'><strong>mendosa</strong></span> <span class='ocrx_word' id='word_1_807' title='bbox 1715 4929 1872 4999; x_wconf 86' lang='lat' dir='ltr'><strong>lectio</strong></span> 
     </span>
    </p>
   </div>
   <div class='ocr_carea' id='block_1_97' title="bbox 280 4998 1873 5072">
    <p class='ocr_par' dir='ltr' id='par_1_97' title="bbox 280 4998 1873 5072">
     <span class='ocr_line' id='line_1_97' title="bbox 280 4998 1873 5072; baseline 0 -19"><span class='ocrx_word' id='word_1_808' title='bbox 280 5011 329 5053; x_wconf 89' lang='lat' dir='ltr'><strong>et</strong></span> <span class='ocrx_word' id='word_1_809' title='bbox 367 4998 727 5072; x_wconf 85' lang='lat' dir='ltr'><strong>interpolata,</strong></span> <span class='ocrx_word' id='word_1_810' title='bbox 760 5015 919 5071; x_wconf 88' lang='lat' dir='ltr'><strong>quam</strong></span> <span class='ocrx_word' id='word_1_811' title='bbox 954 4999 1082 5054; x_wconf 73' lang='lat' dir='ltr'><strong>llud.</strong></span> <span class='ocrx_word' id='word_1_812' title='bbox 1133 5011 1187 5055; x_wconf 93' lang='lat' dir='ltr'><strong>et</strong></span> <span class='ocrx_word' id='word_1_813' title='bbox 1240 5001 1329 5055; x_wconf 80' lang='lat' dir='ltr'><strong>Er.</strong></span> <span class='ocrx_word' id='word_1_814' title='bbox 1377 5015 1444 5055; x_wconf 80' lang='lat' dir='ltr'><strong>ex</strong></span> <span class='ocrx_word' id='word_1_815' title='bbox 1496 5008 1649 5069; x_wconf 87' lang='lat' dir='ltr'><strong>parte</strong></span> <span class='ocrx_word' id='word_1_816' title='bbox 1703 4998 1873 5054; x_wconf 89' lang='lat' dir='ltr'><strong>secuti</strong></span> 
     </span>
    </p>
   </div>
   <div class='ocr_carea' id='block_1_98' title="bbox 212 5082 418 5126">
    <p class='ocr_par' dir='ltr' id='par_1_98' title="bbox 212 5082 418 5126">
     <span class='ocr_line' id='line_1_98' title="bbox 212 5082 418 5126; baseline 0 0"><span class='ocrx_word' id='word_1_817' title='bbox 212 5094 217 5103; x_wconf 95' lang='lat'>&#39;</span> <span class='ocrx_word' id='word_1_818' title='bbox 281 5082 418 5126; x_wconf 79' lang='lat' dir='ltr'><strong>sunt.</strong></span> 
     </span>
    </p>
   </div>
   <div class='ocr_carea' id='block_1_99' title="bbox 343 5140 1869 5216">
    <p class='ocr_par' dir='ltr' id='par_1_99' title="bbox 343 5140 1869 5216">
     <span class='ocr_line' id='line_1_99' title="bbox 343 5140 1869 5216; baseline -0.001 -20"><span class='ocrx_word' id='word_1_819' title='bbox 343 5142 415 5216; x_wconf 88' lang='lat' dir='ltr'><strong>(c)</strong></span> <span class='ocrx_word' id='word_1_820' title='bbox 459 5143 607 5216; x_wconf 82' lang='lat' dir='ltr'><strong>Lips.</strong></span> <span class='ocrx_word' id='word_1_821' title='bbox 659 5152 715 5216; x_wconf 83' lang='lat' dir='ltr'><strong>et</strong></span> <span class='ocrx_word' id='word_1_822' title='bbox 744 5142 892 5208; x_wconf 88' lang='lat' dir='ltr'><strong>Par.,</strong></span> <span class='ocrx_word' id='word_1_823' title='bbox 922 5143 1320 5216; x_wconf 80' lang='lat' dir='ltr'><strong>conﬁrmantur.</strong></span> <span class='ocrx_word' id='word_1_824' title='bbox 1347 5140 1568 5216; x_wconf 82' lang='lat' dir='ltr'><strong>Rectius</strong></span> <span class='ocrx_word' id='word_1_825' title='bbox 1590 5141 1747 5203; x_wconf 88' lang='lat' dir='ltr'><strong>Bad.,</strong></span> <span class='ocrx_word' id='word_1_826' title='bbox 1775 5142 1869 5198; x_wconf 81' lang='lat' dir='ltr'><strong>Er.</strong></span> 
     </span>
    </p>
   </div>
   <div class='ocr_carea' id='block_1_100' title="bbox 280 5213 1870 5285">
    <p class='ocr_par' dir='ltr' id='par_1_100' title="bbox 280 5213 1870 5285">
     <span class='ocr_line' id='line_1_100' title="bbox 280 5213 1870 5285; baseline 0.001 -19"><span class='ocrx_word' id='word_1_827' title='bbox 280 5225 329 5285; x_wconf 73' lang='lat' dir='ltr'><strong>et</strong></span> <span class='ocrx_word' id='word_1_828' title='bbox 365 5213 922 5285; x_wconf 49' lang='lat' dir='ltr'><strong>nissfconﬁrmatur,</strong></span> <span class='ocrx_word' id='word_1_829' title='bbox 972 5216 1040 5269; x_wconf 89' lang='lat' dir='ltr'><strong>ab</strong></span> <span class='ocrx_word' id='word_1_830' title='bbox 1088 5215 1350 5285; x_wconf 89' lang='lat' dir='ltr'><strong>apostolis</strong></span> <span class='ocrx_word' id='word_1_831' title='bbox 1401 5213 1652 5271; x_wconf 84' lang='lat' dir='ltr'><strong>videlicet</strong></span> <span class='ocrx_word' id='word_1_832' title='bbox 1699 5218 1870 5284; x_wconf 91' lang='lat' dir='ltr'><strong>ipsum</strong></span> 
     </span>
    </p>
   </div>
   <div class='ocr_carea' id='block_1_101' title="bbox 280 5284 1481 5357">
    <p class='ocr_par' dir='ltr' id='par_1_101' title="bbox 280 5284 1481 5357">
     <span class='ocr_line' id='line_1_101' title="bbox 280 5284 1481 5357; baseline 0.002 -20"><span class='ocrx_word' id='word_1_833' title='bbox 280 5284 472 5340; x_wconf 86' lang='lat' dir='ltr'><strong>Christi</strong></span> <span class='ocrx_word' id='word_1_834' title='bbox 503 5284 873 5341; x_wconf 83' lang='lat' dir='ltr'><strong>testimonium</strong></span> <span class='ocrx_word' id='word_1_835' title='bbox 904 5286 1044 5357; x_wconf 87' lang='lat' dir='ltr'><strong>quod</strong></span> <span class='ocrx_word' id='word_1_836' title='bbox 1073 5301 1102 5340; x_wconf 85' lang='lat' dir='ltr'><strong>a</strong></span> <span class='ocrx_word' id='word_1_837' title='bbox 1126 5284 1239 5341; x_wconf 88' lang='lat' dir='ltr'><strong>Deo</strong></span> <span class='ocrx_word' id='word_1_838' title='bbox 1266 5286 1481 5342; x_wconf 80' lang='lat' dir='ltr'><strong>exierit.</strong></span> 
     </span>
    </p>
   </div>
   <div class='ocr_carea' id='block_1_102' title="bbox 346 5376 1872 5463">
    <p class='ocr_par' dir='ltr' id='par_1_102' title="bbox 346 5376 1872 5463">
     <span class='ocr_line' id='line_1_102' title="bbox 346 5376 1872 5463; baseline 0.001 -32"><span class='ocrx_word' id='word_1_839' title='bbox 346 5377 425 5463; x_wconf 54' lang='grc' dir='ltr'><strong>(ις)</strong></span> <span class='ocrx_word' id='word_1_840' title='bbox 453 5379 590 5463; x_wconf 49' lang='grc' dir='ltr'><strong>μιν.</strong></span> <span class='ocrx_word' id='word_1_841' title='bbox 616 5394 739 5434; x_wconf 92' lang='lat' dir='ltr'><strong>cum</strong></span> <span class='ocrx_word' id='word_1_842' title='bbox 767 5379 988 5449; x_wconf 87' lang='lat' dir='ltr'><strong>antiquo</strong></span> <span class='ocrx_word' id='word_1_843' title='bbox 1018 5392 1117 5433; x_wconf 90' lang='lat' dir='ltr'><strong>ms.</strong></span> <span class='ocrx_word' id='word_1_844' title='bbox 1149 5376 1304 5434; x_wconf 90' lang='lat' dir='ltr'><strong>Celh.</strong></span> <span class='ocrx_word' id='word_1_845' title='bbox 1333 5388 1387 5433; x_wconf 91' lang='lat' dir='ltr'><strong>et</strong></span> <span class='ocrx_word' id='word_1_846' title='bbox 1412 5377 1595 5434; x_wconf 89' lang='lat' dir='ltr'><strong>Germ.</strong></span> <span class='ocrx_word' id='word_1_847' title='bbox 1624 5378 1872 5432; x_wconf 87' lang='lat' dir='ltr'><strong>rationem</strong></span> 
     </span>
    </p>
   </div>
   <div class='ocr_carea' id='block_1_103' title="bbox 279 5459 530 5504">
    <p class='ocr_par' dir='ltr' id='par_1_103' title="bbox 279 5459 530 5504">
     <span class='ocr_line' id='line_1_103' title="bbox 279 5459 530 5504; baseline 0.02 -5"><span class='ocrx_word' id='word_1_848' title='bbox 279 5459 530 5504; x_wconf 71' lang='lat' dir='ltr'><strong>novitatis.</strong></span> 
     </span>
    </p>
   </div>
   <div class='ocr_carea' id='block_1_104' title="bbox 347 5540 1873 5611">
    <p class='ocr_par' dir='ltr' id='par_1_104' title="bbox 347 5540 1873 5611">
     <span class='ocr_line' id='line_1_104' title="bbox 347 5540 1873 5611; baseline 0.002 -18"><span class='ocrx_word' id='word_1_849' title='bbox 347 5540 417 5607; x_wconf 80' lang='lat' dir='ltr'><strong>(c)</strong></span> <span class='ocrx_word' id='word_1_850' title='bbox 460 5541 685 5607; x_wconf 86' lang='lat' dir='ltr'><strong>Quidam</strong></span> <span class='ocrx_word' id='word_1_851' title='bbox 744 5556 876 5597; x_wconf 75' lang='lat' dir='ltr'><strong>mss.</strong></span> <span class='ocrx_word' id='word_1_852' title='bbox 930 5554 1065 5611; x_wconf 84' lang='lat' dir='ltr'><strong>quos</strong></span> <span class='ocrx_word' id='word_1_853' title='bbox 1119 5541 1295 5596; x_wconf 89' lang='lat' dir='ltr'><strong>minus</strong></span> <span class='ocrx_word' id='word_1_854' title='bbox 1358 5543 1601 5597; x_wconf 84' lang='lat' dir='ltr'><strong>sincerus</strong></span> <span class='ocrx_word' id='word_1_855' title='bbox 1663 5540 1873 5611; x_wconf 87' lang='lat' dir='ltr'><strong>experti</strong></span> 
     </span>
    </p>
   </div>
   <div class='ocr_carea' id='block_1_105' title="bbox 279 5612 1872 5679">
    <p class='ocr_par' dir='ltr' id='par_1_105' title="bbox 279 5612 1872 5679">
     <span class='ocr_line' id='line_1_105' title="bbox 279 5612 1872 5679; baseline 0.001 -15"><span class='ocrx_word' id='word_1_856' title='bbox 279 5622 503 5675; x_wconf 74' lang='lat' dir='ltr'><strong>smnus,</strong></span> <span class='ocrx_word' id='word_1_857' title='bbox 546 5629 668 5668; x_wconf 87' lang='lat' dir='ltr'><strong>cum</strong></span> <span class='ocrx_word' id='word_1_858' title='bbox 724 5612 854 5667; x_wconf 87' lang='lat' dir='ltr'><strong>Bad.</strong></span> <span class='ocrx_word' id='word_1_859' title='bbox 905 5624 959 5666; x_wconf 90' lang='lat' dir='ltr'><strong>et</strong></span> <span class='ocrx_word' id='word_1_860' title='bbox 1009 5612 1127 5675; x_wconf 86' lang='lat' dir='ltr'><strong>Er.,</strong></span> <span class='ocrx_word' id='word_1_861' title='bbox 1178 5629 1311 5667; x_wconf 87' lang='lat' dir='ltr'><strong>nunc</strong></span> <span class='ocrx_word' id='word_1_862' title='bbox 1343 5620 1565 5679; x_wconf 82' lang='lat' dir='ltr'><strong>primum</strong></span> <span class='ocrx_word' id='word_1_863' title='bbox 1614 5624 1872 5679; x_wconf 65' lang='lat' dir='ltr'><strong>coeperant</strong></span> 
     </span>
    </p>
   </div>
   <div class='ocr_carea' id='block_1_106' title="bbox 276 5680 1872 5807">
    <p class='ocr_par' dir='ltr' id='par_1_106' title="bbox 276 5680 1872 5807">
     <span class='ocr_line' id='line_1_106' title="bbox 276 5680 1872 5801; baseline 0.004 -67"><span class='ocrx_word' id='word_1_864' title='bbox 276 5680 554 5801; x_wconf 57' lang='lat' dir='ltr'><strong>:deertcre,</strong></span> <span class='ocrx_word' id='word_1_865' title='bbox 607 5702 724 5739; x_wconf 81' lang='lat' dir='ltr'><strong>eum</strong></span> <span class='ocrx_word' id='word_1_866' title='bbox 766 5684 915 5739; x_wconf 76' lang='lat' dir='ltr'><strong>illum</strong></span> <span class='ocrx_word' id='word_1_867' title='bbox 957 5684 1066 5738; x_wconf 82' lang='lat' dir='ltr'><strong>sine</strong></span> <span class='ocrx_word' id='word_1_868' title='bbox 1094 5685 1371 5753; x_wconf 82' lang='lat' dir='ltr'><strong>proverbiis</strong></span> <span class='ocrx_word' id='word_1_869' title='bbox 1414 5683 1721 5755; x_wconf 79' lang='lat' dir='ltr'><strong>proﬁtentur</strong></span> <span class='ocrx_word' id='word_1_870' title='bbox 1763 5701 1872 5740; x_wconf 83' lang='lat' dir='ltr'><strong>esse</strong></span> 
     </span>
     <span class='ocr_line' id='line_1_107' title="bbox 297 5758 521 5807; baseline 0.022 -4"><span class='ocrx_word' id='word_1_871' title='bbox 297 5758 521 5807; x_wconf 71' lang='grc' dir='ltr'><strong>θαιιηὶ</strong></span> 
     </span>
    </p>
   </div>
   <div class='ocr_carea' id='block_1_107' title="bbox 507 5779 521 5808">
    <p class='ocr_par' dir='ltr' id='par_1_107' title="bbox 507 5779 521 5808">
     <span class='ocr_line' id='line_1_108' title="bbox 507 5779 521 5808; baseline 0 0"><span class='ocrx_word' id='word_1_872' title='bbox 507 5779 521 5808; x_wconf 66' lang='grc' dir='ltr'>ί</span> 
     </span>
    </p>
   </div>
   <div class='ocr_carea' id='block_1_108' title="bbox 1981 4540 3044 4613">
    <p class='ocr_par' dir='ltr' id='par_1_108' title="bbox 1981 4540 3044 4613">
     <span class='ocr_line' id='line_1_109' title="bbox 1981 4540 3044 4613; baseline -0.005 -14"><span class='ocrx_word' id='word_1_873' title='bbox 1981 4540 2128 4611; x_wconf 60' lang='lat' dir='ltr'><strong>mox,</strong></span> <span class='ocrx_word' id='word_1_874' title='bbox 2159 4547 2214 4600; x_wconf 82' lang='lat' dir='ltr'><strong>in</strong></span> <span class='ocrx_word' id='word_1_875' title='bbox 2244 4544 2481 4598; x_wconf 83' lang='lat' dir='ltr'><strong>doctrina</strong></span> <span class='ocrx_word' id='word_1_876' title='bbox 2512 4542 2611 4613; x_wconf 78' lang='lat' dir='ltr'><strong>ﬁlii</strong></span> <span class='ocrx_word' id='word_1_877' title='bbox 2640 4540 2737 4597; x_wconf 89' lang='lat' dir='ltr'><strong>Dei</strong></span> <span class='ocrx_word' id='word_1_878' title='bbox 2766 4542 2911 4613; x_wconf 81' lang='lat' dir='ltr'><strong>ﬁdei,</strong></span> <span class='ocrx_word' id='word_1_879' title='bbox 2942 4551 3044 4597; x_wconf 87' lang='lat' dir='ltr'><strong>clc.</strong></span> 
     </span>
    </p>
   </div>
   <div class='ocr_carea' id='block_1_109' title="bbox 2051 4612 3586 4743">
    <p class='ocr_par' dir='ltr' id='par_1_109' title="bbox 2051 4612 3586 4743">
     <span class='ocr_line' id='line_1_110' title="bbox 2051 4612 3586 4743; baseline -0.001 -71"><span class='ocrx_word' id='word_1_880' title='bbox 2051 4619 2127 4743; x_wconf 46' lang='lat' dir='ltr'><strong>(iqi)</strong></span> <span class='ocrx_word' id='word_1_881' title='bbox 2166 4616 2334 4671; x_wconf 86' lang='lat' dir='ltr'><strong>Abest</strong></span> <span class='ocrx_word' id='word_1_882' title='bbox 2382 4618 2434 4668; x_wconf 86' lang='lat' dir='ltr'><strong>in</strong></span> <span class='ocrx_word' id='word_1_883' title='bbox 2464 4632 2493 4668; x_wconf 87' lang='lat' dir='ltr'><strong>a</strong></span> <span class='ocrx_word' id='word_1_884' title='bbox 2516 4612 2654 4667; x_wconf 88' lang='lat' dir='ltr'><strong>mss.</strong></span> <span class='ocrx_word' id='word_1_885' title='bbox 2710 4615 2824 4668; x_wconf 91' lang='lat' dir='ltr'><strong>bas.</strong></span> <span class='ocrx_word' id='word_1_886' title='bbox 2858 4612 2978 4668; x_wconf 85' lang='lat' dir='ltr'><strong>Vat.</strong></span> <span class='ocrx_word' id='word_1_887' title='bbox 3029 4613 3161 4669; x_wconf 86' lang='lat' dir='ltr'><strong>Vide</strong></span> <span class='ocrx_word' id='word_1_888' title='bbox 3191 4613 3286 4672; x_wconf 92' lang='lat' dir='ltr'><strong>lib.</strong></span> <span class='ocrx_word' id='word_1_889' title='bbox 3319 4630 3372 4681; x_wconf 83' lang='grc' dir='ltr'>ι,</span> <span class='ocrx_word' id='word_1_890' title='bbox 3427 4630 3483 4670; x_wconf 94' lang='lat' dir='ltr'><strong>n.</strong></span> <span class='ocrx_word' id='word_1_891' title='bbox 3517 4616 3586 4671; x_wconf 82' lang='grc'><strong>10</strong></span> 
     </span>
    </p>
   </div>
   <div class='ocr_carea' id='block_1_110' title="bbox 1981 4689 2152 4744">
    <p class='ocr_par' dir='ltr' id='par_1_110' title="bbox 1981 4689 2152 4744">
     <span class='ocr_line' id='line_1_111' title="bbox 1981 4689 2152 4744; baseline -0.018 0"><span class='ocrx_word' id='word_1_892' title='bbox 1981 4689 2152 4744; x_wconf 82' lang='lat' dir='ltr'><strong>etll.</strong></span> 
     </span>
    </p>
   </div>
   <div class='ocr_carea' id='block_1_111' title="bbox 2052 4754 3583 4831">
    <p class='ocr_par' dir='ltr' id='par_1_111' title="bbox 2052 4754 3583 4831">
     <span class='ocr_line' id='line_1_112' title="bbox 2052 4754 3583 4831; baseline -0.001 -18"><span class='ocrx_word' id='word_1_893' title='bbox 2052 4759 2130 4831; x_wconf 80' lang='grc' dir='ltr'><strong>(Ιι)</strong></span> <span class='ocrx_word' id='word_1_894' title='bbox 2174 4756 2312 4831; x_wconf 81' lang='lat' dir='ltr'><strong>Editi</strong></span> <span class='ocrx_word' id='word_1_895' title='bbox 2341 4764 2567 4831; x_wconf 81' lang='lat' dir='ltr'><strong>excepto</strong></span> <span class='ocrx_word' id='word_1_896' title='bbox 2613 4754 2735 4831; x_wconf 76' lang='lat' dir='ltr'><strong>Par.</strong></span> <span class='ocrx_word' id='word_1_897' title='bbox 2764 4767 2818 4831; x_wconf 81' lang='lat' dir='ltr'><strong>et</strong></span> <span class='ocrx_word' id='word_1_898' title='bbox 2855 4755 3097 4831; x_wconf 76' lang='lat' dir='ltr'><strong>nonnulli</strong></span> <span class='ocrx_word' id='word_1_899' title='bbox 3133 4755 3456 4831; x_wconf 23' lang='lat' dir='ltr'><strong>Arecentioris</strong></span> <span class='ocrx_word' id='word_1_900' title='bbox 3484 4758 3583 4812; x_wconf 79' lang='lat' dir='ltr'><strong>:cvi</strong></span> 
     </span>
    </p>
   </div>
   <div class='ocr_carea' id='block_1_112' title="bbox 1980 4827 3579 4901">
    <p class='ocr_par' dir='ltr' id='par_1_112' title="bbox 1980 4827 3579 4901">
     <span class='ocr_line' id='line_1_113' title="bbox 1980 4827 3579 4901; baseline -0.002 -17"><span class='ocrx_word' id='word_1_901' title='bbox 1980 4827 2114 4884; x_wconf 80' lang='lat' dir='ltr'><strong>mss.</strong></span> <span class='ocrx_word' id='word_1_902' title='bbox 2145 4829 2349 4901; x_wconf 75' lang='lat' dir='ltr'><strong>publica</strong></span> <span class='ocrx_word' id='word_1_903' title='bbox 2388 4828 2620 4880; x_wconf 84' lang='lat' dir='ltr'><strong>scientia.</strong></span> <span class='ocrx_word' id='word_1_904' title='bbox 2657 4828 2849 4901; x_wconf 75' lang='lat' dir='ltr'><strong>Verius</strong></span> <span class='ocrx_word' id='word_1_905' title='bbox 2886 4827 2975 4901; x_wconf 82' lang='lat' dir='ltr'><strong>alii</strong></span> <span class='ocrx_word' id='word_1_906' title='bbox 3025 4827 3167 4892; x_wconf 87' lang='lat' dir='ltr'><strong>libri,</strong></span> <span class='ocrx_word' id='word_1_907' title='bbox 3200 4828 3405 4894; x_wconf 83' lang='lat' dir='ltr'><strong>publica</strong></span> <span class='ocrx_word' id='word_1_908' title='bbox 3460 4842 3579 4882; x_wconf 82' lang='lat' dir='ltr'><strong>con-</strong></span> 
     </span>
    </p>
   </div>
   <div class='ocr_carea' id='block_1_113' title="bbox 1978 4898 3574 4966">
    <p class='ocr_par' dir='ltr' id='par_1_113' title="bbox 1978 4898 3574 4966">
     <span class='ocr_line' id='line_1_114' title="bbox 1978 4898 3574 4966; baseline -0.001 -11"><span class='ocrx_word' id='word_1_909' title='bbox 1978 4898 2209 4966; x_wconf 80' lang='lat' dir='ltr'><strong>scientia,</strong></span> <span class='ocrx_word' id='word_1_910' title='bbox 2242 4899 2292 4953; x_wconf 89' lang='lat' dir='ltr'><strong>id</strong></span> <span class='ocrx_word' id='word_1_911' title='bbox 2324 4907 2425 4962; x_wconf 89' lang='lat' dir='ltr'><strong>est,</strong></span> <span class='ocrx_word' id='word_1_912' title='bbox 2447 4901 2600 4965; x_wconf 72' lang='lat' dir='ltr'><strong>cujus</strong></span> <span class='ocrx_word' id='word_1_913' title='bbox 2628 4899 2790 4953; x_wconf 71' lang='lat' dir='ltr'><strong>etiam</strong></span> <span class='ocrx_word' id='word_1_914' title='bbox 2821 4898 3011 4966; x_wconf 87' lang='lat' dir='ltr'><strong>vulgus</strong></span> <span class='ocrx_word' id='word_1_915' title='bbox 3034 4902 3311 4952; x_wconf 86' lang='lat' dir='ltr'><strong>conscium</strong></span> <span class='ocrx_word' id='word_1_916' title='bbox 3327 4907 3428 4953; x_wconf 82' lang='lat' dir='ltr'><strong>est.</strong></span> <span class='ocrx_word' id='word_1_917' title='bbox 3465 4901 3574 4964; x_wconf 84' lang='lat' dir='ltr'><strong>Sic,</strong></span> 
     </span>
    </p>
   </div>
   <div class='ocr_carea' id='block_1_114' title="bbox 1980 4968 3579 5037">
    <p class='ocr_par' dir='ltr' id='par_1_114' title="bbox 1980 4968 3579 5037">
     <span class='ocr_line' id='line_1_115' title="bbox 1980 4968 3579 5037; baseline 0 -12"><span class='ocrx_word' id='word_1_918' title='bbox 1980 4972 2076 5026; x_wconf 87' lang='lat' dir='ltr'><strong>lib.</strong></span> <span class='ocrx_word' id='word_1_919' title='bbox 2118 4988 2154 5027; x_wconf 85' lang='lat' dir='ltr'><strong>tt</strong></span> <span class='ocrx_word' id='word_1_920' title='bbox 2204 4971 2268 5025; x_wconf 83' lang='lat' dir='ltr'><strong>ad</strong></span> <span class='ocrx_word' id='word_1_921' title='bbox 2312 4970 2624 5034; x_wconf 80' lang='lat' dir='ltr'><strong>Censmnt.,</strong></span> <span class='ocrx_word' id='word_1_922' title='bbox 2677 4987 2729 5021; x_wconf 83' lang='grc' dir='ltr'>ιι.</span> <span class='ocrx_word' id='word_1_923' title='bbox 2768 4969 2852 5030; x_wconf 87' lang='grc'><strong>10.</strong></span> <span class='ocrx_word' id='word_1_924' title='bbox 2903 4976 3055 5037; x_wconf 83' lang='lat' dir='ltr'><strong>rogat</strong></span> <span class='ocrx_word' id='word_1_925' title='bbox 3100 4968 3334 5023; x_wconf 84' lang='lat' dir='ltr'><strong>Hilarius</strong></span> <span class='ocrx_word' id='word_1_926' title='bbox 3382 4980 3439 5023; x_wconf 87' lang='grc' dir='ltr'><strong>ιιι</strong></span> <span class='ocrx_word' id='word_1_927' title='bbox 3478 4973 3579 5026; x_wconf 90' lang='lat' dir='ltr'><strong>sibi</strong></span> 
     </span>
    </p>
   </div>
   <div class='ocr_carea' id='block_1_115' title="bbox 1977 5040 3574 5107">
    <p class='ocr_par' dir='ltr' id='par_1_115' title="bbox 1977 5040 3574 5107">
     <span class='ocr_line' id='line_1_116' title="bbox 1977 5040 3574 5107; baseline 0 -11"><span class='ocrx_word' id='word_1_928' title='bbox 1977 5044 2135 5097; x_wconf 88' lang='lat' dir='ltr'><strong>liceat</strong></span> <span class='ocrx_word' id='word_1_929' title='bbox 2161 5042 2229 5097; x_wconf 90' lang='lat' dir='ltr'><strong>de</strong></span> <span class='ocrx_word' id='word_1_930' title='bbox 2259 5042 2362 5094; x_wconf 85' lang='lat' dir='ltr'><strong>fide</strong></span> <span class='ocrx_word' id='word_1_931' title='bbox 2392 5042 2658 5095; x_wconf 80' lang='lat' dir='ltr'><strong>disserere</strong></span> <span class='ocrx_word' id='word_1_932' title='bbox 2680 5041 2772 5093; x_wconf 86' lang='lat' dir='ltr'><strong>sub</strong></span> <span class='ocrx_word' id='word_1_933' title='bbox 2801 5040 3002 5107; x_wconf 74' lang='lat' dir='ltr'><strong>publica</strong></span> <span class='ocrx_word' id='word_1_934' title='bbox 3024 5040 3335 5095; x_wconf 87' lang='lat' dir='ltr'><strong>conscientia</strong></span> <span class='ocrx_word' id='word_1_935' title='bbox 3359 5056 3379 5095; x_wconf 90' lang='lat'><strong><em>:</em></strong></span> <span class='ocrx_word' id='word_1_936' title='bbox 3406 5051 3461 5097; x_wconf 91' lang='lat' dir='ltr'><strong>et</strong></span> <span class='ocrx_word' id='word_1_937' title='bbox 3483 5043 3574 5096; x_wconf 90' lang='lat' dir='ltr'><strong>lib.</strong></span> 
     </span>
    </p>
   </div>
   <div class='ocr_carea' id='block_1_116' title="bbox 1976 5111 3580 5177">
    <p class='ocr_par' dir='ltr' id='par_1_116' title="bbox 1976 5111 3580 5177">
     <span class='ocr_line' id='line_1_117' title="bbox 1976 5111 3580 5177; baseline -0.001 -8"><span class='ocrx_word' id='word_1_938' title='bbox 1976 5124 2164 5169; x_wconf 85' lang='lat' dir='ltr'><strong>centra</strong></span> <span class='ocrx_word' id='word_1_939' title='bbox 2192 5114 2586 5171; x_wconf 77' lang='lat' dir='ltr'><strong>CouSIautinm.</strong></span> <span class='ocrx_word' id='word_1_940' title='bbox 2639 5126 2693 5164; x_wconf 87' lang='grc' dir='ltr'><strong>η.</strong></span> <span class='ocrx_word' id='word_1_941' title='bbox 2724 5112 2780 5177; x_wconf 73' lang='grc'><strong>2,</strong></span> <span class='ocrx_word' id='word_1_942' title='bbox 2810 5119 3051 5172; x_wconf 82' lang='lat' dir='ltr'><strong>renuunt</strong></span> <span class='ocrx_word' id='word_1_943' title='bbox 3095 5111 3333 5166; x_wconf 66' lang='lat' dir='ltr'><strong>hrcretici</strong></span> <span class='ocrx_word' id='word_1_944' title='bbox 3393 5114 3443 5168; x_wconf 88' lang='lat' dir='ltr'><strong>in</strong></span> <span class='ocrx_word' id='word_1_945' title='bbox 3490 5113 3580 5167; x_wconf 88' lang='lat' dir='ltr'><strong>Bi-</strong></span> 
     </span>
    </p>
   </div>
   <div class='ocr_carea' id='block_1_117' title="bbox 1978 5182 3576 5254">
    <p class='ocr_par' dir='ltr' id='par_1_117' title="bbox 1978 5182 3576 5254">
     <span class='ocr_line' id='line_1_118' title="bbox 1978 5182 3576 5254; baseline 0 -15"><span class='ocrx_word' id='word_1_946' title='bbox 1978 5186 2211 5242; x_wconf 87' lang='lat' dir='ltr'><strong>terrensi</strong></span> <span class='ocrx_word' id='word_1_947' title='bbox 2243 5184 2471 5247; x_wconf 81' lang='lat' dir='ltr'><strong>concilio</strong></span> <span class='ocrx_word' id='word_1_948' title='bbox 2497 5182 2683 5237; x_wconf 86' lang='lat' dir='ltr'><strong>audire</strong></span> <span class='ocrx_word' id='word_1_949' title='bbox 2718 5185 2787 5239; x_wconf 90' lang='lat' dir='ltr'><strong>ab</strong></span> <span class='ocrx_word' id='word_1_950' title='bbox 2815 5183 2931 5252; x_wconf 81' lang='lat' dir='ltr'><strong>ipso</strong></span> <span class='ocrx_word' id='word_1_951' title='bbox 2961 5184 3185 5253; x_wconf 82' lang='lat' dir='ltr'><strong>ingesta,</strong></span> <span class='ocrx_word' id='word_1_952' title='bbox 3215 5186 3449 5239; x_wconf 84' lang='lat' dir='ltr'><strong>timentes</strong></span> <span class='ocrx_word' id='word_1_953' title='bbox 3476 5202 3576 5254; x_wconf 86' lang='lat' dir='ltr'><strong>pu-</strong></span> 
     </span>
    </p>
   </div>
   <div class='ocr_carea' id='block_1_118' title="bbox 1978 5256 3019 5313">
    <p class='ocr_par' dir='ltr' id='par_1_118' title="bbox 1978 5256 3019 5313">
     <span class='ocr_line' id='line_1_119' title="bbox 1978 5256 3019 5313; baseline -0.01 -1"><span class='ocrx_word' id='word_1_954' title='bbox 1978 5259 2123 5312; x_wconf 71' lang='lat' dir='ltr'><strong>blica:</strong></span> <span class='ocrx_word' id='word_1_955' title='bbox 2148 5256 2487 5313; x_wconf 76' lang='lat' dir='ltr'><strong>conscientite.</strong></span> <span class='ocrx_word' id='word_1_956' title='bbox 3010 5273 3019 5281; x_wconf 67' lang='grc' dir='ltr'><strong>ο</strong></span> 
     </span>
    </p>
   </div>
   <div class='ocr_carea' id='block_1_119' title="bbox 2051 5325 3575 5399">
    <p class='ocr_par' dir='ltr' id='par_1_119' title="bbox 2051 5325 3575 5399">
     <span class='ocr_line' id='line_1_120' title="bbox 2051 5325 3575 5399; baseline 0.001 -16"><span class='ocrx_word' id='word_1_957' title='bbox 2051 5331 2115 5399; x_wconf 88' lang='lat' dir='ltr'><strong>(i)</strong></span> <span class='ocrx_word' id='word_1_958' title='bbox 2161 5331 2215 5384; x_wconf 88' lang='lat' dir='ltr'><strong>In</strong></span> <span class='ocrx_word' id='word_1_959' title='bbox 2263 5329 2451 5381; x_wconf 87' lang='lat' dir='ltr'><strong>codice</strong></span> <span class='ocrx_word' id='word_1_960' title='bbox 2501 5325 2777 5399; x_wconf 69' lang='lat' dir='ltr'><strong>Vaticana:</strong></span> <span class='ocrx_word' id='word_1_961' title='bbox 2819 5325 3080 5399; x_wconf 60' lang='lat' dir='ltr'><strong>basilicas,</strong></span> <span class='ocrx_word' id='word_1_962' title='bbox 3132 5326 3385 5399; x_wconf 77' lang='lat' dir='ltr'><strong>deferens,</strong></span> <span class='ocrx_word' id='word_1_963' title='bbox 3434 5329 3575 5396; x_wconf 89' lang='lat' dir='ltr'><strong>quod</strong></span> 
     </span>
    </p>
   </div>
   <div class='ocr_carea' id='block_1_120' title="bbox 1980 5397 3579 5470">
    <p class='ocr_par' dir='ltr' id='par_1_120' title="bbox 1980 5397 3579 5470">
     <span class='ocr_line' id='line_1_121' title="bbox 1980 5397 3579 5470; baseline 0.001 -17"><span class='ocrx_word' id='word_1_964' title='bbox 1980 5397 2208 5470; x_wconf 85' lang='lat' dir='ltr'><strong>primum</strong></span> <span class='ocrx_word' id='word_1_965' title='bbox 2236 5399 2508 5453; x_wconf 80' lang='lat' dir='ltr'><strong>arridebat</strong></span> <span class='ocrx_word' id='word_1_966' title='bbox 2540 5415 2552 5451; x_wconf 91' lang='lat'><strong>:</strong></span> <span class='ocrx_word' id='word_1_967' title='bbox 2581 5397 2676 5470; x_wconf 83' lang='lat' dir='ltr'><strong>sed</strong></span> <span class='ocrx_word' id='word_1_968' title='bbox 2711 5397 2840 5451; x_wconf 86' lang='lat' dir='ltr'><strong>nihil</strong></span> <span class='ocrx_word' id='word_1_969' title='bbox 2863 5406 2947 5470; x_wconf 75' lang='lat' dir='ltr'><strong>est</strong></span> <span class='ocrx_word' id='word_1_970' title='bbox 2976 5412 3072 5451; x_wconf 91' lang='lat' dir='ltr'><strong>cur</strong></span> <span class='ocrx_word' id='word_1_971' title='bbox 3096 5400 3164 5451; x_wconf 89' lang='lat' dir='ltr'><strong>ah</strong></span> <span class='ocrx_word' id='word_1_972' title='bbox 3195 5397 3424 5451; x_wconf 88' lang='lat' dir='ltr'><strong>aliorum</strong></span> <span class='ocrx_word' id='word_1_973' title='bbox 3453 5413 3579 5454; x_wconf 85' lang='lat' dir='ltr'><strong>eon-</strong></span> 
     </span>
    </p>
   </div>
   <div class='ocr_carea' id='block_1_121' title="bbox 1976 5468 3574 5539">
    <p class='ocr_par' dir='ltr' id='par_1_121' title="bbox 1976 5468 3574 5539">
     <span class='ocr_line' id='line_1_122' title="bbox 1976 5468 3574 5539; baseline 0.001 -14"><span class='ocrx_word' id='word_1_974' title='bbox 1976 5468 2140 5526; x_wconf 64' lang='lat' dir='ltr'><strong>Sensu</strong></span> <span class='ocrx_word' id='word_1_975' title='bbox 2169 5470 2528 5525; x_wconf 83' lang='lat' dir='ltr'><strong>discedamus.</strong></span> <span class='ocrx_word' id='word_1_976' title='bbox 2578 5469 2759 5539; x_wconf 81' lang='lat' dir='ltr'><strong>Lenge</strong></span> <span class='ocrx_word' id='word_1_977' title='bbox 2804 5468 2983 5523; x_wconf 83' lang='lat' dir='ltr'><strong>minus</strong></span> <span class='ocrx_word' id='word_1_978' title='bbox 3025 5470 3199 5537; x_wconf 89' lang='lat' dir='ltr'><strong>placet</strong></span> <span class='ocrx_word' id='word_1_979' title='bbox 3237 5479 3420 5537; x_wconf 85' lang='lat' dir='ltr'><strong>postea</strong></span> <span class='ocrx_word' id='word_1_980' title='bbox 3453 5486 3574 5526; x_wconf 89' lang='lat' dir='ltr'><strong>cum</strong></span> 
     </span>
    </p>
   </div>
   <div class='ocr_carea' id='block_1_122' title="bbox 1976 5539 3577 5610">
    <p class='ocr_par' dir='ltr' id='par_1_122' title="bbox 1976 5539 3577 5610">
     <span class='ocr_line' id='line_1_123' title="bbox 1976 5539 3577 5610; baseline 0.001 -12"><span class='ocrx_word' id='word_1_981' title='bbox 1976 5543 2167 5598; x_wconf 89' lang='lat' dir='ltr'><strong>eodem</strong></span> <span class='ocrx_word' id='word_1_982' title='bbox 2209 5558 2308 5596; x_wconf 82' lang='lat' dir='ltr'><strong>ms.</strong></span> <span class='ocrx_word' id='word_1_983' title='bbox 2351 5542 2488 5610; x_wconf 86' lang='lat' dir='ltr'><strong>quod</strong></span> <span class='ocrx_word' id='word_1_984' title='bbox 2531 5551 2601 5594; x_wconf 90' lang='lat' dir='ltr'><strong>est</strong></span> <span class='ocrx_word' id='word_1_985' title='bbox 2629 5541 2683 5594; x_wconf 88' lang='lat' dir='ltr'><strong>in</strong></span> <span class='ocrx_word' id='word_1_986' title='bbox 2704 5555 2988 5593; x_wconf 82' lang='lat' dir='ltr'><strong>commune.</strong></span> <span class='ocrx_word' id='word_1_987' title='bbox 3016 5539 3186 5593; x_wconf 88' lang='lat' dir='ltr'><strong>Porro</strong></span> <span class='ocrx_word' id='word_1_988' title='bbox 3214 5555 3399 5595; x_wconf 80' lang='lat' dir='ltr'><strong>vocent</strong></span> <span class='ocrx_word' id='word_1_989' title='bbox 3434 5540 3577 5598; x_wconf 72' lang='lat' dir='ltr'><strong>Filio</strong></span> 
     </span>
    </p>
   </div>
   <div class='ocr_carea' id='block_1_123' title="bbox 1977 5610 3576 5684">
    <p class='ocr_par' dir='ltr' id='par_1_123' title="bbox 1977 5610 3576 5684">
     <span class='ocr_line' id='line_1_124' title="bbox 1977 5610 3576 5684; baseline -0.001 -16"><span class='ocrx_word' id='word_1_990' title='bbox 1977 5616 2029 5668; x_wconf 88' lang='lat' dir='ltr'><strong>in</strong></span> <span class='ocrx_word' id='word_1_991' title='bbox 2058 5614 2217 5669; x_wconf 87' lang='lat' dir='ltr'><strong>tertio</strong></span> <span class='ocrx_word' id='word_1_992' title='bbox 2237 5626 2386 5677; x_wconf 89' lang='lat' dir='ltr'><strong>casu,</strong></span> <span class='ocrx_word' id='word_1_993' title='bbox 2413 5627 2475 5666; x_wconf 89' lang='lat' dir='ltr'><strong>ac</strong></span> <span class='ocrx_word' id='word_1_994' title='bbox 2503 5614 2802 5684; x_wconf 81' lang='lat' dir='ltr'><strong>proximum</strong></span> <span class='ocrx_word' id='word_1_995' title='bbox 2828 5610 3050 5684; x_wconf 86' lang='lat' dir='ltr'><strong>vcrhnnt</strong></span> <span class='ocrx_word' id='word_1_996' title='bbox 3074 5611 3322 5684; x_wconf 53' lang='lat' dir='ltr'><strong>defenenti</strong></span> <span class='ocrx_word' id='word_1_997' title='bbox 3345 5613 3394 5665; x_wconf 88' lang='lat' dir='ltr'><strong>in</strong></span> <span class='ocrx_word' id='word_1_998' title='bbox 3419 5625 3576 5670; x_wconf 86' lang='lat' dir='ltr'><strong>sexto</strong></span> 
     </span>
    </p>
   </div>
   <div class='ocr_carea' id='block_1_124' title="bbox 1977 5681 3344 5754">
    <p class='ocr_par' dir='ltr' id='par_1_124' title="bbox 1977 5681 3344 5754">
     <span class='ocr_line' id='line_1_125' title="bbox 1977 5681 3344 5754; baseline -0.001 -14"><span class='ocrx_word' id='word_1_999' title='bbox 1977 5685 2345 5754; x_wconf 79' lang='lat' dir='ltr'><strong>intelligimus,</strong></span> <span class='ocrx_word' id='word_1_1000' title='bbox 2373 5683 2548 5753; x_wconf 85' lang='lat' dir='ltr'><strong>quasi,</strong></span> <span class='ocrx_word' id='word_1_1001' title='bbox 2582 5684 2633 5736; x_wconf 88' lang='lat' dir='ltr'><strong>in</strong></span> <span class='ocrx_word' id='word_1_1002' title='bbox 2668 5681 2819 5736; x_wconf 86' lang='lat' dir='ltr'><strong>Petro</strong></span> <span class='ocrx_word' id='word_1_1003' title='bbox 2848 5698 2965 5734; x_wconf 87' lang='lat' dir='ltr'><strong>cum</strong></span> <span class='ocrx_word' id='word_1_1004' title='bbox 2995 5681 3153 5754; x_wconf 76' lang='lat' dir='ltr'><strong>defert</strong></span> <span class='ocrx_word' id='word_1_1005' title='bbox 3186 5682 3344 5739; x_wconf 84' lang='lat' dir='ltr'><strong>Filio.</strong></span> 
     </span>
    </p>
   </div>
   <div class='ocr_carea' id='block_1_125' title="bbox 2048 5754 3489 5827">
    <p class='ocr_par' dir='ltr' id='par_1_125' title="bbox 2048 5754 3489 5827">
     <span class='ocr_line' id='line_1_126' title="bbox 2048 5754 3489 5827; baseline -0.001 -15"><span class='ocrx_word' id='word_1_1006' title='bbox 2048 5757 2127 5827; x_wconf 84' lang='lat' dir='ltr'><strong>(j)</strong></span> <span class='ocrx_word' id='word_1_1007' title='bbox 2166 5756 2454 5826; x_wconf 86' lang='lat' dir='ltr'><strong>Exemplar</strong></span> <span class='ocrx_word' id='word_1_1008' title='bbox 2481 5754 2659 5822; x_wconf 52' lang='lat' dir='ltr'><strong>Maria,</strong></span> <span class='ocrx_word' id='word_1_1009' title='bbox 2682 5769 2745 5808; x_wconf 81' lang='lat' dir='ltr'><strong>ea:</strong></span> <span class='ocrx_word' id='word_1_1010' title='bbox 2768 5754 3085 5824; x_wconf 71' lang='lat' dir='ltr'><strong>confessione</strong></span> <span class='ocrx_word' id='word_1_1011' title='bbox 3104 5754 3270 5811; x_wconf 86' lang='lat' dir='ltr'><strong>honor</strong></span> <span class='ocrx_word' id='word_1_1012' title='bbox 3290 5766 3338 5811; x_wconf 86' lang='lat' dir='ltr'><strong>et</strong></span> <span class='ocrx_word' id='word_1_1013' title='bbox 3358 5754 3489 5811; x_wconf 85' lang='lat' dir='ltr'><strong>lans‘.</strong></span> 
     </span>
    </p>
   </div>
  </div>
