4118 6186
487 251 593 310 187

1704 245 1952 304 SANCTI
1992 243 2258 302 iiILAliII
2275 245 2581 322 EPIS’COPI

3695 255 3795 310 l88

483 365 770 424 aediﬁcatio
795 375 877 422 est
906 366 924 437 (
941 365 1059 421 Vid.
1089 364 1178 420 lib.
1207 379 1267 431 ιι,
1299 379 1351 418 ιι.
1381 361 1474 431 25,
1500 371 1546 417 et
1571 379 1686 435 cap.
1721 361 1787 416 16
1808 361 1860 416 in
1890 359 2080 416 Matth.
2110 365 2161 425 Α
2189 360 2292 417 hoc
2315 361 2508 418 beatus
2537 371 2644 420 est.
2674 362 2803 420 Haec
2833 364 3096 422 revelatio
3122 365 3299 423 Patris
3331 373 3436 434 est,
3469 365 3570 424 hoc
3600 367 3796 425 Eccle-

483 476 538 516 ιι.
575 460 654 535 7).
687 459 792 516 Sed
821 473 1014 514 sensus
1057 456 1237 512 carnis
1284 465 1338 512 et
1377 455 1677 527 sanguinis,
1727 453 2090 510 confessionis

485 555 647 626 hujus
673 553 1090 626 intelligentiam
1122 567 1228 608 non
1269 551 1496 607 revelat.
1528 551 1643 608 Hoc
1665 558 1750 607 est
1772 550 1967 606 divinae
1997 565 2086 604 rc-

485 648 774 703 velatiouis
819 629 1256 712 sacramentum,
1306 635 1582 700 Christum
1620 645 1712 700 Dei
1765 643 1933 698 ﬁlium
1981 657 2088 697 non

447 761 452 770 '
485 743 660 799 solum
685 755 1022 810 nuncupare,
1054 739 1154 795 sed
1183 740 1431 794 credere.
1464 720 1570 793 Aut
1599 736 1856 806 numquid
1885 751 2095 791 nuncu-

489 836 630 905 patio
661 835 838 904 potius
869 823 1029 903 quatn
1058 843 1249 887 natura
1274 832 1434 886 Petro
1458 831 1694 886 revelata
1718 829 1839 885 est?
1867 828 1926 884 Si
1955 845 2092 883 nuu-

485 929 736 998 eupatio;
781 928 892 998 jam
942 927 1078 981 hanc
1123 941 1152 979 a
1185 925 1412 980 Domino
1459 925 1772 993 frequenter
1817 921 2086 986 audierat,

488 1038 610 1077 esse
643 1038 702 1077 se
727 1021 822 1078 Dei
849 1022 1017 1076 ﬁlium
1043 1019 1357 1075 conlitenle.
1384 1019 1442 1074 In
1471 1035 1574 1088 quo
1597 1033 1725 1088 ergo
1748 1015 2094 1072 revelationis

484 1123 569 1170 est
596 1114 808 1185 gloria?
841 1113 917 1186 (a)
965 1111 1180 1168 Natura:
1207 1095 1438 1177 scilicet,
1490 1127 1596 1166 non
1644 1109 1918 1176 nominis;
1969 1122 2092 1163 cum

485 1205 828 1278 frequentata
859 1207 1096 1260 nominis
1123 1205 1388 1276 professio
1415 1205 1524 1275 jam
1557 1203 1766 1259 fuisset.

564 1301 654 1354 57.
698 1298 844 1354 Petri
868 1300 999 1369 ﬁdes
1027 1299 1435 1353 commendatur.
1465 1327 1536 1338 -—
1561 1298 1687 1354 Hmc
1713 1298 1866 1360 ﬁdes,
1903 1297 2093 1353 Eccle-

483 1392 581 1450 siae
621 1391 1024 1446 fundamentum
1071 1400 1155 1447 est
1183 1411 1196 1446 :
1227 1407 1320 1462 per
1353 1390 1492 1446 hanc
1527 1389 1686 1446 ﬁdem
1731 1389 1972 1445 inlirmes
1997 1389 2094 1462 (at.

487 1473 1041 1556 inﬁrmac)‘adversus
1078 1465 1196 1539 eam
1241 1493 1366 1537 sunt
1415 1492 1584 1553 porta:
1616 1481 1934 1537 inferorum.
1970 1482 2098 1537 llacc

487 1576 623 1634 fides
647 1579 793 1646 regni
839 1578 1081 1633 caelestis
1128 1577 1289 1631 habet
1317 1575 1515 1631 claves.
1550 1575 1676 1630 Hinc
1722 1575 1855 1630 ﬁdes
1895 1591 2016 1646 qum
2043 1577 2095 1632 in

489 1673 650 1727 terris
679 1671 904 1726 solverit
932 1679 1022 1724 aut
1049 1669 1318 1740 ligaverit,
1348 1677 1404 1724 et
1433 1670 1596 1740 ligata
1637 1670 1689 1724 in
1713 1669 1867 1725 caelis
1891 1677 2020 1724 sunt
2045 1677 2101 1724 et

2191 458 2285 513 sire
2317 457 2723 542 fundamentum
2747 468 2850 526 est,
2884 459 3002 516 htec
3029 461 3298 518 securitas
3339 465 3662 520 aeternitatis
3687 475 3792 520 est.

2193 547 2330 604 Hinc
2357 551 2506 622 regni
2541 551 2803 608 caelorum
2851 551 3016 609 habet
3040 553 3240 622 claves,
3275 554 3404 611 hinc
3435 567 3650 613 terrena
3677 559 3800 628 ejus

2189 641 2412 713 judicia,
2445 644 2514 716 (Γ)
2553 645 2753 715 judicia
2785 647 3026 704 coelestia
3050 659 3195 704 sunt.
3237 649 3652 708 Sacramentum
3693 669 3788 710 oc-

2192 735 2395 791 cultum
2415 735 2509 806 (al.
2533 741 2884 812 occultatum)
2905 756 2936 796 a
2959 744 3168 799 sacculis
3190 742 3266 817 (g)
3293 760 3390 816 per
3411 746 3800 805 revelatiouem

2195 829 2405 897 didicit,
2440 830 2599 886 ﬁdem
2631 834 2844 890 locutus
2883 846 2987 900 est,
3040 845 3287 892 naturam
3320 841 3649 908 enuntiavit,
3703 843 3801 898 Dei

2197 921 2365 976 ﬁlium
2391 923 2672 979 confessus
2713 937 2816 980 est.
2850 926 2964 981 Hoc
2989 929 3077 998 qui
3108 941 3412 985 creaturam
3457 933 3638 1003 potius
3670 949 3805 988 con-

2198 1014 2358 1071 ﬁtens
2399 1027 2578 1088 negat,
2624 1017 2774 1089 prius
2799 1029 2883 1075 est
2921 1029 2982 1074 ut
3012 1029 3171 1092 neget
3217 1023 3362 1078 Petri
3412 1027 3800 1096 apostolatum,

2198 1109 2382 1178 ﬁdem,
2433 1113 2855 1180 beatitudinem,
2904 1115 3266 1171 sacerdotium
3295 1159 3311 1184 ,
3361 1121 3805 1193 martyrium:ct

2198 1215 2319 1274 post
2349 1207 2462 1262 hcce
2501 1221 2558 1261 se
2589 1205 2825 1263 alienum
2855 1223 2884 1262 a
2925 1208 3144 1266 Christo
3188 1225 3310 1267 esse
3353 1213 3642 1286 intelligat,
3675 1215 3800 1287 quia

2201 1295 2395 1352 Petrus
2423 1313 2544 1351 eum
2576 1297 2742 1354 ﬁlium
2771 1299 3054 1355 confessus
3081 1302 3193 1358 hare
3215 1302 3434 1360 meruit.

2247 1377 2364 1447 .58.
2401 1387 2772 1446 Ilaa'eticorum
2801 1394 3051 1449 sententia
3102 1393 3257 1450 Petro
3287 1397 3482 1468 ignota.
3535 1397 3655 1454 Non
3697 1400 3805 1458 alia

2201 1484 2300 1538 nisi
2333 1483 2474 1538 Petri
2503 1485 2728 1556 ﬁdes.—
2755 1488 2837 1541 An
2863 1501 2950 1553 ne,
2975 1501 3008 1543 ο
3040 1488 3224 1556 miser,
3259 1490 3500 1560 quisquis
3527 1491 3688 1548 hodie
3709 1507 3798 1560 es,

2202 1576 2476 1643 hzrretice,
2501 1577 2797 1634 beatiorem
2818 1581 3034 1635 Petrum
3061 1580 3297 1638 futurum
3323 1582 3488 1639 fuisse
3505 1585 3800 1649 existimas,

2202 1668 2250 1724 si
2280 1669 2535 1726 dixisset:
2570 1671 2648 1726 Tu
2680 1687 2738 1728 es
2777 1673 3024 1728 Christus
3055 1675 3290 1746 perfecta
3323 1677 3417 1733 Dei
3449 1689 3716 1744 creatura,
3751 1685 3806 1736 et

487 1765 662 1821 soluta
715 1761 928 1836 (.tlatth.
961 1778 1072 1828 xw,
1115 1761 1178 1817 l8
1222 1771 1270 1817 et
1323 1761 1438 1830 19).
1495 1762 1619 1816 llzec
1679 1761 1812 1816 ﬁdes
1859 1772 2098 1832 paterna:
2129 1773 2178 1834 Β
2204 1765 2613 1832 supereminens
2637 1763 2858 1820 facturis
2885 1768 3135 1822 omnibus
3176 1769 3400 1837 factura,
3433 1777 3488 1826 et
3515 1771 3606 1841 qui
3633 1769 3808 1826 exni-

487 1855 839 1911 revelationis
864 1864 946 1910 est
978 1869 1195 1918 munus,
1227 1853 1504 1910 Christum
1536 1852 1612 1927 (ὁ)
1641 1868 1746 1908 non
1789 1864 2094 1908 creaturam

488 1961 554 2004 ex
585 1946 752 2001 nihilo
770 1947 1008 2010 mentiri,
1031 1945 1124 2001 sed
1148 1947 1444 2000 secundum
1470 1947 1822 2016 proprietatis
1846 1955 2093 2000 naturam

490 2042 583 2097 Dei
611 2041 776 2096 lilium
808 2040 1073 2095 conﬁteri.
1103 2037 1150 2096 Ο
1173 2041 1384 2095 miserzc
1413 2041 1658 2094 stultitim
1688 2039 1840 2093 furor
1867 2038 2086 2109 impius,

493 2151 599 2190 non
627 2134 939 2204 intelligens
968 2135 1141 2190 beatas
1183 2133 1480 2188 senectutis
1511 2132 1745 2201 ﬁdei-pte
1776 2141 2096 2204 martyrem,

498 2225 571 2302 (υ)
597 2235 650 2281 et
679 2237 972 2296 martyrem
1002 2227 1242 2291 Petrum,
1274 2241 1370 2296 pro
1397 2241 1502 2296 quo
1551 2225 1712 2280 Pater
1749 2235 1968 2296 rogatus
1993 2232 2099 2291 est,

499 2321 652 2400 161
684 2336 752 2376 ne
781 2319 912 2376 ﬁdes
943 2320 1059 2390 ejus
1106 2321 1160 2375 in
1190 2320 1493 2376 tentationc
1522 2319 1782 2376 deﬁceret
1815 2339 1828 2375 :
1862 2318 1950 2390 qui
1997 2320 2098 2374 ite-

493 2427 609 2472 rata
633 2431 662 2470 a
687 2431 748 2471 se
778 2415 1090 2470 dilectionis
1129 2415 1180 2469 in
1220 2415 1386 2470 Deum
1419 2415 1701 2486 postulata:
1741 2413 2099 2483 professione,

498 2510 694 2568 tentari
737 2527 797 2566 se
823 2509 1002 2566 adhuc
1056 2521 1330 2580 tamquam
1373 2506 1684 2580 ambiguum
1735 2517 1790 2563 et
1833 2509 2100 2564 incertum

499 2604 658 2662 tertia
687 2605 1110 2676 interrogatione
1131 2605 1443 2676 congemuit
1475 2602 1652 2672 (Joan.
1685 2617 1806 2670 xxt,
1842 2601 1937 2671 17)
1959 2598 1980 2666 ’;
2006 2615 2106 2672 per

497 2698 550 2755 id
583 2714 796 2770 quoque
822 2714 851 2752 a
884 2697 1112 2753 Domino
1143 2696 1220 2770 (l)
1272 2705 1397 2768 post
1426 2695 1639 2750 tertiam
1671 2693 1754 2765 (ἀ)
1786 2691 2108 2748 tentationis

497 2795 872 2867 purgationem
903 2793 1301 2856 inﬁrmitatnm,
1355 2789 1519 2846 Pasce
1544 2807 1658 2845 oves
1686 2806 1846 2855 meas,
1877 2797 1960 2844 ter
1987 2803 2105 2870 me-

499 2889 634 2942 ritus
663 2886 850 2941 audire
877 2903 889 2939 :
919 2886 1012 2957 qui
1054 2887 1105 2940 iu
1137 2895 1454 2940 cunctorum
1483 2885 1851 2955 apostolorum
1884 2883 2107 2939 silentio

502 2978 596 3034 Dei
629 2979 796 3034 ﬁlium
829 2979 1159 3035 rcvelatione
1186 2978 1364 3034 Patris
1390 2978 1721 3048 intelligens,
1757 2979 1893 3034 ultra
1917 2978 2108 3034 huma-

499 3089 586 3132 nte
631 3073 965 3130 inﬁrmitatis
1012 3072 1230 3128 modum
1258 3116 1272 3141 ,
1335 3071 1830 3144 supereminentem
1879 3071 2104 3150 gloriam

2203 1855 2312 1909 hilo
2343 1871 2464 1912 esse
2490 1859 2722 1928 τωρωι.
2747 1867 2802 1914 et
2831 1874 2928 1929 per
2955 1859 3250 1915 bonitatem
3278 1861 3393 1929 Dei,
3412 1863 3498 1932 qui
3521 1863 3694 1918 bonus
3719 1878 3808 1918 so-

2200 1947 2284 2004 lus
2313 1958 2416 2014 est,
2442 1965 2638 2004 nomen
2670 1949 2760 2004 ﬁlii
2793 1951 3082 2021 adoptione
3112 1955 3379 2019 meruisti,
3414 1953 3490 2027 (It)
3515 1965 3568 2010 et
3589 1956 3678 2027 qui
3700 1972 3806 2012 non

2203 2058 2267 2098 ex
2303 2043 2414 2097 Deo
2453 2055 2612 2100 natus
2643 2047 2742 2103 es?
2775 2047 2838 2102 Et
2867 2062 3054 2118 qumro
3078 2062 3104 2100 a
3133 2057 3202 2113 te,
3238 2047 3364 2118 quid
3394 2049 3675 2104 auditurus
3699 2051 3808 2103 fne-

2203 2139 2270 2193 rit
2307 2140 2462 2214 162
2486 2139 2600 2196 hazc
2625 2141 2832 2209 dicens,
2857 2141 2947 2212 qui
2970 2140 3146 2196 audita
3170 2143 3423 2213 passione
3451 2143 3808 2214 respondens,

2204 2229 2284 2304 (2)
2318 2231 2584 2302 Propitius
2610 2234 2672 2308 (i)
2717 2235 2830 2304 tibi,
2861 2235 3084 2290 Domine
3105 2281 3120 2303 ,
3172 2252 3274 2291 non
3303 2239 3398 2292 erit
3424 2238 3562 2291 istud
3593 2237 3806 2308 (Matth.

2203 2338 2311 2390 xvt,
2334 2323 2452 2398 22),
2485 2325 2716 2382 audierit
2737 2327 2838 2384 sibi
2861 2327 2965 2382 dici
2989 2346 3002 2382 :
3033 2327 3178 2383 Vade
3197 2335 3330 2383 retro
3355 2327 3428 2402 (j)
3457 2338 3569 2400 post
3599 2345 3698 2398 me,
3723 2345 3809 2384 sa-

2205 2425 2377 2484 tanas,
2403 2417 2702 2473 scandalum
2731 2420 2858 2474 mihi
2877 2437 2931 2476 es
2959 2419 3124 2493 (Ibid.
3141 2418 3278 2494 25)?
3305 2420 3417 2476 Nec
3439 2421 3601 2476 Petro
3631 2433 3812 2477 tamen

2208 2511 2442 2566 humana
2474 2513 2775 2583 ignorantia
2805 2514 3036 2586 profecit
3074 2515 3140 2570 ad
3165 2517 3372 2572 crimen
3400 2532 3416 2582 ;
3464 2531 3570 2570 non
3593 2517 3738 2570 enim
3762 2516 3811 2570 ei

2208 2605 2367 2660 Pater
2391 2605 2566 2660 adhuc
2595 2621 2754 2662 omne
2786 2607 3055 2678 passionis
3081 2609 3400 2682 mysterium
3434 2609 3760 2666 revelaverat
3797 2625 3812 2663 :

2209 2698 2302 2752 sed
2333 2696 2464 2752 ﬁdes
2495 2697 2570 2772 (5)
2599 2698 2675 2772 (lt)
2711 2714 2874 2769 parva
2911 2700 3235 2756 sententiam
3271 2699 3630 2756 damnationis
3654 2715 3818 2755 exce-

2209 2791 2306 2861 pit.
2331 2790 2440 2845 Cur
2468 2791 2626 2862 igitur
2655 2808 2760 2848 non
2791 2793 2928 2847 hanc
2951 2793 3310 2849 confessionis
3332 2793 3489 2850 ﬁdem
3523 2794 3684 2850 Pater
3713 2795 3814 2849 Pe-

2211 2892 2296 2940 tro
2317 2885 2592 2952 revelavit,
2625 2897 2926 2942 creaturam
2956 2875 3162 2942 sciiicet
3188 2885 3650 2958 etadoptionem?
3675 2885 3818 2942 luvi-

2210 2977 2310 3043 dit,
2333 2979 2520 3046 credo,
2551 2979 2638 3034 hic
2677 2981 2838 3036 Petro
2868 2981 3030 3048 Deus,
3063 2990 3119 3036 ut
3145 2980 3201 3035 in
3233 2990 3474 3052 tempora
3513 2981 3816 3051 posteriora

2211 3071 2593 3140 dissimulans,
2645 3071 2762 3129 haec
2813 3059 2975 3128 uuuc‘
2995 3073 3146 3129 vobis
3191 3073 3346 3128 novis
3377 3074 3818 3144 praedicatoribus

500 3167 676 3223 beata:
721 3165 849 3222 ﬁdei
896 3182 1010 3222 sine
1056 3166 1404 3222 confessione
1454 3167 1788 3236 promeruit!
1834 3161 1912 3220 ιη’
1945 3180 2104 3236 quam
2134 3171 2178 3234 C
2214 3173 2534 3221 reservaret.
2583 3165 2664 3220 Sit
2705 3181 2835 3222 sane
2862 3165 2996 3222 ﬁdes
3025 3166 3164 3233 alia,
3198 3167 3241 3222 si
3281 3167 3402 3222 alite
3451 3167 3632 3224 claves
3663 3169 3816 3237 regni

501 3275 647 3317 nunc
689 3259 1110 3328 interpretanda;
1139 3260 1292 3314 vocis
1322 3275 1432 3314 suae
1463 3259 1784 3315 deducimur
1810 3261 2107 3335 necessita-

504 3352 652 3408 tem?
683 3351 774 3408 llle
799 3351 1081 3406 confessus
1113 3362 1194 3406 est
1217 3349 1490 3407 Christum
1522 3351 1692 3406 ﬁlium
1725 3351 1820 3406 Dei
1847 3368 1861 3406 :
1892 3361 1948 3406 at
1979 3351 2106 3407 mihi

503 3453 561 3498 tu
587 3441 772 3510 hodie,
805 3443 928 3498 novi
969 3443 1303 3514 apostolatus
1336 3443 1566 3500 mendax
1610 3443 1992 3512 sacerdotium,
2024 3445 2107 3498 in~

503 3537 648 3608 geris
681 3535 949 3590 Christum
993 3552 1057 3592 ex
1090 3535 1262 3590 nihilo
1297 3547 1623 3592 creaturam.
1673 3535 1844 3604 Quam
1896 3535 2000 3590 vim
2032 3535 2111 3591 af.

506 3627 617 3684 fers
661 3627 819 3685 dictis
851 3628 928 3700 (e)
958 3628 1252 3700 gloriosis?
1297 3627 1492 3684 Filium
1552 3628 1646 3684 Dei
1673 3629 1991 3695 confessus,
2039 3627 2110 3683 ob

582 3792 658 3864 (1)
702 3791 828 3849 Post
871 3791 1074 3847 tertiam
1108 3786 1400 3846 tentationis
1438 3788 1803 3862 purgationem
1832 3787 2112 3858 inﬁrmita-

511 3875 632 3920 lem.

583 4005 656 4080 (ιι)
697 4005 822 4080 Mss.
853 4004 1017 4061 Vind.
1045 4011 1101 4060 ct
1125 4003 1256 4080 Silv.
1278 4004 1344 4080 in
1373 4011 1560 4057 natura
1587 4001 1974 4080 scilicctania
2017 4017 2110 4080 no-

507 4073 663 4133 minis
707 4079 1026 4148 frequentata
1069 4076 1345 4149 professio,
1396 4085 1527 4149 εις..
1578 4075 1748 4149 ιιιιλιεξἱ
1787 4073 1880 4149 _Sic
1931 4075 2110 4149 potius

509 4143 828 4206 vertendum
861 4149 964 4204 hoc
989 4143 1128 4203 foret
1155 4143 1177 4200 ξ
1201 4148 1252 4201 in
1282 4163 1348 4202 eo
1377 4147 1584 4202 scilicet
1607 4143 1754 4216 quod
1783 4143 1922 4200 facta
1951 4146 2003 4200 ei
2036 4146 2113 4204 sit

511 4223 773 4279 revelatio
801 4229 1026 4284 natura},
1058 4235 1166 4274 non
1198 4216 1457 4282 nominis,
1489 4226 1595 4272 etc.

585 4289 664 4360 (ιι)
707 4292 760 4345 1η
810 4289 957 4360 prius
984 4290 1236 4361 vulgatis,
1282 4305 1385 4342 non
1411 4298 1698 4342 creaturam
1736 4288 1892 4344 novit.
1945 4286 2114 4342 Abest

511 4365 652 4418 novit
677 4379 705 4416 a
737 4377 866 4416 mss.

587 4433 758 4508 (c)_l_n
803 4431 1123 4508 quihusdam
1174 4444 1308 4508 mss.
1356 4444 1462 4484 non
1509 4429 1778 4508 repetitur
1822 4437 2117 4508 cantari!)-

511 4500 648 4569 rem,
675 4500 1018 4560 librariorum
1070 4503 1316 4558 incuria:
1345 4516 1450 4570 qua
1490 4515 1622 4556 voce
1653 4500 1740 4557 hic
1785 4501 1926 4555 testis
1955 4501 2116 4556 intel-

517 4577 722 4632 litzitur.

557 4593 873 4721 (ex
903 4661 1008 4721 ms.
1032 4643 1194 4721 Gorb.
1230 4642 1532 4721 faventibus
1576 4641 1714 4698 aliis.
1765 4639 1969 4721 Sensus
2001 4641 2116 4699 fere

513 4711 658 4775 idem
679 4717 966 4776 eaihibetur
993 4715 1050 4772 in
1075 4715 1284 4770 duobus
1310 4715 1501 4782 Vatic.,
1536 4727 1645 4781 post
1679 4718 1880 4770 tertiam
1921 4731 2113 4786 pnrga-
2141 4711 2196 4772 D

515 4791 703 4846 tionem
733 4791 1026 4844 tentationis
1055 4787 1368 4857 inﬁrmitatis
1393 4803 1412 4842 :
1440 4795 1495 4842 at
1523 4786 1838 4842 vocabulum
1871 4788 2110 4857 tentatio-

513 4864 593 4916 nis
623 4862 688 4918 ad
719 4863 988 4927 duplicem
1037 4855 1180 4914 Petri
1205 4859 1574 4914 tentationem
1616 4859 1841 4914 relatum
1869 4899 1884 4924 ,
1935 4855 2014 4913 sic
2043 4857 2111 4915 ad

516 4947 675 4988 unam
703 4935 1063 5004 restringitur.
1093 4930 1150 5004 In
1193 4929 1491 5004 vetustiore
1524 4946 1626 5004 ms.
1655 4929 1810 5004 Colb.
1842 4938 1898 4984 et
1921 4927 2108 5004 Germ.

515 5014 628 5075 post
657 5006 858 5059 tertiam
877 5001 1169 5075 tentationis
1194 5003 1556 5075 purgationum
1575 5001 1952 5075 inﬁrntitatttm.
1981 5001 2114 5056 lluic

515 5072 1007 5132 eoltseutiuntalius
1022 5073 1179 5128 Colb.
1200 5088 1406 5128 necnon
1433 5073 1603 5138 Prat.,
1621 5072 1803 5140 Vind.,
1833 5072 1963 5126 Silv.
1988 5087 2111 5126 cum

516 5149 645 5203 edit.
679 5147 808 5202 Bad.
843 5155 898 5203 et
921 5146 1044 5201 Par.
1070 5147 1168 5197 nisi
1199 5143 1341 5214 quod
1375 5144 1594 5204 habent.
1626 5144 1993 5214 inﬁmtilatem.
2020 5143 2114 5198 His

516 5219 729 5274 accedit
749 5219 1018 5286 antiquior
1052 5215 1258 5282 liemig.
1301 5215 1646 5286 postitertiam
1675 5215 1966 5286 tentationis
1992 5231 2118 5286 pur-

515 5292 734 5360 gationis
786 5285 1154 5360 inﬁrmitatem.
1191 5285 1283 5360 (At
1326 5287 1380 5340 in
1409 5285 1657 5360 Carnnt._,
1707 5285 1867 5353 Tell.,
1903 5285 2111 5360 Theod.

515 5357 570 5416 et
597 5363 704 5416 alio
733 5357 965 5430 Remig,
1001 5369 1118 5430 post
1139 5357 1339 5430 tertiam
1375 5357 1670 5430 tentationis
1711 5359 2068 5429 purgationem
2095 5373 2114 5412 :

515 5447 614 5503 pro
631 5433 825 5503 quibus
853 5427 1304 5503 apudABaqur”
1336 5430 1386 5483 in
1421 5445 1522 5485 ms.
1553 5427 1733 5503 Μαι-ιζ,
1769 5427 1828 5484 in
1852 5444 1959 5484 uno
1988 5430 2116 5503 Sor-

514 5501 661 5560 itou.‘
685 5516 736 5559 et
771 5505 821 5558 in
854 5504 960 5558 alio
985 5501 1142 5558 Colb.
1189 5501 1416 5571 legitur,
1452 5509 1563 5568 post
1589 5502 1788 5556 tertiam
1826 5501 2118 5556 tentationis

517 5576 888 5646 inﬁrmitatem.
915 5582 994 5630 Ex
1013 5573 1172 5628 variis
1194 5574 1298 5630 illis
1327 5572 1652 5627 lectionibus
1683 5573 1872 5642 seligat
1890 5573 2117 5646 quisque

519 5644 642 5718 qua:
691 5647 858 5715 magis
888 5646 1152 5701 arriserit.
1185 5646 1356 5712 Quam
1376 5653 1562 5718 (autem
1615 5647 1969 5718 prrctulimns,
2013 5644 2115 5718 hoc

521 5715 702 5783 sonat,
733 5718 948 5772 Petrum
977 5724 1100 5787 post
1138 5718 1350 5772 tertiam
1375 5715 1877 5787 interrogationem,
1911 5731 1974 5771 ac
1999 5717 2114 5772 vel-

525 5791 607 5849 uti
635 5785 1010 5854 tentatiouem,
1038 5802 1140 5858 qua
1167 5789 1390 5860 probata
1416 5797 1500 5844 est
1523 5785 1670 5845 illius
1685 5785 1953 5856 Charitas,
1984 5803 2118 5862 pur-

2212 3257 2474 3313 cmlorum
2500 3266 2642 3312 sunt.
2675 3258 2756 3312 Sit
2779 3258 2912 3314 ﬁdes
2933 3259 3058 3322 alia,
3086 3259 3129 3312 si
3161 3259 3400 3314 Ecclesia
3433 3258 3538 3314 alia
3559 3267 3644 3314 est
3673 3257 3822 3313 futu-

2213 3349 2607 3416 ra,'adversum
2639 3365 2798 3421 quam
2841 3357 3008 3420 portae
3039 3349 3235 3405 inferni
3276 3365 3384 3405 non
3417 3350 3814 3420 praevalebunt.

2213 3441 2291 3496 Sit
2322 3439 2454 3497 ﬁdes
2485 3442 2586 3496 alia
2611 3484 2626 3510 ,
2677 3442 2719 3497 si
2754 3443 2859 3497 erit
2884 3441 3024 3496 alius
3049 3441 3404 3512 apostolatus,
3438 3441 3595 3512 ligata
3627 3453 3684 3497 et
3723 3457 3818 3496 so-

2215 3535 2320 3589 luta
2353 3549 2447 3606 per
2473 3551 2530 3590 se
2561 3535 2612 3589 in
2641 3543 2804 3599 terra,
2828 3533 3000 3605 ligans
3028 3533 3083 3588 in
3121 3534 3261 3590 caelo
3289 3543 3449 3604 atque
3475 3534 3711 3589 solvens.
3738 3535 3823 3590 Sit

2214 3627 2349 3684 ﬁdes
2375 3627 2500 3696 alia,
2543 3629 2589 3684 si
2627 3627 2875 3684 Christus
2906 3627 3044 3684 alius
3085 3627 3179 3683 Dei
3212 3627 3370 3696 ﬁlius,
3416 3635 3612 3699 pra-ter
3653 3642 3818 3700 quam

2288 3785 2368 3861 (2)
2404 3787 2664 3861 {’mpitius
2689 3786 2778 3844 tibi
2799 3784 3072 3842 Dominus.

2288 3858 2369 3932 ('5)
2400 3858 2590 3914 Praua.

2214 4010 2394 4074 gatum
2426 4017 2546 4058 esse
2573 4019 2600 4058 a
2630 4003 2765 4058 trina
2794 4003 3101 4074 negatione,
3130 4017 3231 4073 qua
3265 4008 3468 4056 tentata
3499 4016 3562 4056 ac
3585 4001 3812 4068 probata

2217 4073 2392 4130 fuerat
2423 4075 2590 4144 ipsius
2631 4077 2936 4130 inﬁrmitas.
2962 4074 3116 4143 Quod
3142 4075 3445 4144 illustratur
3468 4074 3552 4129 bis
3583 4075 3810 4131 Anthro-

2217 4147 2286 4220 sii
2308 4147 2398 4220 lib.
2485 4146 2552 4201 de
2575 4146 2716 4220 Fide
2739 4163 2790 4202 ιι.
2825 4148 2882 4212 ‘2,
2913 4147 3124 4220 verbis:
3163 4144 3251 4199 Est
3280 4143 3467 4220 Petrus
3504 4145 3666 4220 ipsitts
3704 4143 3817 4220 Do-

2217 4215 2343 4271 mini
2387 4215 2456 4270 ad
2497 4218 2805 4292 pascendum
2833 4235 3035 4292 gregem
3063 4219 3253 4292 electus
3274 4215 3640 4292 judiciolqni
3666 4219 3818 4292 tertio

2216 4300 2455 4356 meretur,
2487 4289 2672 4353 Pasce,
2715 4287 2851 4344 etcf
2872 4287 3138 4343 Pascendo
3164 4287 3290 4342 bene
3325 4287 3438 4340 cibo
3461 4287 3583 4355 ﬁdei
3605 4290 3816 4356 culpam

2218 4360 2394 4428 lapsus
2422 4361 2608 4433 prioris
2633 4361 2868 4433 aboleuit.
2888 4359 2955 4415 Et
2983 4361 3096 4414 ideo
3126 4359 3272 4433 tertio
3297 4359 3598 4433 admonetur
3623 4369 3672 4411 at
3698 4377 3820 4427 pas-

2219 4443 2330 4496 cat,
2384 4431 2530 4507 tertio
2562 4442 2730 4486 utrum
2781 4431 3058 4494 Dominum
3103 4431 3284 4502 diligat
3337 4431 3688 4507 interrogatur
3720 4447 3737 4485 :
3766 4440 3820 4486 nt

2219 4519 2368 4576 quem
2394 4505 2687 4576 tertioante
2720 4521 2918 4576 crucem
2945 4512 3236 4576 negaverat,
3269 4501 3412 4576 tertio
3442 4501 3706 4576 fateretur.

2294 4569 2364 4658 (ε)
2395 4573 2516 4638 Vat.
2551 4575 2826 4658 basztpsq
2861 4573 2916 4629 in
2944 4569 3112 4646 gloria
3137 4574 3270 4627 enim
3285 4569 3477 4642 ﬁliuni,
3503 4583 3632 4639 elc.,
3659 4573 3816 4631 Mart.

2220 4645 2471 4720 gloriosus
2493 4647 2626 4720 enim
2651 4647 2837 4720 ﬁlium.

2296 4718 2363 4842 (ζ)
2388 4717 2444 4771 ln
2468 4719 2618 4786 prius
2646 4713 2871 4787 vulgatis
2894 4715 3058 4772 semel
3096 4721 3302 4770 tantum
3322 4714 3566 4772 exstabat
3593 4713 3819 4792 iudicia,

2296 4804 2320 4841 ι)
2381 4789 2681 4842 elegantius
2707 4805 2840 4842 mss.
2875 4795 3146 4842 renctunt.

2213 4789 2358 4861 quod
2381 4789 2681 4861 elegantius
2707 4805 2840 4844 mss.
2875 4795 3146 4857 repetunt.

2287 4858 2366 4932 lg)
2389 4856 2580 4932 Inpius.
2617 4861 2736 4915 Vat.
2769 4861 2908 4926 bas.,
2941 4856 3030 4932 per
3052 4856 3566 4932 revelationentDei.

2287 4930 2367 5005 (lt)
2399 4931 2561 5005 Editi,
2591 4941 2637 4986 et
2661 4933 2783 5004 quia
2811 4939 2913 5005 nan
2943 4930 2965 4986 ξ
2993 4930 3171 4985 minus
3198 4930 3542 4986 consentiunt
3571 4930 3825 5000 superio-

2217 5003 2389 5065 ribus.
2418 5013 2464 5057 et
2485 5003 2572 5072 qui
2595 5020 2657 5058 ea:
2674 5003 2872 5064 nihilo.
2905 5011 3010 5057 etc.

2288 5073 2447 5148 (ἕλικι
2475 5076 2642 5148 codex
2676 5076 2791 5140 Vat.
2820 5075 2938 5148 bis.
2958 5073 3390 5148 juxta_gr:ecum,
3418 5074 3566 5148 Qad);
3585 5094 3688 5148 act,
3723 5072 3823 5127 κύ-

2217 5137 2316 5224 pa,
2331 5137 2646 5224 faventibus
2674 5137 2804 5224 mss.
2839 5137 3318 5224 Martiinqifemig.
3360 5137 3681 5224 et.'_l_‘ltend_.,
3703 5162 3826 5214 pro-

2219 5212 2376 5291 pitius
2421 5215 2667 5291 tibi_est_o,
2694 5215 3019 5291 Dontine._lp
3056 5217 3184 5291 aliis
3200 5212 3388 5291 flamen
3421 5215 3574 5291 libris
3621 5212 3822 5291 fertur,

2221 5281 2472 5358 propitius
2490 5289 2577 5341 tibi
2599 5281 2870 5353 Dominus,
2900 5281 2998 5340 nisi
3027 5287 3171 5356 quod
3200 5289 3250 5340 iu
3273 5285 3435 5342 Caru.
3468 5281 3645 5358 eXSIet
3663 5285 3822 5351 Dens,

2219 5357 2326 5414 non
2351 5359 2620 5414 Dominus.
2657 5359 2726 5414 At
2747 5375 2867 5427 cap.
2901 5359 2990 5425 16,
3018 5359 3071 5413 in
3110 5360 3294 5412 Matth.
3331 5375 3480 5414 ιιιιιιι.
3507 5361 3562 5426 9,
3593 5357 3825 5414 habetur

2214 5431 2364 5502 juxta
2396 5431 2703 5502 Vulgatam.
2727 5433 2856 5486 absit
2883 5449 2914 5484 a
2939 5442 3004 5494 te,
3037 5428 3277 5484 Domine.

2291 5503 2369 5578 (j)
2398 5503 2454 5559 In
2482 5500 2603 5578 ius.
2657 5502 2815 5578 Mart.
2854 5502 3192 5578 desideratur
3220 5511 3330 5578 post
3360 5517 3458 5578 me.
3487 5500 3704 5578 Yidesis
3730 5500 3828 5555 ad.

2222 5571 2402 5632 notata
2428 5576 2492 5632 ad
2530 5591 2678 5629 num.
2711 5576 2800 5638 10,
2833 5589 2952 5642 cap.
2981 5572 3048 5640 16
3077 5587 3278 5628 comm.
3306 5573 3356 5628 iu
3384 5571 3574 5633 Matth.

2297 5647 2372 5718 (lt)
2401 5649 2549 5713 ilss.,
2577 5647 2767 5713 Caru.,
2789 5645 2996 5718 Remig.
3025 5661 3086 5700 ac
3115 5645 3277 5718 Iell.,
3309 5660 3468 5716 prava
3499 5661 3518 5698 :
3547 5653 3824 5718 corrupte.

2227 5714 2313 5846 Ela'
2331 5714 2528 5790 quippe
2553 5727 2691 5787 erat,
2742 5727 2800 5774 ut
2829 5714 3073 5790 proxime
3109 5714 3318 5774 dictum
3366 5721 3488 5785 est,
3533 5730 3568 5786 3,
3595 5714 3830 5784 crinitae

2227 5805 2256 5846 a
2280 5805 2418 5846 tena.

2224 5805 2418 5848 auena.
