4118 6186
241 201 286 215 -Ι

307 305 403 362 iii?

1487 303 1574 360 DE
1614 301 1990 359 TRINITATE
2031 301 2229 358 LIBER
2273 303 2359 358 Vl.

3496 265 3600 355 tso

304 427 387 494 qui
426 430 529 489 esl,
559 421 958 494 przrdicahitur.
1006 422 1099 476 Sin
1131 437 1258 503 vero
1285 422 1401 476 hinc
1431 420 1562 476 ﬁdes
1587 422 1723 487 sola,
1753 435 1884 475 con-
1911 429 1960 488 Α
1992 426 2103 472 tum
2134 419 2298 472 ﬁlium
2331 417 2568 474 Joannes
2617 417 2770 484 dixit,
2799 433 2904 474 non
2934 425 3236 472 creaturam
3277 412 3511 484 perfecta
3537 431 3588 466 ‘.‘.

303 517 434 572 fessa
452 515 723 570 Christum
754 517 843 571 Dei
874 515 1068 580 ﬁlium,
1092 515 1330 570 onmium
1355 513 1744 570 beatitudinum
1774 512 1891 584 glo-

302 611 427 666 riam
455 608 649 662 meruit
677 606 949 674 inpetro;
985 621 1206 663 necesse
1252 616 1336 662 est
1379 615 1437 661 ut
1475 622 1538 663 ea
1561 649 1575 674 ,
1608 622 1727 678 quae
1769 621 1896 680 eum.

301 712 585 758 creaturam
603 701 779 771 potius
797 715 863 756 ex
879 701 1046 756 nihilo
1060 700 1610 769 conﬁtebitur,claves
1629 702 1775 771 regni
1789 716 1894 756 cm-

303 796 461 851 lormn
487 811 592 849 non
621 794 696 867 (α)
721 795 935 866 adepta,
954 796 1345 851 etextralidem
1374 812 1434 849 ac
1456 798 1704 850 virtutem
1734 811 1890 862 apos-

301 888 502 942 tolicam
523 886 1032 957 constituta,(b)nec
1055 887 1292 943 Ecclesia
1318 887 1389 942 sit
1412 887 1523 953 illa,
1541 901 1638 942 nec
1666 885 1887 942 Christi.

360 978 446 1033 39.
473 975 704 1032 Joannes
727 976 926 1032 Filium
947 979 1266 1050 unigenitum
1298 979 1563 1050 proﬁteris,
1597 980 1890 1051 adaptiuum

298 1073 504 1144 negarit.
530 1101 605 1112 —
631 1070 979 1128 Proferamus
1007 1072 1188 1142 itaque
1215 1089 1402 1128 omnes
1424 1072 1737 1143 apostolicae
1766 1071 1888 1126 ﬁdei

299 1163 682 1236 professiones,
715 1165 769 1217 in
801 1163 998 1234 quibus
1030 1164 1124 1220 Dei
1174 1164 1342 1219 ﬁlium
1375 1164 1696 1220 conﬁtentes
1721 1206 1736 1230 ,
1781 1180 1886 1218 non

297 1257 593 1327 adeptionis
628 1258 682 1311 in
723 1271 788 1312 eo
816 1272 1011 1314 nomen
1042 1299 1058 1325 ,
1112 1259 1206 1313 sed
1260 1269 1466 1314 natura:
1499 1259 1885 1329 proprietatem

296 1349 642 1414 conﬁtentur;
675 1365 849 1420 neque
871 1349 1160 1405 creationis
1185 1351 1238 1404 in
1265 1365 1332 1406 eo
1360 1351 1765 1422 ignobilitatem,
1793 1351 1886 1406 sed

295 1443 580 1499 nativitatis
607 1443 832 1514 gloriam
887 1452 1278 1512 protesmntur.
1330 1443 1608 1514 Lanatur
1651 1445 1888 1499 Joannes

296 1537 369 1591 sic
392 1552 554 1606 usque
579 1535 644 1590 ad
671 1536 962 1592 adventum
990 1536 1198 1591 Domini
1231 1553 1474 1603 manens,
1504 1548 1557 1592 et
1579 1538 1680 1591 sub
1708 1552 1887 1591 sacra-

296 1640 468 1685 mento
511 1629 710 1685 divinae
756 1629 1047 1685 voluntatis
1087 1629 1306 1686 relictus
1361 1628 1433 1703 (c)
1466 1640 1520 1685 et
1561 1632 1884 1701 deputatus,

296 1723 407 1779 dum
434 1738 541 1778 non
567 1738 739 1792 neque
767 1739 873 1779 non
913 1724 1050 1778 mori
1079 1723 1277 1779 dicitur
1305 1733 1357 1778 et
1391 1739 1630 1780 manere.
1677 1725 1886 1794 Loqua-

1997 513 2115 569 Non
2143 512 2405 584 ignoravit
2439 514 2553 568 lure
2586 512 2932 581 blaSphemia:
2963 512 3199 575 nomina,
3237 509 3458 562 dicens:
3493 505 3593 574 Qui

1993 619 2066 662 est
2089 609 2140 661 in
2171 609 2283 661 sinu
2312 605 2522 672 Patris;
2546 617 2598 661 et
2625 623 2651 658 a
2677 607 2904 661 Domino
2931 621 3028 658 suo
3052 604 3311 658 audiens:
3353 601 3442 657 Sic
3465 591 3596 653 enini

1995 699 2174 757 dilexit
2217 702 2468 754 mundum
2502 699 2655 764 Deus,
2700 699 2768 772 (Ῑ)
2797 703 2864 754 ita
2897 713 2948 753 ut
2987 701 3151 770 [ilium
3181 713 3328 751 suum
3359 696 3438 766 (Ξ)
3477 695 3598 749 uni-

1993 796 2216 870 genitum
2245 796 2389 848 daret
2415 810 2435 849 :
2464 804 2519 846 ut
2547 796 2712 847 omnis
2741 795 2827 862 qui
2858 793 3014 847 credit
3052 792 3104 846 in
3135 808 3247 844 eum
3278 806 3376 843 non
3399 797 3594 858 pereat,

1993 888 2083 942 sed
2109 887 2288 941 habent
2329 889 2482 941 vitam
2511 896 2754 942 azternmn
2783 885 2960 958 (Joan.
2994 901 3076 952 III,
3120 884 3232 950 16).
3262 884 3404 936 Deus
3435 899 3593 936 mun-

1993 981 2120 1038 dum
2137 982 2387 1051 diligens,
2415 981 2516 1036 hoc
2539 981 2846 1036 dilectionis
2864 995 2974 1033 sua:
2999 981 3050 1035 in
3074 997 3194 1035 eum
3223 977 3591 1034 testimonium

1995 1077 2236 1147 prelolit,
2274 1085 2332 1130 ut
2361 1074 2691 1146 unigenitum
2723 1075 2889 1128 lilium
2914 1090 3069 1127 suum
3097 1073 3270 1127 daret.
3309 1068 3386 1145 (g)
3411 1070 3465 1126 Si
3506 1069 3592 1124 di-

1993 1173 2243 1228 lemionis
2273 1171 2397 1227 hinc
2444 1172 2574 1226 fides
2603 1181 2716 1236 est,
2767 1177 3068 1224 creaturam
3098 1168 3360 1223 creaturis
3388 1163 3568 1236 prmin

1995 1266 2145 1332 tisse,
2179 1275 2230 1320 et
2263 1282 2356 1336 pro
2383 1264 2818 1319 mundodedisse
2845 1261 2986 1334 quod
3017 1260 3196 1314 nmndi
3229 1269 3329 1320 est.
3361 1267 3414 1313 et
3435 1258 3500 1312 ad
3529 1273 3591 1313 ea

1991 1374 2110 1429 qua:
2138 1374 2203 1412 ex
2232 1358 2400 1411 nihilo
2425 1365 2548 1411 sunt
2575 1357 2863 1410 substituta
2889 1353 3229 1414 redimenda,
3261 1368 3380 1405 cum
3411 1349 3500 1420 qui
3523 1366 3589 1404 ex

1991 1449 2158 1505 nihilo
2181 1451 2418 1505 substitit
2445 1449 2737 1518 prtebuisse
2766 1467 2779 1502 :
2811 1467 2915 1503 non
2946 1447 3070 1501 facit
3109 1446 3285 1515 magni
3325 1445 3498 1499 meriti
3525 1447 3589 1497 li-

1990 1542 2113 1599 dem
2144 1543 2266 1597 vilis
2296 1553 2348 1597 et
2376 1542 2675 1614 spernenda
2705 1542 2932 1611 jactura.
2977 1541 3218 1595 Pretiosa
3253 1551 3432 1591 autem
3469 1547 3594 1592 sunt

1990 1653 2110 1710 qua!
2135 1640 2512 1692 commendant
2539 1637 2878 1701 charitatcm,
2931 1646 2982 1690 ct
3014 1635 3245 1704 ingentia
3288 1628 3596 1703 ingentibus

1991 1735 2345 1785 atstimantur.
2377 1731 2516 1784 Deus
2543 1729 2769 1799 diligens
2795 1727 3075 1792 mundum,
3107 1725 3272 1780 ﬁlium
3305 1742 3408 1778 non
3429 1725 3598 1793 adop—

296 1829 371 1873 tur
387 1834 519 1890 ergo
539 1827 734 1886 sua,ut
754 1820 912 1880 solet,
937 1834 1108 1873 voce:
1141 1817 1303 1872 Deum
1321 1835 1467 1872 nemo
1481 1819 1603 1874 vidit
1623 1835 1880 1890 umquam,
1920 1832 1962 1892 Β
1993 1824 2186 1887 ιίνιιιιι,
2216 1823 2311 1879 sed
2349 1839 2525 1887 suum,
2561 1823 2651 1876 sed
2684 1821 3014 1895 unigenitum
3049 1820 3215 1875 dedit.
3245 1817 3324 1896 (h)
3351 1819 3444 1872 llic
3474 1835 3598 1889 pro-

299 1903 460 1984 163'
492 1912 589 1966 nisi
636 1911 926 1982 unigenitus
972 1912 1152 1982 filius,
1201 1912 1289 1982 qui
1333 1921 1406 1965 est
1447 1912 1500 1964 in
1548 1912 1663 1964 sinu
1709 1908 1885 1964 Patris

296 2004 458 2078 (Jotm.
491 2021 531 2070 ι,
565 2003 676 2078 18).
708 2003 924 2060 Natura:
954 2003 1089 2059 ﬁdes
1133 2019 1239 2058 non
1279 2002 1410 2058 satis
1439 2003 1708 2076 explicata
1739 2001 1887 2056 vides

292 2101 433 2157 batur
465 2117 534 2156 ex
564 2102 782 2155 nomine
809 2099 892 2174 (1)
928 2095 1010 2174 (d)
1047 2099 1160 2167 ﬁlii,
1193 2099 1292 2154 nisi
1321 2099 1660 2170 proprietatis
1683 2100 1888 2152 extrin-

293 2209 435 2250 secus
461 2193 637 2249 virtus
660 2209 754 2264 per
774 2192 1108 2264 exceptionis
1135 2191 1544 2263 signiﬁcandam
1573 2190 1882 2245 adderetur.

291 2284 490 2342 Prteter
515 2286 688 2340 ﬁlium
713 2287 879 2350 enim,
921 2285 993 2354 (ε)
1025 2294 1082 2338 et
1117 2284 1448 2354 unigenitum
1471 2283 1882 2354 cognominatas,

298 2378 653 2456 suspicionem
678 2380 890 2450 penitus
912 2378 1214 2449 adoptionis
1239 2377 1481 2432 exsecuit
1507 2394 1519 2428 :
1546 2390 1669 2430 cum
1692 2375 1888 2430 verita-

294 2482 386 2529 tem
418 2473 680 2537 nominis,
714 2472 977 2544 unigeniti
1008 2481 1197 2527 natura
1233 2480 1534 2542 priestaret.

357 2569 438 2624 40.
487 2567 791 2639 Unigenitus
841 2565 982 2638 ﬁlius
1031 2565 1224 2620 Joanni
1264 2581 1366 2620 non
1394 2574 1467 2620 est
1506 2574 1737 2618 creatura
1767 2580 1883 2632 per-

293 2659 760 2734 fecta—Nondum
775 2675 958 2730 quaero
975 2658 1102 2730 quid
1135 2658 1222 2722 sit,
1255 2659 1342 2728 qui
1373 2657 1519 2710 estin
1540 2658 1658 2710 sinu
1689 2654 1887 2720 Patris;

295 2755 442 2812 habet
501 2755 851 2824 interrogatio
889 2752 988 2808 ista
1040 2767 1197 2807 suum
1228 2752 1512 2806 ordinem:
1541 2764 1726 2819 quaero
1756 2747 1884 2819 quid

297 2849 549 2920 unigeniti
597 2827 920 2920 signiﬁcatio
961 2847 1061 2902 sibi
1108 2847 1362 2918 postulet.
1411 2846 1474 2899 Et
1513 2843 1788 2898 videamus
1817 2860 1883 2898 an

295 2939 389 2997 hoc
427 2943 504 2996 sit
532 2985 546 3008 ,
591 2941 733 3013 quod
768 2950 824 2995 tu
871 2956 992 2997 esse
1025 2940 1296 3011 proﬁteris
1317 2981 1332 3005 ,
1365 2938 1415 2994 id
1447 2949 1548 3006 est,
1581 2947 1882 2993 creaturam

296 3035 380 3091 Dei
400 3035 740 3108 perfectam;
775 3044 832 3090 ut
862 3033 1092 3104 perfecta
1126 3033 1390 3103 pertineat
1422 3033 1488 3087 ad
1511 3032 1843 3102 unigenitum
1867 3073 1882 3098 ,

292 3141 534 3187 creatura
555 3147 682 3187 vero
709 3130 976 3187 referatur
999 3129 1066 3184 ad
1095 3129 1288 3184 ﬁlium.
1319 3126 1423 3184 Sed
1445 3125 1618 3183 Deum
1644 3127 1884 3197 unigeni-

358 3268 434 3344 (l)
475 3269 587 3326 Vox
615 3270 714 3341 ﬁlii
733 3269 885 3326 deest
910 3270 962 3325 in
995 3277 1182 3328 nostro
1209 3267 1414 3326 codice.

1952 1909 1964 1921 ⁸
1997 1917 2195 1986 prietas
2223 1926 2328 1984 est,
2383 1917 2632 1970 nativitas
2684 1923 2764 1970 est
2789 1957 2802 1981 ,
2859 1914 3056 1968 veritas
3097 1921 3180 1966 est
3213 1930 3226 1966 :
3258 1927 3362 1965 non
3391 1911 3594 1964 creatio

1994 2019 2098 2076 est,
2132 2025 2238 2063 non
2277 2009 2496 2078 adoptio
2536 2017 2648 2072 est,
2683 2024 2788 2062 non
2819 2005 3020 2061 falsitas
3053 2011 3154 2060 est.
3191 2003 3323 2058 [line
3355 2001 3598 2057 dilectio-

1996 2105 2075 2159 nis
2106 2090 2464 2160 eteharitatis
2508 2103 2640 2157 fides
2667 2111 2784 2168 est,
2827 2099 3010 2154 mundi
3052 2099 3208 2154 saluti
3247 2106 3300 2152 et
3342 2097 3502 2151 ﬁlium
3543 2106 3599 2154 ct.

1995 2213 2149 2254 suum
2173 2209 2228 2252 et
2255 2195 2586 2268 unigenitum
2619 2195 2953 2265 prmstitisse.

2072 2288 2230 2364 164,
2253 2287 2344 2345 Η.
2397 2287 2553 2344 Fides
2600 2287 2790 2342 Christi
2822 2297 2875 2341 ut
2916 2285 3015 2340 Dei
3042 2285 3138 2355 ﬁlii
3169 2284 3236 2337 ad
3266 2285 3481 2338 salutem
3509 2299 3596 2335 nc-

1993 2379 2678 2437 cessuria.—Pr:elermitto
2695 2396 2883 2434 omnes
2905 2379 2968 2433 de
2988 2373 3122 2432 Filio
3146 2378 3593 2448 nuncupationes.

1992 2473 2109 2530 Non
2135 2485 2220 2530 est
2243 2475 2499 2530 damnosa
2532 2473 2906 2538 dissimulatio,
2938 2472 3026 2528 ubi
3056 2471 3122 2526 de
3149 2471 3301 2541 copia
3331 2476 3415 2524 est
3447 2469 3596 2523 elec-

1996 2571 2090 2624 tio.
2119 2569 2217 2625 Ιίρί
2247 2567 2523 2641 profectus
2552 2584 2768 2640 semper
2793 2583 2856 2622 ex
2880 2581 3040 2620 causa
3071 2575 3174 2628 est,
3207 2575 3437 2620 etomue
3459 2576 3595 2632 opus

1995 2661 2330 2716 manifestam
2361 2659 2517 2716 habet
2539 2659 2772 2730 suscepti
2801 2657 2996 2728 negotii
3020 2657 3422 2710 necessitatem.
3453 2651 3598 2710 Scri-

1991 2754 2124 2810 bens
2157 2753 2340 2824 utique
2373 2756 2432 2824 (i)
2486 2751 2798 2822 Evangelia,
2841 2748 3112 2805 scribendi
3162 2748 3348 2803 debuit
3397 2745 3594 2802 afferre

1989 2847 2251 2902 rationem
2279 2865 2291 2900 :
2325 2856 2379 2902 et
2409 2846 2684 2901 rideamus
2713 2861 2871 2916 quam
2902 2842 3202 2898 ostenderit
3226 2841 3443 2898 dicens:
3469 2839 3598 2895 Ha'c

1986 2951 2153 2996 autem
2179 2943 2367 3014 scripta
2382 2949 2520 3006 sunt,
2549 2949 2602 2994 ut
2625 2939 2844 2994 credatis
2868 2938 3110 3008 quoniam
3133 2934 3167 2988 J
3173 2953 3286 2990 esus
3315 2943 3390 2990 est
3419 2932 3598 2989 Chris-

1987 3047 2068 3090 tus
2095 3037 2235 3106 ﬁlius
2265 3018 2363 3090 Dei
2393 3035 2573 3107 (Joan.
2603 3052 2692 3102 xx,
2727 3033 2844 3105 51).
2867 3031 3147 3090 Scribendi
3169 3032 3330 3102 igitur
3357 3029 3596 3101 Evange-

1988 3129 2046 3186 lii
2079 3146 2184 3185 non
2215 3131 2373 3186 aliam
2413 3129 2643 3201 praetulit
2676 3143 2930 3194 causam,
2976 3141 3137 3198 quant
3170 3134 3224 3180 ut
3255 3139 3446 3181 omnes
3475 3138 3596 3178 crc-

2071 3269 2151 3342 (2)
2188 3271 2429 3328 Unicum.

361 3407 430 3480 (α)
451 3409 581 3484 Vat.
617 3409 733 3484 has.
755 3407 948 3484 _cndex,
973 3409 1036 3462 sit
1057 3408 1278 3484 adepta,
1309 3417 1354 3484 et
1381 3417 1523 3461 extra
1550 3406 1703 3474 fidem
1733 3415 1785 3484 et
1809 3423 1888 3484 υς·
1919 3408 1964 3471 C
1997 3408 2144 3484 Ij‘lac.
2175 3427 2188 3464 :
2219 3409 2355 3484 Ergo
2402 3411 2696 3480 unigenitus
2731 3411 2776 3464 F
2779 3411 2898 3466 ilius
2949 3429 3049 3465 non
3081 3421 3154 3465 est
3198 3420 3430 3484 creatura
3451 3454 3466 3480 ,
3513 3414 3600 3484 qu'

295 3479 506 3537 ritatem.
533 3481 701 3549 Magis
723 3480 900 3551 placet
930 3493 1050 3534 eum
1079 3479 1199 3534 aliis
1222 3490 1266 3532 et
1299 3481 1554 3543 virtutem,
1589 3493 1706 3551 qum
1736 3480 1892 3532 nimi-

298 3569 404 3607 rum
431 3557 488 3628 io
525 3550 734 3621 ligandi
756 3563 811 3608 et
852 3551 1098 3628 solvendi
1147 3560 1414 3621 potestate
1459 3550 1692 3604 maxime
1743 3565 1893 3606 com-

298 3627 594 3678 mentiatur.

365 3696 436 3768 (ὁ)
469 3697 614 3768 Ιᾷιίιιὶ
645 3681 1034 3768 εχεθριοηΒῖιά.
1069 3711 1173 3768 ραις
1219 3691 1428 3749 ecclesia
1471 3691 1533 3746 sit
1582 3692 1710 3768 ulla.
1755 3691 1890 3768 T_nm

299 3763 444 3819 etiam
486 3767 624 3823 Bad,
655 3783 749 3820 nec
777 3763 1032 3820 Christus.
1066 3766 1202 3819 'h'es
1230 3775 1360 3819 mss.
1394 3780 1481 3816 nec
1509 3763 1754 3818 ecclesite.
1783 3763 1894 3817 Ve-

298 3838 398 3892 rius
425 3839 516 3893 alii
551 3853 750 3906 magno
772 3852 1062 3905 consensu,
1083 3855 1172 3892 nec
1192 3835 1402 3892 ecclesia
1421 3837 1484 3888 sit
1508 3835 1616 3898 illa,
1651 3851 1770 3906 qua:
1791 3837 1894 3889 sei-

295 3909 409 3964 licet
438 3912 564 3966 talia
612 3908 932 3976 proﬁtetur,
979 3915 1070 3964 nec
1110 3907 1339 3974 Christi,
1395 3906 1498 3962 hoc
1543 3915 1656 3974 est,
1697 3922 1796 3962 nec
1825 3907 1892 3962 ad

299 3979 564 4036 Christum
595 3981 850 4036 Ecclesia:
877 3993 1037 4049 caput
1071 3983 1354 4050 pertineat.

359 4051 426 4122 (c)
457 4052 591 4108 Bad.
624 4063 677 4108 et
704 4047 1028 4124 I'Zr.,'relictis
1049 4047 1336 4124 deputatus.
1364 4047 1516 4124 _Lips.
1551 4058 1601 4105 et
1627 4047 1892 4124 Par.,__re-

301 4118 437 4194 licius
488 4127 806 4194 deputatus,
848 4118 964 4178 sine
1003 4133 1049 4177 et
1080 4118 1199 4194 {ac
1217 4121 1414 4176 deinde
1432 4136 1562 4194 cum
1598 4135 1716 4194 _ms.
1769 4119 1891 4194 Yat.

300 4193 430 4260 bas.,
456 4190 586 4250 dum
613 4211 718 4249 non
762 4194 890 4248 mori
918 4195 1124 4248 dicitur.
1157 4193 1258 4251 Ubi
1306 4190 1447 4262 apud
1505 4190 1634 4246 Bad.
1681 4199 1736 4246 et
1775 4191 1892 4258 En,

300 4268 410 4320 dum
442 4284 549 4322 non
571 4283 734 4334 neque
754 4267 902 4330 mori,
937 4266 1059 4336 etin
1087 4265 1404 4336 quibusdam
1433 4279 1564 4336 mss.
1591 4262 1713 4316 dum
1735 4279 1894 4336 neque

299 4354 391 4392 non
417 4341 569 4408 mori.
603 4339 825 4408 Ret-tius
855 4335 1226 4408 castigatiOres
1255 4351 1384 4390 mss.
1417 4335 1625 4408 relictus
1654 4343 1698 4388 et
1727 4335 1892 4408 depu-

299 4407 621 4478 tatus,'dum
650 4426 753 4478 non
778 4426 938 4478 neque
968 4407 1068 4463 non
1099 4409 1229 4463 mori
1250 4408 1436 4478 dicitur
1459 4423 1477 4461 :
1502 4407 1604 4460 hoe
1630 4417 1734 4478 est,
1766 4407 1893 4478 dum

301 4470 468 4558 neque
496 4481 701 4558 dicitur
729 4470 1192 4558 in‘oriturttstquia
1219 4473 1462 4535 Christus
1485 4470 1732 4558 suatn_de
1754 4475 1895 4534 illius

299 4547 436 4608 exiit:
469 4554 644 4608 noluit
671 4553 948 4606 declarare
975 4547 1337 4614 voluntatem;
1365 4561 1524 4619 atque
1554 4549 1625 4619 ita
1649 4547 1751 4604 hoc
1782 4565 1895 4603 ma-

299 4629 384 4678 net
409 4625 461 4678 in
485 4625 724 4688 occulto,
746 4639 842 4677 seu
867 4623 968 4678 sub
992 4631 1348 4680 sacramento.
1381 4617 1696 4676 Ambrosius
1717 4629 1892 4675 autent

301 4691 470 4777 §er_m.
529 4713 601 4777 ιρι
663 4695 904 4777 i_n_psal.
951 4710 1112 4777 curnt
1143 4736 1158 4759 ,
1211 4695 1420 4764 aliquos
1484 4693 1557 4744 ait
1607 4691 1675 4745 de
1721 4701 1894 4748 morte

300 4763 352 4820 S.
381 4767 606 4824 Joannis
661 4763 958 4821 dubitasse.
989 4769 1068 4820 An
1101 4763 1554 4820 corum’numcro
1588 4776 1896 4817 accenseo—

303 4837 392 4892 dns
417 4841 485 4893 sit
519 4837 770 4902 Hilarius,
801 4854 865 4892 ex
897 4837 998 4893 hoc
1043 4837 1162 4893 loco
1201 4853 1306 4892 non
1351 4836 1480 4890 satis
1505 4843 1654 4889 certo
1679 4833 1891 4890 deliniri

303 4915 476 4976 queat,
510 4925 632 4965 cum
665 4909 961 4980 adlnereat,
995 4920 1250 4980 quantum
1277 4918 1471 4980 potest,
1505 4903 1682 4960 verbis
1714 4906 1890 4964 Evan-

301 4981 416 5048 gelii
442 4981 601 5037 Jnnn.
639 4997 750 5045 ΧΠ,
791 4981 826 5051 Ῡ
861 4979 931 5034 22
961 4979 1131 5037 θῑίὲὃ.

368 5051 586 5124 (ἄλγους
615 5053 714 5122 ﬁlii
740 5069 846 5106 non
873 5053 1107 5108 occurrit
1143 5051 1296 5108 nobis
1327 5051 1380 5107 in
1411 5066 1542 5108 mss.
1571 5052 1674 5109 nisi
1715 5051 1768 5108 in
1799 5067 1894 5106 co-

301 5120 416 5177 dice
441 5121 504 5180 S.
532 5120 738 5178 Martini
767 5125 970 5178 'l‘uron.

355 5193 440 5320 ἇς)
470 5195 626 5266 Apud
659 5195 778 5250 Par.
807 5193 1145 5278 desideratur
1158 5194 1412 5264 particula
1432 5205 1498 5260 et,
1523 5212 1642 5268 quae
1668 5195 1752 5278 hic
1772 5209 1896 5276 per-

393 5281 424 5320 e
473 5275 557 5320 e-t
583 5277 743 5320 atoue
765 5278 937 5320 etiam.
957 5265 1157 5320 Deinde
1183 5267 1321 5320 aoud
1351 5266 1504 5320 Bad..
1527 5265 1618 5320 Er.
1643 5277 1697 5320 et
1718 5284 1768 5320 in
1799 5275 1894 5320 trt-

302 5265 424 5337 inde
473 5265 557 5324 est
583 5277 743 5337 atque
765 5265 937 5320 etiam.
957 5265 1157 5322 Deinde
1183 5267 1321 5336 apud
1351 5266 1504 5334 Bad.,
1527 5265 1618 5323 Er.
1643 5270 1768 5323 etin
1799 5265 1894 5320 tri-

303 5333 397 5391 bus
427 5353 562 5394 mss.
591 5333 766 5394 vatio.
803 5349 921 5408 post
949 5333 1266 5406 unigenitum
1295 5339 1546 5406 adjicitur
1575 5339 1704 5394 nihil
1751 5355 1769 5392 :
1813 5339 1895 5392 in-

303 5409 638 5482 terpolatoris
668 5409 824 5482 vitio.
853 5409 964 5482 Hoc
991 5411 1132 5464 enim
1157 5411 1257 5465 sibi
1280 5409 1394 5466 vult
1427 5425 1588 5482 {eum
1611 5409 1706 5482 ﬁlii
1735 5423 1895 5463 voca-

304 5478 426 5534 bulo
453 5481 704 5554 adjicitur
735 5481 980 5554 unigeniti
1009 5496 1226 5548 nomen,
1268 5496 1372 5554 non
1420 5481 1488 5536 de
1518 5478 1893 5552 adoptivorum

300 5560 481 5624 grege,
509 5553 600 5622 qui
626 5565 852 5624 numero
884 5553 1065 5624 plures
1090 5564 1233 5614 sunt,
1273 5553 1368 5608 sed
1403 5554 1649 5624 proprius
1678 5565 1798 5624 esse
1824 5554 1896 5624 si—

302 5621 602 5695 gniﬁcatur.
632 5621 704 5681 Ut
748 5621 894 5695 enim
923 5623 995 5678 ait
1021 5623 1356 5695 Augustinus
1385 5621 1521 5686 Coll;
1565 5639 1685 5678 cum
1733 5621 1896 5695 Maxi-

308 5691 474 5762 mino,
501 5709 557 5750 n.
581 5695 678 5769 με
705 5695 766 5750 Si
795 5694 932 5764 ﬁlius
947 5691 1220 5769 est.'r6rus_
1239 5697 1633 5769 ﬁliusest,quia
1664 5694 1898 5769 amoeni-_-

309 5771 390 5817 tus
418 5771 518 5820 est.
580 5768 650 5821 Ex
701 5769 894 5822 eodem
939 5765 1327 5827 Joannis'iiieo
1377 5765 1664 5825 Faustinus
1711 5765 1897 5822 Hilarii

310 5838 482 5892 nostri
515 5837 748 5908 vestigiis
777 5840 1031 5897 insistens
1079 5842 1178 5897 tria
1206 5841 1479 5898 concludit
1506 5855 1556 5896 c.
1599 5838 1666 5907 2,
1704 5839 1794 5895 lib.
1828 5836 1899 5894 ad

1997 3477 2165 3533 Deum
2195 3477 2356 3545 vidét,
2403 3477 2548 3550 quem
2598 3484 2741 3536 nulla
2787 3494 3022 3536 creatura
3073 3485 3224 3537 ridet.
3262 3481 3327 3537 Et
3371 3477 3602 3553 nevfo'rte

1991 3568 2153 3605 unum
2180 3567 2293 3606 eum
2323 3553 2387 3606 de
2409 3553 2661 3621 adaptivis
2687 3555 2810 3624 ﬁliis
2831 3555 3079 3618 crederet,
3101 3555 3384 3622 anipumvit
3417 3571 3597 3608 sensus

1995 3624 2137 3697 impii
2161 3625 2496 3697 occasionem,
2525 3642 2644 3697 cana
2663 3642 2777 3678 eum
2799 3627 2928 3680 dixit
2958 3642 3056 3678 non
3083 3627 3248 3680 solum
3278 3627 3480 3697 ﬁlium,
3509 3627 3598 3680 sed

1996 3696 2146 3747 etiam
2171 3696 2508 3764 unigenitum
2557 3695 2604 3749 F
2607 3696 2757 3764 ilium
2789 3713 2807 3749 :
2837 3697 2932 3750 hoc
2963 3713 3141 3749 nomen
3175 3695 3288 3750 noni
3325 3697 3471 3750 habet
3518 3714 3600 3749 so-

1997 3767 2120 3838 cios.
2157 3757 2476 3838 (En—verba
2507 3767 2692 3820 llilarli
2721 3757 2867 3820 clare
2896 3782 3171 3836 expressa.
3203 3765 3399 3833 Addit,
3427 3767 3446 3835 )
3476 3766 3603 3822 Filii

1995 3837 2223 3908 adaptivi
2249 3839 2300 3891 in
2339 3839 2452 3892 sinu
2485 3838 2706 3892 Abralue
2729 3849 2848 3893 sunt
2873 3855 2892 3893 :
2921 3841 3012 3907 qui
3039 3849 3208 3894 autem
3237 3855 3384 3894 verus
3403 3849 3448 3893 et
3476 3840 3598 3892 uni-

1995 3911 2196 3980 genitus
2224 3909 2364 3976 ﬁlius
2389 3920 2482 3977 est,
2511 3911 2563 3964 in
2591 3911 2706 3963 sinu
2739 3909 2920 3964 Putris
2949 3922 3043 3964 est.

2065 4001 2114 4075 (Ι
2126 4001 2160 4075 )ί
2181 4002 2442 4057 Particnla
2465 4004 2557 4064 ita,
2583 4003 2706 4057 licet
2723 4004 3056 4072 superﬂuere
3089 4003 3346 4062 videatur,
3380 4002 3598 4058 additur

1996 4074 2198 4128 ex'lide
2225 4084 2464 4128 veterum
2495 4075 2778 4129 librorum.
2824 4075 2941 4129 Mox
2977 4075 3028 4130 in
3071 4089 3204 4130 mss.
3236 4075 3355 4131 Vat.
3399 4077 3513 4130 bas.
3548 4085 3602 4131 et

1997 4144 2217 4200 Martin.
2249 4145 2393 4199 daret
2425 4159 2516 4216 pro
2538 4162 2596 4199 eo
2624 4155 2677 4198 ut
2707 4147 2892 4201 omnis.

2072 4236 2146 4312 (g)
2191 4237 2292 4312 llic?
2333 4235 2498 4294 Filius
2545 4239 2794 4310 proprius
2865 4254 2986 4294 esse
3045 4238 3348 4293 Ostenditur
3387 4237 3599 4294 duobus

1998 4311 2348 4382 argumentis,
2375 4326 2603 4379 quorum
2637 4313 2866 4366 alterum
2898 4327 3002 4366 non
3027 4312 3158 4364 satis
3179 4323 3604 4382 πνοιθιορκυιηιδ-

1998 4381 2120 4455 sum
2150 4391 2251 4437 est.
2281 4383 2596 4455 “Utrumque
2647 4384 2946 4436 illustratur
2989 4383 3164 4437 verbis
3201 4383 3442 4455 Faustini
3483 4381 3602 4437 loco

1999 4453 2239 4509 laudato.
2268 4453 2329 4508 Si
2353 4467 2397 4508 et
2432 4451 2666 4508 Christus
2695 4468 2931 4508 creatura
2958 4467 3050 4520 est,
3075 4455 3198 4525 quid
3224 4454 3604 4509 contnlitmuu-

1999 4526 2085 4589 do,
2107 4526 2234 4596 dans
2263 4543 2354 4596 pro
2374 4539 2608 4580 creatura
2633 4527 2978 4586 creaturam?l
2992 4527 3068 4582 En
3098 4528 3348 4596 primum;
3373 4525 3602 4579 alterum

1996 4589 2178 4667 vero.)
2212 4589 2274 4652 Si
2301 4597 2533 4650 Christus
2555 4612 2788 4651 creatura
2816 4608 2908 4664 est,
2927 4589 3112 4652 servus
3133 4607 3206 4651 est
3235 4613 3253 4651 :
3280 4589 3600 4663 etquomodo

1997 4667 2202 4750 redimit
2240 4669 2647 4750 adlibcrtate‘nt,
2691 4686 2806 4723 cum
2850 4685 3026 4723 servus
3071 4670 3243 4750 nullus
3274 4669 3397 4736 jure
3438 4668 3599 4750 possit

1999 4738 2235 4805 conferre
2261 4739 2582 4793 libertatem?
2609 4739 2874 4794 l’rznterea
2907 4755 2972 4794 ex
3003 4741 3199 4805 verbis,
3233 4749 3287 4792 ut
3317 4738 3480 4791 omnis
3509 4738 3596 4805 qui

1923 4801 1972 4861 Ι)
1999 4801 2158 4864 credit
2181 4811 2232 4863 in
2265 4827 2400 4870 eunt,
2440 4819 2571 4874 etc.,
2603 4813 2798 4880 colligit
2837 4827 2957 4864 eum
2993 4828 3096 4863 non
3125 4801 3244 4880 esse
3270 4801 3597 4874 creatur-ain,

2001 4899 2116 4936 cum
2147 4883 2352 4936 credere
2375 4881 2427 4934 in
2447 4879 2820 4934 creuturantsit
2850 4882 3122 4933 divinitatis
3141 4879 3375 4946 offensio.

2075 4953 2156 5021 (h)
2189 4951 2243 5022 lii
2288 4953 2489 5022 aliquot
2529 4967 2661 5005 mss.
2718 4953 2835 5005 hinc
2875 4953 3158 5022 praprictas
3187 4966 3206 5004 :
3233 4951 3392 5006 male.
3440 4949 3600 5019 Pejus

2003 5025 2141 5095 apud
2175 5021 2305 5079 Bad.
2338 5021 2392 5078 et
2419 5023 2507 5077 Er.
2541 5023 2659 5076 hinc
2691 5021 2882 5095 pietas.
2897 5023 3104 5095 Quippe
3131 5022 3406 5095 adoption]
3429 5036 3600 5094 oppo-

2005 5092 2148 5150 nitur
2180 5095 2498 5166 proprietas,
2529 5109 2650 5164 qute
2691 5093 2773 5147 hic
2803 5106 2896 5157 est,
2939 5093 2989 5148 id
3022 5103 3126 5166 est,
3173 5095 3222 5148 in
3267 5092 3348 5147 his
3375 5092 3599 5149 Joannis

2003 5165 2388 5236 verbis'aperte
2419 5166 2743 5220 declaratur.
2777 5166 2850 5220 Ex
2879 5183 2980 5236 qua
3017 5165 3380 5236 declaratione
3417 5166 3598 5234 sequi-

2005 5249 2091 5293 tur
2124 5254 2220 5292 nos
2244 5235 2314 5292 illi
2341 5238 2497 5294 ﬁdem
2521 5252 2584 5292 ac
2605 5235 2945 5292 dilectionem
2965 5238 3183 5292 debere.
3219 5235 3296 5290 Ex
3325 5253 3430 5306 quo
3455 5246 3601 5306 patet

2001 5325 2097 5366 cur
2119 5325 2261 5364 nunc
2291 5312 2394 5377 hic,
2423 5325 2488 5364 ac
2517 5319 2701 5380 postea
2731 5311 2850 5364 hinc
2877 5311 3181 5381 legendum.

2080 5402 2142 5472 (ἱ)
2173 5401 2310 5456 Editi
2339 5443 2354 5468 ,
2403 5403 2747 5472 evangelista;
2791 5413 2847 5460 et
2875 5421 2996 5458 mox
3041 5402 3163 5455 Par.
3215 5409 3272 5453 ut
3314 5400 3594 5471 rideamus.

2006 5475 2372 5532 Emendantnr
2413 5490 2478 5528 ex
2527 5476 2762 5543 scriptis.
2813 5474 2954 5544 idem
2986 5487 3196 5544 quoque
3225 5483 3600 5538 argumentum

2005 5561 2341 5617 prosequens
2369 5545 2688 5602 Faustinus:
2709 5548 2787 5611 Si,
2817 5545 3008 5616 inquit,
3035 5561 3146 5598 vere
3173 5545 3446 5616 adeptione
3472 5557 3602 5601 esset

2005 5619 2145 5690 ﬁlius
2178 5618 2369 5690 Uei,ret
2400 5634 2498 5671 non
2531 5625 2836 5672 natura.....
2871 5633 3122 5686 nusquam
3170 5617 3347 5690 magis
3375 5621 3468 5672 hoc
3512 5635 3602 5673 etc--

2006 5687 2265 5765 planasset
2291 5687 2575 5765 _(._Ioannes)
2601 5707 2759 5765 _quam
2791 5691 2842 5765 in
2873 5691 3054 5743 ultimo
3083 5687 3406 5760 scriptionis;
3435 5707 3497 5765 ne
3535 5693 3600 5761 ﬁ-

2003 5761 2096 5846 des
2117 5763 2169 5844 in
2197 5761 2436 5846 ambiguo
2470 5761 2746 5830 derelicta,
2775 5762 2932 5818 vitam
2962 5765 3189 5832 perderet
3222 5778 3313 5832 per
3347 5761 3600 5842 ambigui-

2005 5843 2120 5892 talis
2140 5843 2410 5889 incertum.
