4118 6186
431 199 535 265 i9!

1642 195 1890 254 SANCTI
1917 192 2172 253 HILARII
2210 193 2525 253 EPISCOPI

3639 197 3742 255 193

434 321 628 378 derent
653 319 839 378 Jesum
868 334 991 377 esse
1013 296 1287 376 Christum
1320 315 1488 373 ﬁlium
1512 317 1628 374 Dei.
1655 317 1711 375 Si
1738 317 1937 373 sufﬁcit
1966 316 2031 372 ad
2063 318 2108 377 Λ
2142 316 2360 383 Filium,
2392 333 2552 389 neque
2586 315 2792 371 Patrem
2823 315 2969 371 habet
2998 332 3016 371 :
3045 315 3133 389 qui
3154 315 3424 385 conﬁtetur
3452 313 3670 385 Filium,
3696 327 3742 373 et

436 413 689 481 salutem,
720 411 993 468 Christum
1024 411 1282 478 credere,
1315 424 1414 465 cur
1448 409 1647 480 adjecit
1688 408 1854 465 ﬁlium
1898 409 2036 466 Dei?

436 504 493 564 Si
522 520 655 562 vero
679 506 949 562 Christum
980 504 1055 579 (a)
1082 504 1305 561 credere
1322 520 1382 560 ea
1402 504 1618 559 demum
1643 503 1777 559 ﬁdes
1796 511 1901 570 est,
1931 506 2037 559 non

438 596 712 656 Christum
742 594 1132 662 tantummodo,
1166 596 1261 651 sed
1290 595 1562 652 Christum
1595 594 1762 649 ﬁlium
1793 595 1888 650 Dei
1916 609 2039 651 cre-

440 690 674 757 didisse;
703 707 809 746 non
838 698 922 745 est
951 704 1146 745 nomen
1178 689 1273 745 lilii
1314 689 1364 744 in
1392 689 1607 745 Christo
1632 688 1908 759 unigenito
1928 686 2041 744 Deo

441 798 506 839 es
538 783 845 853 adoptionis
873 782 1301 848 consuetudine,
1337 781 1413 856 (b)
1460 781 1602 853 quod
1653 781 1929 852 proprium
1958 787 2043 837 est

440 874 510 931 ad
532 875 782 932 salutem.
819 876 873 931 Si
902 890 1032 945 ergo
1049 878 1196 929 salus
1224 875 1274 929 in
1299 873 1640 929 confessione
1666 872 1899 928 nominis
1926 880 2040 939 est;

446 984 631 1041 quacro
655 985 753 1025 cur
785 969 835 1023 in
860 968 1080 1024 nomine
1106 969 1304 1023 veritas
1334 984 1440 1023 non
1471 967 1561 1022 sit.
1595 965 1750 1035 Quod
1792 965 1840 1020 si
1869 967 1919 1018 in
1949 980 2046 1019 no-

445 1063 593 1118 mine
641 1063 844 1118 veritas
872 1071 990 1126 est;
1022 1078 1124 1132 qua
1155 1062 1476 1118 auctoritate
1500 1061 1705 1116 crcatio
1745 1074 1868 1115 esse
1897 1058 2045 1115 dice-

446 1166 557 1221 tur,
589 1170 711 1211 cum
747 1171 853 1209 non
885 1155 1180 1212 creationis
1222 1154 1495 1211 confessio
1521 1154 1749 1211 salutem
1800 1155 1870 1209 sit
1902 1169 2042 1225 prae-

450 1250 664 1315 stitura,
695 1249 789 1305 sed
816 1248 943 1305 ﬁlii?

518 1342 611 1397 42.
665 1340 835 1396 Filius
862 1358 926 1397 ea:
966 1341 1122 1398 Patre
1149 1352 1320 1399 natus.
1365 1341 1564 1398 Filium
1591 1355 1865 1415 negantes,
1912 1344 2050 1398 anti-

450 1435 874 1493 cltristi.—H:nc
905 1436 1066 1509 igitur
1095 1436 1242 1491 salus
1269 1451 1393 1492 vera
1421 1446 1524 1504 est,
1561 1437 1662 1491 hoc
1695 1436 1949 1508 perfectte
1990 1437 2053 1492 ﬁ-

451 1526 542 1585 dei
567 1533 843 1595 meritum,
871 1530 1053 1594 Jesum
1085 1526 1360 1583 Christum
1392 1527 1559 1583 ﬁlium
1602 1528 1696 1585 Dei
1733 1529 2049 1584 credidisse.

451 1621 567 1676 Non
599 1634 679 1678 est
705 1623 847 1678 enim
877 1620 1095 1677 dilectio
1124 1621 1177 1676 in
1206 1621 1362 1675 nobis
1388 1620 1455 1674 ad
1485 1620 1655 1675 Deum
1689 1632 1919 1690 patrem,
1950 1621 2051 1675 nisi

2142 406 2191 463 F
2191 410 2339 464 ilium
2360 419 2407 464 et
2438 409 2650 464 Patrem
2673 409 2819 464 habet
2849 408 3013 478 (Ibid.
3047 410 3160 479 23).
3190 408 3401 481 Negatis
3434 407 3627 464 Filium
3654 426 3745 466 ca-

2140 512 2224 557 ret
2250 502 2406 557 Patre
2438 501 2518 577 (1)
2547 521 2559 556 :
2593 504 2856 558 conﬁtens
2888 502 3082 557 Filium
3123 511 3285 573 atque
3315 501 3535 567 habens,
3582 501 3747 559 habet

2143 585 2380 650 Patiem.
2415 596 2612 663 Quaero
2659 595 2748 650 hic
2792 595 2918 665 quid
2964 596 3213 666 adoptiva
3246 598 3458 653 nomina
3504 600 3605 654 loci
3649 599 3748 654 ha-

2146 688 2326 744 beant.
2361 688 2626 758 Numquid
2658 705 2764 744 non
2814 698 3018 745 natura:
3058 703 3145 744 res
3174 688 3277 767 ista
3305 691 3485 747 omnis
3516 693 3637 748 est?
3682 694 3746 749 Et

2142 799 2302 856 quam
2328 795 2529 840 natura:
2550 785 2640 846 sit,
2667 784 2871 852 accipe.

2216 880 2307 934 43.
2350 877 2583 932 Joannes
2625 887 2672 930 et
2721 877 2948 930 hwretici
2979 877 3136 931 sintul
3159 877 3750 950 comparantur.—Ait

2147 972 2292 1028 enim
2327 989 2339 1026 :
2375 971 2510 1040 Quia
2530 972 2718 1025 scimus
2743 972 2880 1041 quod
2920 970 3059 1039 filius
3091 969 3185 1025 Dei
3209 972 3363 1037 venit,
3392 980 3437 1025 et
3469 989 3752 1026 concama-

2149 1075 2231 1119 tus
2256 1075 2328 1119 est
2358 1075 2567 1135 propter
2596 1081 2711 1130 nos,
2738 1073 2788 1118 et
2811 1081 2999 1136 passus
3026 1074 3119 1131 est,
3160 1074 3205 1119 et
3227 1082 3498 1137 resurgens
3519 1067 3582 1120 de
3606 1084 3749 1121 utor-

2150 1160 2250 1213 tuis
2278 1160 2550 1229 assumpsit
2575 1175 2685 1223 nos,
2711 1168 2758 1212 et
2784 1157 2923 1211 dedit
2952 1157 3097 1211 nobis
3140 1158 3450 1213 intellectum
3476 1160 3749 1228 Optimum,

2151 1260 2212 1305 at
2257 1251 2603 1322 intelligamus
2651 1266 2845 1315 verum,
2882 1234 2960 1322 (Ξ)
2990 1259 3037 1303 et
3066 1250 3225 1305 simus
3256 1252 3310 1304 in
3336 1267 3456 1305 vero
3480 1251 3590 1322 ﬁlio
3642 1255 3755 1325 ejus

2154 1343 2223 1416 (ι’)
2266 1344 2393 1398 Jesu
2435 1343 2637 1398 Christo
2672 1361 2686 1397 :
2729 1343 2812 1397 hic
2856 1352 2926 1396 est
2956 1357 3101 1397 verus
3131 1340 3233 1415 (g),
3265 1352 3312 1397 et
3337 1344 3440 1397 vita
3464 1353 3676 1410 (eterna,
3706 1352 3755 1399 et

2152 1435 2457 1491 resurrectio
2488 1433 2567 1506 (h)
2598 1444 2769 1490 nostra
2813 1435 2829 1504 (
2848 1434 2869 1489 Ι
2900 1433 3054 1490 Joau.
3119 1450 3176 1500 v,
3208 1434 3280 1492 2t)
3301 1445 3355 1490 et
3382 1436 3446 1491 21
3473 1434 3512 1507 ).
3541 1436 3587 1491 Ο
3613 1437 3755 1493 inie-

2157 1530 2226 1583 lix
2256 1528 2629 1598 intelligentia,
2661 1538 2715 1583 et
2751 1527 2840 1583 llei
2879 1528 3070 1596 Spiritu
3103 1542 3315 1592 carens,
3350 1539 3403 1582 et
3429 1527 3495 1600 (i)
3523 1531 3574 1582 in
3608 1531 3756 1585 anti-

2156 1621 2344 1678 christi
2375 1621 2622 1691 spiritum
2653 1635 2717 1675 ac
2751 1634 2948 1675 nomen
2974 1621 3278 1690 proﬁciens,
3311 1614 3365 1674 et
3416 1620 3662 1676 nesciens
3689 1620 3759 1676 ad

453 1731 549 1786 per
579 1714 701 1770 Filii
733 1714 913 1771 ﬁdem.
950 1712 1019 1768 Et
1055 1711 1339 1768 audiamus
1377 1727 1499 1767 eum
1537 1727 1633 1782 per
1661 1711 1945 1782 epistolam
1979 1714 2056 1766 lo-
2088 1712 2133 1772 Β
2161 1720 2559 1770 sacramentum
2589 1712 2780 1767 salutis
2810 1721 3008 1768 nostra:
3050 1713 3141 1769 Dei
3168 1713 3336 1766 lilium
3369 1714 3582 1770 venisse
3627 1715 3761 1786 (per

452 1817 708 1880 queutcm
740 1825 754 1861 :
791 1805 991 1868 Omnis,
1025 1806 1113 1876 qui
1140 1805 1307 1879 diligit
1341 1803 1572 1869 Patrem,
1605 1805 1776 1877 diligit
1809 1821 1926 1860 eum
1966 1807 2058 1875 qui
2093 1836 2104 1846 -

453 1915 517 1955 ea:
541 1917 599 1955 eo
627 1908 778 1954 natus
803 1910 875 1954 est
901 1898 945 1970 (l
970 1897 1130 1952 John.
1162 1913 1197 1952 v
1220 1938 1237 1965 ,
1272 1895 1351 1970 1).
1382 1897 1519 1965 Quid
1549 1904 1655 1963 est,
1698 1911 1848 1969 rogo,
1897 1912 1963 1953 ex
1993 1912 2058 1953 eo

455 1994 644 2051 nasci?
668 1992 939 2064 Numquid
973 1994 1203 2064 idipsum
1226 2001 1328 2059 est,
1360 1994 1503 2064 quod
1538 2008 1631 2063 per
1651 2008 1774 2049 eum
1805 1992 1876 2067 (e)
1908 2009 2061 2051 crea-

456 2088 547 2143 ri?
573 2090 681 2142 Aut
722 2100 819 2142 cur
868 2084 1211 2156 Evangelista
1242 2083 1533 2152 mentitur,
1579 2093 1641 2140 ut
1668 2100 1738 2141 ex
1772 2100 1838 2141 eo
1873 2095 2058 2142 natum

461 2179 639 2249 dicat,
679 2193 840 2251 quem
881 2194 977 2249 per
1001 2192 1124 2234 eum
1156 2187 1395 2233 creatum
1428 2181 1606 2248 potius
1634 2178 1923 2234 haereticus
1966 2182 2064 2236 do-

462 2273 619 2330 ceat?
660 2272 729 2327 Et
774 2271 1056 2327 audiamus
1091 2286 1282 2327 omnes
1313 2271 1391 2340 (ά)
1421 2270 1548 2341 quld
1592 2271 1671 2326 sic
1712 2270 1799 2325 hic
1848 2272 2058 2328 doctor.

464 2367 675 2423 Dictum
711 2381 943 2437 namque
967 2374 1090 2421 est:
1124 2364 1229 2420 Hic
1268 2376 1340 2420 est
1378 2366 1733 2431 antichristus,
1777 2366 1869 2437 qui
1917 2376 2066 2437 negat

466 2460 677 2516 Patrem
708 2469 756 2514 et
786 2457 981 2514 Filium
1013 2459 1054 2529 (1
1082 2458 1239 2514 Joan.
1274 2475 1334 2525 ll,
1359 2459 1476 2530 22).
1500 2460 1637 2526 Quid
1668 2460 1784 2532 agis
1811 2470 1864 2515 tu
1889 2475 2068 2517 asser-

467 2565 552 2613 tor
571 2565 855 2623 creaturae,
876 2556 1017 2611 etde
1040 2571 1145 2610 non
1173 2554 1509 2611 exstantibus
1528 2552 1726 2610 Christi
1745 2572 1913 2611 novus
1933 2572 2065 2613 con-

468 2648 657 2705 ditor?
683 2647 739 2705 Si
786 2647 946 2720 165
978 2646 1366 2717 professionem
1398 2657 1577 2715 tenes,
1623 2633 1927 2719 proﬁtentis
1970 2667 2069 2705 no-

473 2757 594 2797 men
612 2756 960 2811 recognosce.
982 2739 1065 2795 An
1090 2755 1212 2795 cum
1240 2748 1538 2795 creatorem
1563 2748 1618 2795 et
1643 2748 1942 2796 creaturam
1967 2740 2070 2795 Pa-

473 2842 686 2889 tremet
712 2832 908 2888 Filium
936 2831 1276 2902 pra-dicabis,
1309 2831 1381 2905 (e)
1409 2847 1504 2901 per
1530 2832 1872 2898 assimulatas
1901 2832 2075 2889 nomi-

480 2943 606 2982 num
637 2940 799 2982 voces
829 2924 1117 2981 excludere
1165 2939 1321 2995 posse
1355 2933 1406 2978 te
1434 2924 1611 2980 credis
1634 2966 1649 2990 ,
1690 2941 1757 2979 ne
1783 2940 1904 2981 esse
1931 2926 2073 2980 anti-

480 3018 718 3072 christus
741 3016 1095 3087 intelligaris?
1125 3016 1181 3071 Si
1210 3018 1262 3069 iu
1292 3015 1396 3071 ﬁde
1428 3027 1514 3069 tua
1542 3030 1635 3085 per
1658 3025 1899 3070 naturain
1926 3028 2077 3088 pater

2162 1806 2265 1861 hoc
2293 1805 2509 1876 indigna
2535 1805 2751 1875 Optima:
2782 1804 2940 1875 hujus
2969 1803 3336 1875 intelligentia:
3360 1803 3582 1877 sensu),
3609 1819 3764 1860 crea-

2162 1907 2295 1953 tura:
2348 1897 2528 1968 potius
2572 1897 2889 1966 adeptivum
2934 1912 3131 1952 nomen
3180 1912 3341 1967 quam
3370 1913 3555 1953 verum
3592 1898 3763 1954 ﬁlium

2165 1989 2259 2044 Dei
2289 1988 2474 2044 Jesum
2522 1986 2799 2043 Christum
2827 2004 2950 2043 esse
3002 1988 3275 2053 confessa,
3317 1989 3635 2060 quibusnam
3661 1992 3765 2050 hoc

2162 2097 2483 2137 arcanorum
2516 2082 2895 2154 mysteriorum
2932 2083 3158 2137 secretis
3185 2082 3376 2138 educta
3403 2084 3501 2139 es?
3531 2085 3619 2141 vel
3644 2086 3765 2156 quis

2167 2173 2327 2228 hodie
2359 2189 2528 2229 novus
2581 2173 2739 2244 hujus
2785 2174 3026 2229 scientia:
3066 2183 3171 2229 tua:
3195 2183 3386 2231 auctor
3416 2177 3539 2233 est?
3585 2177 3667 2234 An
3698 2194 3768 2233 ne

2169 2278 2384 2323 secreto
2429 2265 2519 2321 tibi
2566 2266 2665 2321 hoc
2706 2281 2801 2336 per
2847 2265 3262 2322 familiaritatem
3305 2270 3506 2325 amoris
3549 2285 3769 2325 recum-

2172 2358 2319 2414 benti
2351 2359 2404 2412 in
2451 2368 2638 2427 pectus
2683 2373 2840 2413 suum
2885 2359 3146 2415 Dominus
3167 2360 3405 2416 ostendit
3446 2360 3621 2436 (Joan.
3652 2378 3770 2430 xm,

2170 2452 2300 2523 ‘25)?
2331 2454 2436 2507 Aut
2467 2453 2614 2507 solus
2638 2452 2704 2507 ad
2742 2467 2955 2508 crucem
2988 2467 3238 2523 sequens,
3270 2454 3409 2509 inter
3427 2464 3621 2511 caetera
3646 2471 3771 2511 sus-

2174 2545 2439 2616 cipiendae
2472 2544 2566 2600 tibi
2600 2544 2650 2598 in
2695 2554 2919 2599 matrem
2965 2543 3148 2601 Mariae
3174 2555 3462 2616 praecepta,
3494 2545 3610 2604 haec
3637 2564 3778 2620 quo-

2178 2655 2283 2711 que
2315 2642 2365 2694 in
2404 2640 2494 2694 illa
2533 2642 2787 2710 specialis
2815 2642 2868 2697 in
2900 2653 2950 2697 te
2978 2645 3179 2696 amoris
3206 2643 3600 2699 contestatione
3627 2643 3772 2699 didi-

2175 2734 2292 2788 cisti
2330 2731 2511 2803 (Joan.
2545 2750 2656 2801 χιιι,
2685 2733 2777 2806 27)
2806 2736 2829 2788 ?
2873 2734 2964 2790 Vel
2997 2734 3062 2789 ad
3115 2734 3437 2804 sepulcrum“
3451 2737 3599 2807 prior
3639 2751 3774 2808 quo-

2174 2842 2279 2898 que
2310 2828 2468 2883 Petro
2491 2843 2718 2884 currens
2744 2828 2971 2898 adeptus
2995 2842 3056 2884 es
3086 2828 3265 2899 (Joan.
3283 2829 3483 2902 xx,b)?
3509 2830 3608 2885 Vel
3635 2830 3777 2887 intra

2175 2919 2564 2995 (j),conscssus
2611 2921 2927 2991 angelorum
2982 2922 3141 2994 166
3168 2931 3222 2977 et
3250 2924 3581 2993 signatorum
3611 2923 3782 2978 libro-

2180 3030 2297 3068 rum
2341 3015 2656 3072 insolubiles
2702 3025 2968 3080 nexus,ct
2996 3018 3272 3087 signorum
3299 3018 3603 3073 caelestium
3642 3018 3783 3072 mul-

477 3122 579 3178 cst,
612 3122 667 3167 et
686 3126 780 3181 per
802 3120 1050 3165 naturam
1081 3110 1223 3165 ﬁlius
1247 3118 1351 3177 est;
1380 3109 1678 3164 maledicus
1694 3124 1793 3180 ego
1811 3125 1947 3175 sum,
1982 3124 2072 3180 op-
2105 3150 2151 3214 Ο
2185 3106 2432 3163 tiformes
2460 3118 2781 3179 potestates,
2809 3120 2860 3165 et
2894 3124 3151 3165 novarum
3179 3119 3338 3181 atque
3370 3112 3785 3182 incomprehen-

481 3204 755 3275 probrium
788 3203 840 3258 in
875 3214 926 3258 te
959 3202 1118 3258 alieni
1150 3202 1384 3258 nominis
1414 3202 1677 3258 referens.
1716 3201 1810 3258 Sin
1847 3217 1977 3259 vero
2006 3204 2080 3257 si-

482 3298 685 3353 mulata
715 3299 897 3352 omnia
936 3307 1081 3362 sunt,
1113 3309 1167 3352 et
1196 3298 1373 3367 potius
1402 3306 1706 3365 nuncupata
1746 3312 1905 3367 quam
1958 3313 2083 3366 pro-

483 3391 638 3462 pria;
670 3389 794 3445 ﬁdei
825 3397 929 3443 tum
950 3388 1020 3445 ab
1048 3389 1296 3459 apostolo
1341 3388 1490 3444 disce
1526 3403 1848 3460 cognomen,
1877 3400 1930 3446 et
1957 3388 2081 3445 audi

483 3500 603 3554 qua:
623 3482 694 3539 sit
718 3483 908 3539 crediti
939 3481 1064 3538 Filii
1108 3482 1262 3538 ﬁdes.
1301 3481 1553 3554 Sequitur
1581 3482 1749 3550 enim,
1785 3483 1888 3551 Qui
1934 3494 2084 3556 negat

559 3600 639 3671 (1)
663 3598 815 3654 Caret
836 3597 1068 3655 Patrem.

2185 3203 2419 3259 sibilium
2468 3202 2776 3258 cantionum
2822 3202 3054 3275 hymnos
3101 3208 3493 3275 sempiternos,
3538 3217 3642 3259 tam
3696 3206 3783 3275 pia

2187 3295 2280 3351 tibi
2311 3296 2426 3352 haec
2458 3300 2783 3368 perAgnum
2811 3296 3008 3353 ducem
3036 3298 3274 3354 revelata
3302 3299 3547 3355 doctrina
3576 3310 3683 3366 est,
3715 3315 3787 3357 ne

2186 3389 2349 3446 Pater
2380 3400 2529 3460 pater
2555 3390 2642 3458 sit,
2678 3405 2746 3446 ne
2784 3389 2951 3446 Filius
2984 3390 3128 3446 ﬁlius
3152 3392 3242 3458 sit,
3274 3407 3343 3448 ne
3374 3401 3561 3448 natura
3590 3401 3785 3448 natura

2190 3484 2282 3552 sit,
2308 3499 2375 3539 ne
2399 3484 2598 3540 veritas
2631 3483 2829 3540 veritas
2857 3485 2927 3540 sit
2966 3483 3151 3558 (Apoc.
3176 3484 3277 3558 v)?
3321 3486 3444 3542 lltec
3470 3485 3611 3541 enim
3642 3485 3784 3557 apud

494 3671 501 3680 ’
669 3671 735 3727 Et
756 3674 915 3728 simus
941 3673 995 3726 in
1014 3687 1132 3726 vero
1157 3672 1268 3742 ﬁlio
1295 3670 1426 3727 Jesu
1454 3670 1694 3727 Christo:
1722 3671 1805 3726 hic
1834 3682 1908 3726 est
1932 3687 2075 3727 verus

2174 3687 2289 3737 aus;
2317 3683 2515 3741 graece,
2538 3665 2693 3731 οὗτὸς
2721 3668 2861 3724 ἐστιν
2889 3665 2915 3723 ὁ
2936 3667 3164 3730 ἀληθινὸς
3186 3664 3318 3730 θεός.

558 3783 637 3858 (a)
656 3783 874 3854 Septem
894 3800 1027 3840 mss.
1056 3785 1262 3840 credere
1288 3802 1389 3839 non
1410 3785 1624 3856 sufﬁcit.
1651 3785 1820 3842 Abest
1845 3802 1946 3840 non
1967 3785 2081 3851 suf-

488 3857 595 3925 ﬁcit
622 3873 651 3911 a
681 3858 997 3926 potioribus.

562 3927 636 3999 (b)
666 3929 818 3997 Quod
847 3930 1122 3998 sequitur,
1153 3928 1235 3984 his
1263 3929 1450 3984 nititur
1476 3927 1702 3984 Joannis
1733 3928 1934 3994 verbis,
1962 3926 2081 3984 loco

489 4002 732 4069 proxime
764 3999 980 4056 laudato
1007 3999 1403 4055 coluerentibus
1424 4041 1439 4063 ,
1482 4010 1530 4055 et
1560 4011 1612 4053 ut
1642 4004 1901 4055 credentes
1927 4001 2082 4055 vitam
2123 4049 2132 4058 .

489 4070 714 4157 habeatis
734 4073 1033 4155 inonomine
1062 4077 1194 4157 ejus.
1210 4071 1383 4157 ,ρειοά
1415 4072 1587 4157 Γειιιξιθ
1607 4070 1909 4157 Faustinus
1927 4072 2082 4137 vidit,

489 4157 553 4196 ac
583 4143 748 4215 nitide
773 4145 852 4198 sic
876 4141 1125 4214 exposuit
1151 4160 1163 4196 :
1204 4141 1441 4198 Etiamne
1470 4144 1552 4197 hic
1579 4143 1804 4215 suspicio
1836 4151 1909 4215 est
1943 4159 2086 4196 crea-

491 4222 640 4278 turae,
672 4214 780 4280 ubi,
821 4216 907 4283 qui
933 4213 1206 4270 crediderit
1234 4215 1370 4284 quod
1415 4214 1555 4283 ﬁlius
1588 4213 1683 4267 Dei
1724 4225 1795 4268 est
1827 4213 2083 4280 Christus,

489 4295 735 4338 teternam
759 4286 915 4339 vitam
946 4287 1190 4352 possidet,
1219 4294 1268 4340 et
1294 4301 1397 4338 non
1424 4285 1574 4339 aliter
1602 4301 1757 4353 quam
1794 4286 1848 4338 in
1888 4287 2090 4338 nomine

491 4357 755 4426 ejus
805 4355 871 4408 In
901 4357 1103 4410 nomine
1138 4357 1272 4410 enim
1321 4365 1567 4410 creaturis
1603 4372 1667 4410 ne
1705 4355 1906 4427 quidem
1937 4358 2093 4411 vitam

495 4427 826 4495 temporalem
858 4436 1021 4494 potest
1049 4428 1165 4492 quis
1194 4428 1420 4495 assequi.

568 4496 638 4570 (e)
670 4498 724 4570 Si
765 4498 994 4567 idipsutu
1028 4508 1130 4565 est,
1161 4499 1389 4552 mundus
1416 4514 1485 4570 ex
1519 4497 1634 4570 Deo
1664 4506 1821 4552 natus
1842 4498 1954 4568 pari
1977 4498 2099 4566 jure

493 4568 757 4624 dicendus
788 4580 892 4633 est,
927 4585 1101 4640 neque
1125 4570 1264 4623 mala
1286 4577 1368 4624 est
1397 4568 1639 4625 Faustini
1665 4571 2049 4638 consequentia
2078 4590 2090 4625 :

496 4641 636 4713 Ergo
686 4649 731 4694 et
760 4641 982 4696 mundus
1013 4659 1045 4695 α
1071 4641 1227 4713 nobis
1246 4640 1553 4713 diligendus
1567 4650 1662 4707 est,
1708 4641 1753 4713 si
1802 4640 2095 4712 diligendus

494 4711 779 4836 elstl’ater.
813 4713 919 4768 Sed
963 4714 1153 4768 clamat
1194 4710 1456 4778 Joannes,
1501 4710 1682 4768 Nolite
1709 4710 1921 4786 diligere
1946 4730 2097 4767 mun-

495 4801 637 4836 tum.

495 4801 637 4837 nam.

567 4855 650 4929 (rt),
678 4855 733 4910 ln
764 4856 994 4929 vulgatis
1019 4898 1034 4924 ,
1083 4857 1198 4928 quis
1229 4854 1315 4910 sit.
1355 4855 1686 4911 Concinnius
1727 4855 1781 4911 in
1815 4856 2099 4929 mssrquid

494 4927 584 4980 sit.
614 4927 870 4983 Erasmus
902 4927 1406 5010 liilarioperpcram
1423 4929 1551 4983 vitio
1576 4928 1753 5010 vertit,
1779 4928 1917 4996 quod
1944 4928 2101 5010 A'ria-

498 5014 623 5052 num
659 4999 981 5067 nuncuparit
1010 4998 1410 5064 antichristtun,
1436 5015 1559 5054 cum
1584 4999 1686 5053 hoc
1714 5016 1817 5053 non
1844 5008 1950 5052 tam
1985 5001 2099 5067 ipse

496 5070 660 5135 dicat,
689 5085 848 5140 quam
885 5071 1067 5125 audiat
1116 5085 1143 5123 ιι
1190 5069 1398 5140 .loaunc
1436 5070 1559 5125 dici.
1592 5069 1745 5125 Unde
1784 5071 2100 5125 Ambrosius

498 5142 590 5196 lib.
622 5157 659 5196 ll
680 5139 747 5197 de
765 5140 893 5196 Fide
921 5155 1038 5211 cap.
1067 5144 1132 5196 15
1152 5159 1164 5194 :
1183 5139 1410 5195 Joannes
1440 5143 1562 5195 dicit
1586 5142 1979 5195 hcereticos‘esse
2009 5158 2101 5195 an-

497 5212 776 5278 tichristos,
805 5215 1024 5285 Arianos
1042 5216 1211 5281 utique
1230 5213 1502 5285 designans
1528 5229 1546 5280 ;
1573 5223 1625 5268 et
1643 5212 1930 5267 Faustinus
1957 5228 2101 5282 saepe

498 5285 778 5355 laudatus:
821 5283 1008 5355 Merito
1037 5300 1157 5355 ergo
1184 5283 1518 5338 antichristus
1554 5285 1751 5339 vocaris
1775 5326 1790 5352 ,
1820 5284 1907 5355 qui
1939 5301 2096 5355 negas

503 5354 710 5409 Patrem
739 5366 785 5411 et
815 5354 1007 5411 Filium
1036 5354 1128 5410 sub
1157 5356 1576 5422 interpretatione
1602 5356 1783 5422 impia.

571 5430 642 5500 (Ae)
681 5428 909 5500 Quidam
944 5442 1075 5482 mss.
1106 5443 1199 5500 per
1239 5426 1564 5500 adsimilatus
1596 5444 1614 5481 :
1661 5428 1820 5500 male.
1847 5427 1949 5482 Hic
1978 5441 2102 5500 per-

502 5497 785 5570 stringitur
798 5496 1120 5570 Arianorum
1147 5499 1467 5570 hypocrisis,
1494 5499 1558 5552 de
1572 5514 1672 5567 qua
1698 5496 1991 5554 Faustinus
2001 5496 2105 5552 ini-

504 5570 580 5622 tio
603 5567 795 5638 Opes-is
821 5572 901 5623 sui
925 5588 938 5624 :
967 5568 1165 5624 Ariona
1185 5567 1427 5639 impietas
1472 5572 1655 5625 asserit
1694 5570 1897 5639 quidem
1945 5571 2108 5624 multa

504 5639 767 5694 nobiscum
805 5641 988 5695 iisdem
1027 5640 1342 5707 nominibus,
1375 5643 1462 5696 sed
1491 5657 1595 5696 non
1629 5641 1809 5696 iisdem
1850 5640 2104 5697 sensibus.

506 5709 647 5765 ’Nam
679 5711 862 5766 iisdem
907 5711 1090 5776 quibus
1149 5728 1242 5766 nos
1292 5719 1538 5781 personat
1577 5711 1740 5767 Deum
1793 5722 2010 5779 patrem“,
2061 5719 2109 5766 et

2184 3783 2351 3839 Deum
2379 3784 2565 3852 ﬁlium,
2591 3790 2697 3840 ctc.
2728 3782 2864 3838 Hinc
2890 3793 2946 3838 et
2973 3783 3202 3839 llilarius
3224 3794 3407 3839 noster
3433 3801 3555 3841 mox
3588 3786 3684 3853 ait,
3713 3787 3791 3842 si-

2184 3857 2379 3910 mulata
2425 3856 2618 3909 omnia.
2647 3854 2828 3925 Itaque
2857 3856 3098 3923 proximo
3126 3856 3289 3910 verbo
3319 3857 3641 3924 prredicabis,
3679 3876 3787 3914 non

2186 3929 2335 3981 solus
2378 3927 2755 3981 vocabulorum
2786 3942 2972 3991 sonus,
2999 3925 3093 3981 sed
3128 3927 3363 3982 maxime
3387 3931 3552 3984 animi
3584 3930 3789 3986 intelli-

2187 4001 2366 4070 gentia
2397 4013 2461 4070 ac
2489 3998 2751 4070 sententia
2781 3996 3135 4067 signiﬁcatur.

2266 4072 2336 4142 (Ῑ)
2397 4068 2511 4125 Vox
2566 4071 2676 4140 ejus
2720 4069 2773 4123 in
2830 4070 3060 4141 vulgatis
3114 4071 3312 4125 omissa
3360 4071 3663 4128 restituitur
3720 4089 3791 4130 ex

2189 4156 2324 4196 mss.

2264 4210 2342 4284 (g)
2383 4211 2715 4284 Auctoritatc
2762 4214 3113 4268 vetustiorum
3146 4228 3276 4268 mss.
3303 4214 3628 4270 removimus
3654 4214 3783 4273 hinc

2194 4283 2516 4340 vocabulum
2573 4283 2753 4355 Deus:
2785 4284 2927 4354 quod
2954 4284 3107 4339 abest
3139 4286 3338 4353 pariter
3368 4301 3395 4338 a
3427 4286 3611 4355 primis
3653 4287 3796 4343 Fau-

2198 4355 2323 4410 stini
2375 4354 2719 4421 cditionihus,
2768 4371 2943 4426 neque
2986 4356 3041 4410 in
3090 4355 3378 4425 postremis
3420 4354 3660 4413 additum
3711 4370 3795 4415 est

2199 4426 2304 4498 nisi
2335 4427 2472 4480 intra
2505 4428 2891 4498 parenthesim,
2928 4428 3028 4481 hoc
3056 4438 3158 4492 est,
3190 4442 3255 4481 ex
3283 4429 3614 4498 conjectura.
3648 4429 3785 4486 Am-

2199 4497 2421 4568 biguum
2467 4497 2680 4568 quidem
2732 4508 2995 4553 est‘num
3041 4499 3132 4553 ille
3174 4497 3484 4567 lvgcritrhic
3521 4510 3594 4554 est
3647 4518 3798 4557 verus

2124 4613 2175 4673 ι)
2205 4567 3298 4673 9535i;:2112‘l~nli“sill"§d‘PJ;.L‘2..°l’"“3.
3319 4573 3631 4673 ¹Ξ¹1¹¹⁰¹¹ῐ·ιῑ’·
3669 4574 3795 4673 ³9⁸*

2200 4639 2531 4716 Augustinus
2546 4641 2679 4716 Coll.
2698 4655 2834 4716 cum
2860 4641 3154 4716 Masimino
3174 4656 3320 4695 num.
3341 4641 3429 4709 14,
3481 4655 3533 4698 et
3564 4642 3801 4716 Cyrillus

2201 4712 2497 4767 Alexaudr.
2533 4711 2596 4765 ad
2628 4713 2829 4767 calcem
2865 4713 2996 4767 Dial.
3025 4728 3114 4766 \m
3145 4713 3345 4781 legunt.
3377 4722 3436 4768 At
3459 4711 3682 4769 verbum
3717 4733 3799 4769 re-

2200 4801 2289 4837 rus
2312 4783 2377 4837 ad
2411 4784 2601 4856 Filium
2644 4783 2713 4837 ab
2745 4784 2946 4838 Ililario
2991 4785 3222 4856 relatum
3256 4784 3422 4856 fuisse
3451 4799 3713 4856 apparet;
3742 4796 3803 4842 ut

2202 4863 2258 4911 et
2287 4854 2473 4923 legerit
2505 4856 2585 4908 hic
2610 4863 2682 4908 est
2699 4870 2868 4918 verus,
2902 4862 2957 4908 et
2994 4854 3326 4910 subaudicrit
3351 4854 3512 4925 ﬁlius.

2275 4927 2359 4994 (h)
2402 4926 2532 4981 Post
2582 4936 2777 4992 nostra,
2806 4926 3022 4980 additur
3050 4927 3101 4979 in
3127 4928 3240 4995 ipso
3271 4931 3410 4996 apud
3444 4929 3798 4985 Faustinum:

2204 4997 2345 5067 apud
2377 5011 2533 5069 quem
2570 4996 2712 5053 idem
2736 4998 2825 5051 ille
2873 4996 3024 5050 locus
3055 4997 3275 5052 totidem
3314 5000 3492 5055 verbis
3532 5000 3795 5069 refertur,

2203 5071 2448 5138 quamvis
2480 5067 2615 5131 haec,
2644 5077 2690 5121 et
2721 5072 3021 5123 resurrectio
3063 5082 3258 5135 nostra,
3296 5074 3434 5124 sicut
3476 5082 3530 5125 et
3558 5067 3805 5141 superio-

2204 5156 2285 5206 ra,
2315 5148 2359 5193 et
2393 5152 2731 5214 concaruatus
2758 5148 2830 5193 est
2851 5150 3057 5214 propter
3085 5156 3197 5207 nos,
3225 5148 3275 5194 et
3296 5158 3478 5214 passus
3515 5152 3613 5208 est,
3645 5153 3693 5197 et
3716 5161 3803 5197 re-

2204 5227 2416 5281 surgens
2438 5211 2499 5264 de
2520 5211 2731 5265 mortuis
2748 5212 3024 5282 assumpsit
3049 5228 3162 5278 nos,
3188 5211 3347 5266 modo
3374 5229 3481 5267 non
3503 5223 3721 5269 exstent
3751 5217 3804 5269 in

2205 5290 2530 5356 sacroIextu
2565 5294 2673 5335 tum
2716 5296 3048 5356 grwcogtum
3131 5284 3317 5349 latino,
3352 5285 3491 5341 sicut
3530 5301 3631 5342 nec
3660 5285 3805 5356 apud

2204 5351 2468 5425 Cyrillum
2503 5353 2621 5406 loco
2652 5351 2773 5409 ιιιὸι
2794 5354 3042 5425 laudato.

2286 5423 2544 5497 (i)ﬂUnus
2574 5425 2746 5481 codex
2789 5424 2964 5480 Vatic.
3000 5441 3118 5481 cum
3152 5427 3365 5483 duobus
3395 5428 3536 5495 aliis,
3559 5438 3606 5482 et
3627 5428 3809 5483 exina-

2202 5496 2304 5569 niti
2321 5496 2512 5569 Christi
2532 5497 2770 5564 spiritum
2796 5513 2861 5569 ac
2876 5512 3059 5569 nomen
3078 5501 3321 5568 proﬁteris
3344 5518 3360 5564 ;
3390 5500 3705 5569 depraralc.

2284 5566 2471 5641 (j)rEx_
2501 5567 2606 5635 his,
2637 5578 2694 5625 et
2736 5583 2801 5624 ex
2834 5568 2991 5641 dictis
3021 5566 3086 5624 n.'
3109 5570 3199 5634 ‘20,
3251 5571 3437 5640 liquet,
3467 5566 3587 5626 non
3640 5572 3806 5626 alium

2214 5637 2706 5765 Hil'ar‘ioiglsoannem
2735 5640 3032 5711 Evangelii,
3057 5642 3219 5697 alium
3245 5637 3595 5713 Apocalypsis
3623 5647 3813 5698 aucto—

2214 5726 2326 5765 rem
2376 5726 2406 5764 ιι
2490 5727 2538 5765 e.

2214 5726 2326 5766 rem
2355 5726 2538 5765 111188οο
