4118 6186
298 246 392 313 198

1491 249 1582 309 DE
1622 249 1994 311 TRINITATE
2044 252 2252 311 LIBER
2292 255 2381 313 Vl.

3478 259 3584 320 {94

296 377 342 421 te
371 364 546 418 oinuia
569 362 916 419 demutantur
942 362 996 419 in
1018 362 1169 419 t‘alsa.
1207 364 1502 434 Apostolus
1526 380 1782 422 concessa
1811 367 1883 421 si-
1909 370 1963 430 Α
1991 370 2200 426 ritatem
2233 369 2467 424 nominis
2500 369 2657 439 hujus
2676 376 2873 440 quanta
2906 377 3089 440 posset
3126 365 3344 425 humani
3370 385 3583 427 sermo-

292 461 340 517 bi
386 462 581 530 Optima
614 459 964 530 intelligentia
1020 459 1096 532 (α)
1126 476 1310 516 verum
1365 462 1455 517 Dei
1501 461 1668 518 ﬁlium
1712 463 1876 519 dicit:

294 564 344 611 tu
365 554 602 610 afﬁrmas
659 552 1015 620 creationem,
1042 550 1100 608 Rt
1142 554 1402 623 prmdicas
1428 555 1796 626 adoptionem,
1821 565 1878 612 tu

293 663 446 719 negas
482 647 840 702 nativitatem.
875 645 1088 700 Etcum
1119 644 1208 701 hic
1233 662 1393 702 verus
1427 647 1520 703 Dei
1554 647 1697 703 ﬁlius
1722 649 1880 705 nobis

292 743 374 808 sit,
401 751 451 796 et
490 738 599 795 vita
629 748 852 805 aeterna,
886 749 941 793 et
982 737 1339 805 resurrectio;
1394 753 1493 794 nec
1531 740 1639 794 vita
1676 751 1880 795 mterna

294 843 369 890 est
387 833 454 899 ei,
480 846 581 887 nec
605 831 954 894 resurrectio,
984 831 1068 886 cui
1097 830 1189 886 ille
1218 846 1324 885 non
1349 847 1513 887 verus
1541 842 1643 888 est.
1674 832 1744 888 Et
1764 832 1881 889 hmo

294 928 497 999 quidem
528 925 768 981 Joannes
795 923 1092 993 discipulus
1121 940 1149 977 a
1180 923 1410 979 Domino
1437 924 1684 980 dilectus.

360 1022 447 1078 Η.
488 1020 690 1075 Paulus
721 1017 983 1074 Christum
1044 1018 1234 1087 passim
1282 1018 1526 1086 prardicat
1569 1034 1742 1072 verum
1784 1017 1881 1072 Dei

296 1117 472 1188 ﬁlium.
498 1144 573 1154 —
619 1111 724 1169 Sed
771 1111 902 1166 nihil
949 1110 1017 1166 ab
1044 1110 1126 1165 ltis
1153 1111 1415 1167 dissimile
1440 1128 1506 1166 ex
1539 1122 1882 1179 persecutore

296 1208 561 1281 apostolus
590 1216 644 1263 et
676 1220 770 1260 vas
798 1204 1081 1261 electionis
1106 1205 1434 1275 praedicavit.
1469 1204 1569 1273 Qui
1601 1205 1744 1261 enim
1767 1221 1883 1262 ser-

295 1321 376 1358 mo
417 1302 533 1373 ejus
568 1317 674 1355 non
704 1299 807 1355 sub
836 1298 929 1353 ﬁlii
954 1297 1297 1353 confessione
1325 1297 1451 1353 est?
1499 1300 1629 1365 Qua:
1654 1298 1880 1369 epistola

296 1412 394 1452 non
421 1395 488 1451 de
511 1404 851 1451 sacramento
874 1391 1118 1448 veritatis
1146 1392 1302 1446 istius
1330 1401 1506 1463 empta
1535 1392 1656 1447 est?
1686 1391 1744 1446 In
1774 1408 1882 1462 quo

297 1488 505 1545 nomine
522 1502 628 1542 non
647 1484 989 1557 pr0prietatis
1006 1483 1321 1556 signiﬁcatio
1336 1494 1417 1538 est
1438 1484 1461 1537 ?
1482 1481 1713 1553 (l)Cum
1734 1484 1878 1539 enim

297 1582 508 1637 dicitur:
552 1577 890 1635 Recottciliati
930 1592 1109 1631 sumus
1163 1574 1271 1630 Deo
1295 1593 1383 1641 per
1426 1587 1639 1630 mortem
1670 1576 1767 1644 ﬁlii
1802 1576 1882 1629 sui

297 1673 461 1744 (Rom.
487 1690 538 1738 v,
596 1670 717 1742 10);
749 1680 807 1727 et
833 1684 1082 1725 rursum:
1116 1666 1256 1723 Deus
1284 1668 1450 1738 ﬁlium
1478 1684 1627 1722 suum
1668 1668 1803 1722 ntisit
1827 1668 1882 1723 in

1985 466 2069 519 nis
2104 463 2502 535 signiﬁcatione
2545 464 3026 527 monstraretzait,
3067 463 3208 531 Quid
3259 464 3327 518 ad
3352 465 3585 519 Ιηεεῖδὶ

1988 554 2127 610 Deus
2155 572 2250 628 pro
2278 555 2443 622 nobis,
2473 556 2588 627 quis
2611 565 2790 611 contra
2810 556 2941 610 nos?
2966 555 3068 622 Qui
3106 556 3216 626 ﬁlio
3243 557 3453 627 praprio
3479 572 3584 611 non

1984 648 2233 719 pepercit,
2281 648 2370 703 sed
2409 648 2623 702 tradidit
2670 664 2785 702 eum
2831 663 2926 720 pro
2961 647 3105 702 nobis
3148 646 3257 719 (Ib.
3281 648 3348 704 ’51
3375 656 3431 704 et
3456 648 3574 721 52).

1984 740 2119 796 Num
2151 740 2408 813 quidnam
2440 739 2601 797 etiam
2629 757 2772 796 nunc
2798 740 3103 812 adoptionis
3133 743 3185 796 in
3215 757 3282 798 eo
3311 743 3413 799 erit
3448 759 3588 798 nun-

1984 833 2221 904 cupatio,
2255 834 2308 888 in
2347 849 2455 905 quo
2494 834 2837 903 proprietatis
2873 843 2956 890 est
3003 835 3238 889 nomen?
3292 834 3586 905 Apostolus

1985 924 2129 979 enim
2184 924 2379 980 volens
2413 924 2731 980 charitatem
2776 940 2901 997 erga
2932 940 3031 981 nos
3063 925 3155 980 Dei
3185 926 3493 991 ostendere,
3529 935 3587 982 ut

1986 1017 2387 1089 magnilicentia
2414 1019 2504 1075 Dei
2533 1019 2838 1076 dilectionis
2854 1035 2919 1075 ex
2944 1020 3362 1091 comparationis
3386 1036 3587 1090 genere

1985 1121 2323 1180 nosceretur,
2368 1128 2476 1168 non
2521 1114 2827 1183 pepercisse
2869 1113 3035 1170 Deum
3082 1114 3302 1183 proprio
3342 1113 3454 1169 ﬁlio
3482 1129 3583 1171 suo

1984 1206 2168 1262 docuit
2199 1223 2212 1260 :
2246 1222 2352 1261 non
2377 1207 2559 1277 utique
2591 1222 2690 1277 pro
2727 1206 3049 1276 adoptandis
3096 1208 3383 1279 adoptato,
3411 1225 3585 1279 neque

1987 1315 2085 1370 pro
2123 1298 2320 1355 creatis
2358 1308 2645 1365 creaturae,
2691 1300 2786 1355 sed
2816 1316 2912 1371 pro
2953 1299 3144 1355 alienis
3170 1315 3294 1367 suo,
3326 1316 3426 1372 pro
3455 1315 3588 1356 con-

1985 1390 2356 1461 nuncupandis
2373 1393 2613 1463 pr0prio.
2632 1392 2824 1460 Qumre
2849 1393 3100 1448 virtutem
3124 1392 3284 1457 dicti;
3309 1401 3367 1449 ut
3383 1392 3588 1465 magni-

1988 1485 2227 1541 tudinem
2266 1485 2545 1540 charitatis
2576 1485 2867 1555 intelligas.
2921 1485 3057 1553 Quid
3092 1486 3161 1540 sit
3181 1486 3458 1558 proprium
3488 1500 3586 1541 ex-

1985 1577 2195 1648 pende;
2230 1594 2296 1634 ne
2344 1578 2558 1648 ignores
2588 1579 2892 1635 veritatem.
2920 1577 3070 1635 Nunc
3113 1580 3255 1634 enim
3289 1579 3586 1648 Apostolus

1987 1672 2264 1742 proprium
2288 1672 2363 1726 ait
2390 1670 2579 1737 ﬁlium,
2611 1686 2732 1726 cum
2761 1671 2814 1725 in
2846 1671 3031 1725 multis
3058 1671 3139 1726 vel
3166 1688 3336 1735 suum,
3363 1671 3445 1726 vel
3475 1672 3589 1741 ejus

294 1766 669 1822 similitudinem
695 1764 862 1819 carnis
885 1761 1079 1833 peccati
1104 1760 1281 1833 (Rom.
1302 1775 1416 1823 vnt,
1439 1759 1531 1831 5);
1559 1770 1613 1815 et
1633 1775 1878 1815 rursum:
1915 1765 1960 1826 Β
1988 1780 2133 1834 smpe
2154 1764 2396 1821 dixisset.
2419 1764 2487 1820 Et
2505 1765 2753 1835 quamvis
2767 1764 2917 1819 multi
2939 1764 3178 1831 codices,
3196 1779 3295 1835 per
3316 1762 3388 1837 (e)
3413 1775 3590 1821 trans-

296 1863 488 1919 Fidelis
508 1861 674 1925 Deus,
708 1876 798 1929 per
824 1875 974 1929 quem
1008 1856 1175 1911 vocati
1213 1856 1332 1909 estis
1382 1856 1438 1909 in
1479 1856 1883 1909 communionem

296 1959 381 2028 ﬁlii
421 1956 538 2028 ejus
585 1954 642 2023 (t
672 1951 796 2008 Cor.
840 1966 878 2009 ι,
913 1948 1003 2020 9):
1033 1947 1171 2015 Quid
1202 1945 1290 2001 hic
1336 1946 1716 2002 haereticorum
1742 1945 1884 2002 furto

298 2049 385 2105 loci
410 2047 661 2104 relictum
686 2042 806 2100 est?
846 2041 1017 2098 Filius
1043 2054 1175 2097 suus
1204 2048 1307 2107 est,
1343 2038 1484 2094 ﬁlius
1507 2038 1584 2112 (ὁ)
1611 2040 1729 2109 ejus
1756 2048 1871 2095 est:

295 2158 388 2198 non
444 2138 669 2207 ad0ptio
734 2135 852 2206 ejus
922 2142 1048 2203 est,
1128 2149 1236 2188 non
1308 2140 1555 2188 creatura
1600 2133 1719 2202 ejus
1776 2140 1880 2186 est.

295 2235 493 2292 Nomen
525 2242 771 2288 naturam
801 2228 1058 2299 loquitur,
1085 2225 1366 2283 veritatem
1387 2225 1687 2297 proprietas
1715 2240 1886 2281 enun-

298 2328 398 2397 tiat,
429 2325 596 2381 ﬁdem
625 2322 894 2379 confessio
919 2327 1177 2376 testatur:
1207 2333 1314 2373 non
1342 2318 1583 2388 intelligo
1609 2316 1738 2387 quid
1758 2316 1884 2372 addi

297 2420 454 2492 possit
487 2418 552 2474 ad
576 2425 821 2472 naturam
849 2412 965 2467 lilii.
1000 2410 1077 2485 (2)
1108 2411 1180 2484 (ε)
1220 2410 1352 2465 Nam
1380 2409 1523 2481 quod
1576 2409 1714 2464 ﬁlius
1768 2408 1886 2479 ejus

298 2524 386 2581 est,
430 2513 528 2586 qui
574 2527 696 2567 esse
739 2518 891 2581 pater
918 2506 1189 2571 creditur;
1221 2521 1327 2559 non
1352 2504 1557 2559 incerta
1581 2512 1635 2558 et
1672 2502 1883 2557 inﬁrma

297 2607 392 2673 ille,
418 2605 516 2676 qui
556 2601 837 2659 electionis
862 2609 943 2655 est
979 2613 1092 2664 vas,
1122 2598 1331 2653 locutus
1354 2606 1467 2653 est:
1497 2611 1596 2651 nec
1634 2594 1887 2666 Magister

297 2702 526 2774 gentium
556 2707 612 2753 et
652 2693 941 2766 Apostolus
968 2690 1170 2746 Christi
1202 2690 1464 2759 ambigam
1490 2686 1750 2744 doctrinae
1773 2703 1885 2743 sua:

297 2808 527 2851 errorem
562 2788 799 2861 reliquit.
832 2786 945 2842 Scit
971 2784 1059 2855 qui
1098 2782 1203 2840 sint
1233 2779 1538 2853 adoptionis
1567 2779 1683 2848 ﬁlii,
1713 2788 1764 2835 et
1795 2778 1888 2848 qui

297 2886 388 2942 hoc
420 2899 549 2941 esse
601 2896 664 2937 ac
710 2877 1008 2949 nuncupari
1054 2891 1147 2944 per
1176 2875 1335 2929 ﬁdem
1379 2873 1554 2929 meriti
1597 2881 1740 2926 sunt.
1798 2872 1888 2926 Ait

297 2992 519 3050 namque
552 2995 566 3031 :
602 2974 862 3044 Quotquot
895 2970 1028 3024 enim
1056 2968 1241 3038 spiritu
1290 2963 1388 3019 Dei
1408 2974 1650 3037 aguntur,
1695 2964 1748 3017 hi
1789 2963 1887 3032 ﬁlii

298 3084 402 3129 sunt
436 3071 559 3126 Dei.
616 3069 736 3124 Non
764 3069 902 3125 enim
946 3063 1215 3135 accepistis
1242 3061 1483 3132 spiritum
1513 3058 1763 3114 servitutis
1792 3058 1885 3112 ile-

1988 1858 2217 1914 latorum
2249 1858 2551 1929 simplicem
2606 1854 3034 1929 intelligentiam,
3078 1856 3131 1912 in
3173 1857 3278 1912 hoc
3324 1857 3446 1913 loco
3486 1872 3586 1928 pro

1988 1946 2068 2023 (ί)
2096 1950 2307 2020 pr0prio
2337 1950 2467 2020 ﬁlio,
2517 1965 2611 2005 suo
2642 1950 2753 2019 ﬁlio
2790 1949 3155 2017 conscriptum
3205 1948 3476 2003 habeant:
3503 1958 3586 2003 ta-

1986 2057 2110 2097 men
2164 2042 2434 2111 grazcitas,
2491 2058 2595 2113 qua
2644 2042 2822 2113 lingua
2867 2041 3159 2113 Apostolus
3210 2050 3295 2098 est
3342 2041 3587 2108 locutus,

1988 2134 2262 2204 proprium
2288 2150 2429 2189 nunc
2456 2133 2626 2205 magis
2651 2149 2811 2206 quam
2843 2150 2999 2190 suum
3028 2146 3322 2204 nuncupat.
3367 2134 3433 2189 Et
3456 2133 3585 2191 licet

1986 2225 2290 2281 communis
2335 2224 2706 2296 intelligentia:
2756 2242 2919 2282 sensu
2970 2242 3074 2281 non
3112 2226 3245 2281 satis
3271 2225 3415 2282 inter
3452 2241 3579 2294 pro-

1986 2319 2164 2391 prium
2210 2327 2265 2374 et
2309 2335 2464 2374 suum
2510 2319 2755 2386 dilTerat;
2798 2335 2984 2375 verum
3029 2319 3341 2390 Apostolus,
3376 2333 3497 2375 cum
3534 2319 3588 2375 in

1986 2410 2200 2466 caeteris
2224 2410 2345 2466 aliis
2370 2410 2530 2466 dictis
2554 2427 2704 2466 suum
2730 2412 2899 2482 ﬁlium
2914 2421 3413 2479 commemorasset,
3446 2410 3590 2481 quod

1987 2510 2074 2558 est
2110 2518 2308 2574 graece,
2353 2504 2441 2559 τὸν
2468 2503 2656 2560 ἑαυτοῦ
2681 2505 2808 2568 υἱὸν,
2838 2513 3015 2560 tamen
3039 2505 3092 2559 in
3117 2506 3220 2560 hoc
3247 2506 3367 2561 loco
3389 2519 3587 2561 secun-

1988 2595 2116 2652 dum
2159 2596 2303 2667 quod
2346 2598 2440 2662 ait,
2471 2595 2527 2659 ὃς
2554 2618 2611 2671 γε
2658 2604 2749 2655 τοῦ
2789 2596 2920 2653 ἰδίου
2958 2597 3069 2653 υἱοῦ
3096 2600 3181 2653 οὐκ
3216 2600 3472 2672 ὶφείσατο,
3503 2598 3592 2669 qui

1988 2690 2200 2763 proprio
2220 2691 2332 2761 ﬁlio
2356 2707 2457 2746 non
2477 2691 2721 2761 pepercit,
2755 2699 2960 2745 natura:
2988 2691 3255 2745 viritatem
3282 2691 3594 2763 signiﬁcan-

1989 2789 2071 2836 ter
2099 2781 2397 2850 expressit:
2443 2782 2609 2852 utqui
2637 2783 2888 2851 superius
2915 2781 3053 2838 lilios
3077 2783 3258 2853 plures
3305 2799 3404 2855 per
3433 2784 3595 2853 spiri-

1990 2880 2102 2927 tum
2151 2872 2456 2943 adoptionis
2504 2873 2968 2940 demonstrasset,
3030 2889 3173 2931 nune
3249 2874 3591 2947 unigenitum

1987 2964 2158 3021 Deum
2190 2965 2355 3020 ﬁlium
2386 2966 2730 3035 pr0prietatis
2761 2964 2840 3038 (g)
2869 2965 3204 3023 ostenderet.

2062 3056 2154 3111 46.
2197 3056 2578 3112 lnexcusabilis
2604 3058 2786 3127 estqui
2811 3056 3074 3114 Christum
3092 3058 3260 3129 ﬁlium
3287 3057 3386 3115 Dei
3414 3069 3587 3135 negat.

297 3182 395 3221 rum
416 3165 502 3240 (5)
538 3164 615 3235 (Δ)
644 3164 699 3217 in
742 3163 973 3215 timorem
997 3200 1012 3226 ,
1042 3157 1129 3211 sed
1169 3154 1432 3223 accepistis
1456 3153 1689 3223 spiritum
1726 3150 1887 3221 adop-
1914 3161 1957 3224 ρ
1992 3152 2360 3207 Autichrislum
2408 3168 2502 3224 pro
2554 3151 2757 3208 Christo
2787 3163 2858 3207 est
2896 3164 3321 3221 suscepturus.-—
3365 3152 3482 3210 Non
3512 3162 3598 3211 est

297 3261 452 3325 tionis,
495 3259 545 3312 in
573 3274 672 3328 quo
699 3256 1000 3319 clamamus,
1020 3250 1169 3319 .Abba
1200 3258 1344 3320 pater
1368 3246 1544 3321 (llam.
1574 3260 1690 3311 VIII,
1744 3243 1811 3298 M
1834 3255 1889 3300 et

300 3354 401 3425 15).
434 3350 594 3427 167
632 3347 782 3404 Fidei
812 3355 1010 3402 nostra:
1053 3358 1146 3413 per
1177 3347 1572 3396 sacramentum
1604 3352 1892 3408 regenera-

302 3447 447 3501 tionis
472 3446 582 3499 hoc
614 3457 808 3498 nomen
838 3447 949 3495 est:
973 3446 1027 3493 et
1053 3434 1319 3508 professio
1360 3442 1539 3488 nostra
1569 3431 1727 3488 nobis
1751 3447 1890 3502 pra:-

300 3548 394 3594 stat
438 3535 816 3607 adoptionem.
856 3530 1025 3585 Filios
1056 3528 1200 3583 enim
1232 3523 1349 3593 Dei,
1399 3539 1563 3595 opera
1588 3524 1886 3580 secundum

302 3632 529 3701 spiritum
561 3628 659 3684 Dei
696 3635 843 3697 gesta
871 3620 1325 3690 eonnnncupant':
1359 3625 1416 3672 et
1439 3616 1702 3672 clamatur
1730 3632 1759 3669 a
1793 3630 1887 3671 no-

302 3725 374 3780 bis
399 3726 580 3796 potius
627 3720 770 3775 Abba
799 3726 959 3789 pater,
994 3730 1154 3787 quam
1184 3728 1250 3768 ex
1309 3722 1514 3766 natura:
1558 3717 1740 3766 manet
1766 3725 1890 3781 pro-

304 3819 549 3887 prietate;
594 3817 720 3887 quia
747 3820 900 3869 extra
942 3819 1147 3866 natura:
1195 3807 1583 3878 proprietatem
1627 3816 1712 3863 est
1743 3805 1889 3862 vocis

303 3911 551 3985 ollicium,
601 3922 654 3966 et
685 3907 795 3964 dici
821 3915 980 3977 atque
1001 3918 1124 3960 esse
1153 3917 1260 3957 non
1292 3900 1434 3955 idem
1463 3909 1566 3956 est.

362 4008 446 4063 45.
491 4005 669 4062 Filius
697 4001 941 4074 preprius
960 4001 1145 4054 diserte
1166 4007 1411 4053 assertus.
1444 3995 1678 4068 Epistola
1696 3994 1764 4047 ad
1784 3992 1892 4048 Ro-

301 4120 462 4158 ntanos
477 4117 647 4176 grwce
672 4097 963 4167 scripta.—-
981 4094 1051 4148 At
1076 4106 1205 4148 vero
1237 4106 1355 4163 qua:
1381 4088 1450 4145 de
1477 4088 1585 4142 lilio
1620 4087 1710 4142 Dei
1742 4088 1887 4155 Apo-

303 4198 410 4252 stoli
429 4198 569 4251 ﬁdes
593 4191 686 4261 sit,
712 4189 1094 4259 intelligamus.
1119 4184 1253 4241 Nam
1276 4200 1400 4241 cum
1415 4182 1585 4247 omni,
1603 4195 1762 4251 quem
1796 4180 1889 4233 ha-

303 4290 403 4345 buit
426 4291 490 4346 ad
530 4284 796 4343 Ecclesia:
826 4281 1153 4345 doctrinam,
1186 4293 1437 4335 sermone
1465 4291 1756 4347 numquam
1787 4274 1888 4329 Pa-

306 4387 425 4438 trem
453 4382 575 4437 sine
608 4378 729 4435 Filii
759 4372 1100 4433 confessione
1121 4370 1470 4442 loqueretur;
1501 4378 1679 4424 tamen
1712 4372 1772 4422 ut
1797 4380 1889 4422 ve-

363 4494 383 4555 l
394 4496 437 4555 ll
478 4495 611 4550 Cum
637 4491 772 4546 enim
795 4488 939 4542 dicit.

369 4496 408 4555 ll
478 4496 611 4550 Cum
637 4496 772 4546 enim
795 4496 834 4542 αλ

369 4496 443 4639 (ἒς
481 4566 651 4633 Quam
675 4560 834 4634 quod.

1995 3247 2262 3302 humanus
2293 3246 2379 3302 hic
2419 3261 2596 3315 error,
2648 3262 2822 3318 neque
2876 3246 2930 3303 in
2980 3249 3225 3319 negando
3252 3249 3345 3305 Dei
3378 3247 3490 3306 ﬁlio
3514 3248 3598 3305 vi-

1996 3340 2125 3395 tium
2164 3340 2482 3411 ignorantia:
2510 3349 2615 3405 est,
2646 3339 2733 3395 ubi
2769 3339 3005 3410 ignorari
3032 3356 3139 3396 non
3189 3341 3312 3397 licet
3333 3340 3474 3411 quod
3498 3355 3595 3396 ne-

1992 3441 2170 3505 gatur.
2215 3430 2475 3488 Creatura
2520 3446 2589 3487 ex
2635 3431 2804 3487 nihilo
2833 3431 3137 3489 subsistens
3171 3432 3264 3489 Dei
3293 3433 3434 3490 ﬁlius
3454 3432 3594 3489 dici-

1997 3536 2105 3582 tur.
2143 3525 2257 3582 lloc
2283 3526 2327 3581 si
2350 3540 2452 3582 nec
2473 3525 2632 3581 Pater
2672 3524 2883 3582 locutus
2907 3534 3010 3591 est,
3043 3541 3143 3582 nec
3174 3525 3344 3583 Filius
3366 3534 3596 3583 testatus

2000 3619 2160 3693 168
2187 3627 2291 3684 est,
2333 3634 2432 3674 nec
2470 3617 2766 3689 Apostolus
2813 3618 3146 3689 praedicavit,
3189 3628 3369 3675 tamen
3389 3618 3591 3675 audere

1995 3711 2197 3783 eloqui,
2226 3710 2328 3766 hoc
2355 3720 2441 3766 est
2468 3707 2740 3765 Christum
2775 3725 2880 3766 non
2922 3710 3172 3781 ignorare
3199 3710 3593 3776 tantummodo,

1994 3804 2089 3863 sed
2138 3805 2338 3861 odisse.
2376 3802 2509 3860 Cum
2539 3803 2682 3859 enim
2731 3811 2881 3869 pater
2907 3802 2976 3858 de
3020 3801 3131 3856 ﬁlio
3161 3817 3260 3858 suo
3289 3802 3451 3865 dicat,
3487 3800 3592 3857 llic

1995 3909 2071 3955 est
2110 3896 2323 3969 (Matth.
2352 3913 2432 3963 ut,
2472 3894 2593 3966 l7);
2616 3904 2671 3951 et
2701 3891 2867 3950 Filius
2892 3894 2958 3950 de
2994 3908 3055 3949 se
3086 3893 3250 3958 dicat,
3304 3892 3407 3959 Qui
3430 3903 3595 3947 tecum

1998 3991 2239 4061 loquitur,
2262 3990 2372 4056 ipse
2397 3997 2467 4044 est
2492 3984 2671 4060 (Joan.
2699 4002 2772 4052 ιι,
2800 3986 2919 4056 57);
2947 3994 3002 4042 et
3027 3985 3217 4041 Petrus
3242 3986 3585 4053 conﬁteatur,

2000 4081 2078 4137 Tu
2106 4098 2157 4136 cs
2177 4079 2392 4150 (Matth.
2424 4078 2680 4149 xvr,16);
2709 4086 2763 4134 et
2782 4077 3018 4133 Joannes
3047 4083 3293 4143 testetur,
3328 4074 3428 4129 Hic
3450 4090 3597 4130 verus

1996 4186 2069 4231 est
2097 4175 2151 4247 (Ι
2179 4172 2339 4229 Joan.
2369 4188 2426 4239 v,
2458 4171 2583 4241 ﬁl);
2608 4181 2662 4228 et
2682 4171 2882 4227 Paulus
2904 4186 3012 4226 non
3042 4171 3269 4226 desistat.
3302 4167 3600 4240 praedicare

1997 4271 2069 4325 de
2096 4267 2351 4339 proprio:
2384 4281 2493 4321 non
2531 4265 2775 4337 intelligo
2805 4264 2949 4321 aliud
2998 4279 3157 4335 quam
3200 4261 3430 4334 negandi
3478 4277 3602 4319 esse

1996 4360 2202 4429 odium,
2230 4358 2322 4415 ubi
2353 4356 2634 4429 imperitiae
2663 4372 2816 4413 error
2832 4374 2940 4414 non
2962 4365 3251 4413 excusatur
3276 4358 3330 4412 in
3347 4354 3595 4413 crimine.

2074 4476 2153 4553 (5)
2199 4475 2267 4531 In
2288 4476 2488 4530 timore.

369 4689 441 4761 (τι)
468 4690 645 4744 me
672 4685 724 4738 ⁵η
756 4679 1032 4738 ποτιηυιιίε
1054 4691 1185 4761 "'55.-
1220 4676 1422 4759 υενένητπ
1451 4672 1656 4761 Dei-Pl
1684 4671 1771 4755 ¹ἱί⁰
1795 4685 1893 4761 °P'
1920 4654 3501 4761 D2‘BIEB'ieiiiﬁif35‘3333315'?.ii‘§‘f.:f‘ﬁlf‘affi‘l'm’
3533 4667 3599 4708 ³⁸

309 4744 478 4816 ιὶηῖιιῖη
511 4757 700 4815 llilarii
749 4756 1098 4825 interpretem
1137 4748 1451 4826 Faustiuhum
1491 4745 1676 4800 audire
1696 4744 1895 4826 juvat:

310 4832 565 4899 Quomodo
595 4830 749 4889 enim,
783 4817 975 4892 inquit,
1008 4839 1110 4899 non
1144 4836 1292 4899 uerus
1328 4817 1592 4899 Deus-est.
1622 4817 1708 4898 qui
1753 4830 1900 4899 v'erus

308 4883 375 4957 iii
599 4883 808 4973 quando
840 4883 949 4973 non
965 4883 1147 4949 solum
1174 4892 1236 4973 de
1263 4891 1364 4944 veri
1405 4886 1735 4973 ﬁlii-nomine
1761 4883 1900 4973 Deus

306 4960 445 5045 [erus
471 4960 742 5045 probatur,
768 4966 1033 5045 sedetiam
1055 4964 1268 5045 per/tes
1298 4961 1436 5031 quod
1456 4960 1557 5013 vita
1582 4966 1774 5045 aeterna
1800 4966 1898 5045 est.

316 5042 423 5099 Vita
451 5030 590 5101 enim
617 5030 810 5109 (eterna
841 5040 942 5093 non
981 5030 1128 5090 habet
1153 5030 1354 5109 initium
1392 5047 1553 5109 neque
1574 5030 1758 5099 ﬁnem:
1781 5043 1901 5109 erqo

307 5131 441 5172 rents
463 5115 604 5174 Deus
632 5124 706 5170 est
761 5108 997 5166 Christus
1023 5123 1126 5162 non
1169 5103 1355 5159 habens
1391 5103 1595 5156 initium
1639 5115 1798 5172 neque
1832 5102 1900 5168 ﬁ-

306 5203 432 5244 item.
463 5202 572 5244 etc.

372 5231 445 5333 ὃ)
464 5231 648 5325 “Editi,
677 5256 816 5333 ﬁliu_s
857 5254 966 5325 ejus
991 5251 1089 5333 sit:
1117 5256 1302 5333 contra
1328 5246 1491 5333 ﬁdem
1511 5259 1648 5333 mss.
1686 5241 1901 5333 :llicjre-

308 5312 928 5398 spi‘ei'unwturs'u'periorés
980 5320 1226 5398 Apostoli
1272 5318 1395 5383 loci,
1426 5331 1654 5387 quorum
1686 5315 1737 5369 in
1768 5312 1903 5367 dno-

309 5395 403 5457 bus
422 5414 505 5459 est
528 5395 758 5466 suus,'in
793 5406 1072 5464 postremo
1100 5395 1228 5462 ejus.

374 5452 952 5546 (ci'DadTliriflsips.
985 5480 1049 5520 ac
1078 5452 1187 5546 nou
1208 5460 1364 5546 pauci
1384 5474 1538 5546 mss.,
1570 5471 1721 5546 quam
1741 5452 1899 5546 qugd.

309 5534 494 5599 Melius
527 5534 641 5599 Par'.
676 5534 1133 5610 (inodo'correcta
1156 5534 1321 5611 interit
1353 5534 1716 5611 interponenti
1742 5534 1903 5579 vitio-

310 5597 401 5687 δέ)
426 5597 551 5672 cum
574 5597 971 5687 antiquioribus
988 5622 1120 5687 mss.
1146 5603 1285 5687 Nam
1314 5597 1903 5687 quodaliniggvult‘saue:

316 5671 401 5742 lus
432 5671 651 5751 Doctor,
678 5671 809 5741 nihil
843 5681 909 5737 ad
931 5671 1335 5751 signiﬁcandam
1373 5673 1487 5751 veri
1519 5671 1614 5725 ﬁlii
1657 5675 1900 5751 naturam

316 5738 651 5832 aditi-posse;
670 5738 764 5815 ubi
803 5738 1029 5812 habetti'r
1060 5750 1183 5822 ﬁliis
1211 5763 1316 5805 non
1363 5744 1525 5803 modo
1553 5756 1773 5810 nomen,
1807 5738 1904 5798 sed

2004 4725 2216 4792 domum
2244 4725 2490 4799 Apostoli
2521 4725 2806 4798 utrumque
2830 4725 3082 4799 testantis
3106 4725 3395 4782 confessio.

2100 4805 2155 4872 ἀ)
2196 4798 2361 4867 Editi,
2390 4800 2449 4872 in
2472 4800 2653 4872 timore
2677 4813 2697 4872 .'
2722 4798 3143 4872 repugnantibus
3166 4813 3303 4872 mss.
3329 4806 3595 4867 etgrzeco.

2100 4805 2155 4872 ἀ)
2196 4805 2361 4867 Editi,
2390 4805 2443 4854 in
2472 4805 2653 4853 timore
2677 4813 2697 4853 :
2722 4805 3143 4870 repugnantibus
3166 4813 3297 4852 mss.
3329 4806 3525 4867 etgrzet

2075 4805 2149 4946 in)
2187 4873 2240 4946 ln
2271 4888 2369 4926 ms.
2408 4869 2646 4946 Martin.,_
2670 4871 2967 4946 latinorum.
2999 4869 3525 4946 loco_tran_slatorum.

2074 4938 2154 5019 (Γ)
2198 4945 2317 5019 Par.
2347 4959 2439 5012 pro
2471 4943 2681 5011 proprio
2702 4957 2797 5019 suo
2826 4942 2970 5019 ﬁlio:
2999 4938 3137 4993 haud
3164 4940 3297 5019 satis
3320 4939 3595 5019 distincte.

2002 5008 2259 5074 Nonnulli
2284 5008 2416 5069 mss.
2461 5008 2795 5082 pro'proprio
2827 5008 2947 5081 ﬁlio
2969 5026 3120 5064 suum
3167 5011 3354 5082 ﬁlium.
3401 5008 3602 5064 Obser-

2004 5101 2093 5143 vat
2118 5088 2408 5144 Faustinus
2448 5081 2537 5139 hic
2564 5083 2786 5138 Paulum
2814 5082 3058 5137 alludere
3078 5082 3143 5136 ad
3168 5084 3271 5138 ista
3290 5081 3426 5137 Gen.
3456 5095 3597 5145 χχιι,

2008 5161 2106 5217 42:
2146 5158 2302 5213 Nunc
2328 5157 2561 5227 cognovi,
2585 5156 2706 5227 quia
2742 5156 2884 5210 times
2911 5154 3096 5227 Deum,
3132 5166 3178 5208 et
3202 5171 3303 5227 non
3328 5151 3602 5227 pepercisti

2005 5233 2189 5288 dilecto
2243 5230 2352 5297 ﬁlio
2372 5221 2481 5291 tito,
2524 5236 2578 5281 et
2598 5221 2753 5283 Isaac
2775 5226 2996 5297 ﬁguram
3025 5225 3188 5282 luisse
3215 5226 3306 5280 ﬁlii
3330 5221 3451 5279 Dei:
3486 5221 3602 5291 ple-

2006 5306 2213 5358 niorem
2243 5310 2424 5356 autem
2453 5310 2615 5370 atque
2648 5298 3027 5370 perfectiorem
3058 5299 3282 5370 veritate
3311 5297 3424 5366 ipsa
3459 5298 3602 5349 tutu-

2006 5390 2121 5429 ram
2156 5374 2323 5428 fuisse
2345 5368 2588 5440 ﬁguram.
2631 5368 2674 5426 si
2719 5369 2868 5425 lsaac
2913 5385 3074 5424 verus
3112 5368 3251 5423 ﬁlius
3280 5384 3309 5422 a
3336 5376 3485 5440 patre
3506 5379 3606 5420 suo

2006 5445 2303 5511 Abraham,
2347 5435 2407 5498 et
2446 5442 2586 5498 ﬁlius
2612 5457 2719 5497 non
2742 5455 2903 5497 verus
2954 5457 2984 5494 a
3033 5441 3144 5496 Deo
3198 5435 3350 5511 patre
3393 5435 3607 5493 oblatus

2004 5516 2187 5574 fuerit.
2391 5516 2409 5525 “

2082 5587 2158 5662 (g)
2195 5586 2423 5662 Supple,
2456 5584 2716 5662 vocabulo.
2744 5583 3081 5662 Quamquam
3136 5580 3463 5662 proprietatis
3499 5595 3609 5662 vo}:

2005 5652 2422 5728 ita‘c'olloe'a'tur,
2473 5668 2531 5714 ut
2574 5656 2716 5729 ﬁlius
2761 5652 3089 5728 praprietatis
3136 5652 3441 5726 opponatur
3484 5652 3615 5724 ﬁliis

2007 5731 2325 5806 adoptionis.
