4118 6186
480 246 582 303 198

1680 240 1930 301 SANCTI
1968 238 2227 300 lllLARll
2263 242 2573 303 EPlSCOPl

3690 244 3791 301 196

480 365 739 437 Loquitur
783 363 897 420 haec
922 363 1161 429 interim,
1190 363 1432 433 loquitur
1465 361 1621 429 plane
1656 377 1750 431 per
1801 362 2068 417 adventus
2101 360 2146 421 A
2178 378 2403 434 nagoga,
2435 364 2519 418 cui
2550 361 3010 418 immortalitatem
3059 360 3189 415 ﬁdes
3216 360 3335 416 haec
3372 359 3619 415 confessa
3670 359 3791 412 red-

488 463 568 516 sui
589 462 879 531 prephetas
906 475 967 516 ac
996 459 1229 530 praevias
1256 458 1370 528 ipse
1400 458 1512 525 ille,
1549 458 1640 528 qui
1686 467 1870 527 postea
1899 458 2002 512 erit
2026 458 2077 511 in

474 556 554 626 (η)
586 556 906 611 antichristo
952 554 1256 608 locuturus:
1294 552 1598 607 salutarem
1639 551 1759 607 ﬁdei
1784 551 2083 607 confessio—

484 663 605 702 nem
660 647 742 700 his
791 644 1137 699 tentamentis
1176 645 1329 698 novis
1360 643 1701 714 inquietans,
1752 653 1811 698 ut
1842 643 2078 713 primum

476 738 820 793 conscientia;
846 743 1068 800 nostrae,
1095 736 1171 807 (l)
1198 735 1271 809 (b)
1304 735 1425 805 quia
1461 736 1531 789 ita
1558 735 1859 801 credimus,
1884 735 2081 789 intelli-

474 831 708 900 gentiam
760 827 854 881 ﬁlii
882 827 1141 883 naturalis
1183 828 1410 910 avellat;
1463 828 1664 884 deinde
1709 828 1883 898 ipsum
1927 828 2077 895 illud,

479 922 621 989 quod
649 918 723 994 (c)
762 921 1072 991 adoptivum
1102 920 1224 980 erit.
1275 920 1544 989 reliquum
1572 936 1766 977 nomen
1809 920 2077 975 excludat.

478 1015 608 1069 Nam
640 1030 762 1069 cum
804 1015 996 1084 quibus
1018 1013 1162 1083 (seu,
1193 1014 1246 1066 in
1276 1029 1495 1084 quarunt
1537 1010 1807 1085 sententia)
1831 1023 2081 1068 creatura

477 1116 559 1161 est
586 1107 857 1171 Christus,
888 1119 1109 1159 necesse
1129 1112 1214 1159 est
1242 1114 1299 1158 ιιι
1329 1120 1450 1158 cum
1482 1103 1565 1158 his
1591 1103 1941 1159 antichristus
1967 1104 2081 1172 ipse

480 1207 549 1252 sxt
578 1198 857 1261 Christus;
889 1196 1010 1266 quia
1040 1195 1130 1250 ﬁlii
1165 1195 1550 1266 proprietatem
1577 1202 1821 1250 creatura
1858 1209 1962 1248 non
1996 1197 2083 1248 ha-

481 1292 618 1355 beat,
648 1301 701 1344 et
727 1291 815 1343 Dei
850 1305 908 1344 se
938 1289 1029 1343 ille
1071 1290 1235 1344 tilittttt
1267 1289 1586 1343 mentiatur:
1616 1296 1672 1342 et
1700 1302 1794 1356 per
1820 1278 1922 1340 hoc
1944 1285 2022 1357 (d)
2049 1300 2080 1340 a

479 1384 672 1455 quibus
710 1381 796 1437 hic
839 1383 934 1437 Dei
976 1381 1117 1437 ﬁlius
1161 1382 1273 1451 jam
1321 1390 1566 1453 negatur,
1603 1380 1673 1435 ab
1720 1381 1801 1436 his
1831 1379 1911 1450 (2)
1953 1388 2082 1434 tunc

478 1478 724 1533 Christus
753 1475 846 1530 ille
872 1474 1146 1529 credatur.

546 1571 639 1626 47.
682 1569 763 1622 Ad
787 1569 1057 1623 sanitatem
1086 1568 1377 1621 merendam
1408 1566 1534 1636 ﬁdes
1559 1566 1656 1635 ﬁlii
1687 1564 1783 1620 Dei
1804 1565 2079 1635 prwcaigi-

478 1673 657 1716 tur.-—
685 1662 852 1728 Quas,
875 1673 994 1724 oro,
1027 1673 1171 1729 spes,
1204 1659 1381 1714 inanis
1415 1659 1582 1725 furor,
1612 1658 1856 1727 expetis?
1882 1659 1948 1712 Et
1974 1672 2082 1727 qua

2186 456 2418 513 hibcret.
2451 458 2514 512 Et
2540 472 2659 513 cum
2682 458 2775 512 ille
2801 457 3038 511 incertus
3062 455 3354 510 etiamnum
3395 454 3790 522 τρειιοιιιιὶεδωι,

2188 551 2315 618 Quis
2341 560 2434 618 est,
2466 550 2706 616 Domine,
2734 560 2790 605 ut
2816 542 3021 604 credam
3044 549 3094 602 in
3122 566 3237 603 eum
3278 547 3450 620 (Ibid.
3483 546 3614 618 36)?
3641 547 3799 618 igno-

2186 645 2454 698 rationem
2487 644 2625 713 ejus,
2658 658 2815 714 quem
2847 652 2969 711 post
3002 641 3284 695 oculorum
3319 637 3399 711 (4)
3426 639 3798 708 recuperatio-

2185 751 2307 789 nem
2363 742 2527 789 tanta:
2576 733 2699 790 ﬁdei
2742 732 3104 803 intelligentia
3143 730 3551 794 numerabatur,
3601 731 3797 786 nolens

2186 843 2425 892 manere,
2458 829 2525 882 ita
2549 829 2622 881 ait
2647 848 2657 881 :
2689 826 2760 880 Et
2796 827 2967 882 vidisti
3004 843 3137 889 eum,
3167 835 3213 878 et
3242 826 3328 895 qui
3355 834 3520 881 tecum
3547 824 3793 896 loquitur,

2183 921 2292 989 ipse
2319 930 2391 974 cst
2435 919 2593 990 (Ibid.
2616 920 2729 992 57).
2772 918 3041 989 Numquid
3070 918 3139 973 ab
3188 918 3292 974 hoc
3335 921 3478 974 sicut
3513 934 3543 972 a
3582 920 3797 974 caeteris

2189 1012 2472 1075 Dominus,
2506 1013 2597 1083 qui
2638 1014 2865 1068 orabant
2894 1014 3174 1077 sanitates,
3213 1010 3614 1067 confessionem
3672 1010 3797 1066 ﬁdei

2183 1104 2249 1158 ad
2272 1105 2499 1160 salutem
2525 1104 2833 1163 merendam
2871 1102 2951 1177 (ὅ)
2983 1105 3250 1174 reposcit?
3283 1103 3399 1157 Non
3430 1103 3633 1173 utique.
3661 1103 3795 1158 Nam

2185 1198 2302 1253 huic
2344 1198 2455 1269 jam
2490 1198 2556 1253 ad
2588 1214 2793 1254 caecum
2830 1199 3097 1253 videntem
3141 1198 3354 1253 locutus
3382 1206 3496 1262 est;
3519 1198 3612 1252 sed
3640 1198 3711 1252 ob
3744 1199 3796 1253 id

2185 1301 2412 1358 tantum,
2438 1299 2495 1346 ut
2515 1290 2868 1360 responderet
2891 1291 3018 1346 ille:
3045 1287 3212 1345 Credo
3236 1288 3452 1343 Domine
3482 1288 3644 1355 (Ibid.
3666 1289 3792 1358 ‘58);

2183 1384 2306 1453 quia
2336 1384 2707 1453 responsionis
2732 1384 2863 1439 ﬁdes
2892 1398 2998 1438 non
3033 1383 3293 1438 caecitatis
3317 1383 3600 1438 sanitatem
3653 1393 3801 1438 esset

2188 1477 2443 1543 allatura,
2492 1477 2560 1547 (ί)
2608 1477 2702 1533 sed
2743 1479 2887 1533 vitae.
2934 1477 3002 1534 Et
3027 1477 3278 1532 virtutem
3314 1476 3445 1531 dicti
3482 1476 3642 1546 hujus
3667 1475 3795 1529 dilio

2181 1582 2371 1643 genter
2415 1582 2787 1628 retractemus.
2818 1573 3113 1643 interrogat
3142 1572 3421 1634 Dominus,
3455 1569 3529 1624 Tu
3558 1571 3722 1625 credis
3742 1572 3797 1624 in

2184 1669 2352 1738 ﬁlium
2384 1667 2522 1723 Dei?
2549 1670 2605 1726 Si
2635 1670 2819 1739 utique
2849 1668 2960 1724 sola
3002 1667 3203 1723 Christi
3241 1667 3645 1738 qualiscumque
3666 1682 3800 1722 con-

478 1753 668 1808 δ⁵¹¹ι¹¹ίς
714 1762 817 1807 [απ
864 1750 1055 1804 “dmi”
1099 1760 1403 1805 creaturam
1448 1765 1567 1806 esse
1596 1751 1870 1807 Chrismm
1903 1752 2081 1821 l’O'iUS
2113 1755 2162 1815 Β
2190 1762 2353 1817 fessio
2398 1762 2518 1817 ﬁdei
2552 1770 2697 1817 esset
2739 1762 3167 1826 consumn‘tatio;
3217 1761 3417 1815 dictum
3464 1760 3673 1827 fuisset,
3715 1761 3799 1817 Tu

472 1864 630 1918 quam
666 1849 831 1901 ﬁliutn
859 1847 1176 1917 blaSplu-mo
1195 1863 1289 1902 ore
1316 1847 1644 1903 contendis?
1671 1848 2000 1917 Oportuerat
2026 1856 2078 1902 te

474 1960 536 1995 ex
560 1940 858 2011 lit-angellis
871 1955 1029 1994 nosse
1050 1957 1111 1994 ac
1131 1951 1314 1995 tenere
1334 1940 1458 1995 fidei
1480 1941 1636 2009 hujus
1657 1949 2075 1995 sacramentmn.

478 2036 608 2089 Nam
640 2051 761 2087 cum
797 2034 1054 2087 Dominus
1084 2034 1256 2103 possit
1289 2034 1494 2095 omnia,
1521 2044 1699 2087 tamen
1747 2036 1798 2087 itt
1831 2048 2077 2102 unoquo-

477 2142 582 2198 que
621 2141 830 2190 eorum,
873 2124 963 2195 qui
1007 2125 1233 2178 orabant
1280 2125 1614 2195 operationis
1645 2140 1758 2178 suze
1802 2125 2073 2191 ell'ectum,

479 2219 727 2273 meritum
761 2232 881 2273 esse
910 2218 1078 2271 voluit
1100 2216 1478 2272 confessionis.
1513 2218 1694 2287 Neque
1725 2217 1867 2273 enim
1899 2219 1947 2273 ei
1974 2220 2079 2273 rir-

477 2324 666 2379 tntem,
694 2314 781 2383 qui
817 2313 904 2368 Dei
938 2312 1118 2368 Virtus
1146 2321 1253 2377 est,
1278 2312 1549 2366 confessio
1572 2313 1777 2367 orantis
1799 2312 2035 2367 addebat
2058 2330 2074 2369 :

475 2406 570 2461 sed
616 2406 740 2460 ﬁdei
787 2415 904 2461 erat
935 2405 1237 2475 praemium,
1283 2406 1385 2459 hoc
1429 2407 1643 2461 mereri.
1675 2405 1922 2477 Namque
1952 2422 2073 2461 cuin

475 2501 736 2555 Martham
761 2508 1036 2569 rogantem
1060 2515 1155 2570 pro
1175 2498 1379 2553 Lazaro
1403 2498 1767 2569 interrogavit,
1784 2514 1850 2554 an
1876 2514 1969 2554 eos
1987 2499 2079 2569 qui

479 2596 531 2649 in
585 2611 643 2649 se
686 2594 1043 2649 credidissent
1083 2593 1220 2647 mori
1270 2610 1374 2646 non
1419 2593 1668 2648 crederet
1704 2595 1755 2647 in
1786 2604 2071 2661 :eternnm,

478 2687 551 2758 (ιτ)
582 2685 647 2739 ad
680 2686 765 2739 illa
797 2684 1147 2740 conscientia!
1178 2700 1290 2737 sua:
1324 2684 1483 2739 tidem
1509 2685 1722 2740 elocuta
1748 2697 1831 2740 est
1857 2685 2071 2755 dicens,

480 2778 684 2848 Utique,
713 2776 952 2843 Domine,
991 2793 1084 2848 ego
1135 2776 1331 2830 credidi
1367 2778 1487 2849 quia
1516 2789 1570 2831 tu
1595 2795 1647 2832 es
1672 2778 1904 2833 Christus
1931 2780 2074 2847 ﬁlius

479 2873 593 2938 Dei,
624 2872 712 2942 qui
741 2874 792 2925 iu
812 2869 947 2925 hunc
972 2870 1222 2924 mundum
1244 2871 1419 2924 venisti
1465 2869 1641 2941 (Joan.
1673 2887 1750 2933 χι,
1783 2872 1872 2943 17)
1898 2889 1912 2937 ;
1943 2888 2074 2928 con-

476 2966 777 3021 feSsioltmc
813 2963 1088 3018 mlcrnitas
1128 2974 1230 3028 est,
1265 2973 1319 3019 et
1341 2963 1474 3019 ﬁdes
1520 2965 1621 3019 ista
1667 2980 1772 3020 non
1819 2966 2069 3021 moritur.

473 3059 678 3115 Martha
702 3058 999 3128 deprecans
1018 3056 1196 3113 fratris
1224 3060 1304 3112 sui
1328 3059 1511 3121 vitam,
1543 3059 1865 3131 interrogata
1890 3077 1955 3116 an
1997 3063 2070 3115 ita

469 3155 732 3217 crederet,
786 3156 857 3206 ita
886 3151 1133 3207 credidit.
1178 3152 1372 3219 Quam,
1412 3168 1565 3222 rogo,
1599 3152 1683 3206 vel
1718 3170 1745 3205 a
1779 3169 1885 3224 quo
1907 3154 2074 3209 vitam
2106 3147 2152 3211 C

474 3256 749 3316 exspectat
793 3246 896 3298 hoc
925 3245 1219 3312 denegans,
1252 3260 1373 3298 cum
1404 3246 1519 3299 sola
1540 3246 1610 3299 sit
1643 3246 1749 3300 vita
1779 3247 1856 3301 sic
1884 3249 2075 3304 crede-
2120 3277 2129 3283 -

473 3338 571 3393 re?
597 3337 843 3407 Magnum
891 3348 975 3393 est
1006 3342 1148 3393 enim
1182 3336 1302 3391 ﬁdei
1346 3335 1507 3405 hujus
1559 3348 1982 3407 sacramentum,
2018 3352 2077 3397 et

478 3429 713 3500 perfecta
736 3427 1096 3485 confessionis
1124 3430 1279 3483 istius
1307 3428 1582 3484 beatitudo
1606 3439 1711 3487 est.

542 3522 631 3579 48.
675 3525 756 3578 Ad
785 3525 1003 3579 salutent
1042 3524 1230 3578 aniuue
1269 3523 1447 3578 eadem
1470 3540 1503 3578 a
1554 3540 1687 3580 careo
1713 3530 1830 3601 jam
1874 3528 2076 3585 vidente

472 3617 869 3687 postulutur.-—-
907 3618 1060 3672 Caeco
1099 3631 1126 3669 a
1156 3616 1436 3672 nativitate
1485 3618 1745 3673 Dominus
1778 3620 1954 3676 visum
1988 3624 2072 3677 in-

465 3711 723 3774 dulserat,
751 3720 806 3764 et
831 3721 1036 3764 natura:
1074 3709 1332 3764 damnum
1371 3719 1576 3764 natura:
1606 3711 1865 3767 Dominus
1910 3713 2069 3786 169

461 3814 755 3863 exemerat.
771 3806 839 3861 Et
859 3805 981 3876 quia
1005 3816 1181 3861 aecus
1211 3806 1294 3860 hic
1317 3804 1382 3860 ad
1408 3805 1632 3875 gloriam
1659 3805 1753 3862 Dei
1776 3815 1932 3863 natus
1959 3808 2076 3865 fue-

468 3912 574 3967 rat,
608 3913 665 3955 ut
694 3901 747 3955 in
770 3899 973 3955 Christi
1001 3917 1165 3970 opere
1199 3899 1291 3954 Dei
1317 3915 1451 3970 opus
1475 3910 1657 3969 posset
1682 3902 1929 3973 intelligi,
1964 3918 2070 3959 non

465 4000 772 4063 exspectata
806 3994 874 4048 ab
914 4008 980 4048 eo
1022 3994 1120 4048 fuit
1164 3992 1299 4048 ﬁdes
1336 3994 1727 4049 confessionis:
1776 3997 1870 4051 sed
1900 3998 2069 4068 quiin

466 4087 698 4155 receptis
752 4086 925 4141 oculis
975 4095 1253 4143 auctorem
1286 4088 1416 4142 tanti
1461 4090 1561 4144 sibi
1591 4091 1834 4146 numeris
1858 4093 2067 4148 nescie-

471 4180 585 4243 bat,
618 4178 817 4233 meruit
856 4180 957 4234 hoc
978 4191 1164 4249 postea
1206 4192 1262 4235 ut
1293 4178 1452 4235 ﬁdem
1482 4179 1733 4238 disceret.
1769 4184 1881 4237 Non
1926 4188 2068 4239 cnim

461 4273 720 4325 excitatis
759 4272 1010 4340 depulsio
1056 4274 1177 4327 vita:
1233 4272 1592 4328 aeternitatem
1649 4277 1926 4331 all'crebat.
1988 4279 2071 4334 0b

462 4363 607 4433 quod
635 4363 894 4418 Dominus
936 4365 1044 4432 jam
1084 4379 1296 4429 sanum,
1328 4374 1381 4419 et
1414 4366 1480 4420 de
1528 4382 1792 4437 synagoga
1836 4369 2067 4437 ejectum

462 4458 757 4527 interrogat
782 4456 965 4512 dicens
997 4457 1107 4511 :Tu
1148 4457 1310 4512 credis
1336 4458 1388 4511 in
1436 4458 1599 4526 [ilium
1632 4457 1729 4512 Dei
1775 4459 1952 4530 (Joan.
1986 4480 2060 4530 ιιι,

459 4550 591 4622 55)?
618 4548 697 4605 Ne
726 4548 982 4604 damnum
1028 4551 1130 4605 sibi
1158 4558 1367 4620 putaret
1390 4564 1532 4616 esse,
1566 4550 1647 4622 (5)
1678 4565 1738 4606 se
1768 4567 1956 4610 carere
1979 4570 2064 4629 sy-

532 4691 608 4764 (l)
643 4692 756 4761 Qua
786 4693 856 4764 ita
879 4692 1151 4747 credimus.

531 4762 613 4836 (2⁷)
658 4764 787 4818 Tum
819 4762 1051 4819 Christus
1075 4765 1159 4818 ille
1186 4762 1435 4836 credetur.

530 4838 609 4908 (5)
646 4836 714 4891 Se
762 4853 935 4891 carere
966 4853 1303 4908 synagogam.
1337 4835 1392 4889 Ιιι
1424 4835 1525 4890 hoc
1548 4835 1811 4906 siquidem
1845 4840 2054 4908 codice,

456 4906 597 4963 curet
621 4908 831 4964 Patrem
856 4906 1020 4980 supra
1042 4906 1109 4964 n.
1129 4906 1225 4976 42,
1256 4924 1345 4961 nec
1360 4918 1528 4961 careat
1552 4910 1806 4977 virtutem,
1833 4911 1927 4966 lih.
1962 4906 2060 4984 vn,

550 5052 602 5118 ιι)
642 5050 810 5105 Vetus
832 5048 1001 5104 codex
1031 5046 1183 5103 Colb.
1209 5045 1532 5109 untichristo,
1564 5044 1767 5118 omisso
1792 5042 1868 5103 in.

550 5052 602 5118 ιι)
642 5050 810 5105 Vetus
832 5050 1001 5104 codex
1031 5050 1183 5103 Colb.
1209 5050 1532 5109 untichristo,
1564 5050 1767 5100 omisso
1792 5050 1868 5103 in.

528 5050 603 5198 ib)
647 5120 931 5198 Bad.,_E_r.
960 5119 1183 5198 et_Lips.
1231 5134 1353 5172 cum
1386 5116 1657 5198 nonnullis
1692 5133 1822 5189 mss.
1866 5135 1966 5190 qua
1987 5121 2060 5198 ita

457 5190 730 5252 credimus.
784 5191 975 5248 Melius
1012 5191 1148 5262 Par.
1192 5198 1312 5262 post
1355 5190 1677 5262 vetustiores
1724 5206 1854 5245 mss.
1910 5192 2053 5262 quia.

459 5268 721 5323 Redditur
747 5266 889 5319 enim
925 5260 1060 5317 ratio
1087 5278 1182 5316 cur
1208 5259 1457 5315 diabolus
1489 5275 1593 5315 non
1652 5262 1833 5315 statim
1884 5259 2058 5317 tentet

460 5342 674 5409 eripere
703 5334 918 5409 Christo
966 5333 1059 5387 ﬁlii
1084 5332 1457 5409 nomenLquia
1493 5331 1744 5409 nimirum
1769 5332 1843 5388 ita
1882 5331 2046 5389 ﬁxum

457 5402 612 5465 est'in
645 5418 823 5463 nostra
850 5406 956 5461 ﬁde
981 5422 1101 5459 eum
1141 5418 1261 5457 esse
1293 5402 1482 5469 ﬁlium,
1515 5411 1571 5457 ut
1598 5403 1665 5456 ab
1699 5404 1798 5459 hac
1827 5414 2048 5461 senten-

461 5488 528 5536 tia
560 5482 740 5535 statim
768 5479 949 5533 divelli
979 5491 1075 5530 nos
1095 5490 1251 5544 posse
1277 5475 1546 5543 deSpcret.

534 5556 610 5621 (c)
653 5553 706 5606 ιιι
736 5561 839 5612 est,
872 5551 982 5621 ipsa
1027 5549 1116 5602 illa
1164 5547 1466 5621 adeptiouis
1491 5544 1725 5621 conditio
1775 5548 1957 5614 faciat,
1995 5548 2053 5603 ut

463 5617 769 5679 cunt'etiatn
800 5617 965 5676 lilium
997 5637 1101 5674 non
1135 5633 1254 5673 esse
1271 5617 1428 5672 facile
1455 5617 1835 5673 concedamus.

532 5697 612 5765 (d)
654 5692 940 5765 Exemplar
989 5690 1150 5765 Caro.
1176 5689 1295 5765 quia
1319 5686 1739 5765 hic._'l‘uu_t__ttts.
1776 5688 1893 5765 Yat.
1933 5686 2049 5765 bas.

462 5758 603 5823 Deus
621 5764 781 5835 ﬁlius.
806 5758 927 5819 Mox
954 5761 1158 5830 aliquot
1178 5760 1291 5829 alii,
1315 5758 1547 5815 Christus
1568 5759 1654 5815 ille
1670 5760 1918 5816 creditur.
1950 5761 2055 5819 lle.

2182 1856 2360 1911 credis
2401 1857 2452 1910 in
2490 1856 2806 1910 Christum?
2849 1855 2955 1912 Sed
3009 1856 3132 1925 quia
3174 1853 3444 1910 ltwrcticis
3499 1868 3642 1924 pene
3677 1870 3800 1908 om-

2183 1951 2341 2005 nibus
2371 1951 2472 2005 hoc
2511 1966 2704 2005 nomen
2736 1952 2786 2006 in
2817 1966 2910 2006 ore
2948 1958 3093 2005 esset
3121 1948 3380 2015 fututum,
3425 1956 3482 2003 ut
3520 1947 3796 2003 Christum

2182 2044 2590 2111 conﬁterentur,
2629 2052 2683 2099 et
2706 2044 2871 2097 ﬁlium
2897 2053 3072 2098 tamen
3096 2053 3384 2113 negarent;
3407 2042 3455 2096 id
3485 2042 3623 2112 quod
3638 2040 3800 2096 Chri-

2182 2148 2266 2194 sto
2308 2138 2584 2208 preprium
2623 2138 2791 2193 estad
2816 2137 2973 2192 ﬁdem
3008 2138 3269 2207 poscitur,
3305 2135 3353 2191 id
3386 2144 3486 2203 est,
3519 2144 3575 2190 ut
3605 2135 3800 2190 creda-

2183 2246 2270 2288 tur
2291 2234 2342 2287 in
2364 2233 2455 2289 Dei
2480 2233 2665 2287 ﬁlium.
2692 2231 2999 2288 Cretlidisse
3030 2242 3209 2286 autem
3244 2232 3296 2287 in
3332 2232 3423 2286 Dei
3465 2231 3631 2286 lilium
3663 2228 3796 2297 quid

2184 2326 2413 2395 proﬁcit,
2443 2327 2489 2380 si
2519 2324 2775 2380 credatur
2817 2324 2871 2379 in
2915 2335 3250 2390 creaturam;
3280 2338 3400 2379 cum
3423 2339 3452 2377 a
3476 2320 3631 2377 nobis
3660 2321 3798 2376 ﬁdes

2185 2421 2236 2473 in
2259 2419 2493 2483 Christo,
2529 2434 2634 2471 non
2657 2427 2923 2473 creatura:
2956 2417 3073 2483 Dei,
3102 2415 3195 2470 sed
3220 2416 3310 2471 ﬁlii
3348 2413 3688 2486 postuletur?

2254 2556 2345 2612 49.
2383 2556 2575 2611 Filium
2598 2556 2696 2612 Dei
2718 2557 2972 2612 da’utoues
2993 2573 3095 2612 non
3119 2556 3581 2611 nescierunt—An
3600 2569 3666 2608 ne
3690 2551 3799 2607 ltu-

2180 2650 2266 2720 jns
2293 2648 2530 2705 nominis
2564 2651 2953 2720 proprietatem
2990 2649 3267 2705 dat-mones
3317 2646 3672 2702 nescierunt?
3707 2646 3801 2699 Di-

2181 2759 2342 2812 gnum
2375 2744 2515 2798 enim
2563 2753 2649 2798 est
2693 2742 2975 2798 lncreticos
3008 2743 3237 2814 nonjam
3261 2738 3572 2812 apostolicis
3589 2739 3799 2793 doctri-

2187 2834 2293 2898 nis,
2328 2834 2421 2889 scd
2454 2833 2756 2888 daemonum
2789 2833 2864 2905 (ρ)
2895 2848 2989 2888 ore
3048 2831 3320 2887 convinci.
3354 2830 3599 2885 Clamant
3620 2829 3792 2893 enim,

2181 2938 2233 2982 et
2255 2941 2400 2995 smpe
2425 2926 2660 2981 clamant
2691 2943 2704 2979 :
2729 2928 2867 2993 Quid
2890 2924 3013 2979 mihi
3034 2937 3080 2980 et
3104 2926 3191 2981 tibi
3212 2923 3466 2990 cst,Jesu,
3495 2923 3574 2993 ﬁli
3593 2922 3687 2977 Dei
3712 2922 3797 2977 al-

2183 3021 2364 3074 tissimi
2387 3019 2562 3094 (Luc.,
2593 3035 2708 3086 vni,
2742 3019 2879 3091 28)?
2909 3018 3097 3073 Invitis
3128 3019 3326 3073 veritas
3350 3014 3540 3071 elicuit
3564 3013 3787 3070 confes-

2183 3116 2425 3178 sionem,
2468 3123 2524 3170 et
2550 3124 2757 3168 natura:
2806 3122 3126 3184 potestatem
3181 3120 3407 3166 testatur
3454 3109 3609 3179 dolor
3660 3108 3799 3163 ohe-

2183 3208 2384 3264 dicndi.
2410 3207 2622 3263 Virtute
2672 3210 2978 3272 vincuntur,
3003 3223 3121 3262 cum
3168 3220 3414 3277 possessa
3444 3201 3535 3259 diu
3560 3217 3796 3273 corpora

2181 3301 2477 3356 deserunt:
2508 3301 2766 3357 honorem
2822 3300 3077 3367 reddunt,
3108 3301 3235 3354 dum
3270 3305 3514 3352 naturam
3545 3294 3626 3369 (h)
3660 3310 3796 3350 con-

2185 3407 2424 3449 ntentur.
2458 3396 2547 3449 Dei
2599 3411 2660 3452 se
2723 3397 2859 3451 inter
2904 3394 3019 3450 haec
3051 3394 3216 3450 ﬁlium
3248 3392 3493 3448 Christus
3521 3402 3575 3447 et
3619 3405 3792 3461 opere

2183 3499 2409 3542 testatur
2448 3498 2503 3543 et
2525 3489 2761 3543 nomine.
2793 3487 2943 3544 Unde
2968 3487 3058 3543 tibi
3089 3489 3227 3543 inter
3249 3487 3380 3542 istas
3410 3480 3787 3541 conﬁtentium

2180 3580 2485 3635 daemonum
2516 3594 2695 3648 voces,
2729 3596 2760 3636 ο
2790 3580 3062 3648 hteretice,
3098 3580 3160 3652 (i)
3210 3596 3407 3635 nomen
3436 3590 3698 3636 creaturae
3726 3586 3784 3634 et

2181 3673 2510 3744 indulgentia
2538 3673 2880 3745 adoptionis?

2251 3818 2340 3871 50.
2365 3816 2539 3873 Judcei
2561 3818 2730 3887 ﬁlium
2763 3815 2859 3871 Dei
2885 3816 3141 3872 Christum
3161 3816 3402 3879 scierunt,
3429 3817 3523 3870 etsi
3549 3816 3635 3887 qui
3653 3825 3788 3871 esset

2182 3909 2419 3965 Christus
2435 3912 2741 3965 nescierunt.
2762 3910 2943 3964 Ariani
2961 3911 3013 3964 in
3026 3910 3288 3965 Christum
3314 3910 3784 3965 contumeliosiores

2180 4018 2336 4072 quam
2362 4002 2631 4058 Judwi.—
2652 4002 2793 4071 Quid
2828 4002 2899 4057 sit
2934 4000 3204 4071 Christus,
3246 4002 3428 4058 abhis
3463 4001 3657 4057 saltem
3690 4001 3786 4070 qui

2193 4098 2351 4171 17o
2379 4097 2630 4153 nesciunt
2658 4096 2838 4161 disce;
2868 4105 2926 4151 ut
2974 4097 3303 4168 impietatem
3351 4107 3495 4151 tuam
3548 4097 3662 4164 ipsa
3694 4094 3787 4151 illa

2183 4191 2544 4262 ignorantium
2570 4190 2873 4245 necessaria
2890 4189 3153 4259 professio
3170 4202 3378 4261 arguat.
3397 4188 3640 4259 Namque
3658 4203 3782 4243 cum

2179 4285 2351 4340 Judaei
2379 4282 2658 4338 Christum
2688 4298 3009 4354 corporeum
3043 4285 3336 4348 nescirent,
3366 4285 3571 4339 scirent
3601 4290 3783 4338 tamen

2177 4388 2300 4434 eum
2330 4380 2420 4449 qui
2466 4377 2714 4433 Christus
2743 4390 2887 4434 esset
2926 4394 3048 4434 esse
3088 4378 3258 4433 ﬁlium
3294 4378 3430 4443 Dei;
3473 4393 3594 4433 cum
3630 4376 3782 4431 falsis

2177 4473 2442 4529 adversus
2494 4487 2617 4527 eum
2653 4471 2877 4526 testibus
2910 4474 3028 4528 sine
3059 4471 3161 4527 ulla
3190 4472 3432 4527 veritatis
3478 4470 3784 4526 assertione

2174 4574 2477 4630 uterentur,
2506 4562 2762 4619 sacerdos
2788 4579 2909 4619 eum
2938 4565 3010 4619 ita
3043 4565 3335 4633 interrogat
3361 4578 3375 4616 :
3418 4561 3497 4617 Tu
3548 4580 3599 4618 es
3629 4561 3782 4616 Chri-

2091 4731 2148 4793 Β
2171 4719 2234 4793 ιιι
2258 4702 2349 4767 57,
2382 4709 2437 4785 et
2458 4701 2607 4793 alibi.
2653 4701 2760 4793 Sile.
2796 4716 2971 4793 gra‘dce
3010 4703 3062 4755 τί
3100 4700 3300 4779 ὕστερῶ
3325 4716 3340 4767 ;
3369 4697 3536 4756 latine
3563 4713 3783 4771 quoque

2177 4775 2398 4829 Plautus
2418 4774 2469 4826 in
2499 4773 2660 4827 Curc.
2694 4772 2760 4827 Id
2787 4772 2924 4841 quod
2948 4789 3087 4839 amo,
3120 4772 3291 4827 careo.

2274 4845 2304 4900 4
2314 4857 2327 4911 )
2357 4843 2813 4912 Reciperationcm.

2274 4845 2327 4911 4)
2357 4845 2479 4899 Reci
2485 4862 2613 4912 perat

2246 4845 2327 4990 ἑὸ)
2352 4915 2613 4987 Poposcit.

2170 5048 2453 5107 tinendum
2523 5064 2645 5107 cum
2704 5050 3095 5122 antiquioribus
3158 5051 3438 5121 credatur,
3489 5048 3779 5108 subaudito

2168 5139 2370 5178 necesse
2394 5133 2486 5177 est.

2165 5274 2221 5319 at
2358 5193 2433 5249 Ita
2457 5209 2523 5250 ex
2550 5207 2678 5249 mss.
2701 5192 2856 5249 Colb.
2886 5203 2940 5250 et
2974 5193 3160 5251 Germ.
3203 5195 3260 5251 In
3289 5193 3411 5251 aliis
3434 5208 3566 5252 vero
3595 5194 3776 5263 libris,

2248 5283 2262 5318 i
2309 5282 2360 5317 a.

2248 5282 2360 5318 ιιια.

2240 5335 2321 5408 (Ῑ)
2344 5334 2491 5408 Lips.
2533 5344 2587 5391 et
2616 5335 2767 5403 Pan,
2796 5338 2885 5392 sed
2913 5338 3087 5392 vitam.

2233 5407 2307 5489 .(iq)
2339 5407 2415 5489 Ita
2449 5422 2577 5461 mss.
2636 5408 2722 5489 vel
2770 5424 2837 5489 ex
2889 5409 3231 5489 librariorum
3280 5410 3455 5489 lapsu,
3506 5426 3666 5489 more.
3704 5410 3777 5465 At

2156 5476 2313 5604 ﬂgiti,
2358 5479 2599 5533 clamore.
2633 5478 2753 5535 Mox
2796 5483 2847 5535 in
2903 5494 3004 5535 tus.
3040 5481 3157 5536 Vat.
3190 5481 3308 5537 bas.
3338 5476 3491 5553 'quid
3532 5483 3678 5539 nobis
3725 5493 3774 5537 et

2180 5567 2194 5603 t
2233 5567 2267 5602 ι.

2180 5567 2314 5688 ΗἯι)
2338 5621 2397 5676 In
2431 5637 2534 5678 ms.
2558 5622 2680 5678 Vat.
2704 5620 2818 5678 bas.
2852 5632 2905 5679 et
2931 5622 3112 5689 Mart.,
3138 5635 3381 5679 naturam
3405 5624 3521 5680 Dei.

2236 5692 2297 5763 (ί)
2329 5693 2488 5771 βιιιιί,
2522 5695 3011 5771 ρι’ςεδιιηιὶ-ςηηοηιεη
3041 5707 3293 5752 creatum
3313 5707 3363 5752 et
3390 5697 3773 5771 indulgentiam

2162 5765 2487 5834 adeptionis:
2518 5765 2913 5837 refragantibus
2944 5780 3074 5824 mss.
