4118 6186
294 228 381 306 isi

1454 238 1541 304 ne
1580 230 1959 308 nummis
1995 228 2197 305 LlDElt
2241 238 2351 305 vn.

3472 240 3576 305 llis

286 376 385 420 stus
406 362 540 433 ﬁlius
580 358 659 434 (η)
685 356 952 417 Benedicti
972 356 1189 434 (Mam,
1236 372 1351 429 xtv,
1381 360 1474 435 61)
1498 363 1521 418 ?
1542 361 1866 420 Sacramen-
1897 364 1941 428 Α
1971 362 2093 417 audi
2118 364 2260 418 enim
2282 362 2426 418 inter
2446 370 2620 418 saevas
2650 358 2828 417 crucis
2857 356 3134 417 custodias
3153 346 3308 435 172
3323 360 3579 419 Romamn

287 464 385 513 tum
414 457 739 522 nescientes,
773 463 1017 509 naturam
1045 464 1221 510 tamen
1252 470 1355 510 non
1388 455 1658 527 ignorant.
1687 457 1875 527 Neque

285 552 606 620 interrogant
637 562 705 603 an
732 547 983 605 Christus
1022 546 1119 604 Dei
1163 548 1303 603 ﬁlius
1333 551 1422 617 sit,
1450 548 1544 605 sed
1594 564 1660 604 an
1691 550 1778 605 hic
1807 550 1879 605 sit

284 640 518 696 Chrisms
540 636 688 694 ﬁlius
718 632 836 694 Dei.
866 632 1039 695 Error
1068 640 1121 694 in
1148 636 1365 697 homine
1394 649 1493 708 est,
1528 657 1633 696 non
1680 642 1735 696 in
1782 638 1878 697 Dei

285 731 402 789 ﬁlio.
444 731 576 788 Nam
611 724 719 787 non
750 732 894 802 quod
923 730 1173 788 Christus
1226 734 1320 789 D'ei
1352 734 1496 789 ﬁlius
1536 735 1606 789 sit
1655 734 1881 805 ambigi-

287 838 397 882 tur:
425 834 585 896 atque
635 824 709 881 ita
754 825 884 880 dum
933 826 1298 897 interrogatur
1332 842 1399 881 an
1448 824 1537 882 hic
1577 828 1665 892 sit,
1698 837 1878 883 tamen

288 917 416 987 quod
437 916 685 972 Cliristth
713 916 786 972 sit
816 917 909 972 Dei
942 916 1085 972 ﬁlius
1111 932 1216 973 non
1250 928 1493 990 negatur.
1529 919 1592 973 Et
1620 934 1722 989 qua
1757 929 1878 974 tan-

288 1013 423 1080 dem,
448 1027 600 1084 rogo,
624 1021 683 1067 tu
730 1011 874 1067 istud
907 1011 1037 1068 lideo
1058 1011 1316 1084 denegas,
1342 1012 1485 1083 quod
1520 1028 1588 1068 ne
1618 1013 1719 1083 ipsi
1760 1013 1880 1084 qui-

288 1106 395 1160 dem
426 1114 622 1176 negant
652 1103 742 1174 qui
771 1105 1062 1160 nesciunt?
1082 1105 1216 1161 CUm
1260 1105 1403 1161 enim
1435 1106 1678 1177 perfecta
1707 1106 1883 1161 s‘cien-

288 1198 349 1253 tia
374 1198 460 1264 sit,
484 1197 758 1252 Christum
789 1198 881 1253 Dei
926 1198 1094 1253 ﬁlium
1124 1209 1251 1255 ante
1299 1199 1494 1255 saecula
1546 1206 1878 1263 manentem,

286 1291 433 1348 etiam
470 1306 535 1345 ex
569 1289 783 1361 virgine
831 1305 996 1346 nosse
1028 1300 1252 1357 uatum;
1286 1292 1388 1363 ipsi
1417 1306 1655 1363 quoque,
1689 1292 1780 1363 qui
1812 1293 1881 1348 de

287 1384 442 1440 Maria
495 1394 677 1439 natum
727 1384 996 1449 nesciunt,
1048 1384 1142 1440 Dei
1176 1393 1354 1439 tamen
1407 1385 1573 1439 ﬁlium
1607 1400 1726 1440 esse
1772 1400 1879 1440 non

285 1477 543 1534 nesciunt.
580 1478 643 1533 Et
669 1477 793 1533 vide
815 1477 868 1531 in
898 1477 1039 1549 quod
1074 1487 1145 1545 te,
1170 1476 1420 1550 negando
1447 1477 1617 1532 ﬁlium
1648 1477 1763 1546 Dei,
1789 1476 1884 1535 Ju-

284 1571 444 1626 tlaicze
489 1571 779 1641 impietatis
809 1571 1145 1626 consortium
1200 1571 1489 1626 miscuisti.
1524 1572 1696 1638 Quam
1738 1572 1881 1627 enim

285 1662 355 1718 illi
383 1662 744 1718 damnationis
794 1663 850 1718 in
883 1680 1006 1720 eum
1031 1679 1248 1720 causam
1280 1663 1566 1721 attulerint
1595 1674 1881 1730 testantur,

285 1756 518 1811 dicentes
550 1753 653 1810 :Et
672 1756 955 1810 secundum
986 1757 1145 1827 legent
1186 1757 1331 1811 debet
1371 1757 1524 1824 mori,
1557 1757 1796 1827 quoniam
1821 1757 1883 1827 νῖ-
1912 1766 1959 1828 Β

288 1851 398 1903 (iam
423 1848 523 1903 Dei
554 1860 610 1903 se
634 1848 753 1920 fecit
782 1846 989 1922 (ticam,
1012 1866 1122 1917 sis,
1158 1850 1234 1923 7).
1265 1850 1423 1909 Anne
1450 1867 1558 1907 non
1592 1852 1695 1909 hoc
1717 1856 1878 1909 etiam

285 1942 449 2012 impia:
474 1952 580 1997 tute
616 1943 765 1997 vocis
782 1943 1128 2013 opprobrium
1152 1953 1259 2014 est,
1293 1944 1370 2015 (l)
1398 1946 1475 2018 (b)
1500 1962 1596 2001 cur
1622 1963 1681 2001 se
1711 1946 1880 2001 ﬁlium

286 2038 433 2103 dicat,
485 2053 648 2108 queui
699 2044 758 2092 tu
801 2053 923 2093 esse
988 2054 1204 2095 asseras
1243 2042 1589 2095 creaturam?
1624 2040 1739 2109 llle,
1789 2042 1883 2096 Dei

284 2128 581 2185 conﬁtendo
602 2145 661 2185 se
689 2129 1019 2195 ﬁlium,reus
1043 2131 1231 2187 mortis
1256 2132 1324 2186 ab
1348 2133 1429 2186 his
1456 2132 1730 2203 indicatur
1760 2150 1773 2186 :
1802 2142 1877 2202 tu,

288 2239 395 2279 eum
428 2224 528 2280 Dei
562 2223 729 2279 tilium
760 2225 1027 2294 negando,
1059 2241 1243 2297 quzero
1290 2226 1414 2297 quid
1467 2225 1721 2299 indices?
1753 2222 1885 2284 Pro-

289 2316 433 2372 fessio
449 2318 600 2373 enim
623 2319 741 2389 ejus
764 2317 836 2373 ita
861 2318 1087 2386 Judaais,
1112 2329 1172 2375 ut
1199 2319 1294 2376 tibi
1315 2318 1583 2393 diSplicet.
1607 2323 1884 2391 Interrogo

287 2426 343 2464 an
368 2408 600 2466 diversa:
627 2412 696 2466 ab
718 2412 795 2467 eis
821 2415 1112 2468 sententia:
1137 2428 1381 2481 maneas,
1406 2431 1433 2469 a
1463 2417 1656 2487 quibus
1672 2432 1780 2472 non
1805 2414 1884 2473 di-

290 2521 459 2561 versus
513 2508 590 2563 sis
616 2507 928 2563 voluntate?
976 2510 1172 2566 Eadem
1217 2512 1358 2566 enim
1415 2512 1581 2566 ﬁlium
1638 2515 1729 2569 Dei
1760 2530 1882 2569 eum

288 2613 393 2653 esse
417 2600 701 2669 impietate
732 2611 788 2656 tu
814 2599 1073 2672 denegas.
1118 2601 1199 2658 Illi
1235 2612 1413 2658 tamen
1443 2620 1507 2659 eo
1533 2605 1759 2661 crimine
1785 2604 1888 2662 nii-

288 2705 421 2753 nore.
443 2692 595 2762 quod
610 2692 873 2748 nesciunt.
890 2692 1147 2749 Nesciunt
1168 2696 1306 2750 enim
1323 2696 1388 2751 de
1410 2694 1569 2752 Maria
1590 2696 1885 2767 Christum,

296 2784 377 2839 scd
402 2783 683 2841 Christum
709 2786 804 2842 Dei
830 2784 994 2843 ﬁlium
1029 2804 1148 2844 esse
1173 2806 1277 2845 non
1304 2792 1599 2862 ambigunt.
1641 2793 1719 2848 Tu
1761 2796 1887 2864 quia

289 2873 552 2931 Christum
582 2892 689 2931 non
720 2890 874 2947 potes
921 2883 1131 2936 nescire
1161 2881 1227 2935 de
1274 2880 1459 2949 Maria,
1503 2882 1776 2938 Christum
1802 2893 1885 2939 ta-

289 2983 398 3022 men
426 2968 526 3023 Dei
553 2968 726 3025 tilium
768 2985 889 3027 esse
931 2988 1034 3027 non
1064 2974 1352 3045 prtedicas.
1404 2974 1536 3041 Illis,
1570 2977 1620 3031 in
1654 2993 1718 3033 eo
1745 2978 1888 3048 quod

290 3060 551 3126 nesciunt,
594 3069 773 3133 potest
798 3063 974 3119 adhuc
998 3066 1049 3120 in
1080 3074 1194 3120 tuto
1218 3069 1365 3123 Salus
1395 3084 1516 3123 esse
1539 3070 1582 3123 si
1612 3069 1837 3125 credant
1872 3088 1886 3125 :

291 3151 374 3205 tibi
391 3151 514 3223 iam
541 3156 723 3210 omnia
754 3156 936 3212 clausa
966 3167 1093 3213 sunt
1123 3158 1188 3213 ad
1220 3161 1472 3227 salutem,
1505 3161 1572 3231 (c)
1606 3164 1693 3233 qui
1728 3178 1891 3234 negas
1919 3165 1965 3227 Ε

291 3248 419 3316 quod
441 3249 491 3318 ig
506 3252 703 3305 uoi'are
733 3251 842 3321 jam
879 3268 984 3307 non
1020 3260 1192 3323 potes.
1214 3254 1330 3309 Non
1362 3255 1504 3310 enim
1538 3254 1753 3327 ignoras
1772 3274 1893 3314 esse

291 3342 441 3398 illium
482 3343 582 3400 Dei
610 3360 627 3411 ;
654 3362 829 3416 usque
877 3346 1015 3405 adeo
1043 3359 1099 3403 ut
1141 3348 1447 3421 adoptionis
1479 3368 1672 3408 nomen
1720 3353 1897 3410 indul-

292 3444 428 3503 geas,
450 3442 507 3490 ut
538 3448 851 3493 creaturam
880 3452 1350 3512 connuncupatam
1386 3441 1550 3497 lilium
1588 3447 1894 3504 mentiaris.

292 3526 528 3585 Naturam
563 3536 747 3587 autem
777 3544 1036 3604 quantum
1063 3537 1115 3590 in
1154 3543 1206 3591 te
1238 3546 1319 3591 est
1347 3532 1623 3605 auferens,
1654 3539 1898 3597 auferres

295 3636 491 3693 quoque
519 3624 567 3679 si
600 3624 696 3679 tibi
727 3624 920 3682 liceret
963 3636 1016 3682 et
1044 3640 1265 3683 nomen.
1299 3627 1401 3685 Sed
1434 3631 1556 3701 quia
1607 3630 1658 3686 id
1695 3649 1801 3687 non
1833 3632 1900 3689 li-

295 3725 388 3781 cet,
413 3727 664 3773 naturam
696 3716 776 3792 (ά)
801 3721 1001 3776 nomini
1028 3736 1135 3777 non
1158 3718 1423 3795 relinquis
1447 3743 1459 3778 :
1486 3741 1555 3781 ne
1582 3727 1723 3797 quod
1759 3726 1899 3784 ﬁlius

297 3804 495 3875 dicitur,
529 3826 702 3867 verus
739 3810 829 3868 Dei
859 3812 998 3869 ﬁlius
1029 3815 1119 3871 sit.

364 3900 590 3975 17151
605 3902 887 3958 .Christum
903 3920 1015 3961 vere
1026 3907 1192 3976 ﬁlium
1209 3904 1305 3963 Dei
1318 3909 1628 3980 conﬁtentur
1640 3908 1897 3984 Apostoli.

299 3992 653 4051 —Habueras
678 3996 731 4051 iu
749 3997 1091 4055 confessione
1108 4000 1316 4061 eorum,
1338 4002 1553 4071 quibus,
1573 4002 1902 4060 desaeviente

299 4099 450 4142 vento
480 4097 538 4143 ct
583 4088 802 4145 turbato
856 4092 1011 4156 mari,
1039 4093 1089 4146 in
1119 4092 1270 4148 verbi
1295 4092 1448 4163 jussu
1493 4103 1613 4150 erat
1652 4095 1901 4151 restituta

300 4184 682 4254 tranquillitas,
713 4193 772 4239 ut
799 4194 852 4240 et
874 4192 928 4240 tu
953 4201 1138 4241 verum
1161 4186 1256 4242 Dei
1277 4186 1443 4242 tilium
1466 4185 1820 4255 conﬁtereris,
1846 4198 1905 4245 et

294 4289 468 4333 eorum
498 4294 635 4334 voce
652 4281 911 4335 utereris:
947 4278 1076 4335 Vere
1099 4276 1239 4351 [ilius
1265 4280 1365 4336 Dei
1388 4290 1460 4335 est
1506 4280 1745 4352 (Matth.,
1787 4299 1896 4348 xw,

296 4368 399 4441 35).
418 4370 527 4427 Sed
555 4380 613 4427 te
635 4370 864 4427 sazviens
887 4372 1107 4444 spiritus
1137 4374 1188 4428 in
1224 4373 1561 4444 naufragium
1590 4375 1712 4429 vitae
1736 4372 1898 4444 rapit,

296 4470 343 4514 et
368 4463 573 4520 mentis
604 4473 716 4517 tuas
762 4465 998 4519 motibus
1054 4450 1324 4536 tamquam
1356 4466 1621 4521 [luctuoso
1653 4465 1784 4520 mari
1814 4465 1901 4521 in-

299 4556 552 4612 cumbens
574 4557 819 4626 procella
854 4557 1181 4613 dominatur.

358 4645 445 4702 52.
471 4646 769 4718 Con/itetur
792 4660 839 4703 et
867 4651 954 4720 qui
985 4650 1313 4717 cruciﬁxerat
1342 4648 1604 4705 Centurio.
1634 4681 1705 4691 ——
1724 4644 1782 4705 Si
1807 4647 1899 4704 tibi

298 4732 402 4793 hinc
429 4740 808 4813 navigantium
837 4757 903 4797 ex
950 4758 1015 4795 eo
1047 4741 1254 4797 incerta
1298 4740 1429 4797 ﬁdes
1463 4741 1753 4808 videbitur,
1777 4741 1901 4812 quia

297 4831 697 4888 existimabitur
745 4850 865 4889 esse
912 4835 1341 4904 Apostolorum;
1390 4834 1518 4889 mihi
1569 4845 1749 4890 tamen
1800 4835 1899 4889 etsi

300 4927 473 4984 minus
499 4940 735 5000 pra-stat
759 4930 1156 4996 admirationis,
1186 4932 1309 5000 plus
1337 4940 1514 4984 tamen
1539 4929 1694 4983 atteri
1714 4939 1901 4983 aucto-

298 5020 485 5079 ritatis.
501 5024 893 5082 Verumtamen
914 5025 1077 5081 etiam
1105 5024 1349 5095 gentium
1373 5023 1426 5079 in
1448 5037 1513 5078 eo
1537 5021 1696 5077 ﬁdem
1725 5036 1901 5088 sume;

363 5182 443 5257 (1)
469 5182 585 5240 Cur
603 5201 658 5240 se
676 5184 848 5255 filium
876 5183 974 5241 Dei
1000 5183 1157 5239 dicat.

372 5343 444 5415 (α)
479 5344 543 5400 in
567 5345 719 5415 prius
748 5343 998 5416 vulgatis,
1027 5341 1126 5399 Dei
1179 5340 1654 5416 benedictinAbest
1679 5350 1781 5395 vox
1814 5336 1914 5416 Dei

304 5430 333 5468 a
364 5412 499 5471 mss.
534 5412 592 5472 et
613 5436 639 5470 a
672 5412 878 5490 graeco:
906 5415 1215 5471 .ludaeorum
1264 5430 1420 5472 error
1462 5412 1588 5469 hinc
1616 5423 1836 5469 notatur
1863 5412 1920 5467 in

303 5490 465 5559 tacto,
486 5502 600 5542 non
627 5487 827 5559 in'jure
856 5488 1047 5544 fuisse.

376 5556 451 5632 (b)
475 5559 557 5614 Ita
584 5554 717 5616 mss:
746 5562 817 5616 At
835 5559 1173 5628 excusi,cuni
1197 5573 1251 5614 se
1278 5554 1446 5629 ﬁliuni
1466 5554 1563 5612 Dei
1593 5556 1749 5621 dicat,
1772 5562 1921 5627 quem

308 5636 362 5682 tu
382 5632 587 5686 σηενξε
615 5640 926 5687 creaturam.

384 5699 457 5773 (c)
488 5700 634 5757 Dicti
662 5703 822 5775 hujus
849 5703 991 5759 ratio
1019 5702 1339 5775 petendaex
1367 5699 1691 5775 tract._psal‘.
1719 5706 1921 5775 cxxsv,

312 5766 465 5828 auiti.
493 5775 555 5843 5,
586 5774 675 5831 ubi
710 5766 850 5834 inter
876 5775 981 5833 alia
1020 5766 1143 5833 inec
1177 5772 1448 5833 habentur
1475 5788 1495 5830 :
1519 5766 1686 5829 Extra
1726 5771 1927 5827 veniam

1923 4564 1979 4625 Β
1998 4562 2001 4565 .

1979 455 2213 511 coborti~~
2230 455 2525 511 edomitum
2550 456 2613 511 ad
2634 456 2791 511 ﬁdem
2815 455 3053 511 militem.
3074 452 3337 527 Loquitur
3350 472 3581 526 namque

1976 551 2281 618 conspectis
2330 561 2494 605 tanta:
2550 550 2765 604 virtutis
2819 548 3228 619 operationibus
3283 550 3576 605 centurio:

1988 640 2115 696 Vere
2137 640 2236 697 Dei
2256 644 2397 714 ﬁlius
2424 654 2532 698 erat
2557 645 2650 698 iste
2675 641 2915 716 (Matth.,
2946 648 3117 707 nvtt,
3143 640 3257 713 54).
3291 642 3423 709 Hoc,
3459 650 3582 713 post

1981 738 2238 794 emissum
2264 741 2531 809 spiritum,
2575 738 2862 794 discissum
2906 738 3093 810 templi
3125 737 3324 803 velum,
3355 746 3409 793 et
3435 745 3581 793 mota

1978 832 2149 899 terra,
2177 843 2231 888 et
2257 834 2421 888 scissa
2473 846 2625 897 saxa,
2670 843 2721 887 et
2752 831 3001 903 sepulcra
3059 830 3320 900 patentia,
3354 840 3409 885 et
3438 846 3582 885 mor-

1986 925 2059 980 tui
2092 938 2436 996 resurgentes
2487 934 2774 991 testantur,
2799 934 2853 979 et
2893 927 3055 979 homo
3082 924 3297 993 gentilis
3343 922 3583 993 perﬁdia:

1982 1021 2272 1077 conﬁtetur
2292 1039 2305 1079 :
2325 1023 2543 1078 virtutis
2566 1031 2810 1076 naturam
2834 1019 3077 1091 agnoscit
3099 1021 3150 1073 in
3170 1018 3357 1088 gestis,
3377 1027 3584 1074 natura:

1985 1117 2267 1171 veritatem
2300 1114 2592 1187 proﬁtetur
2616 1115 2670 1169 in
2695 1113 2935 1169 nomine.
2958 1110 3131 1168 Tanta
3159 1112 3295 1165 ratio
3316 1110 3581 1175 veritatis,

1982 1216 2041 1263 'et
2070 1217 2212 1263 tanta
2242 1208 2326 1263 vis
2352 1208 2473 1263 ﬁdei
2496 1218 2597 1274 est,
2621 1207 2870 1262 utvincat
2897 1205 3227 1260 voluntatem
3247 1202 3361 1258 veri
3395 1217 3587 1259 ncces-

1985 1301 2137 1368 sitas,
2163 1308 2215 1355 et
2239 1298 2510 1355 Cbrismm
2542 1299 2825 1355 Dominum
2859 1298 3047 1369 gloria)
3092 1305 3310 1352 aeternae
3343 1310 3467 1352 vere
3490 1295 3586 1351 Dei

1988 1394 2157 1450 ﬁlium
2184 1410 2326 1459 esse,
2351 1409 2450 1450 nec
2475 1394 2563 1465 qui
2586 1392 2934 1449 crueiﬁxerat
2962 1389 3273 1462 denegaret.

2287 1550 2642 1627 173-17ὦ
2679 1552 2885 1609 LIBER
2908 1550 3272 1609 SEPTIMUS.

1989 1660 2053 1731 in
2084 1675 2298 1731 exordio
2335 1677 2612 1745 exponitur
2640 1675 2758 1729 libri
2795 1675 2951 1747 hujus
2984 1672 3306 1743 prtestantiu,
3333 1671 3588 1727 Scribendi

2059 1785 2259 1835 causte,
2304 1766 2617 1821 Arianorum
2646 1767 2897 1839 vafritics,
2940 1768 3026 1837 qui
3074 1764 3175 1818 huc
3215 1780 3375 1835 usque
3404 1764 3584 1819 delusa

2058 1861 2124 1914 sit
2151 1877 2212 1914 ac
2232 1861 2438 1931 repulsa
2458 1903 2471 1927 ,
2495 1860 2801 1914 adversandi
2832 1859 2902 1913 eis
2935 1859 3229 1923 discrimen,
3264 1860 3327 1912 'ne
3354 1856 3589 1911 videlicet

2059 1952 2245 2006 Arium
2276 1956 2553 2023 confutatis
2579 1952 2828 2018 Sabellio,
2858 1968 2918 2006 ac
2964 1968 3141 2005 rursus
3172 1950 3458 2005 Sabellium
3490 1951 3586 2003 int-

2062 2061 2300 2117 pugnans
2335 2042 2561 2097 Photino
2595 2048 2766 2114 {avere
2795 2044 3065 2107 videatur;
3096 2052 3141 2096 ct
3186 2043 3239 2095 in
3278 2058 3383 2095 rem
3408 2040 3591 2095 Eccle-

2062 2138 2154 2191 sia:
2179 2137 2435 2206 quomodo
2466 2152 2518 2190 se
2546 2136 2762 2189 invicem
2799 2134 2975 2201 Arius,
3013 2132 3292 2199 Sabellius,
3316 2150 3376 2186 ac
3413 2130 3594 2187 Ph'oti—

2063 2247 2161 2283 nus
2191 2230 2393 2283 vincant
2430 2240 2519 2284 aut
2552 2231 2840 2285 vincantur.
2880 2228 3080 2297 Quibus
3123 2228 3336 2283 breviter
3367 2230 3594 2297 explica-

2064 2323 2159 2387 tis,
2190 2340 2305 2377 eum
2326 2366 2340 2389 ,
2372 2324 2460 2390 qui
2482 2340 2598 2378 vere
2625 2341 2689 2379 ea:
2717 2332 2904 2377 natura
2928 2323 3069 2392 [ilius
3093 2320 3189 2376 Dei
3212 2334 3305 2387 est,
3330 2337 3440 2376 vere
3468 2338 3598 2391 quo-

2060 2414 2162 2486 que
2196 2433 2286 2487 per
2312 2426 2569 2485 naturam,
2604 2417 2747 2471 salva
2787 2417 2939 2469 unius
2971 2425 3016 2469 et
3048 2432 3151 2468 non
3192 2415 3471 2485 singularis
3498 2411 3599 2468 Dei

2064 2508 2189 2577 fide,
2219 2506 2387 2563 Deum
2412 2526 2520 2563 esse
2541 2509 2924 2580 comprobatur,
2950 2519 3003 2563 ut
3025 2517 3140 2580 pote
3166 2509 3250 2562 cui
3273 2507 3370 2563 Dei
3391 2524 3595 2574 nomen,

2064 2603 2306 2656 nativitas
2335 2619 2399 2657 ea:
2424 2602 2553 2670 Deo,
2588 2603 2763 2656 divina
2793 2618 2909 2654 cum
2939 2611 3123 2654 natura
3143 2642 3155 2664 ,
3188 2611 3293 2654 tum
3335 2611 3557 2671 potestas
3576 2641 3592 2669 ,

2065 2711 2126 2747 ac
2146 2694 2360 2764 denique
2383 2696 2504 2765 quia
2527 2694 2712 2763 seipse
2740 2691 2907 2747 Deum
2926 2693 3246 2763 proﬁteatur.
3280 2692 3601 2761 Quamquam

2066 2780 2254 2856 fatetur
2283 2785 2538 2852 Hilarius,
2580 2804 2695 2840 cum
2719 2795 3017 2857 argumento
3047 2802 3109 2839 ea:
3150 2786 3412 2838 nulivitate
3445 2785 3601 2854 petito

2064 2878 2135 2930 ita
2158 2892 2390 2931 connexa
2412 2894 2516 2931 esse
2537 2890 2741 2943 cratera,
2771 2888 2826 2931 ut
2856 2877 3067 2931 scorsim
3094 2877 3304 2930 tractari
3330 2886 3598 2947 nequeant.

1996 2968 2071 3023 Ac
2117 2970 2282 3037 primo
2322 2970 2525 3040 quidem
2556 2975 2699 3042 ponit
2726 3011 2740 3035 ,
2775 2966 3015 3023 naturain
3050 2964 3121 3022 rei
3163 2969 3372 3022 nomine
3401 2984 3604 3039 semper

2065 3063 2394 3134 signiﬁcari,
2438 3065 2539 3118 nisi
2586 3065 2784 3119 ratione
2829 3065 3149 3133 adiecturum
3194 3062 3527 3116 adventitium
3559 3070 3605 3117 et

2073 3178 2173 3215 non
2204 3162 2470 3233 proprium
2516 3179 2622 3216 esse
2651 3161 2904 3215 indicetur
2942 3177 2963 3215 :
3005 3161 3067 3214 de
3096 3156 3237 3214 Filio
3268 3169 3436 3213 autem
3458 3159 3529 3211 ita
3572 3175 3605 3212 a

2074 3252 2277 3310 Joanne
2307 3255 2446 3322 dici,
2478 3261 2535 3311 et
2570 3254 2710 3310 Deus
2751 3263 2865 3309 erat
2894 3253 3170 3315 Verbum,
3215 3262 3263 3307 et
3304 3269 3336 3306 α
3381 3249 3601 3320 Thema,

2073 3347 2336 3402 D’ominus
2366 3364 2520 3403 meus
2555 3360 2608 3404 et
2639 3348 2781 3402 Deus
2810 3363 2963 3402 mens
2984 3390 3003 3409 ,
3032 3356 3083 3398 ut
3121 3346 3201 3399 ha:
3239 3345 3608 3418 appellationes

2077 3441 2230 3494 etiam
2258 3456 2321 3494 ea:
2354 3440 2645 3511 adjunctis,
2676 3455 2847 3493 verum
2877 3439 2928 3492 in
2953 3455 3009 3491 eo
3045 3434 3138 3490 Dei
3170 3446 3410 3490 naturam
3437 3436 3613 3500 expri-

2077 3540 2240 3585 mant.
2275 3528 2373 3585 Cui
2402 3549 2541 3596 vero,
2576 3548 2677 3586 non
2708 3548 2855 3585 secus
2892 3546 2951 3583 ac
2984 3528 3173 3594 Patri,
3204 3536 3400 3582 natura:
3427 3529 3613 3583 divina:

2084 3626 2355 3695 proprium
2397 3640 2600 3690 nomen,
2635 3623 2788 3677 unius
2828 3631 2901 3677 est
2946 3638 3058 3675 cum
3098 3622 3212 3690 ipso
3251 3618 3452 3675 natura:
3492 3635 3512 3675 .'
3552 3635 3615 3674 ac

2083 3719 2299 3789 proinde
2326 3719 2435 3790 ipse
2460 3734 2575 3772 cum
2605 3716 2763 3772 Patre
2798 3733 2902 3769 non
2932 3714 3034 3769 duo
3058 3710 3178 3780 Dii,
3213 3715 3304 3770 sed
3342 3732 3474 3769 unus
3513 3723 3609 3770 est.

2081 3814 2281 3869 Leviter
2319 3814 2401 3867 hic
2432 3814 2638 3884 attingit
2668 3810 2854 3878 Verbi,
2884 3808 3168 3882 Sapientiw
3190 3826 3250 3864 ac
3281 3807 3495 3864 Virtutis
3528 3824 3617 3863 co-

2013 3894 2018 3904 l
2082 3909 2346 3982 gnomina,
2376 3925 2535 3977 eaque
2568 3904 2711 3961 Filio
2734 3917 2912 3976 aptata
2940 3922 3047 3960 esse
3072 3906 3318 3971 declarat,
3346 3914 3401 3957 ut
3429 3905 3482 3957 in
3506 3900 3617 3957 Pa-

2083 4015 2157 4055 tre
2176 4003 2364 4068 absque
2392 4001 2503 4055 ulla
2534 4001 2699 4066 ipsius
2728 4000 2977 4055 divisione
3005 4008 3092 4053 aut
3122 3994 3469 4053 demutatione
3498 3994 3618 4051 sub-

2078 4095 2258 4148 sistere
2283 4094 2603 4149 ostendatur.

2012 4185 2236 4260 Subjicit
2267 4185 2453 4240 deinde
2486 4204 2590 4241 non
2618 4188 2787 4240 minus
2813 4203 2904 4259 per
2926 4202 2979 4241 se
3004 4203 3111 4241 esse
3141 4194 3339 4253 nolunt,
3364 4196 3486 4239 nato
3508 4201 3619 4240 eam

2080 4280 2245 4334 inesse
2285 4291 2521 4333 naturam
2550 4295 2614 4333 ca:
2645 4295 2746 4350 qua
2772 4279 3000 4332 subsistit
3026 4294 3044 4332 :
3068 4294 3159 4332 nec
3190 4277 3413 4331 dubitari
3447 4294 3618 4350 posse,

2084 4375 2207 4446 quin
2233 4392 2298 4430 ea:
2330 4374 2439 4429 Deo
2466 4385 2617 4429 natus
2639 4375 2705 4429 sit
2735 4373 2990 4439 Christus,
3014 4389 3164 4441 quem
3190 4370 3250 4427 ob
3272 4372 3370 4427 hoc
3396 4373 3624 4426 maxime

2081 4466 2369 4536 inter/icere
2397 4466 2630 4521 volebant
2668 4465 2846 4520 Judwi
2868 4508 2883 4531 ,
2916 4465 3039 4534 quia
3067 4465 3344 4535 proprium
3393 4466 3494 4520 sibi
3529 4479 3623 4534 pa-

2089 4552 2223 4614 trem
2253 4560 2467 4615 dicebat
2498 4559 2688 4624 Demn,
2722 4556 2989 4629 mqualem
3022 4573 3081 4612 se
3112 4556 3315 4612 faciens
3339 4557 3471 4611 Deo.
3506 4555 3623 4610 Nm

2087 4653 2257 4707 tivitas
2292 4664 2491 4720 autem,
2523 4653 2653 4707 sicut
2679 4663 2726 4709 ct
2762 4652 3065 4723 wqualitas,
3093 4652 3183 4705 nec
3210 4651 3380 4705 solum
3411 4649 3620 4720 patitur,

2084 4758 2178 4798 nec
2201 4742 2478 4797 diversum.

2014 4836 2099 4891 Ea:
2122 4854 2176 4889 eo
2198 4837 2310 4904 ipso
2338 4851 2594 4901 sermone,
2618 4851 2765 4904 quem
2791 4840 2915 4887 tunc
2939 4830 3173 4887 Christus
3195 4833 3265 4885 ad
3282 4832 3494 4888 Judwos
3521 4829 3619 4887 Ita-

2088 4926 2372 4992 buit,illius
2403 4944 2465 4980 ea:
2485 4926 2593 4981 Deo
2615 4927 2929 4980 nativitatem
2947 4924 3100 4979 simul
3118 4935 3163 4978 ct
3180 4939 3407 4997 paternw
3429 4924 3626 4982 natum

2085 5021 2331 5076 unitatem
2371 5020 2708 5075 demonstrari
2731 5019 2968 5091 pluribus
2998 5020 3180 5074 evincit
3214 5035 3232 5075 :
3271 5030 3472 5077 natura:
3500 5020 3623 5092 qui-

2028 5346 2123 5404 est,
2149 5328 2237 5408 qui
2267 5340 2530 5405 peccatum
2560 5332 2814 5408 cognovit,
2829 5347 2928 5408 nec
2956 5331 3213 5408 cognitam
3241 5332 3510 5408 conﬁtetur
3533 5344 3636 5408 :et

2028 5403 2171 5473 hoc,
2203 5403 2323 5477 quia
2369 5403 2636 5477 confessio
2676 5403 2867 5458 erroris
2906 5404 3163 5477 professio
3210 5415 3283 5458 est
3332 5405 3634 5475 desinendi;

2029 5496 2130 5536 nec
2162 5476 2374 5533 veniam
2410 5476 2675 5544 meretur,
2698 5479 2790 5546 qui
2831 5491 2859 5528 a
2887 5484 3111 5544 peccato
3138 5476 3388 5532 desinere
3434 5480 3635 5535 renuit.

2029 5550 2167 5607 Vide
2194 5558 2453 5605 annotata
2480 5547 2547 5601 ad
2576 5563 2727 5602 num.
2762 5550 2815 5611 8,
2848 5556 3008 5602 tract.
3038 5561 3122 5612 ps.
3151 5560 3274 5603 cn.

2104 5623 2185 5696 (ά)
2212 5624 2302 5677 Sic
2330 5634 2465 5696 mss.
2497 5627 2555 5673 ut
2581 5617 3099 5696 superius__num.2_5
3120 5636 3133 5673 :
3242 5622 3522 5696 noncredo
3546 5638 3642 5678 no-

2033 5686 2340 5760 miiu‘bus,si
2364 5701 2605 5764 naturam
2625 5686 2887 5747 vocabulis
2912 5686 3015 5745 non
3041 5689 3290 5761 intelligo.
3317 5689 3463 5750 Editi
3488 5708 3640 5764 vero,

2033 5776 2275 5823 naturam
2318 5762 2562 5819 nominis.
