4094 6180
479 241 583 308 iiii)

1676 228 1923 291 SANCTI
1957 225 2213 285 HILARII
2252 221 2563 285 EPISCOPI

3672 206 3781 271 300

555 358 672 412 dem
693 357 959 421 unitatent,
976 354 1099 408 dum
1127 356 1368 424 operatur
1393 345 1530 419 quod
1552 343 1731 410 Pater,
1757 345 1878 400 dum
1908 343 2081 399 omnia
2109 348 2159 409 Α
2186 342 2400 398 currerit
2435 337 2687 394 Hilarius.
2729 334 2880 390 Liber
2905 330 3138 404 superior
3180 345 3351 386 verum
3384 328 3569 399 filium,
3595 326 3680 382 hic
3701 343 3784 381 os-

558 448 834 519 ‘eademque
857 446 1017 515 facit,
1050 444 1172 498 dum
1207 457 1314 495 una
1338 440 1602 511 utriusque
1628 438 1681 492 in
1712 437 1927 491 mortuis
1955 436 2080 489 vivi-

556 542 776 612 ﬁcandis
803 548 1024 612 potestas
1046 579 1061 603 ,
1096 552 1229 590 unus
1258 536 1443 600 honor,
1474 549 1580 587 una
1604 532 1816 604 injuria,
1844 529 1970 584 dum
1998 529 2086 584 de-

558 636 711 705 nique
752 648 897 687 onme
928 629 1191 702 judicium
1221 626 1403 693 habet;
1443 624 1758 679 natiuitatem
1788 639 1936 689 uero,
1965 623 2085 676 dum

562 726 729 795 ﬁlium
756 739 864 779 sese
890 723 1113 777 vocitare
1143 735 1247 774 non
1285 718 1499 781 desinit,
1550 720 1676 770 dum
1699 714 1772 768 ita
1809 713 1913 786 agit
1949 711 2087 784 quod

565 817 721 871 Pater
740 856 756 882 ,
788 824 841 869 ut
867 823 1035 868 tamen
1064 828 1166 866 non
1193 810 1263 866 ab
1286 825 1346 865 se
1370 849 1385 876 ,
1415 810 1491 864 ita
1516 809 1713 874 eadem,
1745 815 1801 861 ut
1824 815 1991 859 tamen
2015 802 2089 859 si-

558 908 781 973 militer,
809 907 882 961 ita
920 905 1172 974 iudicium
1195 918 1345 957 onme
1374 901 1553 966 habet,
1585 909 1640 953 ut
1671 909 1838 953 tamen
1867 915 1900 952 a
1930 894 2091 950 Patre

561 1003 629 1056 sit
653 1008 943 1070 acceptum.
980 996 1134 1063 Quod
1161 994 1365 1064 quidem
1391 994 1727 1064 conﬁrmatur
1761 1001 1867 1046 tum
1896 1005 1960 1045 ea:
1986 987 2087 1043 Ju-

561 1094 793 1149 dworum
826 1091 1186 1163 intelligentia,
1211 1089 1297 1157 qui
1327 1087 1587 1143 Christum
1613 1087 1693 1142 his
1724 1085 1873 1140 dictis
1899 1100 1951 1139 se
1980 1098 2093 1138 uere

564 1186 664 1242 Dei
702 1186 870 1256 ﬁlium
910 1200 1119 1255 uereque
1146 1180 1316 1236 Deum
1364 1179 1647 1251 praedicare
1686 1179 2088 1242 intellexerunt,

565 1287 674 1332 tum
701 1293 763 1332 ea:
791 1276 953 1343 ipsius
979 1273 1172 1329 Christi
1198 1273 1457 1344 responsis
1483 1312 1496 1337 ,
1524 1270 1709 1342 quibus
1733 1285 1835 1324 non
1869 1286 1924 1324 se
1960 1267 2095 1321 male

563 1371 878 1427 intellectum
922 1370 1098 1424 retulit
1124 1407 1139 1434 ,
1182 1366 1271 1422 sed
1305 1365 1478 1436 inique
1514 1379 1617 1417 non
1656 1362 1936 1429 creditum,
1979 1376 2097 1415 cum

563 1464 816 1519 dictorum
835 1462 991 1534 ﬁdem
1014 1476 1173 1531 opera
1198 1461 1446 1531 facerent.

492 1554 763 1612 Postremo
788 1572 852 1611 ea:
871 1557 954 1623 iis,
981 1570 1094 1627 qua:
1105 1553 1337 1609 Christus
1363 1568 1395 1605 a
1421 1550 1667 1624 Philippo
1688 1560 1744 1605 ut
1766 1548 1978 1604 Patrem
2000 1545 2098 1602 sibi

572 1649 863 1706 ostenderet
888 1658 1101 1720 rogatus
1129 1646 1406 1719 peroravit,
1437 1644 1548 1715 ipse
1571 1660 1625 1698 se
1648 1653 1695 1698 et
1724 1658 1788 1697 ea;
1813 1641 1972 1695 Patre
2007 1655 2100 1693 na-

568 1753 699 1810 tum,
723 1752 771 1797 et
797 1742 951 1796 unius
979 1740 1306 1814 ejusdemque
1329 1753 1444 1792 cum
1471 1753 1528 1792 eo
1560 1748 1761 1791 natura:
1786 1734 1975 1790 diserte
1999 1733 2097 1788 do-

564 1850 678 1891 cere
697 1835 1099 1889 demonstratur.

568 2013 618 2068 l.
659 2010 763 2066 llic
812 2011 938 2066 liber
975 2008 1321 2083 superioribus
1376 2018 1604 2079 prastat.
1654 2006 1922 2064 Scribendi
1968 2022 2096 2061 cau-

493 2121 585 2161 sat.
641 2103 1018 2160 Hiereticorum
1070 2102 1347 2158 subtilitas.
1378 2130 1451 2141 —
1476 2099 1750 2171 Septimus
1799 2098 1885 2154 hic
1941 2098 2098 2153 nobis

492 2198 781 2255 adversum
808 2211 961 2252 ηοντε
989 2196 1260 2251 haereseos
1286 2208 1541 2249 vesanam
1575 2192 1936 2247 temeritatem
1962 2190 2100 2247 iiber

492 2293 747 2350 scribitur
776 2308 789 2346 :
823 2289 1037 2348 caeteris
1067 2288 1284 2360 quidem
1311 2286 1677 2343 anterioribus
1713 2302 1940 2341 numero
1971 2299 2099 2355 pos-

494 2387 696 2451 terior,
720 2384 818 2442 sed
846 2384 914 2440 ad
944 2384 1195 2456 perfecta:
1220 2381 1344 2439 ﬁdei
1364 2392 1763 2437 sacramentum
1794 2379 2102 2450 intelligen-

493 2477 623 2544 dum
654 2486 746 2532 aut
776 2477 984 2548 primus
1004 2517 1019 2543 ,
1050 2484 1143 2529 aut
1170 2473 1458 2529 maximus.
1495 2471 1551 2527 In
1590 2487 1700 2543 quo
1731 2487 1838 2526 non
1883 2470 2101 2543 ignora-

494 2586 616 2628 mus
643 2586 802 2643 quam
825 2569 1047 2627 difﬁcile
1068 2578 1231 2640 atque
1261 2568 1488 2623 arduum
1520 2567 1622 2622 iter
1647 2566 1909 2622 doctrinae
1930 2580 2100 2621 evan-

500 2664 690 2735 gelicae
719 2660 1066 2719 scandamus.
1098 2660 1145 2716 A
1171 2676 1279 2731 quo
1307 2658 1556 2731 quamvis
1583 2652 1661 2731 (a)
1690 2656 1921 2713 consciae
1948 2655 2100 2711 inﬁr-

492 2756 694 2813 mitatis
734 2763 934 2811 nostra:
965 2752 1321 2825 trepidatione
1359 2766 1704 2816 revocemur;
1755 2761 1933 2806 tamen
1975 2748 2103 2805 ﬁdei

496 2858 632 2905 aestu
688 2847 935 2913 incitati,
1006 2854 1064 2901 et
1119 2844 1497 2901 htereticorum
1554 2842 1735 2899 furore
1798 2842 2099 2912 commoti,

475 2932 547 2998 'et
587 2940 830 3012 periculo
873 2940 1235 3010 ignorantium
1270 2937 1609 3007 perturbati,
1650 2950 1773 3007 quas
1817 2934 2098 3004 loquinon

491 3035 778 3102 audemus,
823 3033 987 3089 silere
1043 3046 1150 3087 non
1199 3045 1486 3101 possumus
1523 3047 1536 3084 :
1587 3030 1869 3099 utriusque
1909 3026 2102 3083 discri-

494 3126 656 3183 minis
705 3122 780 3198 (b)
820 3136 968 3181 metu
1009 3122 1251 3188 subditi,
1294 3138 1363 3178 ne
1403 3121 1675 3179 destitutae
1718 3119 1966 3176 veritatis
2008 3132 2099 3175 rea

494 3220 547 3275 in
595 3218 753 3276 nobis
798 3217 871 3273 sit
910 3226 1003 3271 aut
1048 3215 1385 3271 taciturnitas
1415 3257 1432 3283 ,
1480 3222 1576 3270 aut
1627 3212 1958 3283 praedicatio.
2012 3210 2097 3265 In-

491 3309 839 3368 credibilibus
863 3308 1064 3366 etenim
1102 3323 1163 3364 se
1184 3307 1426 3377 corrupti
1458 3307 1655 3379 ingenii
1693 3306 1903 3362 artibus
1938 3303 2096 3378 175

493 3406 750 3462 haeretica
788 3404 1058 3459 subtilitas
1101 3404 1468 3474 circumegit:
1516 3401 1746 3471 primum
1778 3413 1837 3456 ut
1879 3399 1949 3472 (ε)
1994 3399 2094 3455 ﬁtt-

490 3508 641 3570 geret
671 3497 1014 3571 religionem,
1055 3496 1251 3551 deinde
1283 3506 1341 3550 ut
1368 3495 1610 3552 omnium
1639 3493 1965 3565 simplicium
1991 3508 2094 3548 au-

489 3594 631 3648 rium
659 3590 1007 3646 securitatem
1032 3588 1215 3644 verbis
1244 3588 1488 3657 falleret,
1520 3597 1633 3643 tum
1664 3599 1926 3657 prieterea
1953 3594 2014 3641 ut
2036 3600 2097 3642 se

490 3682 795 3755 prudentiae
816 3681 1000 3737 szecuii
1027 3688 1329 3751 coaptaret,
1356 3691 1633 3752 postremo
1659 3688 1716 3734 ut
1744 3679 1989 3734 veritatis
2015 3678 2099 3733 in-

489 3775 837 3849 telligentiam
867 3789 964 3845 per
986 3774 1223 3844 speciem
1254 3771 1334 3844 (d)
1358 3772 1518 3827 edita:
1549 3771 1775 3827 rationis
1804 3777 2093 3826 averteret.

487 3869 620 3928 Nam
656 3877 954 3941 protestata
981 3868 1058 3941 (in
1089 3867 1308 3939 epistola
1332 3866 1422 3921 tib.
1464 3881 1518 3922 tv
1542 3874 1593 3921 et
1613 3882 1666 3920 Vl
1715 3864 1903 3935 relata)
1925 3865 2094 3921 Deum

489 3979 653 4020 unum
684 3961 964 4027 ,-mentita
1001 3960 1258 4032 pietatem
1312 3968 1430 4024 est;
1482 3959 1722 4030 professa
1770 3973 1959 4014 rursus
2000 3956 2097 4014 Dei

489 4052 686 4121 ﬁlium,
720 4053 998 4109 audientes
1021 4051 1213 4109 fefellit
1235 4051 1289 4107 in
1319 4051 1572 4117 nomine;
1597 4051 1782 4107 dicens
1809 4050 2096 4107 etiamtton

491 4145 661 4203 fuisse
691 4153 817 4201 ante
845 4160 1007 4216 quam
1038 4144 1274 4201 nascitur
1297 4185 1312 4211 ,
1343 4144 1532 4200 mundi
1564 4143 1848 4215 sapientiae
1880 4144 2098 4198 satisfe-

490 4239 594 4305 cit;
641 4237 1083 4315 indemutabilem
1127 4253 1346 4309 quoque
1389 4249 1445 4295 et
1491 4239 1873 4309 incorporeum
1924 4237 2096 4293 Deum

489 4332 775 4397 conﬁtens,
804 4331 1141 4388 nativitatem
1175 4332 1360 4387 Deiex
1395 4331 1504 4387 Deo
1547 4346 1643 4400 per
1681 4330 2100 4387 demonstratio-

489 4440 613 4481 nem
662 4422 904 4480 subdolae
953 4423 1182 4479 rationis
1222 4423 1457 4478 exclusit
1502 4440 1515 4476 :
1562 4422 1761 4478 nostris
1808 4423 2097 4479 adversum

487 4533 587 4575 nos
616 4533 713 4573 usa
743 4515 1003 4573 doctrinis
1026 4559 1041 4585 ,
1093 4527 1146 4572 et
1184 4516 1444 4573 Ecclesiae
1474 4515 1577 4573 ﬁde
1620 4527 1809 4572 contra
1836 4517 2095 4574 Ecclesia:

488 4611 650 4669 ﬁdem
697 4625 984 4682 pugnans,
1016 4609 1337 4682 gravissimo
1383 4609 1674 4667 adversum
1717 4624 1816 4665 nos
1862 4609 1949 4666 vel
2008 4625 2092 4665 re-

488 4702 802 4775 sponsionis
824 4703 910 4759 vel
939 4703 1139 4760 silentii
1180 4702 1421 4774 periculo
1447 4713 1761 4774 comparato
1786 4745 1802 4770 ,
1834 4702 1963 4758 dum
1995 4717 2093 4775 per

485 4813 550 4856 ea
575 4813 697 4870 qua:
721 4812 829 4852 non
858 4807 1143 4870 negantur,
1172 4812 1236 4852 ea
1261 4797 1520 4868 praedicat
1544 4812 1665 4869 quae
1692 4807 1979 4869 negantur.

560 4889 617 4945 2.
653 4888 792 4956 Quid
830 4890 1047 4963 epistola
1085 4906 1179 4945 sua
1208 4890 1449 4945 tentarint
1480 4890 1729 4962 ingerere.
1758 4887 1861 4957 Qui
1889 4890 1962 4944 eis
2010 4906 2098 4946 oc-

559 5028 921 5112 (a)_Nennulli
950 5045 1087 5112 m_ss.
1119 5032 1450 5112 eonscientia:
1476 5031 1779 5112 infirmitate
1815 5040 2024 5112 nostrte
2046 5040 2096 5086 et

490 5101 849 5174 trepidatione.
882 5101 1248 5174 Prteferebant
1283 5118 1496 5174 quoque
1525 5103 1654 5159 editi
1686 5146 1700 5163 ,
1746 5104 2090 5159 conscientiae.

490 5171 686 5254 :Ve'rius
698 5173 1070 5254 castigatiores
1093 5189 1226 5254 mss.
1250 5171 1490 5254 conscire,
1514 5176 1706 5254 supple
1721 5174 1850 5254 sibi,_
1860 5189 1983 5239 ceu,
2006 5189 2092 5254 cu-

487 5244 1401 5314 jusconsciisutnus.Qualoquendi
1432 5244 1705 5303 rationein
1739 5246 1874 5315 psal.
1904 5247 2089 5309 vaitt,

492 5329 643 5370 num.
673 5315 766 5380 15,
797 5324 995 5386 emat,
1028 5316 1245 5370 consciae
1258 5317 1311 5370 in
1326 5333 1380 5371 se
1409 5318 1588 5371 salutis
1611 5318 1820 5386 ﬁducia.
1847 5317 1958 5372 Nec
1979 5316 2094 5372 dis-

492 5385 656 5455 plicet
675 5402 796 5442 cunt
827 5385 991 5443 Corb.
1019 5404 1049 5442 a
1078 5386 1250 5456 prima
1274 5402 1456 5457 manu,
1491 5385 1703 5445 conscii.

563 5478 639 5550 (b)
671 5478 831 5550 Editi,
858 5479 1017 5534 metui
1041 5480 1230 5535 subditi
1259 5497 1278 5535 :
1305 5482 1695 5538 reluctantibus
1723 5497 1855 5540 mss.
1886 5480 2094 5540 Deinde

489 5548 628 5603 unus
656 5564 688 5605 e
711 5548 831 5606 Vat.
863 5567 926 5605 ne
953 5552 1017 5607 de
1041 5551 1366 5608 destitutione
1385 5554 1635 5610 veritatis.

559 5639 635 5714 (e)
667 5642 789 5699 Vat.
819 5643 938 5699 bas.
968 5660 1072 5700 ms.
1102 5645 1373 5717 ingereret.

560 5732 642 5808 (ά)
673 5735 958 5808 Exemplar
983 5739 1197 5796 Martia.
1229 5740 1485 5800 meditata
1510 5742 1747 5800 rationis.

2122 1783 2174 1844 B

2186 436 2343 491 tendit
2372 432 2535 486 Deum
2557 444 2827 484 verum.-—-
2843 425 2913 481 Et
2941 423 3156 495 quidem
3179 421 3395 476 caeteris
3415 417 3787 489 superioribus

2188 527 2343 583 lthris
2372 524 2678 580 admonitos
2700 536 2727 573 a
2759 517 2914 574 nobis
2942 517 3180 584 legentes
3207 511 3574 574 meminimus,
3614 520 3669 564 ut
3705 517 3788 565 to-

2189 620 2294 674 tius
2316 615 2668 685 blasphemiae
2691 609 2766 686 (e)
2791 609 3083 667 editionem
3112 615 3525 677 pertractantes,
3543 600 3789 657 animad-

2187 717 2462 765 verterent
2483 722 2589 763 non
2607 705 2754 760 aliud
2777 701 3033 764 laborari,
3052 715 3212 772 quam
3235 706 3294 753 ut
3319 697 3578 753 Dominus
3604 707 3792 750 noster

2187 804 2350 860 Jesus
2375 801 2619 858 Christus
2645 812 2819 867 neque
2850 794 2944 851 Dei
2977 792 3118 848 ﬁlius
3147 808 3322 863 neque
3353 790 3496 846 Deus
3522 802 3644 844 esse
3670 801 3794 842 ere-

2189 895 2369 961 datur,
2400 894 2525 949 dunt
2557 892 2605 947 ei
2627 887 2901 947 concessis
2928 894 3133 943 tantum
3162 899 3231 940 ex
3250 882 3482 954 quadam
3502 880 3794 952 adoptione

2194 987 2523 1053 nominibus,
2545 994 2595 1041 et
2626 985 2722 1040 Dei
2754 992 2942 1038 natura
2971 991 3197 1053 negatur
3224 987 3278 1033 et
3309 976 3402 1032 ﬁlii
3434 994 3448 1029 :
3479 991 3602 1031 cum
3630 985 3684 1031 et
3712 974 3797 1029 in-

2194 1080 2537 1139 dentutahilis
2561 1088 2725 1150 atque
2752 1078 3104 1147 incorporeus
3123 1072 3290 1139 Deus,
3316 1069 3477 1126 sicuti
3501 1079 3553 1126 et
3581 1077 3686 1134 est,
3718 1068 3800 1123 id-

2193 1176 2340 1232 circo
2363 1172 2684 1239 afﬁrmatur,
2717 1187 2786 1227 ne
2815 1170 2986 1226 Filius
3014 1177 3171 1223 natus
3196 1182 3266 1224 ex
3302 1167 3413 1221 Deo
3439 1166 3542 1229 sit;
3571 1172 3627 1219 et
3652 1164 3799 1218 Dens

2198 1277 2352 1340 pater
2385 1268 2455 1322 ob
2485 1265 2537 1321 id
2571 1275 2775 1321 tantum
2804 1263 2858 1317 in
2899 1261 3243 1317 confessiOne
3267 1258 3413 1314 Deus
3440 1272 3577 1312 unus
3605 1257 3697 1319 sit,
3731 1273 3802 1312 ne

2198 1364 2251 1419 in
2283 1362 2389 1417 ﬁde
2417 1369 2601 1417 nostra
2633 1345 2777 1413 Deus
2800 1356 3047 1412 Christus
3076 1356 3148 1409 sit
3176 1372 3188 1407 :
3218 1354 3343 1425 quia
3372 1367 3470 1407 nec
3501 1352 3802 1407 nativitatis

2200 1454 2613 1526 intelligentiam
2639 1460 2825 1507 natura
2850 1445 3503 1518 incorporalisadmittat,
3529 1453 3586 1500 et
3605 1444 3699 1499 Dei
3728 1459 3800 1498 ex

2201 1549 2313 1605 Deo
2351 1548 2509 1604 ﬁdem
2541 1562 2679 1602 unus
2722 1554 2934 1600 tantum
2977 1542 3132 1599 nobis
3170 1541 3314 1597 Deus
3357 1542 3409 1594 in
3455 1539 3802 1595 confessione

2202 1642 2483 1698 dissolvat.
2513 1640 2620 1697 Sed
2644 1638 3013 1709 superioribus
3028 1636 3139 1707 jam
3169 1635 3365 1691 libellis
3393 1634 3635 1689 fallacem
3659 1637 3803 1688 hanc

2202 1750 2392 1792 eorum
2420 1745 2583 1805 atque
2613 1732 2854 1788 inutilem
2885 1728 3321 1800 praedicationem
3343 1742 3408 1782 ex
3436 1726 3553 1797 lege
3580 1741 3645 1781 ac
3672 1742 3803 1795 pro-

2200 1828 2377 1901 phetis
2398 1828 2678 1893 docentes,
2703 1840 2823 1880 eam
2852 1823 3222 1894 responsionis
3248 1820 3477 1878 formam
3502 1819 3797 1888 tenuimus,

2199 1939 2321 1995 quae
2356 1923 2408 1978 in
2434 1922 2548 1978 Deo
2587 1937 2653 1976 ex
2682 1920 2795 1976 Deo
2837 1919 3133 1990 praedicata
3156 1957 3173 1985 ,
3215 1925 3271 1972 et
3296 1930 3405 1971 uno
3434 1915 3549 1970 Deo
3577 1930 3642 1969 ac
3673 1928 3805 1970 vero

2200 2015 2448 2087 professo
2469 2056 2484 2081 ,
2518 2029 2693 2084 neque
2736 2014 2787 2066 in
2814 2011 2975 2066 unius
3003 2009 3116 2065 veri
3157 2008 3252 2065 Dei
3282 2010 3482 2064 unione
3505 2007 3800 2071 deﬁceret,

2200 2123 2376 2179 neque
2406 2107 2474 2162 ad
2521 2105 2681 2161 ﬁdem
2723 2103 2824 2159 Dei
2852 2103 3076 2158 alterius
3119 2100 3438 2165 excederet;
3472 2099 3599 2154 dum
3628 2115 3806 2169 neque

2201 2200 2478 2258 solitarius
2499 2198 2656 2254 nobis
2684 2198 2828 2252 Deus
2851 2197 2905 2251 in
2928 2194 3290 2257 confessione,
3320 2207 3497 2264 neque
3518 2189 3625 2246 duo
3651 2200 3801 2245 sunt.

2202 2294 2274 2350 Et
2312 2295 2452 2350 inter
2490 2294 2642 2357 haec,
2691 2308 2855 2346 unum
2896 2306 3071 2361 neque
3118 2287 3366 2360 negando
3412 2302 3585 2357 neque
3629 2284 3804 2340 cuttﬁ-

2202 2386 2406 2455 tendo,
2455 2386 2576 2442 ﬁdei
2624 2383 2702 2459 (f)
2753 2392 3068 2440 conservata
3116 2379 3379 2453 perfectio
3409 2388 3531 2445 est,
3579 2378 3704 2434 dum
3748 2386 3808 2434 et

2203 2480 2346 2551 quod
2394 2495 2557 2534 unutn
2588 2488 2715 2533 sunt
2757 2475 2991 2532 refertur
3016 2474 3083 2529 ad
3122 2484 3412 2542 utrumque
3436 2514 3452 2537 ,
3491 2480 3545 2527 et
3575 2481 3807 2542 uterque

2203 2589 2310 2629 non
2345 2588 2482 2628 unus
2521 2580 2625 2628 est.
2658 2571 2771 2627 Hoc
2792 2570 2959 2641 igitur
2989 2568 3241 2639 perfecta:
3281 2565 3402 2621 ﬁdei
3432 2564 3809 2621 iudissoluhile

2204 2675 2599 2723 sacramentum
2630 2660 2959 2733 evangelicis
2992 2671 3155 2731 atque
3185 2657 3503 2731 apostolicis
3540 2656 3808 2712 doctrinis

2203 2760 2503 2816 absoluturi
2524 2801 2538 2826 ,
2569 2772 2676 2813 non
2716 2757 2862 2813 aliud
2893 2755 3128 2828 primum
3159 2753 3447 2810 debuimus
3471 2793 3485 2816 ,
3517 2768 3675 2824 quam
3706 2750 3806 2806 Dei

2204 2852 2374 2908 ﬁlium
2399 2866 2538 2908 vera:
2555 2850 2848 2907 nativitatis
2864 2849 3246 2905 subsistentem
3270 2845 3429 2919 176
3445 2846 3520 2919 (g)
3554 2857 3803 2899 naturam

2205 2945 2498 3016 ceguitioni
2527 2943 2859 3000 audientium
2886 2943 3164 3006 intimare;
3184 2957 3361 3011 neque
3385 2940 3597 2996 aliunde
3618 2947 3706 2993 aut
3733 2954 3806 2993 ex

2206 3038 2417 3103 nihilo,
2468 3037 2563 3093 sed
2591 3053 2656 3092 ex
2706 3036 2820 3092 Deo
2849 3051 2971 3092 esse
3018 3034 3184 3089 ﬁlium
3234 3032 3596 3089 ntaniicstare.
3645 3029 3837 3101 Quod

2127 3170 2174 3234 Ο
2205 3132 2330 3203 quia
2370 3129 2664 3187 secundum
2696 3144 2757 3185 ea
2778 3170 2791 3196 ,
2821 3143 2943 3200 quas
2986 3127 3259 3183 anteriore
3300 3125 3439 3181 libro
3460 3124 3605 3181 edita
3634 3133 3760 3179 sunt
3788 3167 3805 3190 ,

2205 3225 2404 3295 ambigi
2435 3239 2541 3279 non
2567 3232 2763 3293 potest,
2793 3222 2921 3292 quin
2945 3229 3195 3277 cessante
3224 3216 3532 3289 adoptionis
3560 3217 3805 3284 nomine,

2203 3333 2362 3375 verus
2404 3318 2547 3374 ﬁlius
2585 3334 2654 3373 ex
2685 3317 2908 3374 veritate
2940 3314 3239 3371 nativitatis
3280 3314 3389 3368 sit:
3423 3311 3502 3386 (h)
3553 3329 3616 3369 ea
3661 3328 3810 3368 nunc

2204 3426 2420 3481 quoque
2446 3426 2516 3466 ex
2544 3408 2855 3480 Evangeliis
2886 3407 3213 3478 proferimus
3236 3449 3250 3475 ,
3291 3416 3353 3461 ut
3384 3405 3505 3476 quia
3537 3405 3680 3460 ﬁlius
3711 3419 3815 3460 ve-

2200 3516 2296 3558 rus
2324 3510 2430 3569 est,
2458 3516 2622 3557 verus
2651 3515 2866 3572 quoque
2894 3498 3039 3555 Deus
3073 3514 3200 3555 esse
3224 3505 3479 3555 noscatur
3509 3514 3523 3551 :
3555 3497 3676 3568 quia
3709 3512 3813 3552 ne-

2201 3610 2308 3665 que
2341 3608 2502 3649 verus
2527 3592 2675 3648 ﬁlius
2715 3592 2821 3648 erit
2842 3632 2858 3660 ,
2892 3591 2992 3647 nisi
3025 3605 3185 3647 verus
3215 3598 3273 3646 et
3299 3589 3442 3646 Deus
3474 3601 3587 3655 est;
3629 3603 3811 3661 neque

2202 3700 2363 3742 verus
2391 3685 2559 3751 Deus,
2587 3684 2687 3739 nisi
2714 3699 2879 3741 verus
2907 3696 2960 3738 et
2991 3681 3136 3738 ﬁlius
3160 3691 3263 3737 est.

2272 3780 2325 3835 5.
2366 3776 2623 3833 Hieresim
2665 3795 2819 3832 unam
2867 3780 3141 3848 confutans
3170 3778 3255 3831 via:
3290 3774 3423 3846 fugit
3461 3774 3811 3846 suspicionem

2200 3872 2431 3927 alterius.
2471 3869 2750 3939 Sabellius,
2782 3870 2962 3937 Arius,
2996 3869 3222 3936 llebion,
3257 3869 3533 3924 Photinus.
3565 3899 3638 3911 -κ
3658 3867 3809 3925 Nihil

2203 3963 2455 4019 humanae
2520 3971 2727 4019 naturae
2771 3964 2988 4035 gravius
3050 3961 3399 4033 cst‘periculi
3472 3962 3809 4019 conscientia

2202 4054 2350 4125 (nam
2397 4070 2460 4111 ea
2491 4071 2615 4126 quin
2644 4066 2738 4111 aut
2779 4054 3023 4126 ignorata
3066 4064 3161 4111 aut
3191 4055 3475 4124 repentina
3503 4063 3662 4122 sunt,
3711 4058 3810 4108 tta-

2202 4144 2331 4201 bent
2389 4143 2603 4217 quidem
2640 4146 3003 4203 miserabilem
3032 4150 3412 4215 securitatem,
3443 4147 3540 4204 sed
3577 4162 3685 4204 non
3719 4147 3811 4201 ha-

2203 4236 2334 4293 bent
2369 4248 2571 4294 metum
2624 4238 2782 4294 futuri
2814 4238 2835 4313 )
2869 4258 2883 4296 :
2914 4239 3037 4312 quia
3069 4255 3174 4296 non
3205 4241 3391 4312 ignaro
3416 4239 3804 4306 accidentium,

2200 4329 2445 4387 anxietas
2484 4329 2597 4400 ipsa
2639 4346 2796 4402 paena
2828 4332 3067 4403 patiendi
3114 4342 3221 4390 est.
3253 4333 3370 4390 Non
3400 4350 3501 4404 ego
3545 4349 3682 4387 nunc
3711 4348 3811 4387 tta-

2201 4434 2325 4476 vem
2355 4435 2387 4475 e
2414 4430 2572 4492 portu
2603 4423 2756 4480 solvo
2781 4424 3041 4497 naufragii
3072 4425 3310 4497 ignarus,
3348 4440 3524 4496 neque
3552 4426 3653 4480 iter
3678 4424 3810 4480 ineo

2206 4517 2430 4574 infestos
2458 4516 2521 4591 (i)
2544 4518 2761 4576 nescius
2790 4519 3090 4575 latronibus
3111 4520 3280 4576 saltus
3298 4562 3313 4587 ,
3347 4535 3449 4576 nec
3473 4518 3657 4591 Libym
3683 4534 3809 4573 arc-

2201 4627 2298 4669 nas
2339 4615 2577 4669 incertus
2605 4612 2928 4685 scorpiones
2957 4613 3156 4684 ubique
3184 4623 3238 4670 et
3278 4612 3496 4682 asttides
3533 4623 3586 4668 et
3620 4612 3811 4666 basili-

2197 4719 2319 4760 scos
2347 4704 2539 4761 adesse
2560 4714 2905 4761 transcurro:
2932 4704 3064 4760 nihil
3092 4704 3443 4761 sollicitudini
3473 4719 3631 4769 mete,
3665 4702 3805 4757 nihil

2201 4799 2546 4856 conscientiae
2578 4806 2755 4855 vacat.
2789 4799 2900 4856 Sub
2927 4799 3145 4868 specula
3174 4800 3318 4854 enim
3348 4799 3588 4855 omnium
3624 4798 3806 4852 lucre-

2146 4884 2158 4893 ’
2204 4892 2435 4948 ticorum
2474 4891 2543 4947 ad
2587 4890 2902 4948 occasiones
2932 4890 3268 4963 singulorum
3314 4890 3600 4947 verborum
3643 4888 3700 4944 in
3742 4904 3809 4945 os

2271 5030 2343 5103 (e)
2364 5029 2427 5103 _lu
2450 5029 2641 5087 codice
2663 5029 2783 5103 Vat.
2808 5030 2920 5085 has.
2949 5029 3199 5103 adjicitur
3219 5030 3326 5096 hic,
3351 5046 3526 5103 eorum
3551 5046 3569 5085 :
3600 5039 3655 5087 cl
3679 5048 3807 5086 mox

2198 5099 2332 5173 post
2352 5101 2492 5156 Deus
2515 5118 2624 5156 esse
2650 5102 2923 5173 credatur,
2941 5101 3227 5170 subjicitur
3250 5118 3315 5157 ex
3357 5099 3486 5156 Deo.

2270 5173 2357 5244 (Γ)
2392 5173 2680 5242 Exemplar
2726 5173 2840 5228 bas.
2882 5171 3000 5228 Vat.
3036 5188 3160 5227 cum
3204 5174 3355 5228 Mart.
3386 5184 3739 5229 consummata
3789 5190 3810 5230 :

2196 5246 2375 5299 minus
2391 5244 2469 5327 .ad
2495 5259 2628 5298 rem.
2661 5244 2761 5327 ita,
2796 5258 2916 5316 pag.
2946 5246 3049 5300 127
3072 5244 3200 5299 edit.
3227 5244 3428 5327 Veron.
3457 5248 3508 5301 in
3541 5246 3681 5301 uotis
3703 5246 3808 5327 ob-

2195 5315 2529 5371 servavimus
2571 5315 2795 5370 verbum
2833 5315 3180 5383 consummet,
3237 5318 3356 5372 loco
3398 5327 3692 5385 conservet,
3750 5319 3806 5373 in

2195 5401 2300 5467 ms‘.
2330 5385 2514 5467 βεεν-ῃ..
2526 5387 2779 5467 secundis
2798 5389 2943 5443 curis
2966 5389 3335 5467 substitutum.

2269 5457 2347 5601 ﬂ)
2375 5456 2544 5546 E‘diti,
2563 5457 2937 5543 subsistentem.
2978 5469 3164 5515 natura
3188 5476 3205 5516 :
3232 5460 3621 5516 reluctantibus
3669 5475 3803 5516 mss.

2314 5534 2355 5601 ί)
2384 5529 2579 5585 Excum
2607 5545 2721 5584 eam
2753 5546 2772 5585 :
2805 5542 3136 5601 Castigantur
3169 5547 3237 5588 ex
3277 5546 3409 5587 mss.
3444 5532 3562 5587 Mox
3615 5532 3753 5587 Mart
3787 5573 3803 5597 ,

2340 5534 2355 5594 )
2384 5529 2579 5585 Excusi
2607 5545 2721 5584 eam
2753 5546 2772 5585 :
2805 5531 3136 5601 Castigantur
3169 5547 3237 5588 ex
3277 5546 3409 5587 mss.
3444 5532 3562 5587 Mox
3615 5532 3753 5587 Mart
3787 5573 3804 5597 ,

2198 5600 2544 5672 proferamus,
2583 5616 2690 5674 non
2720 5600 3053 5674 proferimus.
3083 5602 3280 5674 Postea
3307 5617 3376 5658 ex
3400 5603 3555 5659 Colb.
3586 5604 3810 5673 reponi-

2197 5687 2341 5756 mus,
2367 5682 2425 5756 ut
2452 5674 2573 5756 quia
2600 5673 2761 5756 ﬁliae,
2793 5674 2883 5730 ubi
2914 5682 3070 5756 antea
3104 5673 3383 5747 legebatur
3410 5684 3467 5729 ut
3504 5676 3593 5745 qui
3633 5676 3804 5745 filius.

2270 5742 2337 5817 (i)
2365 5744 2425 5801 ln
2448 5742 2577 5802 salis
2598 5743 2780 5813 editis,
2803 5746 3052 5802 nesciens.
