  <div class='ocr_page' id='page_1' title='image "/cluster/home/n/w/nwhite01/storage/ocr_20150623/10/hvd.32044096580394/106.png"; bbox 0 0 4094 6180; ppageno 0'>
   <div class='ocr_carea' id='block_1_1' title="bbox 247 324 347 380">
    <p class='ocr_par' dir='ltr' id='par_1_1' title="bbox 247 324 347 380">
     <span class='ocr_line' id='line_1_1' title="bbox 247 324 347 380; baseline 0 0"><span class='ocrx_word' id='word_1_1' title='bbox 247 324 347 380; x_wconf 76' lang='lat'><strong>9.01</strong></span> 
     </span>
    </p>
   </div>
   <div class='ocr_carea' id='block_1_2' title="bbox 1439 314 2342 376">
    <p class='ocr_par' dir='ltr' id='par_1_2' title="bbox 1439 314 2342 376">
     <span class='ocr_line' id='line_1_2' title="bbox 1439 314 2342 376; baseline 0.001 -4"><span class='ocrx_word' id='word_1_2' title='bbox 1439 315 1530 373; x_wconf 88' lang='lat' dir='ltr'><strong>DE</strong></span> <span class='ocrx_word' id='word_1_3' title='bbox 1570 314 1946 374; x_wconf 82' lang='lat' dir='ltr'><strong>TRINITATE</strong></span> <span class='ocrx_word' id='word_1_4' title='bbox 1986 315 2191 375; x_wconf 82' lang='lat' dir='ltr'><strong>LIBER</strong></span> <span class='ocrx_word' id='word_1_5' title='bbox 2229 315 2342 376; x_wconf 81' lang='lat' dir='ltr'><strong>VII.</strong></span> 
     </span>
    </p>
   </div>
   <div class='ocr_carea' id='block_1_3' title="bbox 3436 325 3542 384">
    <p class='ocr_par' dir='ltr' id='par_1_3' title="bbox 3436 325 3542 384">
     <span class='ocr_line' id='line_1_3' title="bbox 3436 325 3542 384; baseline 0.038 -4"><span class='ocrx_word' id='word_1_6' title='bbox 3436 325 3542 384; x_wconf 75' lang='grc'><strong>202</strong></span> 
     </span>
    </p>
   </div>
   <div class='ocr_carea' id='block_1_4' title="bbox 245 431 3550 514">
    <p class='ocr_par' dir='ltr' id='par_1_4' title="bbox 245 431 3550 514">
     <span class='ocr_line' id='line_1_4' title="bbox 245 431 3550 514; baseline 0.002 -24"><span class='ocrx_word' id='word_1_7' title='bbox 245 449 423 491; x_wconf 88' lang='lat' dir='ltr'><strong>meum</strong></span> <span class='ocrx_word' id='word_1_8' title='bbox 473 433 819 505; x_wconf 91' lang='lat' dir='ltr'><strong>pendentium</strong></span> <span class='ocrx_word' id='word_1_9' title='bbox 863 431 1055 499; x_wconf 76' lang='lat' dir='ltr'><strong>loquor</strong></span> <span class='ocrx_word' id='word_1_10' title='bbox 1079 471 1095 499; x_wconf 94' lang='lat'><strong>,</strong></span> <span class='ocrx_word' id='word_1_11' title='bbox 1141 439 1194 486; x_wconf 92' lang='lat' dir='ltr'><strong>et</strong></span> <span class='ocrx_word' id='word_1_12' title='bbox 1232 442 1393 487; x_wconf 91' lang='lat' dir='ltr'><strong>omne</strong></span> <span class='ocrx_word' id='word_1_13' title='bbox 1423 432 1690 488; x_wconf 83' lang='lat' dir='ltr'><strong>sermonis</strong></span> <span class='ocrx_word' id='word_1_14' title='bbox 1739 431 1839 488; x_wconf 89' lang='lat' dir='ltr'><strong>mei</strong></span> <span class='ocrx_word' id='word_1_15' title='bbox 1870 445 1923 505; x_wconf 79' lang='grc' dir='ltr'><strong>Α</strong></span> <span class='ocrx_word' id='word_1_16' title='bbox 2017 436 2068 490; x_wconf 76' lang='grc'>4.</span> <span class='ocrx_word' id='word_1_17' title='bbox 2091 436 2326 490; x_wconf 74' lang='lat' dir='ltr'><strong>Veritatis</strong></span> <span class='ocrx_word' id='word_1_18' title='bbox 2352 434 2446 489; x_wconf 80' lang='lat' dir='ltr'><strong>vis.</strong></span> <span class='ocrx_word' id='word_1_19' title='bbox 2476 432 2705 490; x_wconf 75' lang='lat' dir='ltr'><strong>Ecclesia</strong></span> <span class='ocrx_word' id='word_1_20' title='bbox 2725 435 2946 491; x_wconf 85' lang='lat' dir='ltr'><strong>sinusuo</strong></span> <span class='ocrx_word' id='word_1_21' title='bbox 2969 443 3136 493; x_wconf 84' lang='lat' dir='ltr'><strong>tenere</strong></span> <span class='ocrx_word' id='word_1_22' title='bbox 3155 453 3328 496; x_wconf 86' lang='lat' dir='ltr'><strong>omnes</strong></span> <span class='ocrx_word' id='word_1_23' title='bbox 3358 457 3550 514; x_wconf 86' lang='lat' dir='ltr'><strong>perop-</strong></span> 
     </span>
    </p>
   </div>
   <div class='ocr_carea' id='block_1_5' title="bbox 245 520 1838 598">
    <p class='ocr_par' dir='ltr' id='par_1_5' title="bbox 245 520 1838 598">
     <span class='ocr_line' id='line_1_5' title="bbox 245 520 1838 598; baseline -0.003 -18"><span class='ocrx_word' id='word_1_24' title='bbox 245 526 346 580; x_wconf 90' lang='lat' dir='ltr'><strong>iter</strong></span> <span class='ocrx_word' id='word_1_25' title='bbox 370 537 462 581; x_wconf 91' lang='lat' dir='ltr'><strong>aut</strong></span> <span class='ocrx_word' id='word_1_26' title='bbox 483 528 744 598; x_wconf 87' lang='lat' dir='ltr'><strong>angustiis</strong></span> <span class='ocrx_word' id='word_1_27' title='bbox 772 533 1124 595; x_wconf 66' lang='lat' dir='ltr'><strong>praeruptum,</strong></span> <span class='ocrx_word' id='word_1_28' title='bbox 1157 532 1248 577; x_wconf 89' lang='lat' dir='ltr'><strong>aut</strong></span> <span class='ocrx_word' id='word_1_29' title='bbox 1272 520 1442 578; x_wconf 79' lang='lat' dir='ltr'><strong>foveis</strong></span> <span class='ocrx_word' id='word_1_30' title='bbox 1464 523 1716 589; x_wconf 90' lang='lat' dir='ltr'><strong>incisum,</strong></span> <span class='ocrx_word' id='word_1_31' title='bbox 1743 531 1838 576; x_wconf 91' lang='lat' dir='ltr'><strong>aut</strong></span> 
     </span>
    </p>
   </div>
   <div class='ocr_carea' id='block_1_6' title="bbox 244 613 1838 690">
    <p class='ocr_par' dir='ltr' id='par_1_6' title="bbox 244 613 1838 690">
     <span class='ocr_line' id='line_1_6' title="bbox 244 613 1838 690; baseline -0.003 -18"><span class='ocrx_word' id='word_1_32' title='bbox 244 617 450 690; x_wconf 85' lang='lat' dir='ltr'><strong>laqueis</strong></span> <span class='ocrx_word' id='word_1_33' title='bbox 491 629 816 688; x_wconf 65' lang='lat' dir='ltr'><strong>pratensum</strong></span> <span class='ocrx_word' id='word_1_34' title='bbox 849 623 950 670; x_wconf 90' lang='lat' dir='ltr'><strong>est.</strong></span> <span class='ocrx_word' id='word_1_35' title='bbox 995 613 1114 669; x_wconf 85' lang='lat' dir='ltr'><strong>Jam</strong></span> <span class='ocrx_word' id='word_1_36' title='bbox 1152 613 1293 684; x_wconf 90' lang='lat' dir='ltr'><strong>quod</strong></span> <span class='ocrx_word' id='word_1_37' title='bbox 1324 613 1551 668; x_wconf 87' lang='lat' dir='ltr'><strong>arduum</strong></span> <span class='ocrx_word' id='word_1_38' title='bbox 1595 629 1658 670; x_wconf 89' lang='lat' dir='ltr'><strong>ac</strong></span> <span class='ocrx_word' id='word_1_39' title='bbox 1695 613 1838 668; x_wconf 86' lang='lat' dir='ltr'><strong>difﬁ-</strong></span> 
     </span>
    </p>
   </div>
   <div class='ocr_carea' id='block_1_7' title="bbox 241 697 1839 779">
    <p class='ocr_par' dir='ltr' id='par_1_7' title="bbox 241 697 1839 779">
     <span class='ocr_line' id='line_1_7' title="bbox 241 697 1839 779; baseline -0.004 -13"><span class='ocrx_word' id='word_1_40' title='bbox 241 710 344 766; x_wconf 86' lang='lat' dir='ltr'><strong>cile</strong></span> <span class='ocrx_word' id='word_1_41' title='bbox 370 710 460 778; x_wconf 87' lang='lat' dir='ltr'><strong>sit,</strong></span> <span class='ocrx_word' id='word_1_42' title='bbox 494 710 674 765; x_wconf 90' lang='lat' dir='ltr'><strong>minus</strong></span> <span class='ocrx_word' id='word_1_43' title='bbox 696 722 1041 779; x_wconf 84' lang='lat' dir='ltr'><strong>conqueror:</strong></span> <span class='ocrx_word' id='word_1_44' title='bbox 1075 721 1181 762; x_wconf 93' lang='lat' dir='ltr'><strong>non</strong></span> <span class='ocrx_word' id='word_1_45' title='bbox 1209 706 1344 762; x_wconf 83' lang='lat' dir='ltr'><strong>meis</strong></span> <span class='ocrx_word' id='word_1_46' title='bbox 1383 697 1550 773; x_wconf 88' lang='lat' dir='ltr'><strong>enim,</strong></span> <span class='ocrx_word' id='word_1_47' title='bbox 1582 705 1678 762; x_wconf 89' lang='lat' dir='ltr'><strong>sed</strong></span> <span class='ocrx_word' id='word_1_48' title='bbox 1714 720 1839 776; x_wconf 81' lang='lat' dir='ltr'><strong>apo-</strong></span> 
     </span>
    </p>
   </div>
   <div class='ocr_carea' id='block_1_8' title="bbox 240 800 1840 875">
    <p class='ocr_par' dir='ltr' id='par_1_8' title="bbox 240 800 1840 875">
     <span class='ocr_line' id='line_1_8' title="bbox 240 800 1840 875; baseline -0.003 -15"><span class='ocrx_word' id='word_1_49' title='bbox 240 804 448 861; x_wconf 86' lang='lat' dir='ltr'><strong>stolicis</strong></span> <span class='ocrx_word' id='word_1_50' title='bbox 491 803 696 860; x_wconf 87' lang='lat' dir='ltr'><strong>scande</strong></span> <span class='ocrx_word' id='word_1_51' title='bbox 735 802 1010 875; x_wconf 76' lang='lat' dir='ltr'><strong>gradibus.</strong></span> <span class='ocrx_word' id='word_1_52' title='bbox 1069 800 1198 857; x_wconf 78' lang='lat' dir='ltr'><strong>Mihi</strong></span> <span class='ocrx_word' id='word_1_53' title='bbox 1257 815 1385 856; x_wconf 84' lang='lat' dir='ltr'><strong>vero</strong></span> <span class='ocrx_word' id='word_1_54' title='bbox 1433 810 1528 856; x_wconf 87' lang='lat' dir='ltr'><strong>aut</strong></span> <span class='ocrx_word' id='word_1_55' title='bbox 1578 801 1840 872; x_wconf 87' lang='lat' dir='ltr'><strong>angustiis</strong></span> 
     </span>
    </p>
   </div>
   <div class='ocr_carea' id='block_1_9' title="bbox 243 895 1840 972">
    <p class='ocr_par' dir='ltr' id='par_1_9' title="bbox 243 895 1840 972">
     <span class='ocr_line' id='line_1_9' title="bbox 243 895 1840 972; baseline -0.001 -20"><span class='ocrx_word' id='word_1_56' title='bbox 243 898 317 972; x_wconf 79' lang='grc' dir='ltr'><strong>(α)</strong></span> <span class='ocrx_word' id='word_1_57' title='bbox 359 899 648 967; x_wconf 82' lang='lat' dir='ltr'><strong>decedere,</strong></span> <span class='ocrx_word' id='word_1_58' title='bbox 684 908 778 955; x_wconf 91' lang='lat' dir='ltr'><strong>aut</strong></span> <span class='ocrx_word' id='word_1_59' title='bbox 803 900 856 954; x_wconf 95' lang='lat' dir='ltr'><strong>in</strong></span> <span class='ocrx_word' id='word_1_60' title='bbox 883 897 1097 954; x_wconf 90' lang='lat' dir='ltr'><strong>defossa</strong></span> <span class='ocrx_word' id='word_1_61' title='bbox 1126 895 1385 960; x_wconf 84' lang='lat' dir='ltr'><strong>incidere,</strong></span> <span class='ocrx_word' id='word_1_62' title='bbox 1417 905 1508 951; x_wconf 89' lang='lat' dir='ltr'><strong>aut</strong></span> <span class='ocrx_word' id='word_1_63' title='bbox 1533 896 1702 968; x_wconf 80' lang='lat' dir='ltr'><strong>plagis</strong></span> <span class='ocrx_word' id='word_1_64' title='bbox 1723 895 1840 950; x_wconf 89' lang='lat' dir='ltr'><strong>illa-</strong></span> 
     </span>
    </p>
   </div>
   <div class='ocr_carea' id='block_1_10' title="bbox 240 989 1832 1063">
    <p class='ocr_par' dir='ltr' id='par_1_10' title="bbox 240 989 1832 1063">
     <span class='ocr_line' id='line_1_10' title="bbox 240 989 1832 1063; baseline -0.002 -17"><span class='ocrx_word' id='word_1_65' title='bbox 240 993 424 1063; x_wconf 87' lang='lat' dir='ltr'><strong>queari</strong></span> <span class='ocrx_word' id='word_1_66' title='bbox 449 1036 465 1060; x_wconf 87' lang='lat'><strong>,</strong></span> <span class='ocrx_word' id='word_1_67' title='bbox 499 1006 717 1063; x_wconf 86' lang='lat' dir='ltr'><strong>semper</strong></span> <span class='ocrx_word' id='word_1_68' title='bbox 759 992 811 1046; x_wconf 94' lang='lat' dir='ltr'><strong>in</strong></span> <span class='ocrx_word' id='word_1_69' title='bbox 858 989 1099 1061; x_wconf 88' lang='lat' dir='ltr'><strong>periculo</strong></span> <span class='ocrx_word' id='word_1_70' title='bbox 1124 1030 1139 1057; x_wconf 96' lang='lat'><strong>,</strong></span> <span class='ocrx_word' id='word_1_71' title='bbox 1179 1003 1399 1060; x_wconf 83' lang='lat' dir='ltr'><strong>semper</strong></span> <span class='ocrx_word' id='word_1_72' title='bbox 1445 989 1498 1043; x_wconf 96' lang='lat' dir='ltr'><strong>in</strong></span> <span class='ocrx_word' id='word_1_73' title='bbox 1539 994 1684 1044; x_wconf 91' lang='lat' dir='ltr'><strong>metu</strong></span> <span class='ocrx_word' id='word_1_74' title='bbox 1731 995 1832 1043; x_wconf 88' lang='lat' dir='ltr'><strong>est.</strong></span> 
     </span>
    </p>
   </div>
   <div class='ocr_carea' id='block_1_11' title="bbox 240 1081 1841 1152">
    <p class='ocr_par' dir='ltr' id='par_1_11' title="bbox 240 1081 1841 1152">
     <span class='ocr_line' id='line_1_11' title="bbox 240 1081 1841 1152; baseline -0.003 -12"><span class='ocrx_word' id='word_1_75' title='bbox 240 1085 610 1142; x_wconf 69' lang='lat' dir='ltr'><strong>Praedicaturo</strong></span> <span class='ocrx_word' id='word_1_76' title='bbox 648 1084 794 1142; x_wconf 92' lang='lat' dir='ltr'><strong>enim</strong></span> <span class='ocrx_word' id='word_1_77' title='bbox 832 1082 1128 1139; x_wconf 90' lang='lat' dir='ltr'><strong>secundum</strong></span> <span class='ocrx_word' id='word_1_78' title='bbox 1169 1081 1342 1152; x_wconf 80' lang='lat' dir='ltr'><strong>legem</strong></span> <span class='ocrx_word' id='word_1_79' title='bbox 1372 1089 1427 1137; x_wconf 90' lang='lat' dir='ltr'><strong>et</strong></span> <span class='ocrx_word' id='word_1_80' title='bbox 1455 1083 1746 1151; x_wconf 76' lang='lat' dir='ltr'><strong>prophetas</strong></span> <span class='ocrx_word' id='word_1_81' title='bbox 1785 1087 1841 1136; x_wconf 92' lang='lat' dir='ltr'><strong>et</strong></span> 
     </span>
    </p>
   </div>
   <div class='ocr_carea' id='block_1_12' title="bbox 239 1175 1839 1249">
    <p class='ocr_par' dir='ltr' id='par_1_12' title="bbox 239 1175 1839 1249">
     <span class='ocr_line' id='line_1_12' title="bbox 239 1175 1839 1249; baseline -0.003 -14"><span class='ocrx_word' id='word_1_82' title='bbox 239 1179 531 1249; x_wconf 79' lang='lat' dir='ltr'><strong>Apostolus</strong></span> <span class='ocrx_word' id='word_1_83' title='bbox 561 1193 726 1234; x_wconf 89' lang='lat' dir='ltr'><strong>unum</strong></span> <span class='ocrx_word' id='word_1_84' title='bbox 767 1176 959 1244; x_wconf 89' lang='lat' dir='ltr'><strong>Deum,</strong></span> <span class='ocrx_word' id='word_1_85' title='bbox 983 1176 1139 1233; x_wconf 91' lang='lat' dir='ltr'><strong>adest</strong></span> <span class='ocrx_word' id='word_1_86' title='bbox 1166 1175 1296 1232; x_wconf 84' lang='lat' dir='ltr'><strong>mihi</strong></span> <span class='ocrx_word' id='word_1_87' title='bbox 1323 1175 1590 1232; x_wconf 85' lang='lat' dir='ltr'><strong>Sabellius</strong></span> <span class='ocrx_word' id='word_1_88' title='bbox 1614 1217 1629 1242; x_wconf 95' lang='lat'><strong>,</strong></span> <span class='ocrx_word' id='word_1_89' title='bbox 1665 1184 1839 1231; x_wconf 90' lang='lat' dir='ltr'><strong>totum</strong></span> 
     </span>
    </p>
   </div>
   <div class='ocr_carea' id='block_1_13' title="bbox 238 1267 1838 1341">
    <p class='ocr_par' dir='ltr' id='par_1_13' title="bbox 238 1267 1838 1341">
     <span class='ocr_line' id='line_1_13' title="bbox 238 1267 1838 1341; baseline -0.001 -15"><span class='ocrx_word' id='word_1_90' title='bbox 238 1285 324 1327; x_wconf 88' lang='lat' dir='ltr'><strong>me</strong></span> <span class='ocrx_word' id='word_1_91' title='bbox 346 1271 446 1326; x_wconf 86' lang='lat' dir='ltr'><strong>sub</strong></span> <span class='ocrx_word' id='word_1_92' title='bbox 465 1271 612 1327; x_wconf 86' lang='lat' dir='ltr'><strong>verbi</strong></span> <span class='ocrx_word' id='word_1_93' title='bbox 633 1269 792 1341; x_wconf 89' lang='lat' dir='ltr'><strong>hujus</strong></span> <span class='ocrx_word' id='word_1_94' title='bbox 814 1269 1150 1341; x_wconf 88' lang='lat' dir='ltr'><strong>professione</strong></span> <span class='ocrx_word' id='word_1_95' title='bbox 1178 1277 1450 1341; x_wconf 77' lang='lat' dir='ltr'><strong>tamquam</strong></span> <span class='ocrx_word' id='word_1_96' title='bbox 1468 1267 1838 1324; x_wconf 88' lang='lat' dir='ltr'><strong>desideratum</strong></span> 
     </span>
    </p>
   </div>
   <div class='ocr_carea' id='block_1_14' title="bbox 237 1360 1837 1430">
    <p class='ocr_par' dir='ltr' id='par_1_14' title="bbox 237 1360 1837 1430">
     <span class='ocr_line' id='line_1_14' title="bbox 237 1360 1837 1430; baseline -0.003 -12"><span class='ocrx_word' id='word_1_97' title='bbox 237 1365 420 1420; x_wconf 86' lang='lat' dir='ltr'><strong>cibum</strong></span> <span class='ocrx_word' id='word_1_98' title='bbox 460 1377 642 1419; x_wconf 86' lang='lat' dir='ltr'><strong>morsu</strong></span> <span class='ocrx_word' id='word_1_99' title='bbox 680 1363 979 1419; x_wconf 63' lang='lat' dir='ltr'><strong>smvissimo</strong></span> <span class='ocrx_word' id='word_1_100' title='bbox 1007 1371 1378 1417; x_wconf 88' lang='lat' dir='ltr'><strong>transvorans.</strong></span> <span class='ocrx_word' id='word_1_101' title='bbox 1421 1360 1718 1430; x_wconf 88' lang='lat' dir='ltr'><strong>Negautem</strong></span> <span class='ocrx_word' id='word_1_102' title='bbox 1747 1375 1837 1415; x_wconf 93' lang='lat' dir='ltr'><strong>me</strong></span> 
     </span>
    </p>
   </div>
   <div class='ocr_carea' id='block_1_15' title="bbox 238 1455 1834 1523">
    <p class='ocr_par' dir='ltr' id='par_1_15' title="bbox 238 1455 1834 1523">
     <span class='ocr_line' id='line_1_15' title="bbox 238 1455 1834 1523; baseline -0.004 -10"><span class='ocrx_word' id='word_1_103' title='bbox 238 1473 460 1513; x_wconf 80' lang='lat' dir='ltr'><strong>rursum</strong></span> <span class='ocrx_word' id='word_1_104' title='bbox 490 1465 672 1514; x_wconf 90' lang='lat' dir='ltr'><strong>contra</strong></span> <span class='ocrx_word' id='word_1_105' title='bbox 698 1455 992 1513; x_wconf 84' lang='lat' dir='ltr'><strong>Sabellium</strong></span> <span class='ocrx_word' id='word_1_106' title='bbox 1025 1470 1187 1511; x_wconf 93' lang='lat' dir='ltr'><strong>unum</strong></span> <span class='ocrx_word' id='word_1_107' title='bbox 1223 1455 1389 1511; x_wconf 90' lang='lat' dir='ltr'><strong>Deum</strong></span> <span class='ocrx_word' id='word_1_108' title='bbox 1414 1494 1431 1523; x_wconf 93' lang='lat'><strong>,</strong></span> <span class='ocrx_word' id='word_1_109' title='bbox 1477 1462 1534 1509; x_wconf 88' lang='lat' dir='ltr'><strong>et</strong></span> <span class='ocrx_word' id='word_1_110' title='bbox 1568 1455 1834 1510; x_wconf 80' lang='lat' dir='ltr'><strong>conﬁten-</strong></span> 
     </span>
    </p>
   </div>
   <div class='ocr_carea' id='block_1_16' title="bbox 243 1545 1838 1618">
    <p class='ocr_par' dir='ltr' id='par_1_16' title="bbox 243 1545 1838 1618">
     <span class='ocr_line' id='line_1_16' title="bbox 243 1545 1838 1618; baseline -0.003 -12"><span class='ocrx_word' id='word_1_111' title='bbox 243 1558 360 1606; x_wconf 91' lang='lat' dir='ltr'><strong>tem</strong></span> <span class='ocrx_word' id='word_1_112' title='bbox 391 1565 573 1605; x_wconf 88' lang='lat' dir='ltr'><strong>verum</strong></span> <span class='ocrx_word' id='word_1_113' title='bbox 593 1549 759 1606; x_wconf 90' lang='lat' dir='ltr'><strong>Deum</strong></span> <span class='ocrx_word' id='word_1_114' title='bbox 777 1549 868 1603; x_wconf 91' lang='lat' dir='ltr'><strong>Dei</strong></span> <span class='ocrx_word' id='word_1_115' title='bbox 894 1547 1083 1616; x_wconf 92' lang='lat' dir='ltr'><strong>ﬁlium,</strong></span> <span class='ocrx_word' id='word_1_116' title='bbox 1109 1555 1388 1618; x_wconf 80' lang='lat' dir='ltr'><strong>exspectat</strong></span> <span class='ocrx_word' id='word_1_117' title='bbox 1415 1561 1554 1602; x_wconf 90' lang='lat' dir='ltr'><strong>nova</strong></span> <span class='ocrx_word' id='word_1_118' title='bbox 1579 1545 1806 1603; x_wconf 85' lang='lat' dir='ltr'><strong>haeresis</strong></span> <span class='ocrx_word' id='word_1_119' title='bbox 1823 1587 1838 1613; x_wconf 93' lang='lat'><strong>,</strong></span> 
     </span>
    </p>
   </div>
   <div class='ocr_carea' id='block_1_17' title="bbox 237 1639 1840 1712">
    <p class='ocr_par' dir='ltr' id='par_1_17' title="bbox 237 1639 1840 1712">
     <span class='ocr_line' id='line_1_17' title="bbox 237 1639 1840 1712; baseline -0.003 -14"><span class='ocrx_word' id='word_1_120' title='bbox 237 1653 295 1698; x_wconf 88' lang='lat' dir='ltr'><strong>ut</strong></span> <span class='ocrx_word' id='word_1_121' title='bbox 327 1658 359 1696; x_wconf 92' lang='lat' dir='ltr'><strong>a</strong></span> <span class='ocrx_word' id='word_1_122' title='bbox 393 1657 479 1698; x_wconf 89' lang='lat' dir='ltr'><strong>me</strong></span> <span class='ocrx_word' id='word_1_123' title='bbox 505 1641 642 1697; x_wconf 91' lang='lat' dir='ltr'><strong>duos</strong></span> <span class='ocrx_word' id='word_1_124' title='bbox 666 1641 800 1697; x_wconf 89' lang='lat' dir='ltr'><strong>deos</strong></span> <span class='ocrx_word' id='word_1_125' title='bbox 831 1650 1020 1712; x_wconf 79' lang='lat' dir='ltr'><strong>arguat</strong></span> <span class='ocrx_word' id='word_1_126' title='bbox 1059 1639 1358 1712; x_wconf 75' lang='lat' dir='ltr'><strong>prmdicari.</strong></span> <span class='ocrx_word' id='word_1_127' title='bbox 1404 1639 1595 1694; x_wconf 85' lang='lat' dir='ltr'><strong>Natum</strong></span> <span class='ocrx_word' id='word_1_128' title='bbox 1627 1653 1840 1709; x_wconf 86' lang='lat' dir='ltr'><strong>quoque</strong></span> 
     </span>
    </p>
   </div>
   <div class='ocr_carea' id='block_1_18' title="bbox 239 1730 1844 1802">
    <p class='ocr_par' dir='ltr' id='par_1_18' title="bbox 239 1730 1844 1802">
     <span class='ocr_line' id='line_1_18' title="bbox 239 1730 1844 1802; baseline -0.002 -12"><span class='ocrx_word' id='word_1_129' title='bbox 239 1735 336 1791; x_wconf 85' lang='lat' dir='ltr'><strong>Dei</strong></span> <span class='ocrx_word' id='word_1_130' title='bbox 362 1735 528 1790; x_wconf 90' lang='lat' dir='ltr'><strong>ﬁlium</strong></span> <span class='ocrx_word' id='word_1_131' title='bbox 556 1749 624 1790; x_wconf 87' lang='lat' dir='ltr'><strong>ex</strong></span> <span class='ocrx_word' id='word_1_132' title='bbox 651 1732 816 1789; x_wconf 82' lang='lat' dir='ltr'><strong>Maria</strong></span> <span class='ocrx_word' id='word_1_133' title='bbox 839 1733 1072 1799; x_wconf 87' lang='lat' dir='ltr'><strong>dicturo,</strong></span> <span class='ocrx_word' id='word_1_134' title='bbox 1097 1732 1303 1788; x_wconf 87' lang='lat' dir='ltr'><strong>Hebion</strong></span> <span class='ocrx_word' id='word_1_135' title='bbox 1326 1731 1402 1802; x_wconf 74' lang='grc' dir='ltr'><strong>(ὁ)</strong></span> <span class='ocrx_word' id='word_1_136' title='bbox 1433 1730 1576 1802; x_wconf 90' lang='lat' dir='ltr'><strong>quod</strong></span> <span class='ocrx_word' id='word_1_137' title='bbox 1603 1730 1844 1787; x_wconf 85' lang='lat' dir='ltr'><strong>estPho-</strong></span> 
     </span>
    </p>
   </div>
   <div class='ocr_carea' id='block_1_19' title="bbox 1942 525 3548 599">
    <p class='ocr_par' dir='ltr' id='par_1_19' title="bbox 1942 525 3548 599">
     <span class='ocr_line' id='line_1_19' title="bbox 1942 525 3548 599; baseline 0.004 -17"><span class='ocrx_word' id='word_1_138' title='bbox 1942 537 2032 582; x_wconf 90' lang='lat' dir='ltr'><strong>lat.</strong></span> <span class='ocrx_word' id='word_1_139' title='bbox 2054 527 2139 582; x_wconf 77' lang='lat' dir='ltr'><strong>Ex</strong></span> <span class='ocrx_word' id='word_1_140' title='bbox 2156 530 2284 599; x_wconf 80' lang='lat' dir='ltr'><strong>ipsis</strong></span> <span class='ocrx_word' id='word_1_141' title='bbox 2298 526 2574 582; x_wconf 76' lang='lat' dir='ltr'><strong>hteresibus</strong></span> <span class='ocrx_word' id='word_1_142' title='bbox 2587 529 2924 598; x_wconf 85' lang='lat' dir='ltr'><strong>cognoscitur.</strong></span> <span class='ocrx_word' id='word_1_143' title='bbox 2935 525 3052 584; x_wconf 85' lang='lat' dir='ltr'><strong>Una</strong></span> <span class='ocrx_word' id='word_1_144' title='bbox 3070 540 3163 586; x_wconf 85' lang='lat' dir='ltr'><strong>est.</strong></span> <span class='ocrx_word' id='word_1_145' title='bbox 3183 530 3260 585; x_wconf 88' lang='lat' dir='ltr'><strong>De</strong></span> <span class='ocrx_word' id='word_1_146' title='bbox 3273 532 3548 588; x_wconf 76' lang='lat' dir='ltr'><strong>liceresibus</strong></span> 
     </span>
    </p>
   </div>
   <div class='ocr_carea' id='block_1_20' title="bbox 1939 622 3547 698">
    <p class='ocr_par' dir='ltr' id='par_1_20' title="bbox 1939 622 3547 698">
     <span class='ocr_line' id='line_1_20' title="bbox 1939 622 3547 698; baseline 0.004 -22"><span class='ocrx_word' id='word_1_147' title='bbox 1939 639 1991 678; x_wconf 89' lang='lat' dir='ltr'><strong>se</strong></span> <span class='ocrx_word' id='word_1_148' title='bbox 2008 623 2218 676; x_wconf 81' lang='lat' dir='ltr'><strong>invicem</strong></span> <span class='ocrx_word' id='word_1_149' title='bbox 2235 622 2546 676; x_wconf 85' lang='lat' dir='ltr'><strong>vincentibus</strong></span> <span class='ocrx_word' id='word_1_150' title='bbox 2562 623 2876 694; x_wconf 79' lang='lat' dir='ltr'><strong>triumphum</strong></span> <span class='ocrx_word' id='word_1_151' title='bbox 2889 624 3128 696; x_wconf 81' lang='lat' dir='ltr'><strong>agit.Sed</strong></span> <span class='ocrx_word' id='word_1_152' title='bbox 3142 635 3348 693; x_wconf 87' lang='lat' dir='ltr'><strong>eam,ut</strong></span> <span class='ocrx_word' id='word_1_153' title='bbox 3363 642 3547 698; x_wconf 88' lang='lat' dir='ltr'><strong>spero,</strong></span> 
     </span>
    </p>
   </div>
   <div class='ocr_carea' id='block_1_21' title="bbox 1941 715 3617 789">
    <p class='ocr_par' dir='ltr' id='par_1_21' title="bbox 1941 715 3617 789">
     <span class='ocr_line' id='line_1_21' title="bbox 1941 715 3617 789; baseline 0.003 -18"><span class='ocrx_word' id='word_1_154' title='bbox 1941 716 2182 772; x_wconf 91' lang='lat' dir='ltr'><strong>Ecclesia</strong></span> <span class='ocrx_word' id='word_1_155' title='bbox 2207 716 2473 772; x_wconf 84' lang='lat' dir='ltr'><strong>doctrinae</strong></span> <span class='ocrx_word' id='word_1_156' title='bbox 2493 731 2604 771; x_wconf 67' lang='lat' dir='ltr'><strong>suae</strong></span> <span class='ocrx_word' id='word_1_157' title='bbox 2631 715 2826 782; x_wconf 90' lang='lat' dir='ltr'><strong>lucem,</strong></span> <span class='ocrx_word' id='word_1_158' title='bbox 2859 719 3020 772; x_wconf 91' lang='lat' dir='ltr'><strong>etiam</strong></span> <span class='ocrx_word' id='word_1_159' title='bbox 3045 720 3419 789; x_wconf 64' lang='lat' dir='ltr'><strong>imprudentiae</strong></span> <span class='ocrx_word' id='word_1_160' title='bbox 3444 735 3548 775; x_wconf 67' lang='lat' dir='ltr'><strong>stc-</strong></span> <span class='ocrx_word' id='word_1_161' title='bbox 3615 749 3617 752; x_wconf 29' lang='grc'><em>⁴</em></span> 
     </span>
    </p>
   </div>
   <div class='ocr_carea' id='block_1_22' title="bbox 1942 807 3551 876">
    <p class='ocr_par' dir='ltr' id='par_1_22' title="bbox 1942 807 3551 876">
     <span class='ocr_line' id='line_1_22' title="bbox 1942 807 3551 876; baseline 0.002 -13"><span class='ocrx_word' id='word_1_162' title='bbox 1942 807 2048 863; x_wconf 90' lang='lat' dir='ltr'><strong>culi</strong></span> <span class='ocrx_word' id='word_1_163' title='bbox 2080 807 2330 876; x_wconf 87' lang='lat' dir='ltr'><strong>invebet,</strong></span> <span class='ocrx_word' id='word_1_164' title='bbox 2363 816 2420 864; x_wconf 91' lang='lat' dir='ltr'><strong>ut</strong></span> <span class='ocrx_word' id='word_1_165' title='bbox 2447 808 2571 864; x_wconf 91' lang='lat' dir='ltr'><strong>licet</strong></span> <span class='ocrx_word' id='word_1_166' title='bbox 2599 807 2725 863; x_wconf 88' lang='lat' dir='ltr'><strong>ﬁdei</strong></span> <span class='ocrx_word' id='word_1_167' title='bbox 2776 819 3174 866; x_wconf 88' lang='lat' dir='ltr'><strong>sacramentmn</strong></span> <span class='ocrx_word' id='word_1_168' title='bbox 3221 825 3327 867; x_wconf 90' lang='lat' dir='ltr'><strong>non</strong></span> <span class='ocrx_word' id='word_1_169' title='bbox 3377 810 3551 866; x_wconf 85' lang='lat' dir='ltr'><strong>susci—</strong></span> 
     </span>
    </p>
   </div>
   <div class='ocr_carea' id='block_1_23' title="bbox 1944 899 3549 971">
    <p class='ocr_par' dir='ltr' id='par_1_23' title="bbox 1944 899 3549 971">
     <span class='ocr_line' id='line_1_23' title="bbox 1944 899 3549 971; baseline 0.001 -17"><span class='ocrx_word' id='word_1_170' title='bbox 1944 901 2074 971; x_wconf 89' lang='lat' dir='ltr'><strong>piat,</strong></span> <span class='ocrx_word' id='word_1_171' title='bbox 2123 909 2302 956; x_wconf 92' lang='lat' dir='ltr'><strong>tamen</strong></span> <span class='ocrx_word' id='word_1_172' title='bbox 2352 899 2637 956; x_wconf 85' lang='lat' dir='ltr'><strong>adversum</strong></span> <span class='ocrx_word' id='word_1_173' title='bbox 2693 899 2980 957; x_wconf 69' lang='lat' dir='ltr'><strong>haereticos</strong></span> <span class='ocrx_word' id='word_1_174' title='bbox 3037 901 3319 959; x_wconf 82' lang='lat' dir='ltr'><strong>veritatem</strong></span> <span class='ocrx_word' id='word_1_175' title='bbox 3367 916 3549 958; x_wconf 87' lang='lat' dir='ltr'><strong>saera-</strong></span> 
     </span>
    </p>
   </div>
   <div class='ocr_carea' id='block_1_24' title="bbox 1944 995 3549 1068">
    <p class='ocr_par' dir='ltr' id='par_1_24' title="bbox 1944 995 3549 1068">
     <span class='ocr_line' id='line_1_24' title="bbox 1944 995 3549 1068; baseline 0.001 -17"><span class='ocrx_word' id='word_1_176' title='bbox 1944 996 2168 1052; x_wconf 89' lang='lat' dir='ltr'><strong>mentia</strong></span> <span class='ocrx_word' id='word_1_177' title='bbox 2198 996 2356 1053; x_wconf 90' lang='lat' dir='ltr'><strong>nobis</strong></span> <span class='ocrx_word' id='word_1_178' title='bbox 2386 995 2653 1065; x_wconf 80' lang='lat' dir='ltr'><strong>intelligat</strong></span> <span class='ocrx_word' id='word_1_179' title='bbox 2701 995 3004 1066; x_wconf 64' lang='lat' dir='ltr'><strong>praedicari.</strong></span> <span class='ocrx_word' id='word_1_180' title='bbox 3032 996 3219 1068; x_wconf 83' lang='lat' dir='ltr'><strong>Magna</strong></span> <span class='ocrx_word' id='word_1_181' title='bbox 3271 996 3417 1054; x_wconf 92' lang='lat' dir='ltr'><strong>enim</strong></span> <span class='ocrx_word' id='word_1_182' title='bbox 3462 996 3549 1052; x_wconf 89' lang='lat' dir='ltr'><strong>vis</strong></span> 
     </span>
    </p>
   </div>
   <div class='ocr_carea' id='block_1_25' title="bbox 1944 1087 3546 1161">
    <p class='ocr_par' dir='ltr' id='par_1_25' title="bbox 1944 1087 3546 1161">
     <span class='ocr_line' id='line_1_25' title="bbox 1944 1087 3546 1161; baseline 0.001 -15"><span class='ocrx_word' id='word_1_183' title='bbox 1944 1097 2028 1146; x_wconf 87' lang='lat' dir='ltr'><strong>est</strong></span> <span class='ocrx_word' id='word_1_184' title='bbox 2049 1089 2316 1155; x_wconf 80' lang='lat' dir='ltr'><strong>veritatis,</strong></span> <span class='ocrx_word' id='word_1_185' title='bbox 2349 1103 2471 1161; x_wconf 81' lang='lat' dir='ltr'><strong>quae</strong></span> <span class='ocrx_word' id='word_1_186' title='bbox 2495 1103 2617 1144; x_wconf 91' lang='lat' dir='ltr'><strong>cum</strong></span> <span class='ocrx_word' id='word_1_187' title='bbox 2645 1103 2741 1158; x_wconf 92' lang='lat' dir='ltr'><strong>per</strong></span> <span class='ocrx_word' id='word_1_188' title='bbox 2767 1103 2828 1144; x_wconf 90' lang='lat' dir='ltr'><strong>se</strong></span> <span class='ocrx_word' id='word_1_189' title='bbox 2855 1087 2935 1160; x_wconf 86' lang='lat' dir='ltr'><strong>(h)</strong></span> <span class='ocrx_word' id='word_1_190' title='bbox 2962 1089 3187 1160; x_wconf 84' lang='lat' dir='ltr'><strong>intelligi</strong></span> <span class='ocrx_word' id='word_1_191' title='bbox 3216 1089 3414 1161; x_wconf 87' lang='lat' dir='ltr'><strong>possit,</strong></span> <span class='ocrx_word' id='word_1_192' title='bbox 3447 1105 3546 1161; x_wconf 90' lang='lat' dir='ltr'><strong>per</strong></span> 
     </span>
    </p>
   </div>
   <div class='ocr_carea' id='block_1_26' title="bbox 1945 1168 3545 1252">
    <p class='ocr_par' dir='ltr' id='par_1_26' title="bbox 1945 1168 3545 1252">
     <span class='ocr_line' id='line_1_26' title="bbox 1945 1168 3545 1252; baseline -0.001 -14"><span class='ocrx_word' id='word_1_193' title='bbox 1945 1196 2006 1238; x_wconf 88' lang='lat' dir='ltr'><strong>ea</strong></span> <span class='ocrx_word' id='word_1_194' title='bbox 2035 1168 2214 1237; x_wconf 79' lang='lat' dir='ltr'><strong>tamen</strong></span> <span class='ocrx_word' id='word_1_195' title='bbox 2239 1183 2351 1251; x_wconf 90' lang='lat' dir='ltr'><strong>ipsa</strong></span> <span class='ocrx_word' id='word_1_196' title='bbox 2373 1197 2495 1252; x_wconf 79' lang='lat' dir='ltr'><strong>qua:</strong></span> <span class='ocrx_word' id='word_1_197' title='bbox 2523 1181 2570 1236; x_wconf 90' lang='lat' dir='ltr'><strong>ei</strong></span> <span class='ocrx_word' id='word_1_198' title='bbox 2615 1179 2973 1236; x_wconf 85' lang='lat' dir='ltr'><strong>adversantur</strong></span> <span class='ocrx_word' id='word_1_199' title='bbox 3003 1181 3184 1236; x_wconf 88' lang='lat' dir='ltr'><strong>elucet</strong></span> <span class='ocrx_word' id='word_1_200' title='bbox 3213 1197 3227 1234; x_wconf 88' lang='lat'><strong>:</strong></span> <span class='ocrx_word' id='word_1_201' title='bbox 3261 1191 3319 1235; x_wconf 91' lang='lat' dir='ltr'><strong>ut</strong></span> <span class='ocrx_word' id='word_1_202' title='bbox 3362 1182 3415 1236; x_wconf 90' lang='lat' dir='ltr'><strong>in</strong></span> <span class='ocrx_word' id='word_1_203' title='bbox 3445 1196 3545 1236; x_wconf 91' lang='lat' dir='ltr'><strong>na-</strong></span> 
     </span>
    </p>
   </div>
   <div class='ocr_carea' id='block_1_27' title="bbox 1947 1273 3547 1343">
    <p class='ocr_par' dir='ltr' id='par_1_27' title="bbox 1947 1273 3547 1343">
     <span class='ocr_line' id='line_1_27' title="bbox 1947 1273 3547 1343; baseline -0.001 -11"><span class='ocrx_word' id='word_1_204' title='bbox 1947 1286 2063 1332; x_wconf 89' lang='lat' dir='ltr'><strong>tura</strong></span> <span class='ocrx_word' id='word_1_205' title='bbox 2099 1290 2193 1329; x_wconf 90' lang='lat' dir='ltr'><strong>sua</strong></span> <span class='ocrx_word' id='word_1_206' title='bbox 2225 1274 2520 1330; x_wconf 85' lang='lat' dir='ltr'><strong>immobilis</strong></span> <span class='ocrx_word' id='word_1_207' title='bbox 2555 1289 2814 1343; x_wconf 90' lang='lat' dir='ltr'><strong>manens,</strong></span> <span class='ocrx_word' id='word_1_208' title='bbox 2847 1273 3156 1328; x_wconf 74' lang='lat' dir='ltr'><strong>firmitatem</strong></span> <span class='ocrx_word' id='word_1_209' title='bbox 3185 1283 3391 1329; x_wconf 73' lang='lat' dir='ltr'><strong>natura:</strong></span> <span class='ocrx_word' id='word_1_210' title='bbox 3435 1289 3547 1331; x_wconf 74' lang='lat' dir='ltr'><strong>sua:</strong></span> 
     </span>
    </p>
   </div>
   <div class='ocr_carea' id='block_1_28' title="bbox 1945 1367 3550 1440">
    <p class='ocr_par' dir='ltr' id='par_1_28' title="bbox 1945 1367 3550 1440">
     <span class='ocr_line' id='line_1_28' title="bbox 1945 1367 3550 1440; baseline 0 -16"><span class='ocrx_word' id='word_1_211' title='bbox 1945 1368 2188 1440; x_wconf 87' lang='lat' dir='ltr'><strong>quotidie</strong></span> <span class='ocrx_word' id='word_1_212' title='bbox 2209 1367 2336 1424; x_wconf 91' lang='lat' dir='ltr'><strong>dum</strong></span> <span class='ocrx_word' id='word_1_213' title='bbox 2365 1377 2662 1424; x_wconf 88' lang='lat' dir='ltr'><strong>attentatur</strong></span> <span class='ocrx_word' id='word_1_214' title='bbox 2689 1368 2951 1438; x_wconf 89' lang='lat' dir='ltr'><strong>acquirat.</strong></span> <span class='ocrx_word' id='word_1_215' title='bbox 2984 1367 3098 1422; x_wconf 88' lang='lat' dir='ltr'><strong>lloc</strong></span> <span class='ocrx_word' id='word_1_216' title='bbox 3118 1367 3264 1423; x_wconf 90' lang='lat' dir='ltr'><strong>enim</strong></span> <span class='ocrx_word' id='word_1_217' title='bbox 3293 1368 3550 1424; x_wconf 78' lang='lat' dir='ltr'><strong>Ecclesia:</strong></span> 
     </span>
    </p>
   </div>
   <div class='ocr_carea' id='block_1_29' title="bbox 1946 1460 3549 1533">
    <p class='ocr_par' dir='ltr' id='par_1_29' title="bbox 1946 1460 3549 1533">
     <span class='ocr_line' id='line_1_29' title="bbox 1946 1460 3549 1533; baseline -0.002 -16"><span class='ocrx_word' id='word_1_218' title='bbox 1946 1463 2224 1533; x_wconf 88' lang='lat' dir='ltr'><strong>proprium</strong></span> <span class='ocrx_word' id='word_1_219' title='bbox 2255 1469 2371 1528; x_wconf 87' lang='lat' dir='ltr'><strong>est,</strong></span> <span class='ocrx_word' id='word_1_220' title='bbox 2403 1472 2461 1517; x_wconf 92' lang='lat' dir='ltr'><strong>ut</strong></span> <span class='ocrx_word' id='word_1_221' title='bbox 2483 1471 2611 1517; x_wconf 92' lang='lat' dir='ltr'><strong>tunc</strong></span> <span class='ocrx_word' id='word_1_222' title='bbox 2639 1461 2821 1516; x_wconf 90' lang='lat' dir='ltr'><strong>vincat</strong></span> <span class='ocrx_word' id='word_1_223' title='bbox 2843 1502 2858 1526; x_wconf 90' lang='lat'><strong>,</strong></span> <span class='ocrx_word' id='word_1_224' title='bbox 2883 1475 3004 1516; x_wconf 91' lang='lat' dir='ltr'><strong>eum</strong></span> <span class='ocrx_word' id='word_1_225' title='bbox 3039 1460 3275 1528; x_wconf 67' lang='lat' dir='ltr'><strong>laeditur,</strong></span> <span class='ocrx_word' id='word_1_226' title='bbox 3308 1469 3435 1515; x_wconf 92' lang='lat' dir='ltr'><strong>tunc</strong></span> <span class='ocrx_word' id='word_1_227' title='bbox 3462 1460 3549 1514; x_wconf 92' lang='lat' dir='ltr'><strong>in-</strong></span> 
     </span>
    </p>
   </div>
   <div class='ocr_carea' id='block_1_30' title="bbox 1947 1555 3547 1628">
    <p class='ocr_par' dir='ltr' id='par_1_30' title="bbox 1947 1555 3547 1628">
     <span class='ocr_line' id='line_1_30' title="bbox 1947 1555 3547 1628; baseline -0.001 -17"><span class='ocrx_word' id='word_1_228' title='bbox 1947 1556 2218 1628; x_wconf 86' lang='lat' dir='ltr'><strong>telligatur</strong></span> <span class='ocrx_word' id='word_1_229' title='bbox 2239 1572 2360 1612; x_wconf 92' lang='lat' dir='ltr'><strong>cum</strong></span> <span class='ocrx_word' id='word_1_230' title='bbox 2384 1557 2646 1627; x_wconf 86' lang='lat' dir='ltr'><strong>arguitur,</strong></span> <span class='ocrx_word' id='word_1_231' title='bbox 2672 1564 2800 1612; x_wconf 91' lang='lat' dir='ltr'><strong>tunc</strong></span> <span class='ocrx_word' id='word_1_232' title='bbox 2826 1556 3067 1612; x_wconf 85' lang='lat' dir='ltr'><strong>obtineat</strong></span> <span class='ocrx_word' id='word_1_233' title='bbox 3093 1570 3214 1611; x_wconf 93' lang='lat' dir='ltr'><strong>cum</strong></span> <span class='ocrx_word' id='word_1_234' title='bbox 3257 1555 3547 1612; x_wconf 86' lang='lat' dir='ltr'><strong>deseritur.</strong></span> 
     </span>
    </p>
   </div>
   <div class='ocr_carea' id='block_1_31' title="bbox 1945 1647 3554 1720">
    <p class='ocr_par' dir='ltr' id='par_1_31' title="bbox 1945 1647 3554 1720">
     <span class='ocr_line' id='line_1_31' title="bbox 1945 1647 3554 1720; baseline -0.002 -16"><span class='ocrx_word' id='word_1_235' title='bbox 1945 1649 2149 1706; x_wconf 88' lang='lat' dir='ltr'><strong>Omnes</strong></span> <span class='ocrx_word' id='word_1_236' title='bbox 2177 1649 2393 1720; x_wconf 90' lang='lat' dir='ltr'><strong>quidem</strong></span> <span class='ocrx_word' id='word_1_237' title='bbox 2429 1649 2520 1704; x_wconf 90' lang='lat' dir='ltr'><strong>illa</strong></span> <span class='ocrx_word' id='word_1_238' title='bbox 2547 1663 2732 1705; x_wconf 91' lang='lat' dir='ltr'><strong>secum</strong></span> <span class='ocrx_word' id='word_1_239' title='bbox 2780 1657 2942 1719; x_wconf 89' lang='lat' dir='ltr'><strong>atque</strong></span> <span class='ocrx_word' id='word_1_240' title='bbox 2987 1648 3126 1703; x_wconf 87' lang='lat' dir='ltr'><strong>intra</strong></span> <span class='ocrx_word' id='word_1_241' title='bbox 3174 1663 3236 1704; x_wconf 92' lang='lat' dir='ltr'><strong>se</strong></span> <span class='ocrx_word' id='word_1_242' title='bbox 3284 1647 3348 1720; x_wconf 86' lang='lat' dir='ltr'><strong>(i)</strong></span> <span class='ocrx_word' id='word_1_243' title='bbox 3390 1647 3554 1702; x_wconf 87' lang='lat' dir='ltr'><strong>vellet</strong></span> 
     </span>
    </p>
   </div>
   <div class='ocr_carea' id='block_1_32' title="bbox 1949 1740 3554 1812">
    <p class='ocr_par' dir='ltr' id='par_1_32' title="bbox 1949 1740 3554 1812">
     <span class='ocr_line' id='line_1_32' title="bbox 1949 1740 3554 1812; baseline -0.001 -15"><span class='ocrx_word' id='word_1_244' title='bbox 1949 1757 2192 1809; x_wconf 90' lang='lat' dir='ltr'><strong>manere,</strong></span> <span class='ocrx_word' id='word_1_245' title='bbox 2212 1757 2312 1798; x_wconf 88' lang='lat' dir='ltr'><strong>nec</strong></span> <span class='ocrx_word' id='word_1_246' title='bbox 2342 1757 2410 1799; x_wconf 84' lang='lat' dir='ltr'><strong>ex</strong></span> <span class='ocrx_word' id='word_1_247' title='bbox 2441 1741 2902 1812; x_wconf 88' lang='lat' dir='ltr'><strong>tranquillissimis</strong></span> <span class='ocrx_word' id='word_1_248' title='bbox 2931 1741 3138 1796; x_wconf 88' lang='lat' dir='ltr'><strong>sinibus</strong></span> <span class='ocrx_word' id='word_1_249' title='bbox 3165 1740 3279 1797; x_wconf 84' lang='lat' dir='ltr'><strong>suis</strong></span> <span class='ocrx_word' id='word_1_250' title='bbox 3301 1741 3438 1796; x_wconf 89' lang='lat' dir='ltr'><strong>alios</strong></span> <span class='ocrx_word' id='word_1_251' title='bbox 3458 1748 3554 1796; x_wconf 90' lang='lat' dir='ltr'><strong>aut</strong></span> 
     </span>
    </p>
   </div>
   <div class='ocr_carea' id='block_1_33' title="bbox 239 1825 3554 1906">
    <p class='ocr_par' dir='ltr' id='par_1_33' title="bbox 239 1825 3554 1906">
     <span class='ocr_line' id='line_1_33' title="bbox 239 1825 3554 1906; baseline 0 -22"><span class='ocrx_word' id='word_1_252' title='bbox 239 1829 386 1884; x_wconf 86' lang='lat' dir='ltr'><strong>tinus</strong></span> <span class='ocrx_word' id='word_1_253' title='bbox 413 1828 620 1883; x_wconf 88' lang='lat' dir='ltr'><strong>assistit</strong></span> <span class='ocrx_word' id='word_1_254' title='bbox 645 1870 660 1895; x_wconf 89' lang='lat'><strong>,</strong></span> <span class='ocrx_word' id='word_1_255' title='bbox 689 1829 1068 1884; x_wconf 89' lang='lat' dir='ltr'><strong>auctoritatem</strong></span> <span class='ocrx_word' id='word_1_256' title='bbox 1114 1826 1378 1882; x_wconf 90' lang='lat' dir='ltr'><strong>mendacii</strong></span> <span class='ocrx_word' id='word_1_257' title='bbox 1409 1826 1492 1881; x_wconf 91' lang='lat' dir='ltr'><strong>sui</strong></span> <span class='ocrx_word' id='word_1_258' title='bbox 1533 1841 1598 1882; x_wconf 82' lang='lat' dir='ltr'><strong>ex</strong></span> <span class='ocrx_word' id='word_1_259' title='bbox 1633 1825 1841 1897; x_wconf 84' lang='lat' dir='ltr'><strong>proles-</strong></span> <span class='ocrx_word' id='word_1_260' title='bbox 1872 1842 1920 1903; x_wconf 82' lang='grc' dir='ltr'><strong>Β</strong></span> <span class='ocrx_word' id='word_1_261' title='bbox 1948 1835 2204 1905; x_wconf 73' lang='lat' dir='ltr'><strong>abjicere,</strong></span> <span class='ocrx_word' id='word_1_262' title='bbox 2234 1845 2326 1891; x_wconf 70' lang='lat' dir='ltr'><strong>aut</strong></span> <span class='ocrx_word' id='word_1_263' title='bbox 2349 1836 2600 1906; x_wconf 77' lang='lat' dir='ltr'><strong>perdere,</strong></span> <span class='ocrx_word' id='word_1_264' title='bbox 2623 1836 2749 1890; x_wconf 83' lang='lat' dir='ltr'><strong>dum</strong></span> <span class='ocrx_word' id='word_1_265' title='bbox 2779 1834 2984 1904; x_wconf 78' lang='lat' dir='ltr'><strong>indigni</strong></span> <span class='ocrx_word' id='word_1_266' title='bbox 3014 1833 3153 1888; x_wconf 83' lang='lat' dir='ltr'><strong>ﬁunt</strong></span> <span class='ocrx_word' id='word_1_267' title='bbox 3174 1841 3334 1888; x_wconf 68' lang='lat' dir='ltr'><strong>tanta:</strong></span> <span class='ocrx_word' id='word_1_268' title='bbox 3365 1832 3554 1892; x_wconf 82' lang='lat' dir='ltr'><strong>matris</strong></span> 
     </span>
    </p>
   </div>
   <div class='ocr_carea' id='block_1_34' title="bbox 237 1919 1842 1992">
    <p class='ocr_par' dir='ltr' id='par_1_34' title="bbox 237 1919 1842 1992">
     <span class='ocr_line' id='line_1_34' title="bbox 237 1919 1842 1992; baseline -0.002 -13"><span class='ocrx_word' id='word_1_269' title='bbox 237 1923 408 1980; x_wconf 86' lang='lat' dir='ltr'><strong>sionis</strong></span> <span class='ocrx_word' id='word_1_270' title='bbox 428 1923 659 1978; x_wconf 77' lang='lat' dir='ltr'><strong>veritate</strong></span> <span class='ocrx_word' id='word_1_271' title='bbox 678 1930 1010 1990; x_wconf 91' lang='lat' dir='ltr'><strong>sumpturus.</strong></span> <span class='ocrx_word' id='word_1_272' title='bbox 1038 1921 1114 1976; x_wconf 91' lang='lat' dir='ltr'><strong>De</strong></span> <span class='ocrx_word' id='word_1_273' title='bbox 1140 1921 1353 1977; x_wconf 78' lang='lat' dir='ltr'><strong>czeteris</strong></span> <span class='ocrx_word' id='word_1_274' title='bbox 1370 1929 1544 1988; x_wconf 89' lang='lat' dir='ltr'><strong>taceo,</strong></span> <span class='ocrx_word' id='word_1_275' title='bbox 1562 1919 1642 1992; x_wconf 88' lang='lat' dir='ltr'><strong>(l)</strong></span> <span class='ocrx_word' id='word_1_276' title='bbox 1662 1919 1751 1991; x_wconf 92' lang='lat' dir='ltr'><strong>qui</strong></span> <span class='ocrx_word' id='word_1_277' title='bbox 1773 1921 1842 1976; x_wconf 89' lang='lat' dir='ltr'><strong>ab</strong></span> 
     </span>
    </p>
   </div>
   <div class='ocr_carea' id='block_1_35' title="bbox 239 2013 1844 2085">
    <p class='ocr_par' dir='ltr' id='par_1_35' title="bbox 239 2013 1844 2085">
     <span class='ocr_line' id='line_1_35' title="bbox 239 2013 1844 2085; baseline -0.002 -11"><span class='ocrx_word' id='word_1_278' title='bbox 239 2016 492 2074; x_wconf 89' lang='lat' dir='ltr'><strong>omnibus</strong></span> <span class='ocrx_word' id='word_1_279' title='bbox 521 2031 647 2072; x_wconf 87' lang='lat' dir='ltr'><strong>esse</strong></span> <span class='ocrx_word' id='word_1_280' title='bbox 687 2023 839 2071; x_wconf 85' lang='lat' dir='ltr'><strong>extra</strong></span> <span class='ocrx_word' id='word_1_281' title='bbox 889 2014 1189 2070; x_wconf 87' lang='lat' dir='ltr'><strong>Eeclesiam</strong></span> <span class='ocrx_word' id='word_1_282' title='bbox 1229 2029 1336 2070; x_wconf 93' lang='lat' dir='ltr'><strong>non</strong></span> <span class='ocrx_word' id='word_1_283' title='bbox 1367 2014 1701 2085; x_wconf 88' lang='lat' dir='ltr'><strong>ignorantur.</strong></span> <span class='ocrx_word' id='word_1_284' title='bbox 1731 2013 1844 2070; x_wconf 84' lang='lat' dir='ltr'><strong>Hoc</strong></span> 
     </span>
    </p>
   </div>
   <div class='ocr_carea' id='block_1_36' title="bbox 243 2107 1844 2179">
    <p class='ocr_par' dir='ltr' id='par_1_36' title="bbox 243 2107 1844 2179">
     <span class='ocr_line' id='line_1_36' title="bbox 243 2107 1844 2179; baseline -0.003 -12"><span class='ocrx_word' id='word_1_285' title='bbox 243 2125 372 2167; x_wconf 90' lang='lat' dir='ltr'><strong>vero</strong></span> <span class='ocrx_word' id='word_1_286' title='bbox 397 2111 712 2166; x_wconf 85' lang='lat' dir='ltr'><strong>damnatum</strong></span> <span class='ocrx_word' id='word_1_287' title='bbox 757 2120 810 2165; x_wconf 92' lang='lat' dir='ltr'><strong>et</strong></span> <span class='ocrx_word' id='word_1_288' title='bbox 855 2109 1123 2179; x_wconf 86' lang='lat' dir='ltr'><strong>abjectum</strong></span> <span class='ocrx_word' id='word_1_289' title='bbox 1169 2108 1296 2164; x_wconf 91' lang='lat' dir='ltr'><strong>licet</strong></span> <span class='ocrx_word' id='word_1_290' title='bbox 1359 2111 1698 2179; x_wconf 86' lang='lat' dir='ltr'><strong>frequenter,</strong></span> <span class='ocrx_word' id='word_1_291' title='bbox 1750 2107 1844 2165; x_wconf 90' lang='lat' dir='ltr'><strong>sed</strong></span> 
     </span>
    </p>
   </div>
   <div class='ocr_carea' id='block_1_37' title="bbox 243 2200 1843 2276">
    <p class='ocr_par' dir='ltr' id='par_1_37' title="bbox 243 2200 1843 2276">
     <span class='ocr_line' id='line_1_37' title="bbox 243 2200 1843 2276; baseline -0.001 -19"><span class='ocrx_word' id='word_1_292' title='bbox 243 2204 310 2276; x_wconf 76' lang='grc' dir='ltr'><strong>(ε)</strong></span> <span class='ocrx_word' id='word_1_293' title='bbox 331 2205 606 2259; x_wconf 89' lang='lat' dir='ltr'><strong>internum</strong></span> <span class='ocrx_word' id='word_1_294' title='bbox 625 2202 786 2258; x_wconf 91' lang='lat' dir='ltr'><strong>hodie</strong></span> <span class='ocrx_word' id='word_1_295' title='bbox 800 2202 974 2259; x_wconf 86' lang='lat' dir='ltr'><strong>adhuc</strong></span> <span class='ocrx_word' id='word_1_296' title='bbox 1001 2202 1198 2258; x_wconf 89' lang='lat' dir='ltr'><strong>malum</strong></span> <span class='ocrx_word' id='word_1_297' title='bbox 1221 2211 1325 2258; x_wconf 90' lang='lat' dir='ltr'><strong>est.</strong></span> <span class='ocrx_word' id='word_1_298' title='bbox 1353 2200 1520 2270; x_wconf 88' lang='lat' dir='ltr'><strong>lmpie</strong></span> <span class='ocrx_word' id='word_1_299' title='bbox 1550 2201 1748 2257; x_wconf 91' lang='lat' dir='ltr'><strong>multos</strong></span> <span class='ocrx_word' id='word_1_300' title='bbox 1777 2201 1843 2256; x_wconf 91' lang='lat' dir='ltr'><strong>ad</strong></span> 
     </span>
    </p>
   </div>
   <div class='ocr_carea' id='block_1_38' title="bbox 240 2295 1844 2368">
    <p class='ocr_par' dir='ltr' id='par_1_38' title="bbox 240 2295 1844 2368">
     <span class='ocr_line' id='line_1_38' title="bbox 240 2295 1844 2368; baseline 0.001 -18"><span class='ocrx_word' id='word_1_301' title='bbox 240 2298 399 2352; x_wconf 88' lang='lat' dir='ltr'><strong>unius</strong></span> <span class='ocrx_word' id='word_1_302' title='bbox 449 2296 545 2352; x_wconf 90' lang='lat' dir='ltr'><strong>Dei</strong></span> <span class='ocrx_word' id='word_1_303' title='bbox 594 2297 983 2367; x_wconf 82' lang='lat' dir='ltr'><strong>professionem</strong></span> <span class='ocrx_word' id='word_1_304' title='bbox 1045 2295 1250 2353; x_wconf 86' lang='lat' dir='ltr'><strong>Galatia</strong></span> <span class='ocrx_word' id='word_1_305' title='bbox 1303 2296 1384 2368; x_wconf 78' lang='grc' dir='ltr'><strong>(ά)</strong></span> <span class='ocrx_word' id='word_1_306' title='bbox 1430 2297 1672 2351; x_wconf 89' lang='lat' dir='ltr'><strong>nutrivit.</strong></span> <span class='ocrx_word' id='word_1_307' title='bbox 1706 2297 1844 2352; x_wconf 88' lang='lat' dir='ltr'><strong>Male</strong></span> 
     </span>
    </p>
   </div>
   <div class='ocr_carea' id='block_1_39' title="bbox 245 2389 1844 2464">
    <p class='ocr_par' dir='ltr' id='par_1_39' title="bbox 245 2389 1844 2464">
     <span class='ocr_line' id='line_1_39' title="bbox 245 2389 1844 2464; baseline 0 -17"><span class='ocrx_word' id='word_1_308' title='bbox 245 2390 400 2464; x_wconf 77' lang='lat'><strong>177</strong></span> <span class='ocrx_word' id='word_1_309' title='bbox 441 2391 498 2446; x_wconf 92' lang='lat' dir='ltr'><strong>in</strong></span> <span class='ocrx_word' id='word_1_310' title='bbox 537 2399 708 2445; x_wconf 90' lang='lat' dir='ltr'><strong>totum</strong></span> <span class='ocrx_word' id='word_1_311' title='bbox 736 2406 875 2462; x_wconf 91' lang='lat' dir='ltr'><strong>pene</strong></span> <span class='ocrx_word' id='word_1_312' title='bbox 918 2390 1104 2446; x_wconf 91' lang='lat' dir='ltr'><strong>orbem</strong></span> <span class='ocrx_word' id='word_1_313' title='bbox 1153 2404 1290 2461; x_wconf 91' lang='lat' dir='ltr'><strong>quos</strong></span> <span class='ocrx_word' id='word_1_314' title='bbox 1335 2400 1494 2460; x_wconf 86' lang='lat' dir='ltr'><strong>negat</strong></span> <span class='ocrx_word' id='word_1_315' title='bbox 1521 2389 1661 2446; x_wconf 89' lang='lat' dir='ltr'><strong>duos</strong></span> <span class='ocrx_word' id='word_1_316' title='bbox 1711 2389 1844 2447; x_wconf 90' lang='lat' dir='ltr'><strong>deos</strong></span> 
     </span>
    </p>
   </div>
   <div class='ocr_carea' id='block_1_40' title="bbox 241 2481 1841 2555">
    <p class='ocr_par' dir='ltr' id='par_1_40' title="bbox 241 2481 1841 2555">
     <span class='ocr_line' id='line_1_40' title="bbox 241 2481 1841 2555; baseline 0 -17"><span class='ocrx_word' id='word_1_317' title='bbox 241 2483 575 2538; x_wconf 79' lang='lat' dir='ltr'><strong>Alexandria</strong></span> <span class='ocrx_word' id='word_1_318' title='bbox 595 2483 664 2555; x_wconf 85' lang='lat' dir='ltr'><strong>(e)</strong></span> <span class='ocrx_word' id='word_1_319' title='bbox 699 2482 941 2553; x_wconf 85' lang='lat' dir='ltr'><strong>pretulit.</strong></span> <span class='ocrx_word' id='word_1_320' title='bbox 970 2482 1234 2538; x_wconf 83' lang='lat' dir='ltr'><strong>Pestifere</strong></span> <span class='ocrx_word' id='word_1_321' title='bbox 1260 2491 1446 2538; x_wconf 89' lang='lat' dir='ltr'><strong>natum</strong></span> <span class='ocrx_word' id='word_1_322' title='bbox 1476 2481 1659 2538; x_wconf 74' lang='lat' dir='ltr'><strong>Iesum</strong></span> <span class='ocrx_word' id='word_1_323' title='bbox 1681 2481 1841 2538; x_wconf 90' lang='lat' dir='ltr'><strong>Chri-</strong></span> 
     </span>
    </p>
   </div>
   <div class='ocr_carea' id='block_1_41' title="bbox 240 2573 1846 2648">
    <p class='ocr_par' dir='ltr' id='par_1_41' title="bbox 240 2573 1846 2648">
     <span class='ocr_line' id='line_1_41' title="bbox 240 2573 1846 2648; baseline -0.001 -18"><span class='ocrx_word' id='word_1_324' title='bbox 240 2584 383 2631; x_wconf 89' lang='lat' dir='ltr'><strong>stum</strong></span> <span class='ocrx_word' id='word_1_325' title='bbox 407 2592 481 2631; x_wconf 82' lang='lat' dir='ltr'><strong>ex</strong></span> <span class='ocrx_word' id='word_1_326' title='bbox 506 2575 666 2630; x_wconf 78' lang='lat' dir='ltr'><strong>Maria</strong></span> <span class='ocrx_word' id='word_1_327' title='bbox 695 2573 971 2630; x_wconf 87' lang='lat' dir='ltr'><strong>Pannonia</strong></span> <span class='ocrx_word' id='word_1_328' title='bbox 1006 2574 1078 2648; x_wconf 73' lang='grc' dir='ltr'><strong>(ί)</strong></span> <span class='ocrx_word' id='word_1_329' title='bbox 1109 2575 1369 2631; x_wconf 83' lang='lat' dir='ltr'><strong>defendit.</strong></span> <span class='ocrx_word' id='word_1_330' title='bbox 1402 2575 1470 2631; x_wconf 87' lang='lat' dir='ltr'><strong>Et</strong></span> <span class='ocrx_word' id='word_1_331' title='bbox 1500 2575 1740 2632; x_wconf 87' lang='lat' dir='ltr'><strong>Ecclesia</strong></span> <span class='ocrx_word' id='word_1_332' title='bbox 1771 2576 1846 2630; x_wconf 85' lang='lat' dir='ltr'><strong>in-</strong></span> 
     </span>
    </p>
   </div>
   <div class='ocr_carea' id='block_1_42' title="bbox 243 2669 1842 2741">
    <p class='ocr_par' dir='ltr' id='par_1_42' title="bbox 243 2669 1842 2741">
     <span class='ocr_line' id='line_1_42' title="bbox 243 2669 1842 2741; baseline -0.001 -15"><span class='ocrx_word' id='word_1_333' title='bbox 243 2679 321 2727; x_wconf 89' lang='lat' dir='ltr'><strong>ter</strong></span> <span class='ocrx_word' id='word_1_334' title='bbox 353 2669 474 2726; x_wconf 65' lang='lat' dir='ltr'><strong>[nec</strong></span> <span class='ocrx_word' id='word_1_335' title='bbox 506 2670 836 2741; x_wconf 89' lang='lat' dir='ltr'><strong>periclitatur</strong></span> <span class='ocrx_word' id='word_1_336' title='bbox 871 2669 1154 2726; x_wconf 90' lang='lat' dir='ltr'><strong>veritatem</strong></span> <span class='ocrx_word' id='word_1_337' title='bbox 1187 2685 1292 2726; x_wconf 92' lang='lat' dir='ltr'><strong>non</strong></span> <span class='ocrx_word' id='word_1_338' title='bbox 1337 2679 1522 2726; x_wconf 90' lang='lat' dir='ltr'><strong>tenere</strong></span> <span class='ocrx_word' id='word_1_339' title='bbox 1567 2685 1662 2741; x_wconf 90' lang='lat' dir='ltr'><strong>per</strong></span> <span class='ocrx_word' id='word_1_340' title='bbox 1690 2684 1842 2735; x_wconf 90' lang='lat' dir='ltr'><strong>vera,</strong></span> 
     </span>
    </p>
   </div>
   <div class='ocr_carea' id='block_1_43' title="bbox 243 2759 1848 2835">
    <p class='ocr_par' dir='ltr' id='par_1_43' title="bbox 243 2759 1848 2835">
     <span class='ocr_line' id='line_1_43' title="bbox 243 2759 1848 2835; baseline 0.002 -18"><span class='ocrx_word' id='word_1_341' title='bbox 243 2761 372 2818; x_wconf 88' lang='lat' dir='ltr'><strong>dum</strong></span> <span class='ocrx_word' id='word_1_342' title='bbox 407 2777 474 2818; x_wconf 90' lang='lat' dir='ltr'><strong>ea</strong></span> <span class='ocrx_word' id='word_1_343' title='bbox 498 2763 547 2818; x_wconf 92' lang='lat' dir='ltr'><strong>ei</strong></span> <span class='ocrx_word' id='word_1_344' title='bbox 573 2762 641 2818; x_wconf 91' lang='lat' dir='ltr'><strong>ad</strong></span> <span class='ocrx_word' id='word_1_345' title='bbox 669 2759 1121 2834; x_wconf 89' lang='lat' dir='ltr'><strong>irreligiositatem</strong></span> <span class='ocrx_word' id='word_1_346' title='bbox 1152 2763 1469 2834; x_wconf 80' lang='lat' dir='ltr'><strong>ingeruntur</strong></span> <span class='ocrx_word' id='word_1_347' title='bbox 1492 2805 1509 2833; x_wconf 92' lang='lat'><strong>,</strong></span> <span class='ocrx_word' id='word_1_348' title='bbox 1533 2763 1728 2835; x_wconf 91' lang='lat' dir='ltr'><strong>quibus</strong></span> <span class='ocrx_word' id='word_1_349' title='bbox 1759 2779 1848 2820; x_wconf 85' lang='lat' dir='ltr'><strong>re-</strong></span> 
     </span>
    </p>
   </div>
   <div class='ocr_carea' id='block_1_44' title="bbox 246 2857 1840 2931">
    <p class='ocr_par' dir='ltr' id='par_1_44' title="bbox 246 2857 1840 2931">
     <span class='ocr_line' id='line_1_44' title="bbox 246 2857 1840 2931; baseline 0.003 -18"><span class='ocrx_word' id='word_1_350' title='bbox 246 2857 377 2931; x_wconf 89' lang='lat' dir='ltr'><strong>ligio</strong></span> <span class='ocrx_word' id='word_1_351' title='bbox 413 2867 469 2915; x_wconf 89' lang='lat' dir='ltr'><strong>et</strong></span> <span class='ocrx_word' id='word_1_352' title='bbox 510 2859 862 2914; x_wconf 88' lang='lat' dir='ltr'><strong>conﬁrmatur</strong></span> <span class='ocrx_word' id='word_1_353' title='bbox 887 2902 902 2927; x_wconf 95' lang='lat'><strong>,</strong></span> <span class='ocrx_word' id='word_1_354' title='bbox 946 2869 1000 2916; x_wconf 92' lang='lat' dir='ltr'><strong>et</strong></span> <span class='ocrx_word' id='word_1_355' title='bbox 1042 2859 1276 2930; x_wconf 89' lang='lat' dir='ltr'><strong>deperit.</strong></span> <span class='ocrx_word' id='word_1_356' title='bbox 1320 2861 1439 2916; x_wconf 89' lang='lat' dir='ltr'><strong>Non</strong></span> <span class='ocrx_word' id='word_1_357' title='bbox 1481 2861 1624 2917; x_wconf 90' lang='lat' dir='ltr'><strong>enim</strong></span> <span class='ocrx_word' id='word_1_358' title='bbox 1677 2878 1840 2918; x_wconf 92' lang='lat' dir='ltr'><strong>unum</strong></span> 
     </span>
    </p>
   </div>
   <div class='ocr_carea' id='block_1_45' title="bbox 246 2950 1844 3026">
    <p class='ocr_par' dir='ltr' id='par_1_45' title="bbox 246 2950 1844 3026">
     <span class='ocr_line' id='line_1_45' title="bbox 246 2950 1844 3026; baseline 0.003 -21"><span class='ocrx_word' id='word_1_359' title='bbox 246 2950 417 3007; x_wconf 89' lang='lat' dir='ltr'><strong>Deum</strong></span> <span class='ocrx_word' id='word_1_360' title='bbox 466 2951 552 3020; x_wconf 90' lang='lat' dir='ltr'><strong>pie</strong></span> <span class='ocrx_word' id='word_1_361' title='bbox 603 2966 888 3022; x_wconf 87' lang='lat' dir='ltr'><strong>possumus</strong></span> <span class='ocrx_word' id='word_1_362' title='bbox 938 2952 1267 3023; x_wconf 69' lang='lat' dir='ltr'><strong>praedicare,</strong></span> <span class='ocrx_word' id='word_1_363' title='bbox 1307 2954 1353 3009; x_wconf 93' lang='lat' dir='ltr'><strong>si</strong></span> <span class='ocrx_word' id='word_1_364' title='bbox 1403 2954 1575 3009; x_wconf 90' lang='lat' dir='ltr'><strong>solum</strong></span> <span class='ocrx_word' id='word_1_365' title='bbox 1618 2955 1844 3026; x_wconf 78' lang='lat' dir='ltr'><strong>(supple,</strong></span> 
     </span>
    </p>
   </div>
   <div class='ocr_carea' id='block_1_46' title="bbox 205 3042 1842 3113">
    <p class='ocr_par' dir='ltr' id='par_1_46' title="bbox 205 3042 1842 3113">
     <span class='ocr_line' id='line_1_46' title="bbox 205 3042 1842 3113; baseline 0.004 -17"><span class='ocrx_word' id='word_1_366' title='bbox 205 3083 208 3096; x_wconf 89' lang='lat'><strong>.</strong></span> <span class='ocrx_word' id='word_1_367' title='bbox 248 3042 629 3113; x_wconf 67' lang='lat' dir='ltr'><strong>praedicamus)</strong></span> <span class='ocrx_word' id='word_1_368' title='bbox 663 3061 678 3097; x_wconf 90' lang='lat'><strong>:</strong></span> <span class='ocrx_word' id='word_1_369' title='bbox 711 3042 832 3111; x_wconf 90' lang='lat' dir='ltr'><strong>quia</strong></span> <span class='ocrx_word' id='word_1_370' title='bbox 864 3058 970 3097; x_wconf 88' lang='lat' dir='ltr'><strong>non</strong></span> <span class='ocrx_word' id='word_1_371' title='bbox 1017 3044 1122 3100; x_wconf 91' lang='lat' dir='ltr'><strong>erit</strong></span> <span class='ocrx_word' id='word_1_372' title='bbox 1147 3044 1290 3100; x_wconf 90' lang='lat' dir='ltr'><strong>Deus</strong></span> <span class='ocrx_word' id='word_1_373' title='bbox 1330 3043 1474 3100; x_wconf 89' lang='lat' dir='ltr'><strong>lilius</strong></span> <span class='ocrx_word' id='word_1_374' title='bbox 1519 3046 1572 3100; x_wconf 93' lang='lat' dir='ltr'><strong>in</strong></span> <span class='ocrx_word' id='word_1_375' title='bbox 1613 3045 1842 3102; x_wconf 90' lang='lat' dir='ltr'><strong>solitarii</strong></span> 
     </span>
    </p>
   </div>
   <div class='ocr_carea' id='block_1_47' title="bbox 247 3136 1848 3210">
    <p class='ocr_par' dir='ltr' id='par_1_47' title="bbox 247 3136 1848 3210">
     <span class='ocr_line' id='line_1_47' title="bbox 247 3136 1848 3210; baseline 0.003 -19"><span class='ocrx_word' id='word_1_376' title='bbox 247 3136 381 3193; x_wconf 80' lang='lat' dir='ltr'><strong>fide.</strong></span> <span class='ocrx_word' id='word_1_377' title='bbox 410 3137 484 3193; x_wconf 82' lang='lat' dir='ltr'><strong>At</strong></span> <span class='ocrx_word' id='word_1_378' title='bbox 509 3151 637 3193; x_wconf 84' lang='lat' dir='ltr'><strong>vero</strong></span> <span class='ocrx_word' id='word_1_379' title='bbox 671 3136 768 3193; x_wconf 93' lang='lat' dir='ltr'><strong>Dei</strong></span> <span class='ocrx_word' id='word_1_380' title='bbox 797 3136 998 3206; x_wconf 88' lang='lat' dir='ltr'><strong>lilium,</strong></span> <span class='ocrx_word' id='word_1_381' title='bbox 1027 3137 1167 3193; x_wconf 89' lang='lat' dir='ltr'><strong>sicut</strong></span> <span class='ocrx_word' id='word_1_382' title='bbox 1201 3147 1305 3206; x_wconf 91' lang='lat' dir='ltr'><strong>est,</strong></span> <span class='ocrx_word' id='word_1_383' title='bbox 1333 3137 1502 3196; x_wconf 89' lang='lat' dir='ltr'><strong>Deum</strong></span> <span class='ocrx_word' id='word_1_384' title='bbox 1550 3139 1848 3210; x_wconf 64' lang='lat' dir='ltr'><strong>praedican-</strong></span> 
     </span>
    </p>
   </div>
   <div class='ocr_carea' id='block_1_48' title="bbox 1948 1925 3554 1996">
    <p class='ocr_par' dir='ltr' id='par_1_48' title="bbox 1948 1925 3554 1996">
     <span class='ocr_line' id='line_1_48' title="bbox 1948 1925 3554 1996; baseline -0.002 -12"><span class='ocrx_word' id='word_1_385' title='bbox 1948 1929 2292 1986; x_wconf 84' lang='lat' dir='ltr'><strong>habitaculo:</strong></span> <span class='ocrx_word' id='word_1_386' title='bbox 2324 1930 2419 1986; x_wconf 91' lang='lat' dir='ltr'><strong>sed</strong></span> <span class='ocrx_word' id='word_1_387' title='bbox 2457 1928 2861 1986; x_wconf 89' lang='lat' dir='ltr'><strong>discedentibus</strong></span> <span class='ocrx_word' id='word_1_388' title='bbox 2907 1944 2974 1982; x_wconf 83' lang='lat' dir='ltr'><strong>ex</strong></span> <span class='ocrx_word' id='word_1_389' title='bbox 3027 1942 3090 1984; x_wconf 92' lang='lat' dir='ltr'><strong>ea</strong></span> <span class='ocrx_word' id='word_1_390' title='bbox 3143 1927 3436 1996; x_wconf 68' lang='lat' dir='ltr'><strong>haereticis,</strong></span> <span class='ocrx_word' id='word_1_391' title='bbox 3466 1925 3554 1983; x_wconf 88' lang='lat' dir='ltr'><strong>vel</strong></span> 
     </span>
    </p>
   </div>
   <div class='ocr_carea' id='block_1_49' title="bbox 1945 2019 3552 2093">
    <p class='ocr_par' dir='ltr' id='par_1_49' title="bbox 1945 2019 3552 2093">
     <span class='ocr_line' id='line_1_49' title="bbox 1945 2019 3552 2093; baseline -0.001 -17"><span class='ocrx_word' id='word_1_392' title='bbox 1945 2021 2191 2092; x_wconf 75' lang='lat' dir='ltr'><strong>abiectis,</strong></span> <span class='ocrx_word' id='word_1_393' title='bbox 2220 2031 2478 2093; x_wconf 89' lang='lat' dir='ltr'><strong>quantum</strong></span> <span class='ocrx_word' id='word_1_394' title='bbox 2511 2019 3028 2076; x_wconf 87' lang='lat' dir='ltr'><strong>amittitoccasionis</strong></span> <span class='ocrx_word' id='word_1_395' title='bbox 3057 2019 3349 2090; x_wconf 72' lang='lat' dir='ltr'><strong>largiendtn</strong></span> <span class='ocrx_word' id='word_1_396' title='bbox 3383 2033 3448 2074; x_wconf 82' lang='lat' dir='ltr'><strong>ex</strong></span> <span class='ocrx_word' id='word_1_397' title='bbox 3490 2031 3552 2075; x_wconf 91' lang='lat' dir='ltr'><strong>se</strong></span> 
     </span>
    </p>
   </div>
   <div class='ocr_carea' id='block_1_50' title="bbox 1946 2111 3556 2187">
    <p class='ocr_par' dir='ltr' id='par_1_50' title="bbox 1946 2111 3556 2187">
     <span class='ocr_line' id='line_1_50' title="bbox 1946 2111 3556 2187; baseline -0.001 -16"><span class='ocrx_word' id='word_1_398' title='bbox 1946 2115 2157 2182; x_wconf 90' lang='lat' dir='ltr'><strong>salutis,</strong></span> <span class='ocrx_word' id='word_1_399' title='bbox 2184 2124 2390 2170; x_wconf 91' lang='lat' dir='ltr'><strong>tantum</strong></span> <span class='ocrx_word' id='word_1_400' title='bbox 2421 2114 2492 2187; x_wconf 62' lang='grc' dir='ltr'><strong>(ί)</strong></span> <span class='ocrx_word' id='word_1_401' title='bbox 2513 2114 2829 2184; x_wconf 88' lang='lat' dir='ltr'><strong>adsequitur</strong></span> <span class='ocrx_word' id='word_1_402' title='bbox 2849 2113 2917 2169; x_wconf 92' lang='lat' dir='ltr'><strong>ad</strong></span> <span class='ocrx_word' id='word_1_403' title='bbox 2947 2112 3108 2169; x_wconf 85' lang='lat' dir='ltr'><strong>tidem</strong></span> <span class='ocrx_word' id='word_1_404' title='bbox 3146 2111 3466 2184; x_wconf 70' lang='lat' dir='ltr'><strong>expetendae</strong></span> <span class='ocrx_word' id='word_1_405' title='bbox 3486 2111 3556 2169; x_wconf 90' lang='lat' dir='ltr'><strong>de</strong></span> 
     </span>
    </p>
   </div>
   <div class='ocr_carea' id='block_1_51' title="bbox 1946 2205 3560 2280">
    <p class='ocr_par' dir='ltr' id='par_1_51' title="bbox 1946 2205 3560 2280">
     <span class='ocr_line' id='line_1_51' title="bbox 1946 2205 3560 2280; baseline -0.002 -16"><span class='ocrx_word' id='word_1_406' title='bbox 1946 2224 2006 2265; x_wconf 89' lang='lat' dir='ltr'><strong>se</strong></span> <span class='ocrx_word' id='word_1_407' title='bbox 2025 2208 2392 2266; x_wconf 90' lang='lat' dir='ltr'><strong>beatitudinis.</strong></span> <span class='ocrx_word' id='word_1_408' title='bbox 2450 2207 2717 2280; x_wconf 88' lang='lat' dir='ltr'><strong>Cognosei</strong></span> <span class='ocrx_word' id='word_1_409' title='bbox 2759 2207 2902 2263; x_wconf 90' lang='lat' dir='ltr'><strong>enim</strong></span> <span class='ocrx_word' id='word_1_410' title='bbox 2952 2207 3054 2262; x_wconf 93' lang='lat' dir='ltr'><strong>hnc</strong></span> <span class='ocrx_word' id='word_1_411' title='bbox 3083 2221 3149 2262; x_wconf 82' lang='lat' dir='ltr'><strong>ex</strong></span> <span class='ocrx_word' id='word_1_412' title='bbox 3181 2205 3312 2275; x_wconf 88' lang='lat' dir='ltr'><strong>ipsis</strong></span> <span class='ocrx_word' id='word_1_413' title='bbox 3341 2205 3560 2262; x_wconf 66' lang='lat' dir='ltr'><strong>haereti-</strong></span> 
     </span>
    </p>
   </div>
   <div class='ocr_carea' id='block_1_52' title="bbox 1946 2299 3557 2372">
    <p class='ocr_par' dir='ltr' id='par_1_52' title="bbox 1946 2299 3557 2372">
     <span class='ocr_line' id='line_1_52' title="bbox 1946 2299 3557 2372; baseline -0.001 -12"><span class='ocrx_word' id='word_1_414' title='bbox 1946 2318 2134 2360; x_wconf 90' lang='lat' dir='ltr'><strong>corum</strong></span> <span class='ocrx_word' id='word_1_415' title='bbox 2176 2302 2371 2358; x_wconf 90' lang='lat' dir='ltr'><strong>studiis</strong></span> <span class='ocrx_word' id='word_1_416' title='bbox 2400 2303 2866 2372; x_wconf 90' lang='lat' dir='ltr'><strong>promptissimum</strong></span> <span class='ocrx_word' id='word_1_417' title='bbox 2899 2309 3003 2358; x_wconf 88' lang='lat' dir='ltr'><strong>est.</strong></span> <span class='ocrx_word' id='word_1_418' title='bbox 3031 2299 3273 2372; x_wconf 83' lang='lat' dir='ltr'><strong>Namque</strong></span> <span class='ocrx_word' id='word_1_419' title='bbox 3302 2314 3424 2356; x_wconf 90' lang='lat' dir='ltr'><strong>eum</strong></span> <span class='ocrx_word' id='word_1_420' title='bbox 3453 2300 3557 2358; x_wconf 87' lang='lat' dir='ltr'><strong>Ec-</strong></span> 
     </span>
    </p>
   </div>
   <div class='ocr_carea' id='block_1_53' title="bbox 1946 2395 3554 2466">
    <p class='ocr_par' dir='ltr' id='par_1_53' title="bbox 1946 2395 3554 2466">
     <span class='ocr_line' id='line_1_53' title="bbox 1946 2395 3554 2466; baseline -0.004 -10"><span class='ocrx_word' id='word_1_421' title='bbox 1946 2399 2111 2456; x_wconf 87' lang='lat' dir='ltr'><strong>clesia</strong></span> <span class='ocrx_word' id='word_1_422' title='bbox 2140 2414 2170 2452; x_wconf 88' lang='lat' dir='ltr'><strong>a</strong></span> <span class='ocrx_word' id='word_1_423' title='bbox 2203 2397 2430 2454; x_wconf 91' lang='lat' dir='ltr'><strong>Domino</strong></span> <span class='ocrx_word' id='word_1_424' title='bbox 2457 2397 2724 2460; x_wconf 85' lang='lat' dir='ltr'><strong>instituta,</strong></span> <span class='ocrx_word' id='word_1_425' title='bbox 2746 2406 2800 2452; x_wconf 92' lang='lat' dir='ltr'><strong>et</strong></span> <span class='ocrx_word' id='word_1_426' title='bbox 2822 2395 2890 2452; x_wconf 87' lang='lat' dir='ltr'><strong>ab</strong></span> <span class='ocrx_word' id='word_1_427' title='bbox 2915 2396 3187 2466; x_wconf 88' lang='lat' dir='ltr'><strong>Apostolis</strong></span> <span class='ocrx_word' id='word_1_428' title='bbox 3213 2395 3554 2463; x_wconf 88' lang='lat' dir='ltr'><strong>conﬁrmata,</strong></span> 
     </span>
    </p>
   </div>
   <div class='ocr_carea' id='block_1_54' title="bbox 1947 2489 3556 2561">
    <p class='ocr_par' dir='ltr' id='par_1_54' title="bbox 1947 2489 3556 2561">
     <span class='ocr_line' id='line_1_54' title="bbox 1947 2489 3556 2561; baseline -0.001 -13"><span class='ocrx_word' id='word_1_429' title='bbox 1947 2508 2052 2548; x_wconf 90' lang='lat' dir='ltr'><strong>una</strong></span> <span class='ocrx_word' id='word_1_430' title='bbox 2084 2494 2324 2549; x_wconf 90' lang='lat' dir='ltr'><strong>omnium</strong></span> <span class='ocrx_word' id='word_1_431' title='bbox 2351 2491 2456 2558; x_wconf 90' lang='lat' dir='ltr'><strong>sit,</strong></span> <span class='ocrx_word' id='word_1_432' title='bbox 2487 2506 2554 2548; x_wconf 89' lang='lat' dir='ltr'><strong>ex</strong></span> <span class='ocrx_word' id='word_1_433' title='bbox 2589 2507 2692 2560; x_wconf 88' lang='lat' dir='ltr'><strong>qua</strong></span> <span class='ocrx_word' id='word_1_434' title='bbox 2735 2505 2796 2546; x_wconf 90' lang='lat' dir='ltr'><strong>se</strong></span> <span class='ocrx_word' id='word_1_435' title='bbox 2837 2489 3175 2546; x_wconf 86' lang='lat' dir='ltr'><strong>diversarum</strong></span> <span class='ocrx_word' id='word_1_436' title='bbox 3219 2491 3556 2561; x_wconf 91' lang='lat' dir='ltr'><strong>impietatum</strong></span> 
     </span>
    </p>
   </div>
   <div class='ocr_carea' id='block_1_55' title="bbox 1947 2583 3562 2660">
    <p class='ocr_par' dir='ltr' id='par_1_55' title="bbox 1947 2583 3562 2660">
     <span class='ocr_line' id='line_1_55' title="bbox 1947 2583 3562 2660; baseline -0.002 -18"><span class='ocrx_word' id='word_1_437' title='bbox 1947 2588 2134 2644; x_wconf 85' lang='lat' dir='ltr'><strong>furens</strong></span> <span class='ocrx_word' id='word_1_438' title='bbox 2157 2586 2316 2660; x_wconf 76' lang='lat'><strong>178</strong></span> <span class='ocrx_word' id='word_1_439' title='bbox 2335 2601 2490 2641; x_wconf 88' lang='lat' dir='ltr'><strong>error</strong></span> <span class='ocrx_word' id='word_1_440' title='bbox 2505 2583 2816 2645; x_wconf 88' lang='lat' dir='ltr'><strong>absciderit;</strong></span> <span class='ocrx_word' id='word_1_441' title='bbox 2847 2598 2944 2638; x_wconf 89' lang='lat' dir='ltr'><strong>nec</strong></span> <span class='ocrx_word' id='word_1_442' title='bbox 2963 2584 3144 2653; x_wconf 87' lang='lat' dir='ltr'><strong>negari</strong></span> <span class='ocrx_word' id='word_1_443' title='bbox 3165 2584 3357 2652; x_wconf 89' lang='lat' dir='ltr'><strong>possit,</strong></span> <span class='ocrx_word' id='word_1_444' title='bbox 3381 2599 3446 2638; x_wconf 81' lang='lat' dir='ltr'><strong>ex</strong></span> <span class='ocrx_word' id='word_1_445' title='bbox 3481 2583 3562 2638; x_wconf 83' lang='lat' dir='ltr'><strong>vi-</strong></span> 
     </span>
    </p>
   </div>
   <div class='ocr_carea' id='block_1_56' title="bbox 1949 2673 3559 2749">
    <p class='ocr_par' dir='ltr' id='par_1_56' title="bbox 1949 2673 3559 2749">
     <span class='ocr_line' id='line_1_56' title="bbox 1949 2673 3559 2749; baseline -0.002 -15"><span class='ocrx_word' id='word_1_446' title='bbox 1949 2679 2024 2734; x_wconf 90' lang='lat' dir='ltr'><strong>tio</strong></span> <span class='ocrx_word' id='word_1_447' title='bbox 2072 2678 2146 2749; x_wconf 77' lang='lat' dir='ltr'><strong>(lt)</strong></span> <span class='ocrx_word' id='word_1_448' title='bbox 2203 2679 2358 2733; x_wconf 67' lang='lat' dir='ltr'><strong>malm</strong></span> <span class='ocrx_word' id='word_1_449' title='bbox 2419 2675 2785 2745; x_wconf 72' lang='lat' dir='ltr'><strong>intelligentia:</strong></span> <span class='ocrx_word' id='word_1_450' title='bbox 2820 2715 2834 2740; x_wconf 96' lang='lat'><strong>,</strong></span> <span class='ocrx_word' id='word_1_451' title='bbox 2887 2673 3008 2728; x_wconf 89' lang='lat' dir='ltr'><strong>ﬁdei</strong></span> <span class='ocrx_word' id='word_1_452' title='bbox 3053 2675 3326 2729; x_wconf 80' lang='lat' dir='ltr'><strong>exstitisse</strong></span> <span class='ocrx_word' id='word_1_453' title='bbox 3392 2675 3559 2731; x_wconf 87' lang='lat' dir='ltr'><strong>dissi-</strong></span> 
     </span>
    </p>
   </div>
   <div class='ocr_carea' id='block_1_57' title="bbox 1948 2764 3558 2838">
    <p class='ocr_par' dir='ltr' id='par_1_57' title="bbox 1948 2764 3558 2838">
     <span class='ocr_line' id='line_1_57' title="bbox 1948 2764 3558 2838; baseline -0.002 -14"><span class='ocrx_word' id='word_1_454' title='bbox 1948 2769 2095 2825; x_wconf 91' lang='lat' dir='ltr'><strong>dium</strong></span> <span class='ocrx_word' id='word_1_455' title='bbox 2121 2811 2135 2835; x_wconf 94' lang='lat'><strong>,</strong></span> <span class='ocrx_word' id='word_1_456' title='bbox 2176 2769 2303 2824; x_wconf 93' lang='lat' dir='ltr'><strong>dum</strong></span> <span class='ocrx_word' id='word_1_457' title='bbox 2345 2767 2487 2838; x_wconf 93' lang='lat' dir='ltr'><strong>quod</strong></span> <span class='ocrx_word' id='word_1_458' title='bbox 2538 2766 2769 2837; x_wconf 86' lang='lat' dir='ltr'><strong>legitur,</strong></span> <span class='ocrx_word' id='word_1_459' title='bbox 2803 2765 2987 2819; x_wconf 89' lang='lat' dir='ltr'><strong>sensui</strong></span> <span class='ocrx_word' id='word_1_460' title='bbox 3036 2764 3216 2834; x_wconf 89' lang='lat' dir='ltr'><strong>petius</strong></span> <span class='ocrx_word' id='word_1_461' title='bbox 3253 2773 3558 2834; x_wconf 89' lang='lat' dir='ltr'><strong>coaptatur,</strong></span> 
     </span>
    </p>
   </div>
   <div class='ocr_carea' id='block_1_58' title="bbox 1949 2858 3560 2935">
    <p class='ocr_par' dir='ltr' id='par_1_58' title="bbox 1949 2858 3560 2935">
     <span class='ocr_line' id='line_1_58' title="bbox 1949 2858 3560 2935; baseline -0.002 -17"><span class='ocrx_word' id='word_1_462' title='bbox 1949 2879 2109 2935; x_wconf 89' lang='lat' dir='ltr'><strong>quam</strong></span> <span class='ocrx_word' id='word_1_463' title='bbox 2142 2863 2357 2918; x_wconf 92' lang='lat' dir='ltr'><strong>lectioni</strong></span> <span class='ocrx_word' id='word_1_464' title='bbox 2408 2875 2599 2918; x_wconf 88' lang='lat' dir='ltr'><strong>sensus</strong></span> <span class='ocrx_word' id='word_1_465' title='bbox 2627 2860 2968 2930; x_wconf 88' lang='lat' dir='ltr'><strong>obtemperat</strong></span> <span class='ocrx_word' id='word_1_466' title='bbox 3002 2877 3014 2912; x_wconf 85' lang='lat'>:</span> <span class='ocrx_word' id='word_1_467' title='bbox 3060 2868 3239 2914; x_wconf 86' lang='lat' dir='ltr'><strong>tamen</strong></span> <span class='ocrx_word' id='word_1_468' title='bbox 3277 2858 3402 2914; x_wconf 93' lang='lat' dir='ltr'><strong>dum</strong></span> <span class='ocrx_word' id='word_1_469' title='bbox 3453 2859 3560 2914; x_wconf 89' lang='lat' dir='ltr'><strong>sibi</strong></span> 
     </span>
    </p>
   </div>
   <div class='ocr_carea' id='block_1_59' title="bbox 1949 2951 3563 3028">
    <p class='ocr_par' dir='ltr' id='par_1_59' title="bbox 1949 2951 3563 3028">
     <span class='ocr_line' id='line_1_59' title="bbox 1949 2951 3563 3028; baseline -0.001 -18"><span class='ocrx_word' id='word_1_470' title='bbox 1949 2965 2133 3028; x_wconf 89' lang='lat' dir='ltr'><strong>partes</strong></span> <span class='ocrx_word' id='word_1_471' title='bbox 2163 2956 2386 3026; x_wconf 85' lang='lat' dir='ltr'><strong>singulae</strong></span> <span class='ocrx_word' id='word_1_472' title='bbox 2412 2954 2793 3021; x_wconf 89' lang='lat' dir='ltr'><strong>adversantur,</strong></span> <span class='ocrx_word' id='word_1_473' title='bbox 2827 2967 2935 3007; x_wconf 89' lang='lat' dir='ltr'><strong>non</strong></span> <span class='ocrx_word' id='word_1_474' title='bbox 2966 2951 3139 3007; x_wconf 92' lang='lat' dir='ltr'><strong>solum</strong></span> <span class='ocrx_word' id='word_1_475' title='bbox 3170 2952 3312 3015; x_wconf 90' lang='lat' dir='ltr'><strong>suis,</strong></span> <span class='ocrx_word' id='word_1_476' title='bbox 3336 2952 3432 3009; x_wconf 90' lang='lat' dir='ltr'><strong>sed</strong></span> <span class='ocrx_word' id='word_1_477' title='bbox 3465 2952 3563 3009; x_wconf 86' lang='lat' dir='ltr'><strong>ad-</strong></span> 
     </span>
    </p>
   </div>
   <div class='ocr_carea' id='block_1_60' title="bbox 1949 3043 3562 3116">
    <p class='ocr_par' dir='ltr' id='par_1_60' title="bbox 1949 3043 3562 3116">
     <span class='ocr_line' id='line_1_60' title="bbox 1949 3043 3562 3116; baseline -0.001 -16"><span class='ocrx_word' id='word_1_478' title='bbox 1949 3047 2279 3103; x_wconf 86' lang='lat' dir='ltr'><strong>versantium</strong></span> <span class='ocrx_word' id='word_1_479' title='bbox 2330 3055 2414 3101; x_wconf 90' lang='lat' dir='ltr'><strong>est</strong></span> <span class='ocrx_word' id='word_1_480' title='bbox 2464 3045 2810 3116; x_wconf 87' lang='lat' dir='ltr'><strong>intelligenda</strong></span> <span class='ocrx_word' id='word_1_481' title='bbox 2841 3044 3136 3108; x_wconf 91' lang='lat' dir='ltr'><strong>doctrinis;</strong></span> <span class='ocrx_word' id='word_1_482' title='bbox 3195 3051 3251 3098; x_wconf 91' lang='lat' dir='ltr'><strong>ut</strong></span> <span class='ocrx_word' id='word_1_483' title='bbox 3290 3043 3416 3099; x_wconf 92' lang='lat' dir='ltr'><strong>dum</strong></span> <span class='ocrx_word' id='word_1_484' title='bbox 3465 3044 3562 3099; x_wconf 90' lang='lat' dir='ltr'><strong>ad-</strong></span> 
     </span>
    </p>
   </div>
   <div class='ocr_carea' id='block_1_61' title="bbox 1950 3136 3555 3206">
    <p class='ocr_par' dir='ltr' id='par_1_61' title="bbox 1950 3136 3555 3206">
     <span class='ocr_line' id='line_1_61' title="bbox 1950 3136 3555 3206; baseline -0.001 -11"><span class='ocrx_word' id='word_1_485' title='bbox 1950 3155 2166 3196; x_wconf 90' lang='lat' dir='ltr'><strong>versum</strong></span> <span class='ocrx_word' id='word_1_486' title='bbox 2199 3155 2359 3194; x_wconf 91' lang='lat' dir='ltr'><strong>uuam</strong></span> <span class='ocrx_word' id='word_1_487' title='bbox 2402 3154 2521 3194; x_wconf 91' lang='lat' dir='ltr'><strong>eam</strong></span> <span class='ocrx_word' id='word_1_488' title='bbox 2549 3153 2742 3194; x_wconf 89' lang='lat' dir='ltr'><strong>omnes</strong></span> <span class='ocrx_word' id='word_1_489' title='bbox 2771 3145 2898 3191; x_wconf 90' lang='lat' dir='ltr'><strong>sunt</strong></span> <span class='ocrx_word' id='word_1_490' title='bbox 2920 3136 3322 3206; x_wconf 90' lang='lat' dir='ltr'><strong>,impiissimum</strong></span> <span class='ocrx_word' id='word_1_491' title='bbox 3375 3147 3555 3195; x_wconf 90' lang='lat' dir='ltr'><strong>tamen</strong></span> 
     </span>
    </p>
   </div>
   <div class='ocr_carea' id='block_1_62' title="bbox 249 3229 3563 3306">
    <p class='ocr_par' dir='ltr' id='par_1_62' title="bbox 249 3229 3563 3306">
     <span class='ocr_line' id='line_1_62' title="bbox 249 3229 3563 3306; baseline 0.001 -20"><span class='ocrx_word' id='word_1_492' title='bbox 249 3240 324 3286; x_wconf 89' lang='lat' dir='ltr'><strong>tes</strong></span> <span class='ocrx_word' id='word_1_493' title='bbox 357 3272 378 3301; x_wconf 84' lang='lat'><strong>,</strong></span> <span class='ocrx_word' id='word_1_494' title='bbox 405 3230 778 3302; x_wconf 89' lang='lat' dir='ltr'><strong>periclitamur</strong></span> <span class='ocrx_word' id='word_1_495' title='bbox 801 3231 879 3302; x_wconf 91' lang='lat' dir='ltr'><strong>(in</strong></span> <span class='ocrx_word' id='word_1_496' title='bbox 920 3231 1200 3289; x_wconf 91' lang='lat' dir='ltr'><strong>hominum</strong></span> <span class='ocrx_word' id='word_1_497' title='bbox 1237 3231 1661 3306; x_wconf 81' lang='lat' dir='ltr'><strong>existimatione)</strong></span> <span class='ocrx_word' id='word_1_498' title='bbox 1689 3233 1850 3291; x_wconf 87' lang='lat' dir='ltr'><strong>ﬁdem</strong></span> <span class='ocrx_word' id='word_1_499' title='bbox 1877 3236 1922 3298; x_wconf 89' lang='lat' dir='ltr'><strong><em>C</em></strong></span> <span class='ocrx_word' id='word_1_500' title='bbox 1954 3249 2195 3291; x_wconf 88' lang='lat' dir='ltr'><strong>errorem</strong></span> <span class='ocrx_word' id='word_1_501' title='bbox 2223 3235 2464 3289; x_wconf 90' lang='lat' dir='ltr'><strong>omnium</strong></span> <span class='ocrx_word' id='word_1_502' title='bbox 2495 3249 2590 3303; x_wconf 89' lang='lat' dir='ltr'><strong>per</strong></span> <span class='ocrx_word' id='word_1_503' title='bbox 2615 3232 2668 3286; x_wconf 92' lang='lat' dir='ltr'><strong>id</strong></span> <span class='ocrx_word' id='word_1_504' title='bbox 2688 3229 2831 3302; x_wconf 88' lang='lat' dir='ltr'><strong>quod</strong></span> <span class='ocrx_word' id='word_1_505' title='bbox 2861 3230 2977 3286; x_wconf 86' lang='lat' dir='ltr'><strong>sola</strong></span> <span class='ocrx_word' id='word_1_506' title='bbox 3001 3237 3088 3284; x_wconf 86' lang='lat' dir='ltr'><strong>est</strong></span> <span class='ocrx_word' id='word_1_507' title='bbox 3113 3239 3275 3302; x_wconf 89' lang='lat' dir='ltr'><strong>atque</strong></span> <span class='ocrx_word' id='word_1_508' title='bbox 3301 3245 3405 3285; x_wconf 85' lang='lat' dir='ltr'><strong>una</strong></span> <span class='ocrx_word' id='word_1_509' title='bbox 3430 3246 3563 3288; x_wconf 87' lang='lat' dir='ltr'><strong>con-</strong></span> 
     </span>
    </p>
   </div>
   <div class='ocr_carea' id='block_1_63' title="bbox 247 3321 1852 3398">
    <p class='ocr_par' dir='ltr' id='par_1_63' title="bbox 247 3321 1852 3398">
     <span class='ocr_line' id='line_1_63' title="bbox 247 3321 1852 3398; baseline 0.002 -19"><span class='ocrx_word' id='word_1_510' title='bbox 247 3321 338 3379; x_wconf 90' lang='lat' dir='ltr'><strong>Dei</strong></span> <span class='ocrx_word' id='word_1_511' title='bbox 412 3323 571 3379; x_wconf 88' lang='lat' dir='ltr'><strong>unius</strong></span> <span class='ocrx_word' id='word_1_512' title='bbox 617 3338 724 3380; x_wconf 92' lang='lat' dir='ltr'><strong>non</strong></span> <span class='ocrx_word' id='word_1_513' title='bbox 781 3332 965 3380; x_wconf 90' lang='lat' dir='ltr'><strong>tenere</strong></span> <span class='ocrx_word' id='word_1_514' title='bbox 1012 3341 1026 3378; x_wconf 91' lang='lat'><strong>:</strong></span> <span class='ocrx_word' id='word_1_515' title='bbox 1077 3333 1132 3380; x_wconf 90' lang='lat' dir='ltr'><strong>et</strong></span> <span class='ocrx_word' id='word_1_516' title='bbox 1193 3323 1433 3395; x_wconf 79' lang='lat' dir='ltr'><strong>ejusdem</strong></span> <span class='ocrx_word' id='word_1_517' title='bbox 1485 3325 1710 3398; x_wconf 88' lang='lat' dir='ltr'><strong>periculi</strong></span> <span class='ocrx_word' id='word_1_518' title='bbox 1763 3342 1852 3383; x_wconf 92' lang='lat' dir='ltr'><strong>res</strong></span> 
     </span>
    </p>
   </div>
   <div class='ocr_carea' id='block_1_64' title="bbox 247 3415 1854 3492">
    <p class='ocr_par' dir='ltr' id='par_1_64' title="bbox 247 3415 1854 3492">
     <span class='ocr_line' id='line_1_64' title="bbox 247 3415 1854 3492; baseline 0.001 -19"><span class='ocrx_word' id='word_1_519' title='bbox 247 3427 328 3473; x_wconf 86' lang='lat' dir='ltr'><strong>est</strong></span> <span class='ocrx_word' id='word_1_520' title='bbox 348 3417 438 3489; x_wconf 69' lang='lat'><strong>(2)</strong></span> <span class='ocrx_word' id='word_1_521' title='bbox 469 3415 550 3492; x_wconf 81' lang='lat' dir='ltr'><strong>(gl</strong></span> <span class='ocrx_word' id='word_1_522' title='bbox 580 3434 751 3474; x_wconf 92' lang='lat' dir='ltr'><strong>unum</strong></span> <span class='ocrx_word' id='word_1_523' title='bbox 782 3433 998 3489; x_wconf 83' lang='lat' dir='ltr'><strong>negare,</strong></span> <span class='ocrx_word' id='word_1_524' title='bbox 1030 3417 1182 3488; x_wconf 84' lang='lat' dir='ltr'><strong>cujus</strong></span> <span class='ocrx_word' id='word_1_525' title='bbox 1220 3427 1305 3474; x_wconf 91' lang='lat' dir='ltr'><strong>est</strong></span> <span class='ocrx_word' id='word_1_526' title='bbox 1328 3426 1384 3474; x_wconf 92' lang='lat' dir='ltr'><strong>et</strong></span> <span class='ocrx_word' id='word_1_527' title='bbox 1403 3419 1704 3475; x_wconf 89' lang='lat' dir='ltr'><strong>solitarium</strong></span> <span class='ocrx_word' id='word_1_528' title='bbox 1723 3434 1854 3476; x_wconf 90' lang='lat' dir='ltr'><strong>eon-</strong></span> 
     </span>
    </p>
   </div>
   <div class='ocr_carea' id='block_1_65' title="bbox 248 3510 1849 3583">
    <p class='ocr_par' dir='ltr' id='par_1_65' title="bbox 248 3510 1849 3583">
     <span class='ocr_line' id='line_1_65' title="bbox 248 3510 1849 3583; baseline 0.001 -17"><span class='ocrx_word' id='word_1_529' title='bbox 248 3511 417 3568; x_wconf 87' lang='lat' dir='ltr'><strong>ﬁteri.</strong></span> <span class='ocrx_word' id='word_1_530' title='bbox 445 3511 514 3567; x_wconf 85' lang='lat' dir='ltr'><strong>Et</strong></span> <span class='ocrx_word' id='word_1_531' title='bbox 533 3510 650 3569; x_wconf 79' lang='lat' dir='ltr'><strong>haec</strong></span> <span class='ocrx_word' id='word_1_532' title='bbox 669 3511 887 3583; x_wconf 92' lang='lat' dir='ltr'><strong>quidem</strong></span> <span class='ocrx_word' id='word_1_533' title='bbox 910 3511 1094 3567; x_wconf 90' lang='lat' dir='ltr'><strong>mundi</strong></span> <span class='ocrx_word' id='word_1_534' title='bbox 1123 3511 1286 3567; x_wconf 88' lang='lat' dir='ltr'><strong>stulta</strong></span> <span class='ocrx_word' id='word_1_535' title='bbox 1305 3526 1411 3566; x_wconf 92' lang='lat' dir='ltr'><strong>non</strong></span> <span class='ocrx_word' id='word_1_536' title='bbox 1437 3511 1696 3579; x_wconf 88' lang='lat' dir='ltr'><strong>sentiunt,</strong></span> <span class='ocrx_word' id='word_1_537' title='bbox 1722 3511 1849 3567; x_wconf 92' lang='lat' dir='ltr'><strong>dum</strong></span> 
     </span>
    </p>
   </div>
   <div class='ocr_carea' id='block_1_66' title="bbox 251 3602 1854 3678">
    <p class='ocr_par' dir='ltr' id='par_1_66' title="bbox 251 3602 1854 3678">
     <span class='ocr_line' id='line_1_66' title="bbox 251 3602 1854 3678; baseline 0.002 -19"><span class='ocrx_word' id='word_1_538' title='bbox 251 3605 331 3661; x_wconf 89' lang='lat' dir='ltr'><strong>bis</strong></span> <span class='ocrx_word' id='word_1_539' title='bbox 359 3620 541 3677; x_wconf 88' lang='lat' dir='ltr'><strong>neque</strong></span> <span class='ocrx_word' id='word_1_540' title='bbox 569 3605 625 3661; x_wconf 92' lang='lat' dir='ltr'><strong>in</strong></span> <span class='ocrx_word' id='word_1_541' title='bbox 654 3620 763 3662; x_wconf 90' lang='lat' dir='ltr'><strong>non</strong></span> <span class='ocrx_word' id='word_1_542' title='bbox 795 3605 914 3661; x_wconf 89' lang='lat' dir='ltr'><strong>solo</strong></span> <span class='ocrx_word' id='word_1_543' title='bbox 934 3603 1223 3677; x_wconf 91' lang='lat' dir='ltr'><strong>signiﬁcari</strong></span> <span class='ocrx_word' id='word_1_544' title='bbox 1254 3618 1392 3662; x_wconf 91' lang='lat' dir='ltr'><strong>unus</strong></span> <span class='ocrx_word' id='word_1_545' title='bbox 1416 3602 1648 3674; x_wconf 90' lang='lat' dir='ltr'><strong>videtur,</strong></span> <span class='ocrx_word' id='word_1_546' title='bbox 1677 3621 1854 3678; x_wconf 87' lang='lat' dir='ltr'><strong>neque</strong></span> 
     </span>
    </p>
   </div>
   <div class='ocr_carea' id='block_1_67' title="bbox 252 3696 1034 3770">
    <p class='ocr_par' dir='ltr' id='par_1_67' title="bbox 252 3696 1034 3770">
     <span class='ocr_line' id='line_1_67' title="bbox 252 3696 1034 3770; baseline -0.001 -17"><span class='ocrx_word' id='word_1_547' title='bbox 252 3697 302 3754; x_wconf 91' lang='lat' dir='ltr'><strong>in</strong></span> <span class='ocrx_word' id='word_1_548' title='bbox 328 3712 445 3754; x_wconf 87' lang='lat' dir='ltr'><strong>uno</strong></span> <span class='ocrx_word' id='word_1_549' title='bbox 470 3713 578 3755; x_wconf 89' lang='lat' dir='ltr'><strong>non</strong></span> <span class='ocrx_word' id='word_1_550' title='bbox 605 3697 755 3755; x_wconf 89' lang='lat' dir='ltr'><strong>solus</strong></span> <span class='ocrx_word' id='word_1_551' title='bbox 788 3696 1034 3770; x_wconf 83' lang='lat' dir='ltr'><strong>intelligi.</strong></span> 
     </span>
    </p>
   </div>
   <div class='ocr_carea' id='block_1_68' title="bbox 322 3833 932 3978">
    <p class='ocr_par' dir='ltr' id='par_1_68' title="bbox 322 3833 932 3978">
     <span class='ocr_line' id='line_1_68' title="bbox 322 3833 932 3908; baseline 0.002 -19"><span class='ocrx_word' id='word_1_552' title='bbox 322 3835 376 3908; x_wconf 77' lang='lat' dir='ltr'><strong>(l</strong></span> <span class='ocrx_word' id='word_1_553' title='bbox 467 3835 558 3890; x_wconf 78' lang='lat' dir='ltr'><strong>uia</strong></span> <span class='ocrx_word' id='word_1_554' title='bbox 584 3834 649 3889; x_wconf 85' lang='lat' dir='ltr'><strong>ab</strong></span> <span class='ocrx_word' id='word_1_555' title='bbox 673 3833 932 3890; x_wconf 83' lang='lat' dir='ltr'><strong>omnibus.</strong></span> 
     </span>
     <span class='ocr_line' id='line_1_69' title="bbox 322 3834 915 3978; baseline 0 -18"><span class='ocrx_word' id='word_1_556' title='bbox 322 3834 408 3978; x_wconf 62' lang='lat'><strong>(93</strong></span> <span class='ocrx_word' id='word_1_557' title='bbox 432 3851 510 3962; x_wconf 47' lang='grc' dir='ltr'><strong>ζει</strong></span> <span class='ocrx_word' id='word_1_558' title='bbox 539 3906 676 3964; x_wconf 89' lang='lat' dir='ltr'><strong>liber</strong></span> <span class='ocrx_word' id='word_1_559' title='bbox 705 3916 915 3971; x_wconf 87' lang='lat' dir='ltr'><strong>noster,</strong></span> 
     </span>
    </p>
   </div>
   <div class='ocr_carea' id='block_1_69' title="bbox 321 3902 1858 3978">
    <p class='ocr_par' dir='ltr' id='par_1_69' title="bbox 321 3902 1858 3978">
     <span class='ocr_line' id='line_1_70' title="bbox 321 3902 1858 3978; baseline -0.001 -18"><span class='ocrx_word' id='word_1_560' title='bbox 321 3902 510 3978; x_wconf 74' lang='lat' dir='ltr'><strong>(2)1ta</strong></span> <span class='ocrx_word' id='word_1_561' title='bbox 539 3906 676 3964; x_wconf 90' lang='lat' dir='ltr'><strong>liber</strong></span> <span class='ocrx_word' id='word_1_562' title='bbox 705 3916 915 3971; x_wconf 88' lang='lat' dir='ltr'><strong>noster,</strong></span> <span class='ocrx_word' id='word_1_563' title='bbox 941 3912 1003 3961; x_wconf 91' lang='lat' dir='ltr'><strong>ut</strong></span> <span class='ocrx_word' id='word_1_564' title='bbox 1037 3911 1156 3978; x_wconf 80' lang='lat' dir='ltr'><strong>erat</strong></span> <span class='ocrx_word' id='word_1_565' title='bbox 1197 3903 1250 3958; x_wconf 92' lang='lat' dir='ltr'><strong>in</strong></span> <span class='ocrx_word' id='word_1_566' title='bbox 1286 3902 1556 3978; x_wconf 83' lang='lat' dir='ltr'><strong>prioribus</strong></span> <span class='ocrx_word' id='word_1_567' title='bbox 1603 3903 1858 3978; x_wconf 80' lang='lat' dir='ltr'><strong>editioni-</strong></span> 
     </span>
    </p>
   </div>
   <div class='ocr_carea' id='block_1_70' title="bbox 252 3974 1855 4047">
    <p class='ocr_par' dir='ltr' id='par_1_70' title="bbox 252 3974 1855 4047">
     <span class='ocr_line' id='line_1_71' title="bbox 252 3974 1855 4047; baseline -0.004 -13"><span class='ocrx_word' id='word_1_568' title='bbox 252 3974 352 4034; x_wconf 81' lang='lat' dir='ltr'><strong>bus</strong></span> <span class='ocrx_word' id='word_1_569' title='bbox 385 3974 403 4043; x_wconf 70' lang='grc' dir='ltr'>ξ</span> <span class='ocrx_word' id='word_1_570' title='bbox 429 3993 591 4033; x_wconf 75' lang='lat' dir='ltr'><strong>unum</strong></span> <span class='ocrx_word' id='word_1_571' title='bbox 622 3994 723 4034; x_wconf 81' lang='lat' dir='ltr'><strong>non</strong></span> <span class='ocrx_word' id='word_1_572' title='bbox 745 3993 956 4047; x_wconf 84' lang='lat' dir='ltr'><strong>negare,</strong></span> <span class='ocrx_word' id='word_1_573' title='bbox 987 3985 1043 4032; x_wconf 90' lang='lat' dir='ltr'><strong>ut</strong></span> <span class='ocrx_word' id='word_1_574' title='bbox 1069 3975 1122 4031; x_wconf 92' lang='lat' dir='ltr'><strong>in</strong></span> <span class='ocrx_word' id='word_1_575' title='bbox 1147 3983 1420 4046; x_wconf 89' lang='lat' dir='ltr'><strong>postrema</strong></span> <span class='ocrx_word' id='word_1_576' title='bbox 1447 3975 1707 4043; x_wconf 90' lang='lat' dir='ltr'><strong>habetur,</strong></span> <span class='ocrx_word' id='word_1_577' title='bbox 1738 3974 1855 4030; x_wconf 90' lang='lat' dir='ltr'><strong>nul-</strong></span> 
     </span>
    </p>
   </div>
   <div class='ocr_carea' id='block_1_71' title="bbox 321 4103 1856 4181">
    <p class='ocr_par' dir='ltr' id='par_1_71' title="bbox 321 4103 1856 4181">
     <span class='ocr_line' id='line_1_72' title="bbox 321 4103 1856 4181; baseline -0.005 -17"><span class='ocrx_word' id='word_1_578' title='bbox 321 4109 408 4181; x_wconf 80' lang='grc' dir='ltr'><strong>(α)</strong></span> <span class='ocrx_word' id='word_1_579' title='bbox 432 4109 684 4175; x_wconf 87' lang='lat' dir='ltr'><strong>Bad.,Er.</strong></span> <span class='ocrx_word' id='word_1_580' title='bbox 700 4118 752 4166; x_wconf 89' lang='lat' dir='ltr'><strong>et</strong></span> <span class='ocrx_word' id='word_1_581' title='bbox 774 4108 991 4180; x_wconf 89' lang='lat' dir='ltr'><strong>quidam</strong></span> <span class='ocrx_word' id='word_1_582' title='bbox 1014 4123 1146 4165; x_wconf 86' lang='lat' dir='ltr'><strong>mss.</strong></span> <span class='ocrx_word' id='word_1_583' title='bbox 1163 4107 1414 4179; x_wconf 85' lang='lat' dir='ltr'><strong>angustiis</strong></span> <span class='ocrx_word' id='word_1_584' title='bbox 1432 4106 1686 4174; x_wconf 83' lang='lat' dir='ltr'><strong>decidere,</strong></span> <span class='ocrx_word' id='word_1_585' title='bbox 1709 4103 1856 4181; x_wconf 60' lang='lat' dir='ltr'><strong>Lips.</strong></span> 
     </span>
    </p>
   </div>
   <div class='ocr_carea' id='block_1_72' title="bbox 253 4177 1853 4252">
    <p class='ocr_par' dir='ltr' id='par_1_72' title="bbox 253 4177 1853 4252">
     <span class='ocr_line' id='line_1_73' title="bbox 253 4177 1853 4252; baseline -0.004 -15"><span class='ocrx_word' id='word_1_586' title='bbox 253 4190 306 4238; x_wconf 90' lang='lat' dir='ltr'><strong>et</strong></span> <span class='ocrx_word' id='word_1_587' title='bbox 323 4177 459 4252; x_wconf 72' lang='lat' dir='ltr'><strong>Par.</strong></span> <span class='ocrx_word' id='word_1_588' title='bbox 487 4183 539 4236; x_wconf 87' lang='lat' dir='ltr'><strong>in</strong></span> <span class='ocrx_word' id='word_1_589' title='bbox 564 4177 816 4252; x_wconf 81' lang='lat' dir='ltr'><strong>angustiis</strong></span> <span class='ocrx_word' id='word_1_590' title='bbox 838 4181 1070 4252; x_wconf 78' lang='lat' dir='ltr'><strong>decidere</strong></span> <span class='ocrx_word' id='word_1_591' title='bbox 1092 4197 1110 4235; x_wconf 93' lang='lat'><strong><em>:</em></strong></span> <span class='ocrx_word' id='word_1_592' title='bbox 1134 4177 1464 4250; x_wconf 75' lang='lat' dir='ltr'><strong>castigantur</strong></span> <span class='ocrx_word' id='word_1_593' title='bbox 1485 4194 1550 4234; x_wconf 89' lang='lat' dir='ltr'><strong>ex</strong></span> <span class='ocrx_word' id='word_1_594' title='bbox 1578 4193 1710 4233; x_wconf 91' lang='lat' dir='ltr'><strong>mss.</strong></span> <span class='ocrx_word' id='word_1_595' title='bbox 1735 4177 1853 4232; x_wconf 82' lang='lat' dir='ltr'><strong>Vat.</strong></span> 
     </span>
    </p>
   </div>
   <div class='ocr_carea' id='block_1_73' title="bbox 252 4250 1171 4318">
    <p class='ocr_par' dir='ltr' id='par_1_73' title="bbox 252 4250 1171 4318">
     <span class='ocr_line' id='line_1_74' title="bbox 252 4250 1171 4318; baseline -0.003 -10"><span class='ocrx_word' id='word_1_596' title='bbox 252 4252 404 4316; x_wconf 83' lang='lat' dir='ltr'><strong>bas.,</strong></span> <span class='ocrx_word' id='word_1_597' title='bbox 432 4251 619 4318; x_wconf 74' lang='lat' dir='ltr'><strong>Carm,</strong></span> <span class='ocrx_word' id='word_1_598' title='bbox 639 4250 837 4318; x_wconf 42' lang='lat' dir='ltr'><strong>Mart”</strong></span> <span class='ocrx_word' id='word_1_599' title='bbox 868 4250 1032 4307; x_wconf 88' lang='lat' dir='ltr'><strong>Corb.</strong></span> <span class='ocrx_word' id='word_1_600' title='bbox 1063 4261 1171 4307; x_wconf 89' lang='lat' dir='ltr'><strong>etc.</strong></span> 
     </span>
    </p>
   </div>
   <div class='ocr_carea' id='block_1_74' title="bbox 326 4321 1852 4396">
    <p class='ocr_par' dir='ltr' id='par_1_74' title="bbox 326 4321 1852 4396">
     <span class='ocr_line' id='line_1_75' title="bbox 326 4321 1852 4396; baseline -0.003 -18"><span class='ocrx_word' id='word_1_601' title='bbox 326 4323 408 4396; x_wconf 69' lang='grc' dir='ltr'><strong>(ὕ)</strong></span> <span class='ocrx_word' id='word_1_602' title='bbox 426 4323 642 4396; x_wconf 83' lang='lat' dir='ltr'><strong>Lipsius</strong></span> <span class='ocrx_word' id='word_1_603' title='bbox 663 4335 800 4394; x_wconf 91' lang='lat' dir='ltr'><strong>post.</strong></span> <span class='ocrx_word' id='word_1_604' title='bbox 824 4323 916 4396; x_wconf 69' lang='lat' dir='ltr'><strong>Er.</strong></span> <span class='ocrx_word' id='word_1_605' title='bbox 939 4321 1499 4396; x_wconf 73' lang='lat' dir='ltr'><strong>quiest.Recentiores</strong></span> <span class='ocrx_word' id='word_1_606' title='bbox 1517 4336 1646 4377; x_wconf 92' lang='lat' dir='ltr'><strong>mss.</strong></span> <span class='ocrx_word' id='word_1_607' title='bbox 1673 4321 1767 4396; x_wconf 68' lang='lat' dir='ltr'><strong>qui</strong></span> <span class='ocrx_word' id='word_1_608' title='bbox 1786 4328 1852 4376; x_wconf 87' lang='lat' dir='ltr'><strong>et.</strong></span> 
     </span>
    </p>
   </div>
   <div class='ocr_carea' id='block_1_75' title="bbox 257 4391 1854 4465">
    <p class='ocr_par' dir='ltr' id='par_1_75' title="bbox 257 4391 1854 4465">
     <span class='ocr_line' id='line_1_76' title="bbox 257 4391 1854 4465; baseline -0.005 -13"><span class='ocrx_word' id='word_1_609' title='bbox 257 4391 680 4452; x_wconf 54' lang='lat' dir='ltr'><strong>At&#39;vetustiures</strong></span> <span class='ocrx_word' id='word_1_610' title='bbox 704 4409 827 4450; x_wconf 89' lang='lat' dir='ltr'><strong>cum</strong></span> <span class='ocrx_word' id='word_1_611' title='bbox 844 4391 976 4449; x_wconf 37' lang='lat' dir='ltr'><strong>Bad&#39;.</strong></span> <span class='ocrx_word' id='word_1_612' title='bbox 1006 4394 1142 4461; x_wconf 85' lang='lat' dir='ltr'><strong>quod</strong></span> <span class='ocrx_word' id='word_1_613' title='bbox 1160 4404 1255 4460; x_wconf 85' lang='lat' dir='ltr'><strong>est,</strong></span> <span class='ocrx_word' id='word_1_614' title='bbox 1280 4395 1430 4465; x_wconf 90' lang='lat' dir='ltr'><strong>quasi</strong></span> <span class='ocrx_word' id='word_1_615' title='bbox 1462 4395 1559 4448; x_wconf 83' lang='lat' dir='ltr'><strong>hoc</strong></span> <span class='ocrx_word' id='word_1_616' title='bbox 1588 4401 1678 4465; x_wconf 72' lang='lat' dir='ltr'><strong>est.</strong></span> <span class='ocrx_word' id='word_1_617' title='bbox 1710 4391 1854 4465; x_wconf 83' lang='lat' dir='ltr'><strong>Pho-</strong></span> 
     </span>
    </p>
   </div>
   <div class='ocr_carea' id='block_1_76' title="bbox 257 4463 1855 4534">
    <p class='ocr_par' dir='ltr' id='par_1_76' title="bbox 257 4463 1855 4534">
     <span class='ocr_line' id='line_1_77' title="bbox 257 4463 1855 4534; baseline -0.003 -14"><span class='ocrx_word' id='word_1_618' title='bbox 257 4470 427 4522; x_wconf 86' lang='lat' dir='ltr'><strong>tinum</strong></span> <span class='ocrx_word' id='word_1_619' title='bbox 475 4476 655 4520; x_wconf 88' lang='lat' dir='ltr'><strong>autem</strong></span> <span class='ocrx_word' id='word_1_620' title='bbox 692 4466 813 4520; x_wconf 88' lang='lat' dir='ltr'><strong>ideo</strong></span> <span class='ocrx_word' id='word_1_621' title='bbox 855 4465 1150 4520; x_wconf 90' lang='lat' dir='ltr'><strong>Hebionem</strong></span> <span class='ocrx_word' id='word_1_622' title='bbox 1179 4463 1364 4530; x_wconf 78' lang='lat' dir='ltr'><strong>vocat,</strong></span> <span class='ocrx_word' id='word_1_623' title='bbox 1393 4480 1499 4519; x_wconf 90' lang='lat' dir='ltr'><strong>nnn</strong></span> <span class='ocrx_word' id='word_1_624' title='bbox 1548 4463 1707 4518; x_wconf 90' lang='lat' dir='ltr'><strong>modo</strong></span> <span class='ocrx_word' id='word_1_625' title='bbox 1733 4463 1855 4534; x_wconf 90' lang='lat' dir='ltr'><strong>quia</strong></span> 
     </span>
    </p>
   </div>
   <div class='ocr_carea' id='block_1_77' title="bbox 256 4535 1860 4606">
    <p class='ocr_par' dir='ltr' id='par_1_77' title="bbox 256 4535 1860 4606">
     <span class='ocr_line' id='line_1_78' title="bbox 256 4535 1860 4606; baseline -0.003 -14"><span class='ocrx_word' id='word_1_626' title='bbox 256 4538 516 4593; x_wconf 69' lang='lat' dir='ltr'><strong>haeresim</strong></span> <span class='ocrx_word' id='word_1_627' title='bbox 546 4537 693 4591; x_wconf 89' lang='lat' dir='ltr'><strong>illius</strong></span> <span class='ocrx_word' id='word_1_628' title='bbox 718 4535 1000 4591; x_wconf 87' lang='lat' dir='ltr'><strong>suscitavit</strong></span> <span class='ocrx_word' id='word_1_629' title='bbox 1024 4577 1040 4598; x_wconf 85' lang='lat'><strong>,</strong></span> <span class='ocrx_word' id='word_1_630' title='bbox 1071 4536 1164 4592; x_wconf 88' lang='lat' dir='ltr'><strong>sed</strong></span> <span class='ocrx_word' id='word_1_631' title='bbox 1194 4546 1248 4591; x_wconf 90' lang='lat' dir='ltr'><strong>et</strong></span> <span class='ocrx_word' id='word_1_632' title='bbox 1277 4540 1396 4606; x_wconf 80' lang='lat' dir='ltr'><strong>quia</strong></span> <span class='ocrx_word' id='word_1_633' title='bbox 1425 4537 1517 4590; x_wconf 92' lang='lat' dir='ltr'><strong>lib.</strong></span> <span class='ocrx_word' id='word_1_634' title='bbox 1561 4537 1684 4606; x_wconf 13' lang='lat' dir='ltr'><strong>1,7in</strong></span> <span class='ocrx_word' id='word_1_635' title='bbox 1707 4549 1860 4603; x_wconf 87' lang='lat' dir='ltr'><strong>argu-</strong></span> 
     </span>
    </p>
   </div>
   <div class='ocr_carea' id='block_1_78' title="bbox 257 4605 1859 4676">
    <p class='ocr_par' dir='ltr' id='par_1_78' title="bbox 257 4605 1859 4676">
     <span class='ocr_line' id='line_1_79' title="bbox 257 4605 1859 4676; baseline -0.004 -11"><span class='ocrx_word' id='word_1_636' title='bbox 257 4621 444 4665; x_wconf 85' lang='lat' dir='ltr'><strong>mento</strong></span> <span class='ocrx_word' id='word_1_637' title='bbox 473 4607 638 4675; x_wconf 78' lang='lat' dir='ltr'><strong>huius</strong></span> <span class='ocrx_word' id='word_1_638' title='bbox 685 4607 829 4670; x_wconf 85' lang='lat' dir='ltr'><strong>libri,</strong></span> <span class='ocrx_word' id='word_1_639' title='bbox 852 4608 922 4662; x_wconf 91' lang='lat' dir='ltr'><strong>de</strong></span> <span class='ocrx_word' id='word_1_640' title='bbox 946 4607 1188 4662; x_wconf 88' lang='lat' dir='ltr'><strong>Hebione</strong></span> <span class='ocrx_word' id='word_1_641' title='bbox 1225 4605 1488 4676; x_wconf 88' lang='lat' dir='ltr'><strong>agendum</strong></span> <span class='ocrx_word' id='word_1_642' title='bbox 1525 4605 1624 4661; x_wconf 90' lang='lat' dir='ltr'><strong>sibi</strong></span> <span class='ocrx_word' id='word_1_643' title='bbox 1664 4619 1859 4674; x_wconf 86' lang='lat' dir='ltr'><strong>prepo-</strong></span> 
     </span>
    </p>
   </div>
   <div class='ocr_carea' id='block_1_79' title="bbox 256 4677 1854 4749">
    <p class='ocr_par' dir='ltr' id='par_1_79' title="bbox 256 4677 1854 4749">
     <span class='ocr_line' id='line_1_80' title="bbox 256 4677 1854 4749; baseline -0.004 -13"><span class='ocrx_word' id='word_1_644' title='bbox 256 4690 467 4736; x_wconf 85' lang='lat' dir='ltr'><strong>suerat.</strong></span> <span class='ocrx_word' id='word_1_645' title='bbox 503 4679 654 4734; x_wconf 89' lang='lat' dir='ltr'><strong>Unde</strong></span> <span class='ocrx_word' id='word_1_646' title='bbox 683 4689 738 4733; x_wconf 90' lang='lat' dir='ltr'><strong>et</strong></span> <span class='ocrx_word' id='word_1_647' title='bbox 767 4679 960 4749; x_wconf 85' lang='lat' dir='ltr'><strong>librum</strong></span> <span class='ocrx_word' id='word_1_648' title='bbox 989 4678 1219 4749; x_wconf 89' lang='lat' dir='ltr'><strong>primum</strong></span> <span class='ocrx_word' id='word_1_649' title='bbox 1252 4689 1380 4732; x_wconf 89' lang='lat' dir='ltr'><strong>ante</strong></span> <span class='ocrx_word' id='word_1_650' title='bbox 1420 4683 1560 4732; x_wconf 85' lang='lat' dir='ltr'><strong>hunc</strong></span> <span class='ocrx_word' id='word_1_651' title='bbox 1585 4677 1854 4749; x_wconf 79' lang='lat' dir='ltr'><strong>composi-</strong></span> 
     </span>
    </p>
   </div>
   <div class='ocr_carea' id='block_1_80' title="bbox 259 4731 1937 4818">
    <p class='ocr_par' dir='ltr' id='par_1_80' title="bbox 259 4731 1937 4818">
     <span class='ocr_line' id='line_1_81' title="bbox 259 4731 1937 4818; baseline -0.003 -12"><span class='ocrx_word' id='word_1_652' title='bbox 259 4731 486 4815; x_wconf 58' lang='lat' dir='ltr'><strong>tutti,_et</strong></span> <span class='ocrx_word' id='word_1_653' title='bbox 769 4731 1262 4804; x_wconf 10' lang='lat' dir='ltr'><strong>Iim‘riesiurtllilar&#39;tor</strong></span> <span class='ocrx_word' id='word_1_654' title='bbox 1285 4731 1395 4802; x_wconf 84' lang='lat' dir='ltr'><strong>tum</strong></span> <span class='ocrx_word' id='word_1_655' title='bbox 1425 4731 1658 4818; x_wconf 83' lang='lat' dir='ltr'><strong>ignotam</strong></span> <span class='ocrx_word' id='word_1_656' title='bbox 1689 4731 1857 4802; x_wconf 69' lang='lat' dir='ltr'><strong>fuisse</strong></span> <span class='ocrx_word' id='word_1_657' title='bbox 1882 4731 1937 4793; x_wconf 83' lang='lat' dir='ltr'><strong>D</strong></span> 
     </span>
    </p>
   </div>
   <div class='ocr_carea' id='block_1_81' title="bbox 259 4818 1861 4891">
    <p class='ocr_par' dir='ltr' id='par_1_81' title="bbox 259 4818 1861 4891">
     <span class='ocr_line' id='line_1_82' title="bbox 259 4818 1861 4891; baseline -0.006 -14"><span class='ocrx_word' id='word_1_658' title='bbox 259 4824 419 4878; x_wconf 80' lang='lat' dir='ltr'><strong>nobis</strong></span> <span class='ocrx_word' id='word_1_659' title='bbox 441 4821 615 4876; x_wconf 79' lang='lat' dir='ltr'><strong>videri</strong></span> <span class='ocrx_word' id='word_1_660' title='bbox 640 4821 751 4891; x_wconf 85' lang='lat' dir='ltr'><strong>jam</strong></span> <span class='ocrx_word' id='word_1_661' title='bbox 786 4824 1222 4890; x_wconf 64' lang='lat' dir='ltr'><strong>prmmonuimus.</strong></span> <span class='ocrx_word' id='word_1_662' title='bbox 1258 4821 1383 4874; x_wconf 88' lang='lat' dir='ltr'><strong>Post</strong></span> <span class='ocrx_word' id='word_1_663' title='bbox 1405 4834 1572 4890; x_wconf 88' lang='lat' dir='ltr'><strong>pauca</strong></span> <span class='ocrx_word' id='word_1_664' title='bbox 1609 4818 1664 4872; x_wconf 92' lang='lat' dir='ltr'><strong>in</strong></span> <span class='ocrx_word' id='word_1_665' title='bbox 1683 4819 1861 4888; x_wconf 82' lang='lat' dir='ltr'><strong>vulga-</strong></span> 
     </span>
    </p>
   </div>
   <div class='ocr_carea' id='block_1_82' title="bbox 256 4891 1859 4964">
    <p class='ocr_par' dir='ltr' id='par_1_82' title="bbox 256 4891 1859 4964">
     <span class='ocr_line' id='line_1_83' title="bbox 256 4891 1859 4964; baseline -0.004 -16"><span class='ocrx_word' id='word_1_666' title='bbox 256 4895 327 4948; x_wconf 87' lang='lat' dir='ltr'><strong>tis</strong></span> <span class='ocrx_word' id='word_1_667' title='bbox 353 4910 420 4948; x_wconf 68' lang='grc' dir='ltr'><strong>επ</strong></span> <span class='ocrx_word' id='word_1_668' title='bbox 450 4896 772 4964; x_wconf 75' lang='lat' dir='ltr'><strong>professione</strong></span> <span class='ocrx_word' id='word_1_669' title='bbox 799 4893 1048 4958; x_wconf 83' lang='lat' dir='ltr'><strong>veritatis,</strong></span> <span class='ocrx_word' id='word_1_670' title='bbox 1079 4894 1166 4945; x_wconf 88' lang='lat' dir='ltr'><strong>ubi</strong></span> <span class='ocrx_word' id='word_1_671' title='bbox 1193 4905 1257 4946; x_wconf 78' lang='lat' dir='ltr'><strong>ex</strong></span> <span class='ocrx_word' id='word_1_672' title='bbox 1290 4906 1419 4946; x_wconf 84' lang='lat' dir='ltr'><strong>mss.</strong></span> <span class='ocrx_word' id='word_1_673' title='bbox 1447 4891 1752 4946; x_wconf 89' lang='lat' dir='ltr'><strong>restitutum</strong></span> <span class='ocrx_word' id='word_1_674' title='bbox 1775 4897 1859 4944; x_wconf 88' lang='lat' dir='ltr'><strong>est</strong></span> 
     </span>
    </p>
   </div>
   <div class='ocr_carea' id='block_1_83' title="bbox 257 4964 937 5038">
    <p class='ocr_par' dir='ltr' id='par_1_83' title="bbox 257 4964 937 5038">
     <span class='ocr_line' id='line_1_84' title="bbox 257 4964 937 5038; baseline -0.004 -18"><span class='ocrx_word' id='word_1_675' title='bbox 257 4982 322 5020; x_wconf 70' lang='lat' dir='ltr'><strong>ex</strong></span> <span class='ocrx_word' id='word_1_676' title='bbox 345 4964 692 5038; x_wconf 61' lang='lat' dir='ltr'><strong>professionis</strong></span> <span class='ocrx_word' id='word_1_677' title='bbox 712 4965 937 5038; x_wconf 68' lang='lat' dir='ltr'><strong>tjeritgte.</strong></span> 
     </span>
    </p>
   </div>
   <div class='ocr_carea' id='block_1_84' title="bbox 356 5032 1752 5109">
    <p class='ocr_par' dir='ltr' id='par_1_84' title="bbox 356 5032 1752 5109">
     <span class='ocr_line' id='line_1_85' title="bbox 356 5032 1752 5109; baseline -0.004 -21"><span class='ocrx_word' id='word_1_678' title='bbox 356 5032 410 5109; x_wconf 59' lang='grc' dir='ltr'><strong>ξ)</strong></span> <span class='ocrx_word' id='word_1_679' title='bbox 441 5032 606 5109; x_wconf 74' lang='lat' dir='ltr'><strong>Solus</strong></span> <span class='ocrx_word' id='word_1_680' title='bbox 633 5033 956 5109; x_wconf 67' lang='lat' dir='ltr'><strong>eodexYat.</strong></span> <span class='ocrx_word' id='word_1_681' title='bbox 983 5033 1097 5109; x_wconf 80' lang='lat' dir='ltr'><strong>bas.</strong></span> <span class='ocrx_word' id='word_1_682' title='bbox 1128 5032 1540 5109; x_wconf 63' lang='lat' dir='ltr'><strong>internumjllud</strong></span> <span class='ocrx_word' id='word_1_683' title='bbox 1565 5033 1752 5109; x_wconf 78' lang='lat' dir='ltr'><strong>adhuc.</strong></span> 
     </span>
    </p>
   </div>
   <div class='ocr_carea' id='block_1_85' title="bbox 357 5104 1857 5179">
    <p class='ocr_par' dir='ltr' id='par_1_85' title="bbox 357 5104 1857 5179">
     <span class='ocr_line' id='line_1_86' title="bbox 357 5104 1857 5179; baseline -0.003 -17"><span class='ocrx_word' id='word_1_684' title='bbox 357 5104 418 5179; x_wconf 77' lang='grc' dir='ltr'><strong>α’)</strong></span> <span class='ocrx_word' id='word_1_685' title='bbox 449 5105 707 5162; x_wconf 79' lang='lat' dir='ltr'><strong>Marcello</strong></span> <span class='ocrx_word' id='word_1_686' title='bbox 737 5106 988 5179; x_wconf 83' lang='lat' dir='ltr'><strong>videlicet</strong></span> <span class='ocrx_word' id='word_1_687' title='bbox 1014 5106 1240 5179; x_wconf 56' lang='lat' dir='ltr'><strong>{Ancyrae</strong></span> <span class='ocrx_word' id='word_1_688' title='bbox 1279 5105 1330 5179; x_wconf 87' lang='lat' dir='ltr'><strong>in</strong></span> <span class='ocrx_word' id='word_1_689' title='bbox 1367 5104 1576 5179; x_wconf 78' lang='lat' dir='ltr'><strong>Galatia</strong></span> <span class='ocrx_word' id='word_1_690' title='bbox 1602 5104 1857 5179; x_wconf 63' lang='lat' dir='ltr'><strong>epi&lt;eopq</strong></span> 
     </span>
    </p>
   </div>
   <div class='ocr_carea' id='block_1_86' title="bbox 256 5171 1856 5250">
    <p class='ocr_par' dir='ltr' id='par_1_86' title="bbox 256 5171 1856 5250">
     <span class='ocr_line' id='line_1_87' title="bbox 256 5171 1856 5250; baseline -0.004 -16"><span class='ocrx_word' id='word_1_691' title='bbox 256 5171 605 5250; x_wconf 56' lang='lat' dir='ltr'><strong>praeceptore</strong></span> <span class='ocrx_word' id='word_1_692' title='bbox 627 5171 1206 5250; x_wconf 12' lang='lat' dir='ltr'><strong>acrmagistroaNeq&#39;ue</strong></span> <span class='ocrx_word' id='word_1_693' title='bbox 1232 5176 1374 5230; x_wconf 87' lang='lat' dir='ltr'><strong>enim</strong></span> <span class='ocrx_word' id='word_1_694' title='bbox 1395 5171 1652 5250; x_wconf 72' lang='lat' dir='ltr'><strong>adaliud</strong></span> <span class='ocrx_word' id='word_1_695' title='bbox 1668 5171 1856 5250; x_wconf 78' lang='lat' dir='ltr'><strong>referri</strong></span> 
     </span>
    </p>
   </div>
   <div class='ocr_carea' id='block_1_87' title="bbox 257 5245 1855 5319">
    <p class='ocr_par' dir='ltr' id='par_1_87' title="bbox 257 5245 1855 5319">
     <span class='ocr_line' id='line_1_88' title="bbox 257 5245 1855 5319; baseline -0.004 -15"><span class='ocrx_word' id='word_1_696' title='bbox 257 5245 473 5319; x_wconf 78' lang='lat' dir='ltr'><strong>queunt</strong></span> <span class='ocrx_word' id='word_1_697' title='bbox 503 5249 620 5304; x_wconf 68' lang='lat' dir='ltr'><strong>hmo</strong></span> <span class='ocrx_word' id='word_1_698' title='bbox 648 5245 959 5318; x_wconf 84' lang='lat' dir='ltr'><strong>Hieronymi</strong></span> <span class='ocrx_word' id='word_1_699' title='bbox 985 5247 1065 5319; x_wconf 83' lang='lat' dir='ltr'><strong>de</strong></span> <span class='ocrx_word' id='word_1_700' title='bbox 1089 5246 1285 5315; x_wconf 86' lang='lat' dir='ltr'><strong>Seript.</strong></span> <span class='ocrx_word' id='word_1_701' title='bbox 1309 5246 1443 5319; x_wconf 85' lang='lat' dir='ltr'><strong>eeel.</strong></span> <span class='ocrx_word' id='word_1_702' title='bbox 1477 5245 1855 5319; x_wconf 57' lang='lat' dir='ltr'><strong>inblarcello:</strong></span> 
     </span>
    </p>
   </div>
   <div class='ocr_carea' id='block_1_88' title="bbox 260 5315 1860 5390">
    <p class='ocr_par' dir='ltr' id='par_1_88' title="bbox 260 5315 1860 5390">
     <span class='ocr_line' id='line_1_89' title="bbox 260 5315 1860 5390; baseline -0.005 -14"><span class='ocrx_word' id='word_1_703' title='bbox 260 5315 376 5376; x_wconf 85' lang='lat' dir='ltr'><strong>Sed</strong></span> <span class='ocrx_word' id='word_1_704' title='bbox 403 5331 451 5376; x_wconf 83' lang='lat' dir='ltr'><strong>et</strong></span> <span class='ocrx_word' id='word_1_705' title='bbox 487 5320 728 5374; x_wconf 77' lang='lat' dir='ltr'><strong>Hilarius</strong></span> <span class='ocrx_word' id='word_1_706' title='bbox 757 5315 971 5390; x_wconf 82' lang='lat' dir='ltr'><strong>septimo</strong></span> <span class='ocrx_word' id='word_1_707' title='bbox 1001 5317 1272 5390; x_wconf 84' lang='lat' dir='ltr'><strong>adversum</strong></span> <span class='ocrx_word' id='word_1_708' title='bbox 1290 5318 1510 5390; x_wconf 79' lang='lat' dir='ltr'><strong>Arianos</strong></span> <span class='ocrx_word' id='word_1_709' title='bbox 1533 5317 1661 5371; x_wconf 86' lang='lat' dir='ltr'><strong>libro</strong></span> <span class='ocrx_word' id='word_1_710' title='bbox 1695 5315 1860 5390; x_wconf 61' lang='lat' dir='ltr'><strong>nomi-</strong></span> 
     </span>
    </p>
   </div>
   <div class='ocr_carea' id='block_1_89' title="bbox 258 5386 1860 5465">
    <p class='ocr_par' dir='ltr' id='par_1_89' title="bbox 258 5386 1860 5465">
     <span class='ocr_line' id='line_1_90' title="bbox 258 5386 1860 5465; baseline -0.004 -19"><span class='ocrx_word' id='word_1_711' title='bbox 258 5393 490 5465; x_wconf 77' lang='lat' dir='ltr'><strong>nis_ejus</strong></span> <span class='ocrx_word' id='word_1_712' title='bbox 505 5393 660 5465; x_wconf 72' lang='lat' dir='ltr'><strong>quasi</strong></span> <span class='ocrx_word' id='word_1_713' title='bbox 681 5386 910 5465; x_wconf 64' lang='lat' dir='ltr'><strong>(“cretici</strong></span> <span class='ocrx_word' id='word_1_714' title='bbox 938 5390 1204 5465; x_wconf 71' lang='lat' dir='ltr'><strong>meminit:</strong></span> <span class='ocrx_word' id='word_1_715' title='bbox 1223 5389 1312 5444; x_wconf 89' lang='lat' dir='ltr'><strong>ubi</strong></span> <span class='ocrx_word' id='word_1_716' title='bbox 1338 5389 1693 5465; x_wconf 85' lang='lat' dir='ltr'><strong>Hieronymus</strong></span> <span class='ocrx_word' id='word_1_717' title='bbox 1721 5386 1860 5440; x_wconf 84' lang='lat' dir='ltr'><strong>Mar-</strong></span> 
     </span>
    </p>
   </div>
   <div class='ocr_carea' id='block_1_90' title="bbox 255 5455 1863 5534">
    <p class='ocr_par' dir='ltr' id='par_1_90' title="bbox 255 5455 1863 5534">
     <span class='ocr_line' id='line_1_91' title="bbox 255 5455 1863 5534; baseline -0.004 -16"><span class='ocrx_word' id='word_1_718' title='bbox 255 5455 468 5534; x_wconf 69' lang='lat' dir='ltr'><strong>celuim</strong></span> <span class='ocrx_word' id='word_1_719' title='bbox 502 5455 571 5517; x_wconf 77' lang='lat' dir='ltr'><strong>ita</strong></span> <span class='ocrx_word' id='word_1_720' title='bbox 616 5455 782 5517; x_wconf 81' lang='lat' dir='ltr'><strong>dubio</strong></span> <span class='ocrx_word' id='word_1_721' title='bbox 810 5462 994 5534; x_wconf 85' lang='lat' dir='ltr'><strong>procul</strong></span> <span class='ocrx_word' id='word_1_722' title='bbox 1036 5461 1318 5534; x_wconf 78' lang='lat' dir='ltr'><strong>intellexit,</strong></span> <span class='ocrx_word' id='word_1_723' title='bbox 1350 5467 1408 5513; x_wconf 93' lang='lat' dir='ltr'><strong>ut</strong></span> <span class='ocrx_word' id='word_1_724' title='bbox 1428 5455 1589 5515; x_wconf 80' lang='lat' dir='ltr'><strong>etiam</strong></span> <span class='ocrx_word' id='word_1_725' title='bbox 1619 5465 1863 5512; x_wconf 78' lang='lat' dir='ltr'><strong>nomina-</strong></span> 
     </span>
    </p>
   </div>
   <div class='ocr_carea' id='block_1_91' title="bbox 258 5532 1718 5603">
    <p class='ocr_par' dir='ltr' id='par_1_91' title="bbox 258 5532 1718 5603">
     <span class='ocr_line' id='line_1_92' title="bbox 258 5532 1718 5603; baseline -0.005 -15"><span class='ocrx_word' id='word_1_726' title='bbox 258 5532 390 5590; x_wconf 54' lang='lat' dir='ltr'><strong>tua?</strong></span> <span class='ocrx_word' id='word_1_727' title='bbox 412 5534 709 5603; x_wconf 86' lang='lat' dir='ltr'><strong>scripserit,</strong></span> <span class='ocrx_word' id='word_1_728' title='bbox 743 5532 1246 5603; x_wconf 77' lang='lat' dir='ltr'><strong>memnrialorsitan</strong></span> <span class='ocrx_word' id='word_1_729' title='bbox 1277 5535 1345 5585; x_wconf 89' lang='lat' dir='ltr'><strong>ita</strong></span> <span class='ocrx_word' id='word_1_730' title='bbox 1373 5540 1718 5603; x_wconf 78' lang='lat' dir='ltr'><strong>suggerente.</strong></span> 
     </span>
    </p>
   </div>
   <div class='ocr_carea' id='block_1_92' title="bbox 338 5597 1862 5676">
    <p class='ocr_par' dir='ltr' id='par_1_92' title="bbox 338 5597 1862 5676">
     <span class='ocr_line' id='line_1_93' title="bbox 338 5597 1862 5676; baseline -0.005 -16"><span class='ocrx_word' id='word_1_731' title='bbox 338 5604 424 5676; x_wconf 79' lang='grc' dir='ltr'><strong>(ε)</strong></span> <span class='ocrx_word' id='word_1_732' title='bbox 453 5597 606 5671; x_wconf 76' lang='lat' dir='ltr'><strong>Aria,</strong></span> <span class='ocrx_word' id='word_1_733' title='bbox 633 5597 708 5659; x_wconf 87' lang='lat' dir='ltr'><strong>uti</strong></span> <span class='ocrx_word' id='word_1_734' title='bbox 736 5618 924 5658; x_wconf 91' lang='lat' dir='ltr'><strong>omnes</strong></span> <span class='ocrx_word' id='word_1_735' title='bbox 946 5602 1144 5676; x_wconf 68' lang='lat' dir='ltr'><strong>vident,</strong></span> <span class='ocrx_word' id='word_1_736' title='bbox 1173 5613 1393 5676; x_wconf 81' lang='lat' dir='ltr'><strong>n_uctore</strong></span> <span class='ocrx_word' id='word_1_737' title='bbox 1413 5621 1425 5654; x_wconf 93' lang='lat'>:</span> <span class='ocrx_word' id='word_1_738' title='bbox 1444 5597 1862 5676; x_wconf 28' lang='lat' dir='ltr'><strong>&#39;qui‘tluoidens</strong></span> 
     </span>
    </p>
   </div>
   <div class='ocr_carea' id='block_1_93' title="bbox 255 5667 1857 5739">
    <p class='ocr_par' dir='ltr' id='par_1_93' title="bbox 255 5667 1857 5739">
     <span class='ocr_line' id='line_1_94' title="bbox 255 5667 1857 5739; baseline -0.004 -8"><span class='ocrx_word' id='word_1_739' title='bbox 255 5677 320 5732; x_wconf 87' lang='lat' dir='ltr'><strong>in</strong></span> <span class='ocrx_word' id='word_1_740' title='bbox 346 5667 540 5732; x_wconf 57' lang='lat' dir='ltr'><strong>orbem</strong></span> <span class='ocrx_word' id='word_1_741' title='bbox 563 5667 796 5739; x_wconf 83' lang='lat' dir='ltr'><strong>invexit,</strong></span> <span class='ocrx_word' id='word_1_742' title='bbox 820 5691 942 5730; x_wconf 92' lang='lat' dir='ltr'><strong>cum</strong></span> <span class='ocrx_word' id='word_1_743' title='bbox 963 5673 1173 5728; x_wconf 86' lang='lat' dir='ltr'><strong>Patrem</strong></span> <span class='ocrx_word' id='word_1_744' title='bbox 1196 5672 1365 5730; x_wconf 83' lang='lat' dir='ltr'><strong>Deum</strong></span> <span class='ocrx_word' id='word_1_745' title='bbox 1383 5688 1445 5727; x_wconf 92' lang='lat' dir='ltr'><strong>ae</strong></span> <span class='ocrx_word' id='word_1_746' title='bbox 1469 5667 1659 5725; x_wconf 78' lang='lat' dir='ltr'><strong>Filium</strong></span> <span class='ocrx_word' id='word_1_747' title='bbox 1690 5667 1857 5724; x_wconf 89' lang='lat' dir='ltr'><strong>Deum</strong></span> 
     </span>
    </p>
   </div>
   <div class='ocr_carea' id='block_1_94' title="bbox 253 5742 1862 5816">
    <p class='ocr_par' dir='ltr' id='par_1_94' title="bbox 253 5742 1862 5816">
     <span class='ocr_line' id='line_1_95' title="bbox 253 5742 1862 5816; baseline -0.004 -14"><span class='ocrx_word' id='word_1_748' title='bbox 253 5747 464 5803; x_wconf 86' lang='lat' dir='ltr'><strong>dicens</strong></span> <span class='ocrx_word' id='word_1_749' title='bbox 485 5757 541 5803; x_wconf 90' lang='lat' dir='ltr'><strong>ct</strong></span> <span class='ocrx_word' id='word_1_750' title='bbox 591 5748 812 5812; x_wconf 88' lang='lat' dir='ltr'><strong>colens,</strong></span> <span class='ocrx_word' id='word_1_751' title='bbox 845 5755 1132 5816; x_wconf 90' lang='lat' dir='ltr'><strong>utrumque</strong></span> <span class='ocrx_word' id='word_1_752' title='bbox 1181 5745 1409 5816; x_wconf 61' lang='lat' dir='ltr'><strong>diversa;</strong></span> <span class='ocrx_word' id='word_1_753' title='bbox 1435 5742 1750 5816; x_wconf 70' lang='lat' dir='ltr'><strong>substantia:</strong></span> <span class='ocrx_word' id='word_1_754' title='bbox 1770 5756 1862 5816; x_wconf 84' lang='lat' dir='ltr'><strong>_a_s-</strong></span> 
     </span>
    </p>
   </div>
   <div class='ocr_carea' id='block_1_95' title="bbox 252 5813 1859 5892">
    <p class='ocr_par' dir='ltr' id='par_1_95' title="bbox 252 5813 1859 5892">
     <span class='ocr_line' id='line_1_96' title="bbox 252 5813 1859 5892; baseline -0.004 -16"><span class='ocrx_word' id='word_1_755' title='bbox 252 5819 478 5876; x_wconf 80' lang='lat' dir='ltr'><strong>seruit:</strong></span> <span class='ocrx_word' id='word_1_756' title='bbox 495 5819 972 5892; x_wconf 83' lang='lat' dir='ltr'><strong>jactitabattamen</strong></span> <span class='ocrx_word' id='word_1_757' title='bbox 992 5813 1059 5872; x_wconf 82' lang='lat' dir='ltr'><strong>se</strong></span> <span class='ocrx_word' id='word_1_758' title='bbox 1077 5831 1243 5873; x_wconf 91' lang='lat' dir='ltr'><strong>unum</strong></span> <span class='ocrx_word' id='word_1_759' title='bbox 1268 5815 1490 5874; x_wconf 89' lang='lat' dir='ltr'><strong>omnino</strong></span> <span class='ocrx_word' id='word_1_760' title='bbox 1508 5813 1676 5889; x_wconf 87' lang='lat' dir='ltr'><strong>Deum</strong></span> <span class='ocrx_word' id='word_1_761' title='bbox 1701 5813 1859 5880; x_wconf 88' lang='lat' dir='ltr'><strong>velle,</strong></span> 
     </span>
    </p>
   </div>
   <div class='ocr_carea' id='block_1_96' title="bbox 719 5913 1157 5979">
    <p class='ocr_par' dir='ltr' id='par_1_96' title="bbox 719 5913 1157 5979">
     <span class='ocr_line' id='line_1_97' title="bbox 719 5913 1157 5979; baseline -0.011 0"><span class='ocrx_word' id='word_1_762' title='bbox 719 5917 996 5979; x_wconf 73' lang='grc' dir='ltr'><strong>ΡΑτιιοι..</strong></span> <span class='ocrx_word' id='word_1_763' title='bbox 1072 5913 1157 5976; x_wconf 85' lang='grc' dir='ltr'><strong>Χ.</strong></span> 
     </span>
    </p>
   </div>
   <div class='ocr_carea' id='block_1_97' title="bbox 1954 3322 3566 3398">
    <p class='ocr_par' dir='ltr' id='par_1_97' title="bbox 1954 3322 3566 3398">
     <span class='ocr_line' id='line_1_98' title="bbox 1954 3322 3566 3398; baseline -0.001 -14"><span class='ocrx_word' id='word_1_764' title='bbox 1954 3327 2110 3384; x_wconf 78' lang='lat' dir='ltr'><strong>lutet.</strong></span> <span class='ocrx_word' id='word_1_765' title='bbox 2165 3325 2415 3383; x_wconf 66' lang='lat' dir='ltr'><strong>Haeretici</strong></span> <span class='ocrx_word' id='word_1_766' title='bbox 2461 3325 2623 3398; x_wconf 87' lang='lat' dir='ltr'><strong>igitur</strong></span> <span class='ocrx_word' id='word_1_767' title='bbox 2668 3339 2858 3381; x_wconf 90' lang='lat' dir='ltr'><strong>omnes</strong></span> <span class='ocrx_word' id='word_1_768' title='bbox 2904 3333 3092 3380; x_wconf 89' lang='lat' dir='ltr'><strong>contra</strong></span> <span class='ocrx_word' id='word_1_769' title='bbox 3121 3322 3419 3380; x_wconf 88' lang='lat' dir='ltr'><strong>Ecclesiam</strong></span> <span class='ocrx_word' id='word_1_770' title='bbox 3472 3340 3566 3382; x_wconf 88' lang='lat' dir='ltr'><strong>ve-</strong></span> 
     </span>
    </p>
   </div>
   <div class='ocr_carea' id='block_1_98' title="bbox 1956 3415 3560 3487">
    <p class='ocr_par' dir='ltr' id='par_1_98' title="bbox 1956 3415 3560 3487">
     <span class='ocr_line' id='line_1_99' title="bbox 1956 3415 3560 3487; baseline -0.002 -10"><span class='ocrx_word' id='word_1_771' title='bbox 1956 3422 2111 3477; x_wconf 92' lang='lat' dir='ltr'><strong>niunt</strong></span> <span class='ocrx_word' id='word_1_772' title='bbox 2141 3440 2154 3477; x_wconf 91' lang='lat'>:</span> <span class='ocrx_word' id='word_1_773' title='bbox 2189 3420 2281 3476; x_wconf 91' lang='lat' dir='ltr'><strong>sed</strong></span> <span class='ocrx_word' id='word_1_774' title='bbox 2305 3419 2432 3476; x_wconf 92' lang='lat' dir='ltr'><strong>dum</strong></span> <span class='ocrx_word' id='word_1_775' title='bbox 2462 3419 2704 3476; x_wconf 78' lang='lat' dir='ltr'><strong>haeretici</strong></span> <span class='ocrx_word' id='word_1_776' title='bbox 2734 3433 2926 3476; x_wconf 91' lang='lat' dir='ltr'><strong>omnes</strong></span> <span class='ocrx_word' id='word_1_777' title='bbox 2954 3433 3014 3474; x_wconf 90' lang='lat' dir='ltr'><strong>se</strong></span> <span class='ocrx_word' id='word_1_778' title='bbox 3045 3415 3277 3474; x_wconf 86' lang='lat' dir='ltr'><strong>invicem</strong></span> <span class='ocrx_word' id='word_1_779' title='bbox 3312 3419 3560 3487; x_wconf 89' lang='lat' dir='ltr'><strong>vincunt,</strong></span> 
     </span>
    </p>
   </div>
   <div class='ocr_carea' id='block_1_99' title="bbox 1957 3511 3560 3582">
    <p class='ocr_par' dir='ltr' id='par_1_99' title="bbox 1957 3511 3560 3582">
     <span class='ocr_line' id='line_1_100' title="bbox 1957 3511 3560 3582; baseline -0.001 -12"><span class='ocrx_word' id='word_1_780' title='bbox 1957 3514 2092 3570; x_wconf 91' lang='lat' dir='ltr'><strong>nihil</strong></span> <span class='ocrx_word' id='word_1_781' title='bbox 2115 3522 2295 3570; x_wconf 87' lang='lat' dir='ltr'><strong>tamen</strong></span> <span class='ocrx_word' id='word_1_782' title='bbox 2325 3511 2430 3569; x_wconf 85' lang='lat' dir='ltr'><strong>sibi</strong></span> <span class='ocrx_word' id='word_1_783' title='bbox 2459 3521 2698 3568; x_wconf 87' lang='lat' dir='ltr'><strong>vmcunt.</strong></span> <span class='ocrx_word' id='word_1_784' title='bbox 2723 3511 2963 3567; x_wconf 81' lang='lat' dir='ltr'><strong>Victoria</strong></span> <span class='ocrx_word' id='word_1_785' title='bbox 2994 3512 3138 3569; x_wconf 91' lang='lat' dir='ltr'><strong>enim</strong></span> <span class='ocrx_word' id='word_1_786' title='bbox 3188 3528 3374 3570; x_wconf 90' lang='lat' dir='ltr'><strong>eorum</strong></span> <span class='ocrx_word' id='word_1_787' title='bbox 3395 3554 3411 3582; x_wconf 93' lang='lat'><strong>,</strong></span> <span class='ocrx_word' id='word_1_788' title='bbox 3457 3512 3560 3568; x_wconf 75' lang='grc' dir='ltr'><strong>Ερ-</strong></span> 
     </span>
    </p>
   </div>
   <div class='ocr_carea' id='block_1_100' title="bbox 1957 3603 3563 3677">
    <p class='ocr_par' dir='ltr' id='par_1_100' title="bbox 1957 3603 3563 3677">
     <span class='ocr_line' id='line_1_101' title="bbox 1957 3603 3563 3677; baseline -0.002 -13"><span class='ocrx_word' id='word_1_789' title='bbox 1957 3608 2137 3665; x_wconf 75' lang='lat' dir='ltr'><strong>clesiae</strong></span> <span class='ocrx_word' id='word_1_790' title='bbox 2167 3605 2470 3677; x_wconf 88' lang='lat' dir='ltr'><strong>triumphus</strong></span> <span class='ocrx_word' id='word_1_791' title='bbox 2497 3620 2561 3661; x_wconf 89' lang='lat' dir='ltr'><strong>ex</strong></span> <span class='ocrx_word' id='word_1_792' title='bbox 2576 3604 2827 3662; x_wconf 90' lang='lat' dir='ltr'><strong>omnibus</strong></span> <span class='ocrx_word' id='word_1_793' title='bbox 2853 3612 2958 3672; x_wconf 90' lang='lat' dir='ltr'><strong>est,</strong></span> <span class='ocrx_word' id='word_1_794' title='bbox 2985 3603 3063 3676; x_wconf 80' lang='grc'>(5)</span> <span class='ocrx_word' id='word_1_795' title='bbox 3094 3604 3222 3661; x_wconf 93' lang='lat' dir='ltr'><strong>dum</strong></span> <span class='ocrx_word' id='word_1_796' title='bbox 3250 3621 3317 3662; x_wconf 90' lang='lat' dir='ltr'><strong>eo</strong></span> <span class='ocrx_word' id='word_1_797' title='bbox 3338 3605 3563 3662; x_wconf 77' lang='lat' dir='ltr'><strong>lueresis</strong></span> 
     </span>
    </p>
   </div>
   <div class='ocr_carea' id='block_1_101' title="bbox 1957 3697 3564 3768">
    <p class='ocr_par' dir='ltr' id='par_1_101' title="bbox 1957 3697 3564 3768">
     <span class='ocr_line' id='line_1_102' title="bbox 1957 3697 3564 3768; baseline 0.001 -12"><span class='ocrx_word' id='word_1_798' title='bbox 1957 3707 2144 3756; x_wconf 87' lang='lat' dir='ltr'><strong>contra</strong></span> <span class='ocrx_word' id='word_1_799' title='bbox 2168 3698 2393 3755; x_wconf 88' lang='lat' dir='ltr'><strong>alteram</strong></span> <span class='ocrx_word' id='word_1_800' title='bbox 2425 3705 2648 3768; x_wconf 88' lang='lat' dir='ltr'><strong>pugnat,</strong></span> <span class='ocrx_word' id='word_1_801' title='bbox 2675 3698 2817 3768; x_wconf 91' lang='lat' dir='ltr'><strong>quod</strong></span> <span class='ocrx_word' id='word_1_802' title='bbox 2847 3699 2900 3755; x_wconf 92' lang='lat' dir='ltr'><strong>in</strong></span> <span class='ocrx_word' id='word_1_803' title='bbox 2930 3697 3126 3756; x_wconf 66' lang='lat' dir='ltr'><strong>haeresi</strong></span> <span class='ocrx_word' id='word_1_804' title='bbox 3172 3701 3340 3758; x_wconf 87' lang='lat' dir='ltr'><strong>altera</strong></span> <span class='ocrx_word' id='word_1_805' title='bbox 3375 3700 3564 3759; x_wconf 89' lang='lat' dir='ltr'><strong>Eccle-</strong></span> 
     </span>
    </p>
   </div>
   <div class='ocr_carea' id='block_1_102' title="bbox 1959 3832 2616 3906">
    <p class='ocr_par' dir='ltr' id='par_1_102' title="bbox 1959 3832 2616 3906">
     <span class='ocr_line' id='line_1_103' title="bbox 1959 3832 2616 3906; baseline 0 -17"><span class='ocrx_word' id='word_1_806' title='bbox 1959 3832 2063 3890; x_wconf 92' lang='lat' dir='ltr'><strong>lius</strong></span> <span class='ocrx_word' id='word_1_807' title='bbox 2086 3833 2311 3906; x_wconf 77' lang='lat' dir='ltr'><strong>periculi</strong></span> <span class='ocrx_word' id='word_1_808' title='bbox 2333 3847 2422 3890; x_wconf 90' lang='lat' dir='ltr'><strong>res</strong></span> <span class='ocrx_word' id='word_1_809' title='bbox 2449 3842 2616 3892; x_wconf 89' lang='lat' dir='ltr'><strong>esset.</strong></span> 
     </span>
    </p>
   </div>
   <div class='ocr_carea' id='block_1_103' title="bbox 2037 3902 2469 3978">
    <p class='ocr_par' dir='ltr' id='par_1_103' title="bbox 2037 3902 2469 3978">
     <span class='ocr_line' id='line_1_104' title="bbox 2037 3902 2469 3978; baseline -0.005 -16"><span class='ocrx_word' id='word_1_810' title='bbox 2037 3902 2114 3978; x_wconf 80' lang='lat'><strong>(3)</strong></span> <span class='ocrx_word' id='word_1_811' title='bbox 2143 3902 2283 3961; x_wconf 87' lang='lat' dir='ltr'><strong>Dum</strong></span> <span class='ocrx_word' id='word_1_812' title='bbox 2309 3907 2364 3960; x_wconf 87' lang='lat' dir='ltr'><strong>in</strong></span> <span class='ocrx_word' id='word_1_813' title='bbox 2390 3921 2469 3961; x_wconf 91' lang='lat' dir='ltr'><strong>eo.</strong></span> 
     </span>
    </p>
   </div>
   <div class='ocr_carea' id='block_1_104' title="bbox 1965 4099 3554 4173">
    <p class='ocr_par' dir='ltr' id='par_1_104' title="bbox 1965 4099 3554 4173">
     <span class='ocr_line' id='line_1_105' title="bbox 1965 4099 3554 4173; baseline 0.006 -15"><span class='ocrx_word' id='word_1_814' title='bbox 1965 4102 2102 4159; x_wconf 89' lang='lat' dir='ltr'><strong>duos</strong></span> <span class='ocrx_word' id='word_1_815' title='bbox 2129 4115 2346 4173; x_wconf 88' lang='lat' dir='ltr'><strong>negare.</strong></span> <span class='ocrx_word' id='word_1_816' title='bbox 2381 4099 2538 4173; x_wconf 81' lang='lat' dir='ltr'><strong>Unde</strong></span> <span class='ocrx_word' id='word_1_817' title='bbox 2588 4100 2920 4170; x_wconf 86' lang='lat' dir='ltr'><strong>Augustinus</strong></span> <span class='ocrx_word' id='word_1_818' title='bbox 2975 4112 3160 4161; x_wconf 88' lang='lat' dir='ltr'><strong>contra</strong></span> <span class='ocrx_word' id='word_1_819' title='bbox 3207 4105 3554 4166; x_wconf 78' lang='lat' dir='ltr'><strong>Maximinum</strong></span> 
     </span>
    </p>
   </div>
   <div class='ocr_carea' id='block_1_105' title="bbox 1964 4172 3556 4240">
    <p class='ocr_par' dir='ltr' id='par_1_105' title="bbox 1964 4172 3556 4240">
     <span class='ocr_line' id='line_1_106' title="bbox 1964 4172 3556 4240; baseline 0.006 -11"><span class='ocrx_word' id='word_1_820' title='bbox 1964 4174 2178 4230; x_wconf 75' lang='lat' dir='ltr'><strong>Arianae</strong></span> <span class='ocrx_word' id='word_1_821' title='bbox 2205 4172 2368 4229; x_wconf 67' lang='lat' dir='ltr'><strong>Secta:</strong></span> <span class='ocrx_word' id='word_1_822' title='bbox 2395 4172 2657 4227; x_wconf 80' lang='lat' dir='ltr'><strong>fautorem</strong></span> <span class='ocrx_word' id='word_1_823' title='bbox 2687 4173 2779 4228; x_wconf 89' lang='lat' dir='ltr'><strong>lib.</strong></span> <span class='ocrx_word' id='word_1_824' title='bbox 2824 4189 2868 4240; x_wconf 86' lang='grc' dir='ltr'><strong>ι,</strong></span> <span class='ocrx_word' id='word_1_825' title='bbox 2899 4190 2950 4230; x_wconf 91' lang='lat' dir='ltr'><strong>c.</strong></span> <span class='ocrx_word' id='word_1_826' title='bbox 2982 4177 3008 4232; x_wconf 78' lang='lat' dir='ltr'><strong>l</strong></span> <span class='ocrx_word' id='word_1_827' title='bbox 3044 4194 3057 4230; x_wconf 90' lang='lat'><strong>:</strong></span> <span class='ocrx_word' id='word_1_828' title='bbox 3093 4177 3192 4232; x_wconf 85' lang='lat' dir='ltr'><strong>Ubi</strong></span> <span class='ocrx_word' id='word_1_829' title='bbox 3217 4182 3337 4234; x_wconf 88' lang='lat' dir='ltr'><strong>aisti</strong></span> <span class='ocrx_word' id='word_1_830' title='bbox 3358 4199 3390 4235; x_wconf 88' lang='lat' dir='ltr'><strong>a</strong></span> <span class='ocrx_word' id='word_1_831' title='bbox 3415 4183 3556 4238; x_wconf 84' lang='lat' dir='ltr'><strong>vobis</strong></span> 
     </span>
    </p>
   </div>
   <div class='ocr_carea' id='block_1_106' title="bbox 1963 4245 3559 4320">
    <p class='ocr_par' dir='ltr' id='par_1_106' title="bbox 1963 4245 3559 4320">
     <span class='ocr_line' id='line_1_107' title="bbox 1963 4245 3559 4320; baseline 0.005 -20"><span class='ocrx_word' id='word_1_832' title='bbox 1963 4262 2125 4320; x_wconf 79' lang='lat' dir='ltr'><strong>unum</strong></span> <span class='ocrx_word' id='word_1_833' title='bbox 2156 4245 2320 4320; x_wconf 63' lang='lat' dir='ltr'><strong>Deum</strong></span> <span class='ocrx_word' id='word_1_834' title='bbox 2353 4245 2491 4298; x_wconf 85' lang='lat' dir='ltr'><strong>coli:</strong></span> <span class='ocrx_word' id='word_1_835' title='bbox 2532 4259 2843 4314; x_wconf 84' lang='lat' dir='ltr'><strong>consequens</strong></span> <span class='ocrx_word' id='word_1_836' title='bbox 2863 4256 2970 4310; x_wconf 88' lang='lat' dir='ltr'><strong>est,</strong></span> <span class='ocrx_word' id='word_1_837' title='bbox 2991 4247 3231 4320; x_wconf 66' lang='lat' dir='ltr'><strong>inquam,</strong></span> <span class='ocrx_word' id='word_1_838' title='bbox 3260 4262 3318 4305; x_wconf 88' lang='lat' dir='ltr'><strong>ut</strong></span> <span class='ocrx_word' id='word_1_839' title='bbox 3349 4264 3434 4308; x_wconf 86' lang='lat' dir='ltr'><strong>aut</strong></span> <span class='ocrx_word' id='word_1_840' title='bbox 3452 4271 3559 4310; x_wconf 83' lang='lat' dir='ltr'><strong>non</strong></span> 
     </span>
    </p>
   </div>
   <div class='ocr_carea' id='block_1_107' title="bbox 1961 4316 3559 4441">
    <p class='ocr_par' dir='ltr' id='par_1_107' title="bbox 1961 4316 3559 4441">
     <span class='ocr_line' id='line_1_108' title="bbox 1961 4316 3559 4441; baseline 0.006 -70"><span class='ocrx_word' id='word_1_841' title='bbox 1961 4318 2139 4441; x_wconf 52' lang='lat' dir='ltr'><strong>golatis</strong></span> <span class='ocrx_word' id='word_1_842' title='bbox 2165 4316 2426 4371; x_wconf 81' lang='lat' dir='ltr'><strong>Christum</strong></span> <span class='ocrx_word' id='word_1_843' title='bbox 2453 4356 2467 4384; x_wconf 95' lang='lat'><strong>,</strong></span> <span class='ocrx_word' id='word_1_844' title='bbox 2497 4327 2586 4370; x_wconf 86' lang='lat' dir='ltr'><strong>aut</strong></span> <span class='ocrx_word' id='word_1_845' title='bbox 2635 4331 2738 4370; x_wconf 86' lang='lat' dir='ltr'><strong>non</strong></span> <span class='ocrx_word' id='word_1_846' title='bbox 2770 4332 2928 4370; x_wconf 85' lang='lat' dir='ltr'><strong>unum</strong></span> <span class='ocrx_word' id='word_1_847' title='bbox 2979 4316 3149 4374; x_wconf 83' lang='lat' dir='ltr'><strong>Deum</strong></span> <span class='ocrx_word' id='word_1_848' title='bbox 3197 4316 3411 4393; x_wconf 86' lang='lat' dir='ltr'><strong>colatis,</strong></span> <span class='ocrx_word' id='word_1_849' title='bbox 3467 4325 3559 4382; x_wconf 81' lang='lat' dir='ltr'><strong>sed</strong></span> 
     </span>
     <span class='ocr_line' id='line_1_109' title="bbox 1999 4404 2110 4441; baseline 0 0"><span class='ocrx_word' id='word_1_850' title='bbox 1999 4404 2110 4441; x_wconf 89' lang='lat' dir='ltr'><strong>uos.</strong></span> 
     </span>
    </p>
   </div>
   <div class='ocr_carea' id='block_1_108' title="bbox 1999 4404 2110 4443">
    <p class='ocr_par' dir='ltr' id='par_1_108' title="bbox 1999 4404 2110 4443">
     <span class='ocr_line' id='line_1_110' title="bbox 1999 4404 2110 4443; baseline 0.009 -1"><span class='ocrx_word' id='word_1_851' title='bbox 1999 4404 2110 4443; x_wconf 86' lang='lat' dir='ltr'><strong>uos.</strong></span> 
     </span>
    </p>
   </div>
   <div class='ocr_carea' id='block_1_109' title="bbox 2034 4455 3556 4538">
    <p class='ocr_par' dir='ltr' id='par_1_109' title="bbox 2034 4455 3556 4538">
     <span class='ocr_line' id='line_1_111' title="bbox 2034 4455 3556 4538; baseline 0.003 -22"><span class='ocrx_word' id='word_1_852' title='bbox 2034 4457 2103 4538; x_wconf 76' lang='grc' dir='ltr'><strong>(Ῑ)</strong></span> <span class='ocrx_word' id='word_1_853' title='bbox 2149 4459 2282 4514; x_wconf 90' lang='lat' dir='ltr'><strong>Puta</strong></span> <span class='ocrx_word' id='word_1_854' title='bbox 2327 4473 2424 4528; x_wconf 90' lang='lat' dir='ltr'><strong>per</strong></span> <span class='ocrx_word' id='word_1_855' title='bbox 2465 4455 2759 4538; x_wconf 37' lang='lat' dir='ltr'><strong>_Photi_n.um</strong></span> <span class='ocrx_word' id='word_1_856' title='bbox 2815 4458 3167 4538; x_wconf 82' lang='lat' dir='ltr'><strong>Sirmiensem</strong></span> <span class='ocrx_word' id='word_1_857' title='bbox 3196 4465 3556 4538; x_wconf 75' lang='lat' dir='ltr'><strong>episcopum,</strong></span> 
     </span>
    </p>
   </div>
   <div class='ocr_carea' id='block_1_110' title="bbox 1963 4530 3555 4604">
    <p class='ocr_par' dir='ltr' id='par_1_110' title="bbox 1963 4530 3555 4604">
     <span class='ocr_line' id='line_1_112' title="bbox 1963 4530 3555 4604; baseline 0 -21"><span class='ocrx_word' id='word_1_858' title='bbox 1963 4530 2117 4604; x_wconf 72' lang='lat' dir='ltr'><strong>cuius</strong></span> <span class='ocrx_word' id='word_1_859' title='bbox 2145 4546 2299 4586; x_wconf 88' lang='lat' dir='ltr'><strong>error</strong></span> <span class='ocrx_word' id='word_1_860' title='bbox 2328 4545 2432 4604; x_wconf 81' lang='lat' dir='ltr'><strong>non</strong></span> <span class='ocrx_word' id='word_1_861' title='bbox 2453 4530 2515 4604; x_wconf 80' lang='lat' dir='ltr'><strong>jn</strong></span> <span class='ocrx_word' id='word_1_862' title='bbox 2541 4545 2605 4604; x_wconf 81' lang='lat' dir='ltr'><strong>eo</strong></span> <span class='ocrx_word' id='word_1_863' title='bbox 2624 4530 2711 4584; x_wconf 87' lang='lat' dir='ltr'><strong>hic</strong></span> <span class='ocrx_word' id='word_1_864' title='bbox 2733 4536 2985 4604; x_wconf 80' lang='lat' dir='ltr'><strong>ponitur,</strong></span> <span class='ocrx_word' id='word_1_865' title='bbox 3017 4535 3158 4604; x_wconf 88' lang='lat' dir='ltr'><strong>quod</strong></span> <span class='ocrx_word' id='word_1_866' title='bbox 3188 4530 3457 4593; x_wconf 54' lang='lat' dir='ltr'><strong>Christum</strong></span> <span class='ocrx_word' id='word_1_867' title='bbox 3488 4530 3555 4593; x_wconf 51' lang='lat' dir='ltr'><strong>ex</strong></span> 
     </span>
    </p>
   </div>
   <div class='ocr_carea' id='block_1_111' title="bbox 1964 4600 3554 4677">
    <p class='ocr_par' dir='ltr' id='par_1_111' title="bbox 1964 4600 3554 4677">
     <span class='ocr_line' id='line_1_113' title="bbox 1964 4600 3554 4677; baseline 0.004 -21"><span class='ocrx_word' id='word_1_868' title='bbox 1964 4601 2130 4677; x_wconf 79' lang='lat' dir='ltr'><strong>Maria</strong></span> <span class='ocrx_word' id='word_1_869' title='bbox 2160 4613 2344 4656; x_wconf 90' lang='lat' dir='ltr'><strong>natum</strong></span> <span class='ocrx_word' id='word_1_870' title='bbox 2376 4600 2784 4677; x_wconf 84' lang='lat' dir='ltr'><strong>defendat,__sed</strong></span> <span class='ocrx_word' id='word_1_871' title='bbox 2825 4603 2968 4672; x_wconf 84' lang='lat' dir='ltr'><strong>quod</strong></span> <span class='ocrx_word' id='word_1_872' title='bbox 2999 4600 3377 4677; x_wconf 81' lang='lat' dir='ltr'><strong>temporariam</strong></span> <span class='ocrx_word' id='word_1_873' title='bbox 3408 4610 3554 4664; x_wconf 91' lang='lat' dir='ltr'><strong>illam</strong></span> 
     </span>
    </p>
   </div>
   <div class='ocr_carea' id='block_1_112' title="bbox 1965 4673 2804 4740">
    <p class='ocr_par' dir='ltr' id='par_1_112' title="bbox 1965 4673 2804 4740">
     <span class='ocr_line' id='line_1_114' title="bbox 1965 4673 2804 4740; baseline -0.001 -13"><span class='ocrx_word' id='word_1_874' title='bbox 1965 4673 2300 4727; x_wconf 86' lang='lat' dir='ltr'><strong>nativitatem</strong></span> <span class='ocrx_word' id='word_1_875' title='bbox 2328 4677 2497 4726; x_wconf 87' lang='lat' dir='ltr'><strong>solam</strong></span> <span class='ocrx_word' id='word_1_876' title='bbox 2527 4673 2804 4740; x_wconf 79' lang='lat' dir='ltr'><strong>praedicet.</strong></span> 
     </span>
    </p>
   </div>
   <div class='ocr_carea' id='block_1_113' title="bbox 2036 4743 3554 4819">
    <p class='ocr_par' dir='ltr' id='par_1_113' title="bbox 2036 4743 3554 4819">
     <span class='ocr_line' id='line_1_115' title="bbox 2036 4743 3554 4819; baseline 0.006 -23"><span class='ocrx_word' id='word_1_877' title='bbox 2036 4743 2114 4816; x_wconf 85' lang='lat' dir='ltr'><strong>(g)</strong></span> <span class='ocrx_word' id='word_1_878' title='bbox 2147 4743 2288 4797; x_wconf 89' lang='lat' dir='ltr'><strong>Editi</strong></span> <span class='ocrx_word' id='word_1_879' title='bbox 2317 4752 2542 4819; x_wconf 59' lang='lat' dir='ltr'><strong>excepto</strong></span> <span class='ocrx_word' id='word_1_880' title='bbox 2571 4743 2692 4796; x_wconf 85' lang='lat' dir='ltr'><strong>Par.</strong></span> <span class='ocrx_word' id='word_1_881' title='bbox 2718 4759 2877 4796; x_wconf 85' lang='lat' dir='ltr'><strong>unum</strong></span> <span class='ocrx_word' id='word_1_882' title='bbox 2909 4743 3078 4799; x_wconf 86' lang='lat' dir='ltr'><strong>Deum</strong></span> <span class='ocrx_word' id='word_1_883' title='bbox 3123 4764 3329 4819; x_wconf 86' lang='lat' dir='ltr'><strong>negare.</strong></span> <span class='ocrx_word' id='word_1_884' title='bbox 3363 4748 3554 4806; x_wconf 81' lang='lat' dir='ltr'><strong>Verius</strong></span> 
     </span>
    </p>
   </div>
   <div class='ocr_carea' id='block_1_114' title="bbox 1963 4815 3549 4889">
    <p class='ocr_par' dir='ltr' id='par_1_114' title="bbox 1963 4815 3549 4889">
     <span class='ocr_line' id='line_1_116' title="bbox 1963 4815 3549 4889; baseline 0.004 -20"><span class='ocrx_word' id='word_1_885' title='bbox 1963 4815 2086 4889; x_wconf 73' lang='lat' dir='ltr'><strong>Par.</strong></span> <span class='ocrx_word' id='word_1_886' title='bbox 2118 4829 2238 4868; x_wconf 86' lang='lat' dir='ltr'><strong>eum</strong></span> <span class='ocrx_word' id='word_1_887' title='bbox 2274 4815 2570 4889; x_wconf 75' lang='lat' dir='ltr'><strong>potioribus</strong></span> <span class='ocrx_word' id='word_1_888' title='bbox 2599 4828 2729 4889; x_wconf 81' lang='lat' dir='ltr'><strong>mss.</strong></span> <span class='ocrx_word' id='word_1_889' title='bbox 2760 4831 2918 4889; x_wconf 68' lang='lat' dir='ltr'><strong>unua:</strong></span> <span class='ocrx_word' id='word_1_890' title='bbox 2945 4833 3044 4870; x_wconf 82' lang='lat' dir='ltr'><strong>non</strong></span> <span class='ocrx_word' id='word_1_891' title='bbox 3066 4815 3282 4888; x_wconf 70' lang='lat' dir='ltr'><strong>negare:</strong></span> <span class='ocrx_word' id='word_1_892' title='bbox 3324 4821 3424 4875; x_wconf 92' lang='lat' dir='ltr'><strong>hoc</strong></span> <span class='ocrx_word' id='word_1_893' title='bbox 3445 4831 3549 4889; x_wconf 88' lang='lat' dir='ltr'><strong>est,</strong></span> 
     </span>
    </p>
   </div>
   <div class='ocr_carea' id='block_1_115' title="bbox 1962 4885 3549 4958">
    <p class='ocr_par' dir='ltr' id='par_1_115' title="bbox 1962 4885 3549 4958">
     <span class='ocr_line' id='line_1_117' title="bbox 1962 4885 3549 4958; baseline 0.003 -17"><span class='ocrx_word' id='word_1_894' title='bbox 1962 4886 2053 4955; x_wconf 83' lang='lat' dir='ltr'><strong>qui</strong></span> <span class='ocrx_word' id='word_1_895' title='bbox 2083 4901 2246 4958; x_wconf 82' lang='lat' dir='ltr'><strong>unum</strong></span> <span class='ocrx_word' id='word_1_896' title='bbox 2277 4885 2495 4958; x_wconf 71' lang='lat' dir='ltr'><strong>Arianis</strong></span> <span class='ocrx_word' id='word_1_897' title='bbox 2543 4886 3093 4958; x_wconf 53' lang='lat' dir='ltr'><strong>prmdicantihttsncin</strong></span> <span class='ocrx_word' id='word_1_898' title='bbox 3130 4885 3296 4958; x_wconf 76' lang='lat' dir='ltr'><strong>negat</strong></span> <span class='ocrx_word' id='word_1_899' title='bbox 3325 4931 3339 4953; x_wconf 88' lang='lat'><strong>,</strong></span> <span class='ocrx_word' id='word_1_900' title='bbox 3369 4885 3549 4946; x_wconf 85' lang='lat' dir='ltr'><strong>statim</strong></span> 
     </span>
    </p>
   </div>
   <div class='ocr_carea' id='block_1_116' title="bbox 1959 4954 3555 5082">
    <p class='ocr_par' dir='ltr' id='par_1_116' title="bbox 1959 4954 3555 5082">
     <span class='ocr_line' id='line_1_118' title="bbox 1959 4954 3555 5082; baseline 0.007 -73"><span class='ocrx_word' id='word_1_901' title='bbox 1959 4973 2082 5082; x_wconf 55' lang='lat' dir='ltr'><strong>pum</strong></span> <span class='ocrx_word' id='word_1_902' title='bbox 2110 4954 2298 5010; x_wconf 87' lang='lat' dir='ltr'><strong>iisdem</strong></span> <span class='ocrx_word' id='word_1_903' title='bbox 2334 4955 2547 5010; x_wconf 85' lang='lat' dir='ltr'><strong>videtur</strong></span> <span class='ocrx_word' id='word_1_904' title='bbox 2591 4955 2800 5022; x_wconf 85' lang='lat' dir='ltr'><strong>facere,</strong></span> <span class='ocrx_word' id='word_1_905' title='bbox 2843 4965 2896 5010; x_wconf 94' lang='lat' dir='ltr'><strong>et</strong></span> <span class='ocrx_word' id='word_1_906' title='bbox 2937 4955 3074 5012; x_wconf 85' lang='lat' dir='ltr'><strong>Filio</strong></span> <span class='ocrx_word' id='word_1_907' title='bbox 3099 4954 3430 5018; x_wconf 73' lang='lat' dir='ltr'><strong>divinitatem</strong></span> <span class='ocrx_word' id='word_1_908' title='bbox 3457 4979 3555 5019; x_wconf 89' lang='lat' dir='ltr'><strong>au-</strong></span> 
     </span>
     <span class='ocr_line' id='line_1_119' title="bbox 1983 5044 2122 5082; baseline -0.014 0"><span class='ocrx_word' id='word_1_909' title='bbox 1983 5044 2122 5082; x_wconf 89' lang='lat' dir='ltr'><strong>erre.</strong></span> 
     </span>
    </p>
   </div>
   <div class='ocr_carea' id='block_1_117' title="bbox 1983 5044 2122 5083">
    <p class='ocr_par' dir='ltr' id='par_1_117' title="bbox 1983 5044 2122 5083">
     <span class='ocr_line' id='line_1_120' title="bbox 1983 5044 2122 5083; baseline -0.022 0"><span class='ocrx_word' id='word_1_910' title='bbox 1983 5044 2122 5083; x_wconf 87' lang='lat' dir='ltr'><strong>erre.</strong></span> 
     </span>
    </p>
   </div>
   <div class='ocr_carea' id='block_1_118' title="bbox 2036 5095 3558 5170">
    <p class='ocr_par' dir='ltr' id='par_1_118' title="bbox 2036 5095 3558 5170">
     <span class='ocr_line' id='line_1_121' title="bbox 2036 5095 3558 5170; baseline 0.008 -20"><span class='ocrx_word' id='word_1_911' title='bbox 2036 5097 2117 5170; x_wconf 90' lang='lat' dir='ltr'><strong>(h)</strong></span> <span class='ocrx_word' id='word_1_912' title='bbox 2149 5097 2267 5170; x_wconf 59' lang='lat' dir='ltr'><strong>Eia,</strong></span> <span class='ocrx_word' id='word_1_913' title='bbox 2308 5096 2455 5166; x_wconf 90' lang='lat' dir='ltr'><strong>Lips.</strong></span> <span class='ocrx_word' id='word_1_914' title='bbox 2483 5095 2703 5170; x_wconf 34' lang='lat' dir='ltr'><strong>etAPar.</strong></span> <span class='ocrx_word' id='word_1_915' title='bbox 2745 5097 2965 5170; x_wconf 80' lang='lat' dir='ltr'><strong>intelligi</strong></span> <span class='ocrx_word' id='word_1_916' title='bbox 2993 5116 3091 5153; x_wconf 83' lang='lat' dir='ltr'><strong>non</strong></span> <span class='ocrx_word' id='word_1_917' title='bbox 3120 5104 3314 5169; x_wconf 78' lang='lat' dir='ltr'><strong>possit:</strong></span> <span class='ocrx_word' id='word_1_918' title='bbox 3340 5105 3476 5161; x_wconf 90' lang='lat' dir='ltr'><strong>male</strong></span> <span class='ocrx_word' id='word_1_919' title='bbox 3501 5117 3558 5162; x_wconf 91' lang='lat' dir='ltr'><strong>et</strong></span> 
     </span>
    </p>
   </div>
   <div class='ocr_carea' id='block_1_119' title="bbox 1959 5167 3553 5242">
    <p class='ocr_par' dir='ltr' id='par_1_119' title="bbox 1959 5167 3553 5242">
     <span class='ocr_line' id='line_1_122' title="bbox 1959 5167 3553 5242; baseline 0.009 -25"><span class='ocrx_word' id='word_1_920' title='bbox 1959 5167 2343 5242; x_wconf 61' lang='lat' dir='ltr'><strong>prmerﬁdem</strong></span> <span class='ocrx_word' id='word_1_921' title='bbox 2371 5182 2523 5242; x_wconf 84' lang='lat' dir='ltr'><strong>_ms_s.</strong></span> <span class='ocrx_word' id='word_1_922' title='bbox 2555 5167 2728 5242; x_wconf 72' lang='lat' dir='ltr'><strong>Porro</strong></span> <span class='ocrx_word' id='word_1_923' title='bbox 2755 5171 2896 5242; x_wconf 76' lang='lat' dir='ltr'><strong>quod</strong></span> <span class='ocrx_word' id='word_1_924' title='bbox 2915 5167 3028 5225; x_wconf 65' lang='lat' dir='ltr'><strong>&#39;nie</strong></span> <span class='ocrx_word' id='word_1_925' title='bbox 3054 5167 3128 5226; x_wconf 86' lang='lat' dir='ltr'><strong>de</strong></span> <span class='ocrx_word' id='word_1_926' title='bbox 3153 5175 3378 5230; x_wconf 70' lang='lat' dir='ltr'><strong>veritate</strong></span> <span class='ocrx_word' id='word_1_927' title='bbox 3403 5216 3416 5238; x_wconf 88' lang='lat'><strong>,</strong></span> <span class='ocrx_word' id='word_1_928' title='bbox 3449 5176 3553 5232; x_wconf 94' lang='lat' dir='ltr'><strong>hoc</strong></span> 
     </span>
    </p>
   </div>
   <div class='ocr_carea' id='block_1_120' title="bbox 1966 5238 3554 5314">
    <p class='ocr_par' dir='ltr' id='par_1_120' title="bbox 1966 5238 3554 5314">
     <span class='ocr_line' id='line_1_123' title="bbox 1966 5238 3554 5314; baseline 0.005 -20"><span class='ocrx_word' id='word_1_929' title='bbox 1966 5238 2090 5314; x_wconf 76' lang='lat' dir='ltr'><strong>mox</strong></span> <span class='ocrx_word' id='word_1_930' title='bbox 2121 5240 2319 5314; x_wconf 89' lang='lat' dir='ltr'><strong>clarius</strong></span> <span class='ocrx_word' id='word_1_931' title='bbox 2337 5239 2418 5314; x_wconf 84' lang='lat' dir='ltr'><strong>_de</strong></span> <span class='ocrx_word' id='word_1_932' title='bbox 2447 5238 2686 5314; x_wconf 79' lang='lat' dir='ltr'><strong>Ecclesia</strong></span> <span class='ocrx_word' id='word_1_933' title='bbox 2729 5240 3059 5314; x_wconf 83' lang='lat' dir='ltr'><strong>alﬁrmatur,</strong></span> <span class='ocrx_word' id='word_1_934' title='bbox 3093 5255 3146 5297; x_wconf 90' lang='lat' dir='ltr'><strong>ut</strong></span> <span class='ocrx_word' id='word_1_935' title='bbox 3183 5260 3300 5314; x_wconf 73' lang='lat' dir='ltr'><strong>quze</strong></span> <span class='ocrx_word' id='word_1_936' title='bbox 3342 5262 3443 5300; x_wconf 85' lang='lat' dir='ltr'><strong>non</strong></span> <span class='ocrx_word' id='word_1_937' title='bbox 3470 5265 3554 5303; x_wconf 88' lang='lat' dir='ltr'><strong>so-</strong></span> 
     </span>
    </p>
   </div>
   <div class='ocr_carea' id='block_1_121' title="bbox 1967 5310 3516 5383">
    <p class='ocr_par' dir='ltr' id='par_1_121' title="bbox 1967 5310 3516 5383">
     <span class='ocr_line' id='line_1_124' title="bbox 1967 5310 3516 5383; baseline 0.005 -17"><span class='ocrx_word' id='word_1_938' title='bbox 1967 5313 2074 5366; x_wconf 88' lang='lat' dir='ltr'><strong>lum</strong></span> <span class='ocrx_word' id='word_1_939' title='bbox 2094 5313 2198 5383; x_wconf 71' lang='lat' dir='ltr'><strong>suis</strong></span> <span class='ocrx_word' id='word_1_940' title='bbox 2216 5353 2230 5377; x_wconf 93' lang='lat'><strong>,</strong></span> <span class='ocrx_word' id='word_1_941' title='bbox 2257 5310 2348 5383; x_wconf 77' lang='lat' dir='ltr'><strong>sed</strong></span> <span class='ocrx_word' id='word_1_942' title='bbox 2373 5311 2756 5383; x_wconf 70' lang='lat' dir='ltr'><strong>adversantium</strong></span> <span class='ocrx_word' id='word_1_943' title='bbox 2781 5321 2857 5366; x_wconf 89' lang='lat' dir='ltr'><strong>est</strong></span> <span class='ocrx_word' id='word_1_944' title='bbox 2890 5310 3221 5383; x_wconf 63' lang='lat' dir='ltr'><strong>intelligendi}</strong></span> <span class='ocrx_word' id='word_1_945' title='bbox 3249 5317 3516 5373; x_wconf 83' lang='lat' dir='ltr'><strong>doctrinis.</strong></span> 
     </span>
    </p>
   </div>
   <div class='ocr_carea' id='block_1_122' title="bbox 2040 5381 3558 5460">
    <p class='ocr_par' dir='ltr' id='par_1_122' title="bbox 2040 5381 3558 5460">
     <span class='ocr_line' id='line_1_125' title="bbox 2040 5381 3558 5460; baseline 0.007 -25"><span class='ocrx_word' id='word_1_946' title='bbox 2040 5383 2103 5460; x_wconf 67' lang='grc' dir='ltr'><strong>(ξ)</strong></span> <span class='ocrx_word' id='word_1_947' title='bbox 2122 5382 2240 5437; x_wconf 80' lang='lat' dir='ltr'><strong>Vat.</strong></span> <span class='ocrx_word' id='word_1_948' title='bbox 2272 5382 2382 5460; x_wconf 60' lang='lat' dir='ltr'><strong>bas.</strong></span> <span class='ocrx_word' id='word_1_949' title='bbox 2416 5381 2641 5460; x_wconf 73' lang='lat' dir='ltr'><strong>ms._uult</strong></span> <span class='ocrx_word' id='word_1_950' title='bbox 2666 5398 2887 5437; x_wconf 83' lang='lat' dir='ltr'><strong>manere.</strong></span> <span class='ocrx_word' id='word_1_951' title='bbox 2912 5383 3031 5438; x_wconf 80' lang='lat' dir='ltr'><strong>Mox</strong></span> <span class='ocrx_word' id='word_1_952' title='bbox 3056 5381 3161 5439; x_wconf 61' lang='lat' dir='ltr'><strong>Soli</strong></span> <span class='ocrx_word' id='word_1_953' title='bbox 3184 5386 3336 5452; x_wconf 84' lang='lat' dir='ltr'><strong>editi,</strong></span> <span class='ocrx_word' id='word_1_954' title='bbox 3358 5389 3558 5460; x_wconf 85' lang='lat' dir='ltr'><strong>aliquos</strong></span> 
     </span>
    </p>
   </div>
   <div class='ocr_carea' id='block_1_123' title="bbox 1967 5452 2803 5525">
    <p class='ocr_par' dir='ltr' id='par_1_123' title="bbox 1967 5452 2803 5525">
     <span class='ocr_line' id='line_1_126' title="bbox 1967 5452 2803 5525; baseline -0.001 -17"><span class='ocrx_word' id='word_1_955' title='bbox 1967 5452 2219 5525; x_wconf 66' lang='lat' dir='ltr'><strong>obiicere:</strong></span> <span class='ocrx_word' id='word_1_956' title='bbox 2245 5452 2636 5522; x_wconf 80' lang='lat' dir='ltr'><strong>refragantibus</strong></span> <span class='ocrx_word' id='word_1_957' title='bbox 2673 5467 2803 5508; x_wconf 88' lang='lat' dir='ltr'><strong>mss.</strong></span> 
     </span>
    </p>
   </div>
   <div class='ocr_carea' id='block_1_124' title="bbox 2042 5523 3554 5594">
    <p class='ocr_par' dir='ltr' id='par_1_124' title="bbox 2042 5523 3554 5594">
     <span class='ocr_line' id='line_1_127' title="bbox 2042 5523 3554 5594; baseline 0.009 -17"><span class='ocrx_word' id='word_1_958' title='bbox 2042 5523 2108 5594; x_wconf 76' lang='lat' dir='ltr'><strong>ti)</strong></span> <span class='ocrx_word' id='word_1_959' title='bbox 2136 5524 2485 5578; x_wconf 84' lang='lat' dir='ltr'><strong>Martiuianus</strong></span> <span class='ocrx_word' id='word_1_960' title='bbox 2513 5525 2682 5578; x_wconf 80' lang='lat' dir='ltr'><strong>codex</strong></span> <span class='ocrx_word' id='word_1_961' title='bbox 2705 5566 2718 5585; x_wconf 88' lang='lat'><strong>,</strong></span> <span class='ocrx_word' id='word_1_962' title='bbox 2749 5525 3094 5594; x_wconf 85' lang='lat' dir='ltr'><strong>consequitur.</strong></span> <span class='ocrx_word' id='word_1_963' title='bbox 3122 5525 3246 5583; x_wconf 90' lang='lat' dir='ltr'><strong>Par.</strong></span> <span class='ocrx_word' id='word_1_964' title='bbox 3271 5544 3392 5584; x_wconf 88' lang='lat' dir='ltr'><strong>eum</strong></span> <span class='ocrx_word' id='word_1_965' title='bbox 3423 5549 3554 5592; x_wconf 86' lang='lat' dir='ltr'><strong>mss.</strong></span> 
     </span>
    </p>
   </div>
   <div class='ocr_carea' id='block_1_125' title="bbox 1970 5594 3557 5677">
    <p class='ocr_par' dir='ltr' id='par_1_125' title="bbox 1970 5594 3557 5677">
     <span class='ocr_line' id='line_1_128' title="bbox 1970 5594 3557 5677; baseline 0.007 -26"><span class='ocrx_word' id='word_1_966' title='bbox 1970 5595 2121 5652; x_wconf 88' lang='lat' dir='ltr'><strong>Colb.</strong></span> <span class='ocrx_word' id='word_1_967' title='bbox 2147 5608 2196 5649; x_wconf 90' lang='lat' dir='ltr'><strong>et</strong></span> <span class='ocrx_word' id='word_1_968' title='bbox 2216 5594 2399 5677; x_wconf 83' lang='lat' dir='ltr'><strong>Germ.</strong></span> <span class='ocrx_word' id='word_1_969' title='bbox 2422 5612 2484 5650; x_wconf 82' lang='lat' dir='ltr'><strong>ea:</strong></span> <span class='ocrx_word' id='word_1_970' title='bbox 2503 5597 2750 5666; x_wconf 86' lang='lat' dir='ltr'><strong>sequitur.</strong></span> <span class='ocrx_word' id='word_1_971' title='bbox 2777 5597 2979 5652; x_wconf 87' lang='lat' dir='ltr'><strong>Deinde</strong></span> <span class='ocrx_word' id='word_1_972' title='bbox 2999 5598 3162 5653; x_wconf 82' lang='lat' dir='ltr'><strong>Corb.</strong></span> <span class='ocrx_word' id='word_1_973' title='bbox 3188 5604 3557 5677; x_wconf 74' lang='lat' dir='ltr'><strong>expendendre,</strong></span> 
     </span>
    </p>
   </div>
   <div class='ocr_carea' id='block_1_126' title="bbox 1970 5668 2415 5739">
    <p class='ocr_par' dir='ltr' id='par_1_126' title="bbox 1970 5668 2415 5739">
     <span class='ocr_line' id='line_1_129' title="bbox 1970 5668 2415 5739; baseline -0.002 -17"><span class='ocrx_word' id='word_1_974' title='bbox 1970 5684 2074 5722; x_wconf 91' lang='lat' dir='ltr'><strong>non</strong></span> <span class='ocrx_word' id='word_1_975' title='bbox 2099 5668 2415 5739; x_wconf 60' lang='lat' dir='ltr'><strong>expetendas.</strong></span> 
     </span>
    </p>
   </div>
   <div class='ocr_carea' id='block_1_127' title="bbox 2044 5737 3565 5818">
    <p class='ocr_par' dir='ltr' id='par_1_127' title="bbox 2044 5737 3565 5818">
     <span class='ocr_line' id='line_1_130' title="bbox 2044 5737 3565 5818; baseline 0.008 -26"><span class='ocrx_word' id='word_1_976' title='bbox 2044 5737 2118 5811; x_wconf 84' lang='lat' dir='ltr'><strong>(k)</strong></span> <span class='ocrx_word' id='word_1_977' title='bbox 2155 5737 2209 5792; x_wconf 89' lang='lat' dir='ltr'><strong>lu</strong></span> <span class='ocrx_word' id='word_1_978' title='bbox 2238 5754 2376 5818; x_wconf 77' lang='lat' dir='ltr'><strong>rn_ss._</strong></span> <span class='ocrx_word' id='word_1_979' title='bbox 2397 5737 2653 5818; x_wconf 33' lang='lat' dir='ltr'><strong>bas.‘_\fat.</strong></span> <span class='ocrx_word' id='word_1_980' title='bbox 2683 5749 2737 5794; x_wconf 89' lang='lat' dir='ltr'><strong>et</strong></span> <span class='ocrx_word' id='word_1_981' title='bbox 2765 5737 3381 5818; x_wconf 37' lang='lat' dir='ltr'><strong>hiarthtale‘inlellectw</strong></span> <span class='ocrx_word' id='word_1_982' title='bbox 3406 5747 3565 5818; x_wconf 83' lang='lat' dir='ltr'><strong>ﬁdei:</strong></span> 
     </span>
    </p>
   </div>
   <div class='ocr_carea' id='block_1_128' title="bbox 1971 5808 3494 5886">
    <p class='ocr_par' dir='ltr' id='par_1_128' title="bbox 1971 5808 3494 5886">
     <span class='ocr_line' id='line_1_131' title="bbox 1971 5808 3494 5886; baseline 0.003 -19"><span class='ocrx_word' id='word_1_983' title='bbox 1971 5808 2245 5880; x_wconf 83' lang='lat' dir='ltr'><strong>corrupte.</strong></span> <span class='ocrx_word' id='word_1_984' title='bbox 2279 5808 2492 5867; x_wconf 75' lang='lat' dir='ltr'><strong>Videsis</strong></span> <span class='ocrx_word' id='word_1_985' title='bbox 2515 5810 2608 5866; x_wconf 90' lang='lat' dir='ltr'><strong>lib.</strong></span> <span class='ocrx_word' id='word_1_986' title='bbox 2641 5825 2701 5878; x_wconf 79' lang='grc' dir='ltr'><strong>ιι,</strong></span> <span class='ocrx_word' id='word_1_987' title='bbox 2733 5825 2883 5868; x_wconf 91' lang='lat' dir='ltr'><strong>num.</strong></span> <span class='ocrx_word' id='word_1_988' title='bbox 2908 5811 2981 5881; x_wconf 82' lang='lat'><strong>5;</strong></span> <span class='ocrx_word' id='word_1_989' title='bbox 3014 5821 3070 5868; x_wconf 89' lang='lat' dir='ltr'><strong>et</strong></span> <span class='ocrx_word' id='word_1_990' title='bbox 3095 5812 3190 5872; x_wconf 91' lang='lat' dir='ltr'><strong>lib.</strong></span> <span class='ocrx_word' id='word_1_991' title='bbox 3225 5833 3265 5886; x_wconf 84' lang='grc' dir='ltr'><strong>ι,</strong></span> <span class='ocrx_word' id='word_1_992' title='bbox 3315 5835 3371 5875; x_wconf 93' lang='lat' dir='ltr'><strong>n.</strong></span> <span class='ocrx_word' id='word_1_993' title='bbox 3406 5808 3494 5875; x_wconf 64' lang='lat'><strong>&#39;18.</strong></span> 
     </span>
    </p>
   </div>
   <div class='ocr_carea' id='block_1_129' title="bbox 3013 5911 3054 5970">
    <p class='ocr_par' dir='ltr' id='par_1_129' title="bbox 3013 5911 3054 5970">
     <span class='ocr_line' id='line_1_132' title="bbox 3013 5911 3054 5970; baseline 0 0"><span class='ocrx_word' id='word_1_994' title='bbox 3013 5911 3054 5970; x_wconf 84' lang='lat'><strong>7</strong></span> 
     </span>
    </p>
   </div>
  </div>
