4094 6180
463 327 572 386 207

1654 318 1903 379 SANCTI
1944 317 2197 377 lllLARll
2235 317 2545 378 EPISCOPI

3657 313 3768 375 208

466 445 544 517 (a)
581 441 884 499 Pharaoni?
906 441 1010 497 Aut
1032 437 1285 510 numquid
1315 437 1364 494 ei
1401 444 1646 494 naturam
1677 438 1772 494 Dei
1800 438 2070 506 intulit,et
2097 441 2144 501 Α
2174 438 2456 509 progenies
2485 435 2723 507 perfecta
2755 451 2768 487 :
2796 433 2916 504 quia
2948 433 3201 490 nativitas
3246 447 3353 489 non
3395 431 3561 489 habet
3594 431 3769 488 detri-

463 554 573 594 non
592 537 768 607 potius
787 536 838 591 in
858 551 980 591 eum
1001 534 1089 604 qui
1119 541 1384 588 metueret
1408 543 1694 600 terrorem,
1713 547 1835 587 eum
1860 531 2050 586 draco-

464 645 565 686 nes
594 632 830 700 magicos
859 627 1020 682 draco
1050 625 1220 697 Moysi
1242 641 1366 680 mox
1387 625 1535 697 virga
1558 639 1781 680 manens
1808 624 2050 689 devorat,

465 738 590 778 cum
615 719 952 793 cynomyiam
976 733 1134 790 quam
1161 719 1462 774 immiserat
1486 717 1670 788 abigit,
1693 733 1812 773 cum
1839 716 2057 787 grandi-

465 832 590 873 nem
609 823 876 886 potestate
898 828 999 884 qua
1029 821 1348 868 evocaverat
1363 812 1578 878 avertit,
1602 827 1721 866 cum
1738 812 1972 866 locustas
1994 824 2056 865 ea

464 906 664 960 virtute
716 920 817 975 qua
875 904 1154 959 invexerat
1182 903 1400 973 repulit,
1424 917 1547 958 cum
1578 903 1631 956 in
1656 901 2060 972 operationibus

466 997 585 1069 ejus
606 997 746 1070 magi
771 996 1096 1053 conﬁtentur
1125 997 1348 1067 digitum
1381 996 1474 1050 Dei
1502 1010 1621 1050 esse
1640 995 1937 1068 (Μεθώνη,
1958 994 2045 1060 1⁴2ς

464 1107 581 1160 vni,
618 1093 709 1157 5i;
739 1107 813 1158 ιι,
838 1093 908 1147 53
929 1108 943 1159 ;
961 1107 1018 1156 x,
1044 1089 1141 1156 l9;
1170 1105 1286 1156 vni,
1306 1087 1431 1162 19)?
1452 1089 1542 1145 Sic
1561 1088 1771 1160 Moyses
1795 1087 2060 1143 Pharaoni

465 1183 602 1240 deus
629 1183 788 1239 datus
815 1191 929 1246 est,
961 1183 1088 1238 dum
1127 1185 1364 1248 timetur,
1399 1181 1638 1254 (b)-dum
1681 1192 1864 1238 oratur
1889 1223 1902 1249 ,
1934 1182 2063 1237 dum

466 1263 642 1347 punit,
674 1275 801 1330 dum
855 1276 1120 1330 medetur.
1154 1273 1222 1328 Et
1263 1273 1407 1328 aliud
1437 1283 1521 1328 est
1565 1273 1726 1329 deum
1752 1274 1888 1337 dari,
1923 1273 2065 1328 aliud

465 1377 551 1426 est
581 1370 750 1425 Deum
782 1384 918 1424 esse.
952 1366 1030 1440 (i)
1066 1369 1138 1440 (c)
1169 1369 1225 1422 lu
1257 1368 1593 1424 Pharaonem
1634 1367 1776 1423 enim
1805 1367 1938 1423 deus
1975 1368 2071 1420 da—

467 1469 554 1515 tus
576 1470 660 1516 est
691 1478 704 1517 :
738 1469 993 1516 caeterum
1033 1474 1139 1514 non
1164 1459 1216 1514 ei
1245 1466 1330 1515 est
1365 1469 1419 1515 et
1449 1466 1638 1514 natura
1666 1469 1718 1514 el
1746 1474 1941 1515 nomen
1967 1500 1982 1526 ,
2012 1466 2072 1513 ut

465 1555 611 1609 Deus
633 1553 723 1610 sit.
753 1553 971 1608 Memini
1005 1568 1221 1622 quoque
1252 1560 1308 1608 et
1348 1551 1570 1608 alterius
1615 1551 2032 1623 nuncupationis
2052 1592 2068 1620 ,

467 1647 558 1701 ubi
591 1645 809 1711 dicitur,
840 1645 954 1718 Ego
981 1646 1111 1711 dixi,
1146 1645 1219 1699 dii
1250 1647 1370 1699 estis
1393 1643 1575 1716 (Psat.
1602 1661 1784 1713 LXXXI,
1815 1644 1886 1716 6)
1914 1687 1928 1711 ,
1973 1647 2072 1700 sed

465 1737 520 1791 in
543 1751 610 1791 eo
639 1736 828 1791 indulti
853 1737 1086 1792 nominis
1115 1737 1439 1808 signiﬁcatio
1463 1745 1565 1792 est.
1596 1737 1662 1791 Et
1691 1737 1778 1793 ubi
1810 1736 2069 1801 refertur,

2158 544 2401 587 mentum
2431 529 2753 601 generandi,
2780 543 2902 584 cum
2936 527 3237 599 profectum
3267 536 3445 584 teneat
3483 527 3770 588 nascendi.

2156 624 2223 680 Et
2245 623 2447 679 idcirco
2469 639 2655 678 earum
2675 637 2855 678 rerum
2890 621 3168 693 unigenito
3203 622 3314 676 Deo
3340 628 3518 690 aptata
3549 635 3752 689 Cogno-

2157 719 2301 773 mina
2333 726 2476 784 sunt,
2507 733 2626 788 qute
2654 733 2774 773 cum
2804 731 2926 772 eum
2959 716 3345 772 subsistentem
3374 729 3446 769 ex
3477 713 3766 769 nativitate

2160 819 2564 877 consumment,
2593 821 2774 866 tamen
2803 809 2881 884 (h)
2901 810 3046 866 Patri
3069 808 3235 864 insint
3261 823 3328 864 ex
3364 807 3775 864 indemutabilis

2160 905 2362 960 virtute
2388 912 2616 959 naturae.
2648 903 2968 974 Unigenitus
3011 902 3156 959 enim
3207 901 3354 956 Deus
3393 900 3619 955 verbum
3662 907 3771 966 est,

2164 996 2258 1052 sed
2286 995 2627 1050 innascibilis
2653 996 2813 1050 Pater
2837 1009 3129 1065 numquam
3163 993 3388 1048 omnino
3433 994 3553 1048 sine
3584 991 3774 1047 Verbo

2167 1098 2250 1146 est
2283 1107 2296 1143 :
2326 1104 2435 1144 non
2462 1088 2606 1158 quod
2635 1089 2865 1158 prolatio
2896 1088 3046 1144 vocis
3077 1094 3266 1142 natura
3296 1084 3375 1158 ('2)
3404 1085 3466 1158 (i)
3497 1086 3568 1139 sit
3602 1083 3728 1140 Filii
3756 1098 3772 1150 ;

2168 1180 2265 1237 sed
2296 1197 2361 1236 ex
2391 1181 2500 1236 Deo
2527 1181 2668 1236 Deus
2697 1196 2818 1236 cum
2861 1179 3158 1236 nativitatis
3185 1181 3414 1234 veritate
3432 1177 3774 1246 subsistens,

2167 1281 2226 1327 ut
2250 1286 2281 1325 a
2303 1271 2464 1328 Patre
2493 1273 2749 1341 proprius
2777 1281 2832 1328 et
2865 1289 2962 1342 per
3001 1281 3208 1327 natura:
3237 1269 3656 1325 indifferentiam
3692 1271 3778 1325 itt-

2171 1365 2496 1432 separabilis
2516 1366 2843 1434 doceretur,
2874 1365 3208 1437 signiﬁcatus
3239 1367 3292 1420 in
3320 1364 3486 1421 verbo
3515 1373 3619 1421 est.
3654 1365 3778 1422 Sic-

2168 1465 2229 1514 ut
2266 1458 2511 1514 Christus
2539 1457 2801 1529 sapientia
2843 1467 2898 1515 et
2933 1459 3102 1514 virtus
3132 1458 3225 1514 Dei
3268 1458 3388 1524 est,
3421 1473 3527 1513 non
3559 1457 3682 1524 ille,
3717 1467 3779 1514 ut

2171 1551 2398 1623 intelligi
2427 1553 2601 1619 solet,
2634 1553 2860 1608 interna:
2909 1551 3192 1624 potestatis
3221 1561 3314 1607 aut
3351 1566 3544 1608 sensus
3580 1550 3777 1608 efﬁcax

2172 1655 2352 1701 m0tus
2381 1664 2394 1698 :
2419 1645 2515 1701 sed
2539 1655 2728 1700 natura
2756 1655 2943 1702 tenens
2971 1661 3070 1718 per
3091 1647 3426 1702 nativitatem
3453 1644 3778 1702 substantia:

2175 1738 2478 1803 veritatem,
2513 1735 2599 1793 his
2626 1737 2956 1793 internarum
2990 1753 3172 1793 rerum
3212 1736 3512 1808 signiﬁcata
3542 1735 3780 1792 nomini-

465 1847 556 1901 ego
581 1830 714 1896 dixi,
738 1830 1008 1900 loquentis
1057 1830 1234 1900 potius
1263 1840 1346 1886 est
1390 1845 1588 1896 sermo,
1637 1845 1797 1900 quam
1841 1830 1919 1885 rei
1970 1844 2070 1884 no-
2101 1851 2150 1911 B
2176 1830 2277 1886 bus
2305 1841 2408 1886 est.
2440 1830 2557 1887 Non
2588 1834 2734 1886 enim
2756 1831 2808 1886 id
2840 1873 2854 1897 ,
2887 1831 3029 1902 quod
3061 1829 3335 1886 nascendo
3362 1830 3645 1896 subsistit,
3676 1843 3782 1899 po—

465 1931 590 1979 meh
616 1939 631 1978 :
664 1924 787 1994 quia
819 1923 898 1979 rei
927 1938 1123 1978 nomen
1152 1922 1559 1994 intelligentiam
1586 1925 1665 1979 rei
1691 1922 1869 1989 affert,
1900 1932 2065 1979 caete-

460 2033 583 2075 rum
611 2017 857 2073 voluntas
879 2018 1260 2088 appellationis
1280 2032 1347 2073 ex
1370 2017 1479 2072 alio
1503 2027 1606 2072 est.
1627 2017 1694 2071 Et
1724 2018 1814 2071 ubi
1844 2032 1904 2073 se
1930 2033 2070 2073 nun-

464 2108 772 2181 cupationis
797 2114 987 2164 auctor
1010 2107 1276 2175 ostendit,
1306 2107 1380 2163 ibi
1412 2122 1507 2178 per
1541 2122 1848 2162 sermonem
1880 2119 2069 2165 aucto-

463 2201 544 2258 ris
593 2212 678 2258 est
729 2203 1100 2273 nuncupatio,
1153 2215 1262 2257 non
1315 2200 1562 2257 naturale
1615 2217 1814 2256 nomen
1870 2201 1924 2256 in
1978 2217 2071 2272 ge-

465 2308 623 2349 nere.

541 2385 627 2442 11.
664 2386 832 2442 Filius
874 2403 967 2442 cur
1016 2387 1242 2454 verbum,
1275 2387 1530 2458 sapientia
1556 2397 1603 2444 et
1628 2389 1786 2445 uirtus
1809 2391 2070 2462 cagnomi-

464 2492 635 2538 netur.
673 2481 842 2537 Filius
873 2492 967 2546 est,
991 2492 1046 2537 ut
1070 2484 1278 2549 dicitur,
1302 2481 1462 2539 Deus.
1487 2515 1559 2525 —
1583 2486 1649 2538 At
1675 2499 1802 2540 vero
1828 2485 1916 2540 hic
1935 2483 2069 2541 Ver-

463 2575 593 2632 bum
641 2575 784 2631 Deus
825 2584 948 2632 est:
979 2575 1056 2648 (d)
1105 2591 1193 2631 res
1239 2575 1424 2632 existit
1451 2577 1502 2630 in
1533 2575 1744 2643 Verbo,
1773 2577 1935 2633 Verbi
1983 2591 2070 2632 res

465 2669 779 2726 enuntiatur
809 2667 862 2723 in
895 2669 1132 2724 nomine.
1162 2666 1320 2724 Verbi
1355 2669 1498 2724 enim
1541 2669 1834 2739 appellatio
1878 2670 1928 2723 in
1973 2669 2069 2725 Dei

464 2761 577 2816 ﬁlio
603 2762 670 2818 de
700 2771 1041 2818 sacramento
1071 2761 1368 2816 nativitatis
1393 2770 1502 2827 est,
1529 2761 1688 2816 sicuti
1719 2762 1997 2832 sapientia:
2018 2771 2074 2817 et

463 2853 682 2908 virtutis
703 2864 784 2907 est
808 2866 1004 2907 nomen
1033 2870 1045 2904 :
1071 2866 1190 2921 quae
1215 2866 1334 2905 cum
1365 2850 1434 2924 (e)
1460 2852 1513 2906 in
1542 2852 1709 2907 Deum
1750 2853 1914 2906 tilium
1947 2868 2069 2908 cum

464 2943 762 2998 substantia
784 2959 925 2998 verm
950 2941 1241 2996 nativitatis
1270 2944 1599 3010 exstiterint,
1635 2945 1702 3016 (Γ)
1725 2943 1840 2998 Deo
1865 2951 2069 3012 tamen,

463 3044 628 3090 utsua
653 3035 892 3106 propria,
916 3033 1160 3105 quamvis
1182 3050 1246 3091 ex
1275 3049 1341 3090 eo
1366 3035 1417 3090 in
1435 3036 1604 3090 Deum
1626 3037 1735 3091 sint
1753 3039 1908 3109 183
1925 3048 2070 3105 nata,

464 3143 574 3183 non
587 3127 800 3183 desunt.
835 3125 952 3181 Non
975 3126 1296 3194 enim,sicut
1326 3125 2072 3198 frequenterdictumanobis

2175 1931 2282 1980 test
2307 1923 2359 1979 id
2381 1925 2555 1995 ipsum
2583 1923 2752 1979 videri
2786 1939 2930 1990 esse,
2966 1923 3109 1994 quod
3143 1922 3432 1994 unicuique
3461 1923 3530 1996 (j)
3558 1937 3783 1992 semper

2171 2016 2441 2071 internum
2486 2024 2589 2071 est.
2620 2015 2727 2072 Sed
2779 2033 2843 2071 ex
2899 2025 3106 2072 aeterno
3144 2017 3256 2072 Deo
3287 2025 3439 2086 patre
3469 2016 3782 2086 unigenitus

2181 2108 2330 2164 ﬁlius
2360 2110 2413 2164 in
2456 2109 2839 2164 subsistentem
2870 2110 3038 2165 Deum
3091 2119 3268 2175 natus,
3310 2117 3370 2163 ut
3419 2124 3526 2164 non
3573 2108 3784 2164 alienus

2173 2217 2294 2260 esse
2317 2218 2349 2258 a
2378 2211 2572 2259 natura
2595 2213 2834 2274 paternae
2861 2203 3160 2259 divinitatis
3184 2213 3368 2274 posset
3398 2204 3648 2277 intelligi,
3680 2221 3784 2276 per

2173 2294 2292 2350 hate
2333 2295 2722 2364 proprietatum
2764 2296 2982 2350 nomina
3028 2294 3329 2351 subsistens
3375 2305 3626 2352 ostensus
3668 2304 3782 2366 est,

2172 2389 2367 2459 quibus
2401 2387 2477 2461 (k)
2506 2405 2570 2445 ex
2621 2406 2728 2459 quo
2766 2390 3080 2444 substiterat
3121 2405 3226 2444 non
3257 2390 3495 2446 carebat.
3516 2390 3661 2446 Deus
3685 2391 3789 2462 igic

2175 2491 2259 2538 tur
2285 2485 2372 2553 qui
2405 2495 2508 2552 e31,
2542 2500 2648 2540 non
2680 2494 2763 2541 est
2804 2486 2950 2542 aliud
2977 2501 3136 2556 quam
3168 2486 3332 2542 Deus.
3357 2485 3493 2540 Nam
3523 2501 3643 2542 cum
3676 2501 3781 2540 au-

2173 2575 2287 2639 dio,
2315 2575 2379 2629 Et
2415 2576 2553 2632 Deus
2591 2588 2698 2631 erat
2736 2576 2994 2640 Verbum;
3025 2595 3129 2632 non
3173 2577 3378 2633 dictum
3403 2578 3578 2633 solum
3619 2577 3788 2634 audio

2174 2668 2409 2724 Verbum
2444 2668 2506 2743 (ι)
2541 2670 2704 2725 Deum
2734 2712 2749 2736 ,
2783 2671 2876 2725 sed
2907 2670 3339 2725 demonstratum
3383 2669 3628 2740 intelligo
3656 2684 3788 2726 esse

2173 2759 2317 2831 quod
2348 2761 2489 2815 Deus
2515 2771 2598 2815 est
2627 2779 2640 2815 :
2671 2760 2766 2833 (ιιι)
2797 2764 2920 2831 quia
2948 2761 3087 2816 sicut
3117 2762 3366 2832 superius
3396 2761 3449 2815 in
3481 2761 3660 2832 Moyse
3677 2761 3786 2816 deo

2175 2862 2230 2908 et
2259 2854 2310 2908 in
2337 2855 2736 2925 cognominatis
2761 2855 2864 2909 diis
2889 2871 2983 2922 per
3003 2854 3420 2925 appellationem
3455 2868 3653 2909 nomen
3686 2852 3787 2930 ad-

2171 2945 2374 3016 jectum
2408 2946 2515 3011 sit;
2542 2947 2629 3002 hic
2654 2955 2833 3001 autem
2868 2946 2947 3019 (n)
2981 2962 3067 3003 res
3113 2946 3414 3019 signiﬁcata
3459 2931 3784 3003 substantia:

2176 3049 2258 3096 est
2281 3083 2294 3108 ,
2325 3057 2448 3097 cum
2472 3041 2689 3106 dicitur,
2714 3039 2857 3095 Deus
2897 3051 3024 3097 erat.
3055 3040 3189 3097 Esse
3209 3041 3354 3097 enim
3390 3055 3496 3096 non
3529 3049 3613 3096 est
3635 3039 3786 3096 acci-

2177 3133 2312 3190 deus
2369 3149 2608 3200 nomen,
2657 3135 2750 3189 sed
2803 3133 3108 3189 subsistens
3156 3133 3395 3199 veritas,
3448 3140 3503 3188 ct
3551 3144 3784 3187 manens

466 3230 570 3283 est,
603 3218 680 3292 (g)
711 3217 990 3274 divisionis
1019 3217 1070 3272 in
1102 3215 1262 3282 Filio,
1293 3219 1388 3274 sed
1421 3220 1716 3275 nativitatis
1758 3236 2072 3280 sacramen-
2100 3239 2146 3303 ρ
2179 3242 2361 3291 causa,
2388 3236 2443 3282 et
2472 3226 2735 3282 naturalis
2763 3227 2980 3297 generis
3012 3225 3331 3297 proprietas.

462 3319 576 3366 tum
603 3309 982 3380 praedicamus.
1010 3307 1121 3364 Nec
1147 3309 1417 3380 separatio
1459 3308 1559 3366 fuit
1588 3310 1905 3382 imperfecta
1924 3356 1938 3382 ,
1969 3317 2064 3374 sed

535 3425 617 3498 (i)
649 3423 717 3481 In
737 3425 996 3483 Fumone.

534 3540 611 3614 (a)
636 3541 692 3595 In
723 3540 975 3612 vulgatis,
1008 3551 1065 3598 ut
1093 3551 1148 3600 et
1177 3541 1345 3600 Paulo
1375 3551 1518 3612 ante,
1553 3541 1718 3599 Deum
1746 3543 2057 3604 Pharaonis.

462 3610 566 3668 llic
592 3610 700 3683 non
749 3610 1009 3680 repetitur
1036 3630 1135 3668 vox
1167 3615 1330 3668 Deum
1360 3621 1412 3669 in
1444 3610 1575 3670 mss.
1606 3632 1834 3683 quorum
1863 3619 1915 3674 in
1963 3635 2061 3675 vc-

461 3681 783 3760 tustiorihus
821 3683 1047 3760 habetur
1087 3685 1335 3760 Pharao,
1375 3687 1476 3740 ltoc
1507 3681 1734 3760 nomine
1748 3689 1901 3760 juxta
1926 3706 2063 3760 grte-

461 3769 587 3810 cum
638 3755 762 3832 θεὸν
819 3759 1042 3832 supatis,
1075 3772 1172 3824 per
1198 3757 1377 3832 varios
1405 3772 1563 3832 casus
1591 3775 1696 3812 non
1727 3755 1969 3815 inﬂexo':
2007 3762 2060 3816 in

466 3827 683 3898 caeteris
709 3826 912 3898 autem,
942 3826 1230 3893 Pharaoni,
1259 3828 1454 3898 quibus
1481 3829 1615 3882 infra
1642 3833 1986 3886 consentiunt
2006 3841 2062 3887 et

466 3897 619 3961 editi,
651 3896 862 3968 favente
885 3896 1174 3968 Ambrosio
1205 3896 1362 3966 epist.
1387 3914 1530 3952 nunc
1549 3914 1742 3964 xxvnt,
1776 3919 1830 3955 ιι.
1872 3903 1905 3956 8
1925 3943 1940 3968 ,
1970 3904 2060 3958 ubi

465 3968 616 4042 legit,
637 3964 930 4042 [iaciamte
943 3969 996 4022 in
1015 3966 1183 4042 Deum
1199 3964 1306 4042 regi
1325 3969 1616 4042 Pharaoni:
1639 3971 1729 4042 qui
1750 3971 1884 4026 alias
1903 3964 2062 4027 etiam

465 3987 616 4038 tegtt,
637 3987 673 4018 Ι*
688 3987 854 4020 actam
875 3987 921 4022 ιε
943 3987 996 4022 ιη
1015 3987 1183 4022 ucum
1199 3987 1305 4042 regt
1325 3987 1616 4023 t'naraom:
1679 3987 1884 4026 manas
1903 3987 2062 4027 etiam

465 4037 524 4112 in
535 4110 541 4112 _
567 4037 790 4112 casibus
829 4038 1060 4109 obliquis
1107 4041 1430 4112 plerumque
1467 4040 1617 4107 ponit
1639 3987 1875 4096 (Pharao.
1908 4043 2063 4112 Quod

461 4106 694 4182 Hilarius
731 4108 828 4182 hic
881 4106 1206 4166 ett—nomine
1252 4106 1349 4182 Dei
1392 4106 1710 4182 simpliciter
1736 4123 1789 4168 et
1815 4106 2066 4171 absolute

461 4179 589 4254 dato
615 4178 833 4232 coniicit
863 4181 1408 4254 argumentum,_i‘use
1436 4178 1782 4254 persequitur
1805 4184 2062 4251 Irenaeus,

464 4248 564 4304 lib.
595 4263 677 4308 ut.
710 4263 850 4324 cap._
875 4248 1099 4324 6,1inter
1127 4253 1231 4305 alia
1255 4248 1459 4313 dicens,
1494 4248 1673 4323 Neque
1702 4256 1856 4324 igitur
1881 4248 2064 4312 Domi;

463 4335 562 4372 nus
585 4360 600 4385 ,
631 4334 790 4397 neque
813 4319 1041 4397 Spiritus
1069 4333 1277 4397 sanctus
1299 4364 1328 4397 ,_
1347 4339 1504 4397 neque
1535 4319 1764 4397 ᾼρυδιοῖι
1795 4343 1940 4384 eum.
1971 4328 2065 4397 qui

465 4404 570 4443 non
593 4397 722 4441 esset
741 4387 903 4448 Deus.
926 4391 1183 4456 deﬁnitire
1209 4402 1254 4444 et
1278 4387 1506 4446 absolute
1531 4387 1688 4446 Deum
1716 4387 2060 4453 nominassent

453 4457 759 4533 aliquando,
803 4460 902 4512 nisi
949 4470 1079 4533 esset
1123 4478 1268 4516 uerus
1325 4463 1480 4516 Deus.
1544 4464 1607 4517 Et
1665 4474 1784 4532 post
1844 4483 2056 4533 pauca:

464 4527 592 4585 Cum
614 4540 894 4606 autemeos
919 4531 1004 4600 qui
1028 4548 1134 4606 non
1155 4543 1272 4606 sunt
1298 4533 1372 4586 dii
1399 4534 1649 4600 nominat,
1665 4527 1773 4589 ἰιοη
1794 4527 1855 4590 ὺί
1877 4547 2058 4606 totum,

458 4600 888 4678 qttemadtttottum
915 4603 1170 4678 praedixi,
1209 4603 1494 4678 Scriptura
1511 4607 1728 4678 ostendit
1766 4608 1885 4662 illos
1912 4600 2054 4678 deos,

2248 3319 2338 3375 i2.
2372 3317 2596 3374 Thomas
2623 3334 2738 3374 eum
2760 3319 3032 3388 conﬁtetur
3070 3316 3272 3387 Deum,
3303 3316 3472 3374 illaesa
3497 3316 3598 3375 Dei
3624 3317 3782 3374 unius

2259 3431 2446 3504 (2)811
2471 3434 2631 3502 ﬁlius.

2167 3558 2332 3622 turam
2351 3549 2568 3622 divisam
2585 3550 2980 3606 esseasserimtts
2997 3550 3048 3604 in
3074 3551 3184 3621 [ilio
3212 3550 3575 3622 :glossemata
3604 3553 3776 3608 varia.

2168 3619 2267 3674 Hic
2292 3621 2600 3675 excluditur
2619 3636 2681 3676 ea
2714 3623 3004 3687 sententia,
3031 3619 3185 3690 cujus
3210 3619 3464 3677 in'vidiam
3495 3623 3546 3678 in
3576 3621 3780 3679 Catho-

2167 3691 2302 3745 licos
2344 3690 2618 3763 conjicere
2641 3692 2935 3747 moliuntur
2961 3693 3172 3758 Ariani,
3203 3709 3385 3763 supra,
3412 3694 3506 3751 lib.
3542 3710 3613 3759 tv,
3637 3695 3776 3763 n.4,

2169 3771 2296 3832 puta
2323 3763 2460 3828 quod
2497 3779 2559 3817 ea:
2587 3762 2836 3816 divisione
2857 3774 3086 3832 paterna:
3114 3765 3416 3820 substantia:
3440 3782 3551 3821 esse
3598 3763 3646 3818 F
3649 3762 3778 3820 ilius

2167 3834 2484 3887 existimetur
2509 3873 2524 3898 ,
2577 3845 2680 3888 etc.
2715 3834 2912 3888 Eadem
2936 3834 3148 3889 ratione
3187 3837 3539 3897 Athana~ius.
3563 3835 3658 3892 Or.
3710 3837 3771 3902 2,

2169 3915 2316 3958 cont.
2334 3907 2452 3977 A_r.,
2474 3904 2667 3977 p.534,
2685 3903 2833 3959 verbi
2855 3915 2908 3959 et
2929 3907 3208 3973 sapientia:
3224 3909 3541 3977 cognomina
3565 3907 3698 3963 Filio
3716 3908 3777 3963 in

2171 3978 2344 4045 sacris
2371 3975 2566 4030 litteris
2587 3974 2710 4030 ideo
2730 3983 2908 4045 aptata
2940 3976 3119 4036 docet.
3150 3977 3273 4044 quia
3297 3974 3514 4043 verum,
3543 3988 3771 4033 natura-

2170 4044 2276 4119 lem
2307 4055 2470 4114 atque
2495 4044 2822 4119 coazternum
2865 4047 3071 4117 absque
3096 4048 3204 4103 ulla
3235 4049 3485 4119 passione
3522 4059 3613 4104 aut
3641 4065 3773 4119 par-

2169 4116 2361 4240 hitione
2411 4126 2649 4187 paterna:
2691 4116 3007 4173 subStantiaz
3055 4116 3249 4175 fetum’
3277 4123 3559 4192 aptissime
3595 4116 3772 4192 signi-

2210 4196 2354 4240 cant.

2210 4196 2354 4242 cant.

2243 4256 2321 4328 (h)
2365 4257 2454 4314 Sic
2484 4274 2586 4336 ms.
2631 4262 2718 4316 At.
2749 4260 2883 4317 edit.
2921 4259 3070 4316 Patri
3097 4278 3199 4317 non
3223 4262 3395 4318 desint
3426 4279 3447 4317 :
3501 4273 3556 4320 et
3598 4278 3768 4336 mox,

2171 4325 2311 4382 Deus
2330 4339 2378 4382 et
2402 4331 2605 4384 verbum
2626 4342 2718 4387 est.

2237 4398 2666 4476 (i)_Corb.Atnss.
2709 4405 2774 4459 sit
2811 4404 2951 4472 ﬁlius
2986 4421 3004 4460 :
3038 4406 3198 4462 male.
3231 4405 3357 4461 Vult
3387 4406 3586 4476 quippe
3615 4405 3773 4464 Hila-

2164 4469 2276 4522 rius
2305 4471 2355 4523 in
2400 4472 2701 4547 pgil_utione
2730 4469 2900 4542 vocis,
2941 4487 3208 4547 quatenus
3243 4477 3360 4533 haec
3380 4469 3632 4534 accidens
3656 4488 3769 4547 est,

2166 4549 2414 4596 naturam
2446 4541 2565 4598 Filii
2592 4563 2696 4600 non
2725 4562 2848 4600 esse
2869 4541 3050 4604 sitam.

2237 4612 2304 4684 (j)
2344 4613 2458 4669 Duo
2483 4631 2611 4670 mss.
2635 4619 3000 4692 sempiternum
3027 4631 3117 4682 est,
3141 4620 3294 4676 Mart.
3323 4638 3525 4692 semper
3543 4623 3596 4676 in
3618 4629 3772 4676 atter-

460 4671 548 4760 sed
575 4671 892 4760 caritatique
918 4674 1264 4760 additamenta
1285 4685 1332 4730 et
1362 4676 1756 4746 signiﬁcatione,
1785 4696 1874 4749 per
1901 4671 2056 4751 quam
2079 4675 2133 4735 D
2160 4671 2298 4760 num,
2311 4699 2385 4738 est
2418 4701 2436 4738 :
2461 4671 2994 4759 corruptefSemrper
3022 4671 3299 4754 internum,

463 4743 802 4797 ostenduntur
826 4759 926 4797 non
952 4760 1059 4797 esse
1079 4745 1171 4800 dii.

537 4813 617 4883 (ὁ)
655 4812 800 4867 Unus
830 4829 860 4868 e
903 4831 1034 4870 mss.
1064 4815 1215 4870 Colb.
1258 4816 1381 4870 dum
1407 4818 1688 4874 honoratur
1725 4837 1742 4874 :
1775 4822 2052 4880 mendose.

538 4883 760 4962 (cui-ss.
789 4884 842 4937 in
870 4883 1344 4962 PhargoneNcrtit
1364 4889 1619 4954 Irenatus,
1640 4893 1730 4946 lib.
1752 4909 1827 4956 ut,
1856 4909 1974 4962 cap.
2001 4895 2053 4962 6,

463 4951 961 5030 ant'e'Pharaonem.
1009 4958 1278 5030 Explicari
1311 4970 1486 5030 potest
1524 4951 1650 5017 illud
1677 5004 1691 5026 ,
1724 4965 1778 5016 in
1816 4951 2056 5020 'Pha'rao:

463 5041 578 5102 item
598 5065 614 5091 ,
642 5040 706 5078 ex
736 5027 1121 5102 superioribus.
1157 5027 1426 5102 Numquid
1451 5033 1498 5087 ei
1527 5042 1763 5088 naturam
1794 5033 1889 5089 Dei
1917 5038 2057 5092 inta-

461 5095 543 5161 lit,
574 5105 620 5148 et
651 5112 751 5149 non
778 5099 950 5166 potius
979 5101 1032 5153 in
1056 5117 1192 5164 eum,
1225 5095 1330 5155 etc'.

533 5166 612 5249 (ά)
643 5166 802 5249 Mart.
828 5183 932 5222 ms.
964 5181 1008 5222 et
1040 5188 1138 5225 res.
1173 5171 1270 5226 Hic
1301 5176 1709 5249 res__opponitur
1739 5177 2002 5234 accidenti
2030 5221 2047 5249 ,

459 5242 603 5306 quod
630 5242 962 5307 signiﬁcatur
992 5256 1088 5310 per
1117 5257 1312 5297 nomen
1337 5242 1628 5313 adjectum.

531 5325 603 5399 (ε)
633 5326 752 5410 En,
777 5328 916 5401 Lips
960 5341 1014 5386 et
1039 5331 1160 5387 Par.
1207 5334 1260 5387 in
1285 5331 1384 5388 Dei
1406 5337 1573 5406 ﬁlium
1603 5355 1622 5394 :
1659 5341 1926 5412 castigant
1955 5359 2050 5400 ve-

459 5406 603 5452 teres
629 5400 774 5453 libri.

483 5413 603 5452 eres
629 5413 774 5454 IlDl‘l.

535 5489 606 5560 (ι’)
621 5490 738 5577 μου
758 5501 859 5577 est.
894 5493 1060 5577 Patri,
1095 5497 1179 5552 cui
1232 5497 1476 5577 verbum.
1503 5503 1674 5572 virtus
1703 5515 1758 5561 et
1785 5508 2048 5577 sapientia

459 5574 568 5651 non
602 5562 1068 5651 desunt,‘q.uat'nvis
1090 5585 1237 5651 exeo
1266 5568 1475 5642 (minus
1504 5566 1627 5645 apte
1652 5581 1792 5648 apud
1825 5562 2052 5651 L'ip's.et

457 5630 582 5686 Par.
613 5649 677 5688 ex
705 5635 831 5706 Deo)
849 5630 912 5690 'in
941 5636 1109 5693 Deum
1135 5641 1238 5694 sint
1265 5630 1406 5697 nata.

533 5722 610 5796 (g)
662 5724 719 5802 in
742 5740 843 5782 ms.
871 5726 1044 5802 Cori).
1066 5741 1249 5788 natura
1275 5734 1560 5802 divisionis,
1583 5737 1636 5796 in
1662 5756 1771 5798 uno
1796 5743 1969 5800 Vatic.
1995 5753 2050 5802 et

458 5793 615 5851 Mart.
645 5795 710 5850 de
733 5806 915 5853 natura
943 5799 1227 5874 divisionis,
1258 5807 1420 5876 apud.
1455 5793 1795 5869 Baddet—Er.
1816 5793 2044 5872 ῇὲἷὶιᾶὶ

2162 4753 2450 4831 inhaerens,
2475 4753 2939 4827 quod'uutnquaut
2965 4763 3016 4816 in
3052 4753 3319 4831 projiriam
3350 4753 3768 4820 subsistentiam

2161 4826 2398 4905 evadat}
2432 4831 2607 4905 qualis
2639 4832 2688 4885 in
2720 4826 2873 4905 nobis
2900 4826 3176 4905 estvi'rtus
3203 4847 3295 4889 aut
3327 4836 3616 4905 sapientia.

2198 4967 2210 4979 _
2233 4896 2654 4979 (k)'Supple,_is.
2683 4901 2934 4979 nimirum
2976 4904 3139 4960 Pater
3165 4947 3179 4971 ,
3211 4907 3298 4974 qui
3333 4896 3544 4961 vii'tutis
3567 4921 3631 4962 ac
3673 4921 3768 4964 sa-

2159 4973 2376 5044 pientia:
2408 4973 2827 5039 proprietatibus
2859 4991 3150 5044 numquam
3177 4973 3370 5032 caruit.

2162 5109 2185 5163 ί
2235 5038 2316 5162 (Ib
2336 5040 2412 5095 Ex
2443 5038 2572 5097 ntSS.
2603 5044 2938 5100 restituimus
2969 5038 3054 5102 hic
3084 5046 3275 5116 Deum,
3304 5064 3368 5104 ac
3395 5049 3641 5119 proxime
3677 5049 3767 5106 in-

2186 5125 2238 5163 ra
2321 5127 2432 5163 eus.

2186 5125 2238 5163 τε
2269 5125 2432 5165 Deus.

2232 5180 2325 5250 (tn)
2355 5183 2467 5247 En,
2491 5181 2638 5260 Lips.
2667 5193 2722 5240 et
2745 5186 2867 5243 Par.
2890 5187 3013 5260 quia
3037 5205 3137 5245 non
3167 5191 3299 5247 sicut
3329 5208 3348 5247 :
3373 5192 3523 5249 nullo
3560 5193 3766 5251 suifra-

2169 5263 2330 5321 gante
2362 5263 2544 5309 vetere
2566 5255 2723 5311 libro.

2234 5321 2313 5409 (ιι)
2349 5321 2496 5407 Unus
2525 5341 2724 5409 e.tnnss.
2754 5326 2907 5409 Coll).
2931 5348 3014 5409 res
3031 5333 3323 5409 signi/iaetu
3341 5336 3629 5391 substantia
3657 5344 3757 5409 est.

2161 5392 2324 5467 garb.
2355 5397 2428 5448 rei
2446 5397 2738 5467 significata
2765 5401 3048 5457 substantia
3077 5392 3150 5460 Est
3168 5392 3349 5460 Ὺίιιά.
3376 5423 3588 5464 neotton
3620 5392 3757 5464 edit.

2161 5462 2290 5546 Bad.
2316 5474 2370 5519 et
2396 5462 2599 5546 lit-fres
2629 5472 2919 5546 signiﬁcata
2940 5493 2974 5528 a
3004 5475 3291 5530 substantia
3317 5462 3760 5535 estdiietiherhué

2159 5535 2977 5617 aliorumlibrorum'lectionem
3002 5590 3014 5607 ,
3039 5561 3162 5617 quae
3210 5551 3290 5602 sic
3327 5550 3615 5604 commode
3651 5566 3760 5617 po-

2159 5615 2264 5693 test
2285 5607 2534 5693 intelligi,
2564 5628 2643 5666 res
2663 5614 2962 5693 substantia:
2978 5607 3270 5693 signiﬁcata
3296 5632 3408 5688 est;
3439 5631 3496 5675 ut
3526 5607 3762 5693 hiciere

2157 5677 2417 5755 idipsum
2445 5677 2516 5736 sit
2544 5685 2693 5755 quod
2715 5685 2869 5741 initio
2892 5677 3046 5744 num:
3073 5677 3326 5755 ll,Verbi
3357 5677 3436 5747 res
3458 5691 3762 5746 enuntiatur

2156 5747 2469 5890 ggﬁq'tltéilne,
2501 5747 2586 5811 vel
2616 5753 2914 5814 substantia
2937 5769 3010 5814 est
3035 5801 3048 5828 ,
3082 5747 3269 5832 id'est,
3300 5761 3368 5819 ad
3395 5762 3757 5819 substantiam
