4094 6180
371 217 485 276 209

1589 217 1675 273 DE
1717 216 2093 276 TRINITATE
2136 215 2340 274 LIBER
2381 217 2492 275 νη.

3571 227 3678 287 9.10

374 335 502 404 ﬁde.
535 333 760 389 Thomas
794 333 958 389 Deum
996 344 1184 390 natura
1221 335 1512 404 proﬁtetur.
1545 333 1729 405 Neque
1760 335 1854 390 hoc
1881 352 1976 390 no-
2006 338 2063 399 Α
2161 336 2248 390 15.
2273 334 2431 390 Pater
2458 346 2504 391 et
2530 336 2672 406 ﬁlius
2697 355 2830 393 unus
2859 348 3058 396 tantum
3087 351 3160 396 est
3185 340 3346 398 Deus.
3375 374 3447 386 -—
3472 343 3678 402 Nomen

373 443 493 482 men
524 435 727 480 recusat
757 425 1012 482 Christus.
1042 458 1114 467 —
1143 427 1210 482 Et
1230 425 1506 482 videamus
1532 442 1598 482 an
1632 427 1771 482 hanc
1798 426 1974 482 Evan-

373 519 589 591 gelistze
628 519 1094 589 praedicationem,
1143 520 1373 588 apostoli
1427 519 1650 575 Thomte
1705 519 1975 575 confessio

369 621 764 683 consequatur,
793 629 918 668 cum
985 613 1081 679 ait,
1133 612 1382 668 Dominus
1420 631 1561 669 meus
1589 624 1634 669 et
1663 612 1804 668 Deus
1830 630 1975 667 meus

369 705 571 777 (Joan.
601 722 673 762 xx
701 749 714 771 ,
743 705 868 776 28).
903 706 1046 762 Dens
1095 707 1252 775 igitur
1297 723 1424 762 suns
1466 717 1570 775 est,
1600 723 1762 777 quem
1805 708 1974 762 Deum

369 799 685 853 conﬁtetur.
710 797 775 852 Et
796 809 946 853 certe
966 797 1170 854 dictum
1197 814 1302 853 non
1331 799 1613 869 ignorabat
1641 815 1672 854 a
1707 801 1931 854 Domino
1958 821 1970 854 :

370 891 537 956 Audi,
560 889 753 956 Israel,
797 890 1053 947 Dominus
1086 892 1221 946 Deus
1251 902 1369 946 tuus
1409 910 1542 947 unus
1579 905 1651 948 est
1685 893 1864 966 (Deut.
1895 911 1971 960 Vl,

369 984 432 1056 4)
466 1003 479 1036 :
513 996 567 1039 et
591 985 864 1055 quomodo
888 986 1182 1056 apostolica
1209 985 1342 1041 ﬁdes
1363 988 1974 1057 principalisinnnemor

371 1088 458 1132 est
479 1076 619 1132 facta
642 1077 898 1144 mandati,
930 1087 987 1131 nt
1012 1077 1172 1150 184
1206 1077 1372 1133 Deum
1393 1078 1663 1134 Christum
1688 1084 1974 1136 conﬁtere-

373 1178 483 1234 tur,
520 1186 644 1225 cum
679 1172 731 1225 in
777 1170 936 1226 unius
964 1172 1060 1227 Dei
1088 1180 1233 1227 esset
1276 1173 1616 1229 confessione
1653 1173 1976 1230 vivendum?

371 1263 482 1320 Sed
515 1264 810 1333 Apostolus
841 1263 1009 1319 totius
1036 1264 1366 1320 sacramenti
1407 1264 1566 1321 ﬁdem
1599 1281 1694 1334 per
1724 1267 1974 1322 virtutem

369 1355 788 1412 resurrectionis
813 1356 1151 1427 intelligens.
1184 1372 1306 1414 cum
1351 1359 1659 1429 frequenter
1684 1360 1926 1416 audisset
1959 1379 1972 1415 :

371 1448 498 1521 Ego
548 1460 592 1506 et
639 1450 798 1506 Pater
851 1469 1010 1506 unum
1057 1464 1391 1520 sumus;et:
1426 1454 1614 1509 Omnia
1657 1472 1772 1526 qua:
1801 1455 1978 1511 Patris

367 1552 518 1609 sunt,
551 1559 660 1596 mea
704 1553 854 1609 sunt;
885 1555 941 1601 et
971 1563 984 1598 :
1019 1543 1133 1616 Ego
1172 1549 1226 1600 in
1271 1545 1464 1614 Putre,
1517 1559 1564 1602 et
1595 1547 1753 1604 Pater
1801 1550 1852 1603 in
1898 1567 1976 1605 me

372 1634 560 1706 (Joan.
594 1653 650 1702 x,
681 1637 785 1702 50;
821 1654 929 1704 xvr,
961 1640 1063 1703 15;
1095 1656 1202 1704 xtv,
1239 1640 1331 1712 il)
1367 1641 1510 1711 :jam
1537 1643 1652 1698 sine
1683 1643 1804 1699 ﬁdei
1834 1645 1976 1714 peri-

369 1727 496 1782 culo
544 1738 750 1784 natura:
803 1745 998 1784 nomen
1049 1733 1331 1788 confessus
1377 1743 1461 1788 est
1499 1751 1513 1788 :
1563 1735 1687 1805 quia
1718 1734 1786 1789 ab
1816 1738 1973 1790 unius

363 1820 465 1874 Dei
507 1821 678 1889 patris
711 1821 1047 1892 professione
1093 1825 1281 1895 religio
1326 1841 1432 1880 non
1481 1825 1756 1882 excideret
1805 1827 1971 1882 Deum

363 1911 617 1968 confessa
645 1913 744 1968 Dei
775 1913 968 1980 ﬁlium,
989 1930 1111 1972 cum
1137 1917 1187 1970 in
1215 1915 1323 1972 ﬁlio
1347 1917 1439 1972 Dei
1470 1933 1576 1972 non
1608 1918 1709 1972 nisi
1736 1929 1972 1987 paterna:

361 2018 577 2064 naturae
604 2008 808 2062 veritas
835 2007 1180 2077 crederetur;
1217 2025 1316 2066 nec
1355 2011 1458 2066 sub
1485 2013 1709 2067 alterius
1743 2013 1834 2068 Dei
1866 2014 1969 2069 im-

363 2099 457 2167 pia
511 2099 858 2156 confessiOue
916 2100 1048 2157 ﬁdes
1097 2112 1304 2158 natura:
1353 2105 1749 2174 periclitaretur
1788 2105 1968 2176 unius,

361 2191 493 2260 quia
521 2207 630 2248 non
661 2192 883 2247 alterius
906 2192 1000 2248 Dei
1043 2202 1288 2250 naturam
1331 2194 1566 2265 perfecta
1601 2197 1695 2252 Dei
1722 2199 1972 2254 nativitas

363 2283 664 2340 attulisset.
718 2283 1017 2340 Veritatem
1080 2286 1240 2356 igitur
1291 2289 1590 2358 evangelici
1644 2293 1970 2349 sacramenti

361 2374 608 2431 Thomas
638 2376 946 2448 intelligens
969 2417 986 2444 ,
1021 2377 1306 2434 Dominum
1336 2394 1489 2435 suum
1521 2394 1575 2437 et
1604 2383 1772 2438 Deum
1813 2399 1969 2440 suum

363 2481 496 2524 esse
518 2465 804 2522 confessus
834 2479 938 2524 est.
966 2467 1083 2525 Non
1127 2469 1213 2525 hic
1241 2470 1464 2528 honoris
1488 2482 1570 2529 est
1615 2489 1811 2532 nomen
1832 2519 1847 2542 ,
1873 2478 1968 2533 sed

361 2571 582 2618 natura:
603 2561 876 2618 confessio
900 2573 983 2618 est
1015 2585 1030 2618 :
1061 2565 1221 2620 rebus
1244 2568 1388 2622 enim
1415 2567 1546 2638 ipsis
1573 2578 1736 2640 atque
1763 2571 1972 2626 virtuti-

361 2656 467 2712 bus
492 2657 665 2712 Deum
687 2656 937 2713 credidit.
959 2659 1023 2713 Et
1053 2659 1311 2715 Dominus
1337 2662 1685 2731 professionis
1707 2664 1864 2734 hujus
1887 2680 1974 2722 re-

361 2749 627 2822 ligionem
660 2765 765 2806 non
799 2753 1021 2807 honoris
1043 2767 1163 2808 esse
1188 2753 1404 2821 docuit,
1439 2755 1533 2810 sed
1565 2755 1725 2823 ﬁdei,
1748 2758 1969 2825 dicens,

365 2842 511 2908 Quia
538 2842 712 2896 uidisti
737 2841 836 2913 (a),
870 2843 1134 2898 credidisti
1164 2861 1183 2900 :
1214 2845 1345 2900 beati
1374 2847 1460 2916 qui
1482 2864 1588 2901 non
1628 2848 1862 2903 uiderunt
1882 2893 1896 2916 ,
1925 2861 1972 2905 et

356 2935 695 2988 crediderunt
721 2933 900 3008 (Joan.
931 2951 1032 3002 xx,
1055 2935 1170 3007 29).
1200 2937 1400 2992 Videns
1424 2939 1567 2993 enim
1593 2939 1829 2996 Thomas
1850 2957 1968 2999 cre-

363 3028 530 3084 didit.
556 3029 663 3086 Sed
690 3028 820 3100 quid
851 3029 1084 3085 credidit
1105 3031 1348 3101 quaeris?
1375 3032 1442 3087 Et
1469 3033 1593 3102 quid
1625 3033 1769 3089 aliud
1795 3036 1971 3091 credi-

357 3120 451 3178 dit
493 3138 652 3192 quam
708 3122 982 3192 professus
1025 3131 1109 3179 est
1164 3141 1178 3177 :
1231 3122 1484 3179 Dominus
1522 3141 1663 3180 meus
1712 3136 1762 3182 et
1828 3118 2040 3190 DeusC

357 3231 515 3270 meus
536 3215 645 3287 (b)?
675 3215 1058 3272 Resurresisse
1088 3216 1232 3271 enim
1264 3233 1360 3287 per
1386 3231 1445 3272 se
1466 3233 1532 3273 ex
1553 3221 1781 3276 mortuis
1811 3221 1864 3276 in
1892 3223 1967 3278 vi-

362 3310 621 3370 tam.nisi
648 3309 741 3365 Dei
767 3319 956 3366 natura
988 3326 1094 3366 non
1125 3311 1331 3381 potuit:
1356 3323 1410 3368 et
1439 3313 1660 3369 creditae
1687 3314 1966 3386 religionis

361 3406 506 3463 ﬁdes
538 3408 638 3463 hoc
659 3417 741 3463 est
768 3408 1029 3478 professa.
1055 3408 1200 3479 quod
1229 3409 1369 3464 Deus
1401 3420 1505 3466 est.
1532 3413 1687 3468 Anne
1717 3427 1846 3483 ergo
1869 3429 1968 3468 no-

360 3518 495 3559 men
527 3502 622 3558 Dei
653 3518 760 3559 uon
793 3513 998 3558 natura:
1023 3519 1113 3558 res
1142 3505 1563 3572 existimabitur,
1589 3521 1710 3560 cum
1757 3507 1968 3576 profes-

360 3593 452 3649 sio
487 3596 719 3651 nominis
749 3595 910 3651 ﬁdem
959 3603 1166 3650 naturae
1211 3597 1432 3652 creditae
1476 3597 1546 3652 sit
1582 3599 1802 3652 secuta?
1830 3599 1965 3655 Nam

359 3688 558 3758 utique
585 3688 869 3759 religiosus
895 3688 1035 3742 ﬁlius
1061 3728 1073 3749 .
1109 3697 1162 3743 et
1192 3689 1282 3758 qui
1315 3704 1422 3744 non
1450 3690 1784 3745 voluntatem
1809 3706 1964 3747 suam

361 3783 463 3838 sed
491 3783 610 3854 ejus
639 3784 732 3853 qui
761 3798 824 3838 se
851 3785 1074 3838 miserat
1105 3781 1334 3847 faceret,
1368 3791 1422 3838 et
1447 3784 1536 3854 qui
1567 3799 1672 3840 non
1703 3784 1964 3842 honorem

360 3891 532 3933 suum
563 3874 657 3931 sed
678 3875 796 3945 ejus
819 3891 849 3930 a
875 3890 984 3946 quo
1009 3884 1233 3930 venerat
1259 3885 1547 3944 qmereret,
1579 3875 1839 3932 honorem
1869 3878 1966 3932 hu-

356 3971 455 4042 jus
485 3971 540 4025 in
583 3985 643 4025 se
670 3971 904 4024 nominis
953 3980 1296 4035 recusasset;
1329 3985 1398 4025 ne
1442 3970 1585 4040 quod
1634 3970 1749 4040 ipse
1801 3989 1962 4028 unum

364 4061 542 4117 Deum
573 4061 962 4132 prmdicaverat
991 4102 1005 4126 ,
1035 4061 1354 4117 solveretur.
1387 4062 1492 4118 Sed
1516 4078 1642 4119 vere
1668 4075 1723 4119 et
1743 4074 1966 4135 aposto-

362 4154 489 4209 lica:
523 4155 642 4210 ﬁdei
670 4155 982 4226 mysterium
1012 4152 1356 4221 conﬁrmans,
1379 4162 1435 4210 et
1459 4163 1664 4210 natura:
1696 4156 1752 4211 in
1780 4171 1840 4214 se
1871 4174 1966 4228 pa-

365 4255 546 4301 ternae
596 4262 792 4302 nomen
846 4261 1170 4317 agnoscens,
1216 4247 1404 4301 beatos
1451 4260 1574 4302 esse
1615 4246 1830 4314 docuit,
1877 4250 1969 4320 qui

364 4353 494 4393 cum
517 4336 587 4410 (ε)
612 4353 672 4393 se
699 4348 1066 4408 resurgentem
1083 4353 1114 4393 e
1141 4339 1366 4392 mortuis
1381 4354 1486 4394 non
1505 4338 1781 4410 vidissent,
1801 4341 1970 4398 Deunt

369 4440 556 4486 tamen
587 4445 682 4501 per
709 4431 1122 4487 resurrectionis
1147 4429 1554 4502 intelligentiam
1589 4431 1967 4492 credidissent.

443 4569 530 4642 (1)
561 4568 818 4626 Uuitotent
847 4577 1012 4624 tamen
1040 4577 1257 4623 naturae.

2081 430 2242 501 igitur
2267 439 2495 498 naturae,
2522 430 2647 487 ﬁdei
2669 440 2867 488 nostra:
2893 450 2999 490 non
3026 435 3229 490 deserit
3261 437 3674 507 professionem.

2078 521 2284 578 Nomen
2333 523 2498 588 enim,
2545 524 2688 594 quod
2741 540 2855 580 rem
2906 541 3337 598 unamquamque
3386 530 3677 600 signiﬁcat,

2079 630 2192 669 rem
2222 631 2435 686 quoque
2462 616 2706 686 ejusdem
2752 620 2968 689 generis
3017 622 3297 677 ostendit:
3331 633 3384 677 et
3413 623 3524 693 jam
3569 641 3678 681 non

2079 723 2167 762 res
2195 707 2315 763 dua:
2355 719 2502 774 sunt,
2535 709 2632 764 sed
2679 724 2765 764 res
2809 712 3022 780 generis
3079 712 3322 780 ejusdem
3373 724 3478 770 est.
3509 716 3680 774 Filius

2079 815 2312 869 namque
2342 801 2437 856 Dei
2461 801 2604 855 Deus
2629 810 2742 866 est;
2769 801 2871 856 hoc
2893 803 3035 857 enim
3065 805 3223 878 185
3245 804 3578 876 signiﬁcatur
3607 823 3678 864 ex.

2078 894 2318 948 nomine.
2355 892 2468 948 Non
2513 895 2650 948 duos
2697 893 2830 950 deos
2859 907 3219 952 connumerat
3249 912 3444 953 nomen
3472 915 3676 967 unum;

2077 985 2201 1054 quia
2225 986 2380 1040 unius
2414 995 2574 1055 atque
2601 985 2962 1042 indifferentis
2988 998 3192 1043 natum
3220 989 3301 1062 (d)
3332 1007 3498 1046 unum
3535 994 3677 1050 Deus

2079 1093 2272 1131 nomen
2317 1086 2419 1133 est.
2449 1076 2582 1134 Cum
2622 1080 2765 1134 enim
2805 1087 2860 1134 et
2898 1079 3060 1135 Pater
3101 1082 3240 1136 Deus
3282 1095 3396 1149 est,
3425 1095 3478 1138 et
3510 1084 3678 1142 Filius

2078 1171 2220 1226 Deus
2246 1181 2350 1235 est.
2384 1183 2436 1226 et
2466 1172 2742 1241 proprium
2773 1180 2982 1227 natura:
3003 1173 3200 1228 dixina:
3232 1191 3427 1231 nomen
3453 1177 3504 1230 in
3531 1187 3681 1232 ntro-

2077 1277 2184 1332 que
2215 1264 2320 1328 sit;
2353 1275 2584 1334 uterque
2614 1279 2778 1318 unum
2807 1273 2935 1320 sunt
2964 1282 2978 1318 :
3003 1265 3124 1334 quia
3154 1281 3277 1320 cum
3305 1267 3563 1323 subsistat
3582 1268 3676 1323 Fi-

2078 1352 2182 1408 lius
2210 1368 2274 1408 ex
2297 1354 2574 1409 nativitate
2600 1355 2669 1426 (e)
2691 1365 2920 1421 naturae,
2947 1355 3026 1426 (i)
3050 1357 3308 1412 unitatem
3338 1367 3516 1414 tamen
3547 1374 3680 1414 con-

2077 1457 2260 1503 servat
2303 1449 2357 1504 in
2405 1450 2620 1505 nomine
2651 1469 2664 1504 :
2696 1465 2797 1506 nec
2825 1450 2893 1504 ad
2923 1449 3316 1520 professionem
3349 1451 3513 1507 duum
3545 1451 3680 1507 deo-

2077 1553 2194 1594 rum
2236 1542 2486 1596 nativitas
2510 1541 2990 1598 Filiicredentinm
3025 1542 3183 1598 ﬁdem
3211 1544 3376 1615 Cogit,
3431 1561 3555 1616 qum
3578 1545 3681 1600 Pa-

2081 1639 2216 1687 trem
2242 1641 2298 1687 et
2319 1633 2538 1700 Filium,
2573 1644 2629 1689 ut
2664 1636 2821 1689 unius
2851 1644 3078 1703 naturae,
3108 1637 3177 1690 ita
3213 1638 3370 1692 unius
3399 1639 3681 1707 proﬁtetur

2003 1727 2051 1788 B
2079 1733 2134 1779 et
2164 1726 2418 1780 nominis.
2447 1727 2542 1780 Est
2574 1727 2750 1786 itaque
2782 1728 2875 1781 Dei
2907 1726 3020 1782 ﬁlio
3048 1727 3117 1799 (Ῑ)
3150 1743 3345 1784 nomen
3383 1744 3448 1784 ex
3481 1732 3680 1786 nativi-

2081 1826 2208 1872 tate.
2262 1819 2358 1873 l-lic
2387 1819 2529 1873 enim
2562 1819 2718 1874 nobis
2763 1819 3030 1874 secundus
3061 1820 3126 1874 ad
3159 1821 3680 1878 demonstrationem

2075 1909 2275 1978 gradus
2317 1919 2435 1974 est,
2493 1920 2552 1964 ut
2595 1910 2738 1965 Deus
2790 1911 2862 1964 sit
2905 1924 2971 1964 ex
3019 1911 3315 1966 nativitate.
3341 1912 3678 1983 Quamquam

2076 2003 2205 2057 mihi
2236 2001 2412 2057 adhuc
2440 2002 2506 2057 de
2531 2001 2864 2073 proprietate
2905 2004 3142 2058 nominis
3187 2005 3422 2074 supersit
3450 2016 3671 2074 aposto-

2075 2110 2176 2165 lica
2205 2109 2500 2164 auctoritas
2529 2125 2543 2160 :
2568 2106 2664 2162 sed
2693 2108 2910 2161 interim
2941 2105 3310 2178 evangelicum
3331 2106 3508 2178 placet
3535 2117 3678 2164 trac-

2076 2212 2190 2258 tare
2219 2215 2546 2257 sermonem.

2149 2294 2235 2349 M.
2289 2292 2461 2348 Filius
2496 2302 2551 2347 ut
2593 2301 2744 2348 natus
2791 2309 2856 2348 ex
2891 2290 3039 2359 Deo,
3071 2290 3170 2347 Dei
3213 2301 3453 2347 naturam
3500 2293 3672 2347 habet.

2076 2387 2242 2444 Nasci
2272 2397 2320 2443 et
2341 2398 2560 2457 captum
2578 2403 2684 2442 esse
2706 2403 2808 2442 non
2830 2387 2986 2442 idem.
3017 2417 3088 2428 —
3113 2386 3183 2443 Et
3211 2386 3441 2457 primum
3468 2400 3674 2457 quau-0,

2073 2499 2237 2555 quam
2283 2483 2537 2538 nativitas
2584 2481 2682 2536 ﬁlii
2727 2492 2931 2538 naturae
2974 2483 3270 2538 novitatem
3317 2482 3554 2551 potuerit
3599 2482 3682 2536 in-

2073 2574 2250 2640 ferre,
2282 2591 2350 2629 ne
2375 2575 2514 2630 Deus
2535 2575 2639 2630 sit?
2665 2573 3039 2645 lntelligemite
3071 2574 3213 2630 istud
3257 2575 3507 2630 humanae
3548 2589 3678 2630 sen-

2073 2685 2167 2725 sus
2197 2668 2469 2736 excludit,
2501 2677 2558 2722 ut
2584 2668 2785 2738 aliquid
2835 2682 2865 2722 a
2898 2676 3087 2722 natura
3118 2668 3344 2738 originis
3395 2683 3509 2724 sua:
3556 2683 3680 2724 nas-

2073 2763 2247 2817 cendo
2276 2762 2546 2817 diversum
2579 2763 2649 2816 sit
2687 2779 2699 2814 :
2753 2759 2857 2816 nisi
2905 2760 3046 2817 forte
3072 2761 3216 2831 quod
3255 2777 3322 2816 ex
3363 2771 3678 2818 naturarum

2073 2855 2388 2912 diversitate
2415 2863 2758 2923 conceptum,
2792 2869 2988 2910 novum
3041 2854 3241 2926 aliquid
3273 2852 3351 2926 (g)
3399 2854 3451 2908 in
3501 2869 3562 2909 se
3593 2857 3676 2920 (et

2073 2949 2145 3003 ita
2175 2947 2243 3002 sit
2270 2947 2486 3017 generis
2513 2948 2814 3016 utriusque,
2838 2945 2982 3016 quod
3023 2956 3270 3002 neutrum
3299 2945 3393 3017 sit)
3416 2945 3676 3002 veniatin

2073 3041 2270 3108 vitam;
2298 3040 2442 3112 quod
2473 3041 2524 3096 in
2551 3038 2836 3111 pecoribus
2859 3053 2922 3094 ac
2945 3038 3132 3094 bestiis
3154 3039 3410 3094 usitatum
3438 3047 3541 3094 est.
3563 3038 3674 3095 Sed

2074 3151 2137 3192 ea
2180 3136 2294 3199 ipsa
2345 3135 2556 3190 novius
2611 3149 2718 3190 non
2769 3134 2946 3199 inest,
3001 3133 3106 3188 nisi
3138 3147 3204 3188 ex
3256 3133 3504 3217 conpatis
3553 3148 3679 3203 pro-

2075 3228 2396 3299 prietatibus
2466 3227 2570 3283 sub
2635 3226 2945 3282 diversitate
3023 3235 3256 3281 naturae:
3327 3234 3383 3280 et
3448 3224 3680 3281 diversi-

2076 3331 2237 3380 tatem
2299 3323 2381 3394 (lt)
2450 3336 2637 3377 eorum
2703 3321 2954 3376 nativitas
2997 3335 3104 3376 non
3128 3319 3348 3386 intulit,
3403 3319 3497 3374 sed
3520 3333 3652 3374 acce

2073 3415 2190 3486 pit,
2251 3414 2378 3469 dum
2432 3413 2484 3468 id
2541 3421 2721 3481 tenet,
2755 3412 2898 3484 quod
2949 3427 3017 3468 ex
3064 3423 3292 3482 utroque
3355 3410 3456 3466 sibi
3507 3427 3674 3466 unum

2074 3516 2176 3564 est.
2212 3507 2278 3562 Et
2311 3523 2434 3563 cum
2466 3507 2580 3562 hmc
2609 3507 2662 3561 in
2711 3505 2794 3561 his
2823 3505 3200 3575 corporalibus
3242 3504 3420 3559 causis
3461 3511 3516 3558 et
3564 3517 3680 3573 pas-

2075 3598 2320 3655 siouibus
2347 3599 2419 3654 ita
2468 3598 2609 3662 sint;
2643 3597 2764 3668 quis
2808 3612 2940 3667 rogo
2968 3595 3122 3652 furor
3168 3604 3290 3662 est,
3341 3595 3678 3652 nativitatem

2069 3691 2330 3762 unigeniti
2360 3691 2452 3746 Dei
2481 3689 2550 3746 ad
2577 3691 2902 3761 degenerem
2925 3705 2990 3744 ex
3027 3689 3137 3744 Deo
3163 3689 3366 3744 referre
3395 3697 3674 3743 naturam:

2067 3799 2190 3841 cum
2216 3783 2465 3838 nativitas
2508 3797 2612 3837 non
2633 3781 2734 3836 nisi
2757 3797 2821 3836 ex
2857 3781 3186 3851 proprietate
3227 3789 3432 3834 natura:
3479 3779 3584 3846 sit;
3619 3786 3677 3834 et

2063 3877 2176 3948 jam
2209 3878 2462 3933 nativitas
2483 3891 2589 3932 non
2613 3876 2736 3941 erit,
2769 3875 2812 3930 si
2843 3874 3147 3946 proprietas
3189 3882 3396 3928 natura:
3441 3872 3494 3925 in
3527 3872 3673 3926 nati-

2071 3972 2236 4027 vitate
2260 3987 2367 4027 non
2401 3971 2559 4026 fuerit
2580 3971 2604 4025 Ἰ
2637 3970 2771 4025 Hinc
2796 3971 2886 4026 ille
2915 3968 3090 4024 omnis
3109 3978 3274 4022 aestus
3297 3975 3353 4022 et
3381 3965 3533 4022 furor
3555 3975 3664 4036 est,

2068 4072 2128 4119 ut
2150 4065 2202 4119 in
2235 4063 2345 4119 ﬁlio
2377 4063 2467 4119 Dei
2493 4077 2598 4118 non
2629 4063 2878 4117 nativitas
2921 4062 2990 4116 sit
3016 4103 3030 4125 ,
3064 4059 3161 4116 sed
3183 4057 3429 4123 creatio;
3465 4069 3523 4112 ut
3560 4073 3670 4114 non

2071 4165 2276 4213 natura:
2301 4172 2414 4213 suae
2440 4156 2702 4228 originem
2726 4155 3028 4211 subsistens
3069 4161 3285 4218 teneat,
3308 4153 3404 4209 sed
3436 4152 3670 4208 alienam

2071 4267 2102 4308 a
2136 4252 2245 4308 Deo
2279 4251 2348 4307 de
2398 4266 2505 4307 non
2558 4249 2892 4306 exstantibus
2936 4257 3147 4304 sumat:
3197 4247 3322 4318 quia
3375 4245 3671 4302 secundum

2072 4345 2215 4416 quod
2246 4345 2350 4401 ait:
2382 4343 2445 4418 (i)
2496 4345 2646 4413 Quod
2684 4344 2748 4399 de
2793 4359 2946 4398 carne
2986 4341 3250 4406 nascitur,
3298 4355 3419 4394 caro
3465 4349 3579 4405 est;
3625 4349 3675 4394 et

2073 4436 2209 4507 quod
2237 4437 2299 4492 de
2323 4436 2564 4509 spiritus,
2617 4436 2804 4507 spiritu
2831 4444 2904 4490 est
2933 4432 3112 4505 (Joan.
3147 4447 3227 4501 tu,
3258 4429 3347 4501 6),
3378 4429 3502 4503 quia
3530 4429 3674 4486 Deus

443 4712 523 4786 (α)
549 4712 649 4769 Hic
674 4711 1035 4784 expunximus
1056 4726 1154 4776 me,
1185 4709 1507 4766 auctoritate
1529 4715 1771 4765 veterum
1802 4707 1970 4765 libro-
1994 4707 2049 4769 D
2074 4709 2408 4782 intelligenda
2429 4710 2666 4786 nativitas
2685 4726 2711 4786 ί
2732 4709 2898 4786 et‘lib.
2922 4708 3336 4786 vm,num.18‘:
3360 4723 3452 4760 nec
3477 4721 3568 4786 per
3588 4721 3674 4760 sa.

372 4801 526 4929 tua)
556 4853 841 4927 Antiquior
890 4853 1060 4910 codex
1108 4851 1263 4910 Colb.
1296 4867 1421 4909 cum
1447 4852 1632 4908 Germ.
1662 4849 1802 4906 Deus
1831 4867 1973 4906 meus

372 4945 427 4984 ﬂ
555 4997 882 5053 Particulam
940 4999 996 5051 in
1049 4996 1135 5052 hic
1197 4994 1616 5067 praetermittunt
1637 4993 1976 5050 vetustiores

373 5071 519 5126 libri.

449 5143 532 5208 (ά)
553 5141 611 5196 In
633 5154 768 5195 mss.
797 5138 953 5193 Mart.
983 5148 1038 5193 et
1062 5137 1218 5195 Corb.
1259 5155 1420 5193 unum
1450 5136 1546 5192 Dei
1566 5151 1786 5192 nomen:
1811 5135 1972 5193 male.

377 5212 475 5268 llic
507 5213 644 5267 Deus
667 5209 1057 5272 materialiter.
1087 5220 1147 5264 ut
1174 5211 1357 5272 aiunt.
1389 5210 1638 5264 sumitur.

451 5286 526 5356 (e)
549 5283 896 5356 Vocabulum
923 5291 1124 5336 natura:
1151 5283 1201 5356 i_n
1237 5283 1382 5356 prius
1404 5280 1640 5356 vulgatis
1657 5280 1966 5356 interpunc-

384 5352 527 5412 tione
563 5353 822 5411 dividitur
849 5353 917 5406 ab
947 5352 1286 5407 antecedenti
1328 5367 1488 5418 voce,
1520 5352 1970 5422 conjungiturque

382 5442 506 5484 cum
547 5425 922 5495 subsequenti.
974 5423 1464 5490 lnlcrpunctimtem
1511 5433 1781 5477 mutamus
1807 5463 1822 5483 ,
1857 5432 1968 5495 tum

381 5501 505 5570 quia
533 5500 669 5552 alias
699 5493 980 5570 retnolior_
999 5504 1145 5570 esset
1170 5495 1423 5570 particula
1467 5504 1634 5547 tamen
1657 5535 1670 5557 ,
1705 5504 1814 5548 tum
1845 5493 1969 5562 quia

382 5565 636 5637 frequens
663 5577 746 5622 est
772 5567 910 5637 apud
941 5565 1195 5620 Hilarium
1219 5568 1454 5620 nativitas
1484 5575 1680 5618 naturae
1699 5606 1713 5630 ,
1745 5579 1842 5637 pro
1870 5580 1966 5637 na-

383 5634 593 5696 tivitate
623 5634 889 5702 natura—li,
940 5647 997 5692 ut
1025 5637 1206 5692 videre
1233 5647 1315 5692 est
1358 5640 1410 5692 in
1459 5637 1545 5691 his
1577 5652 1722 5690 num.
1767 5634 1837 5688 22
1864 5651 1876 5687 :
1903 5636 1970 5689 At

385 5711 502 5767 vero
522 5721 576 5767 ut
603 5713 656 5765 in
689 5707 869 5765 natura
915 5709 1031 5766 licet
1077 5704 1210 5780 Dei,
1245 5719 1441 5767 natum
1468 5715 1634 5763 tamen
1665 5723 1729 5763 ex
1773 5704 1880 5763 Deo
1906 5706 1973 5760 sit

2079 4779 2397 4835 crumentum
2433 4781 2824 4849 dispensationis
2851 4797 3010 4834 unum
3039 4790 3188 4846 sunt,
3230 4779 3320 4833 sed
3347 4794 3436 4843 per
3473 4785 3671 4849 natura:

2080 4852 2410 4905 nativitatem.
2448 4847 2636 4906 ln'tns.
2688 4853 2842 4906 Mart.
2867 4865 2970 4906 vox
3000 4860 3199 4904 natura:
3218 4863 3431 4904 rursum
3457 4847 3666 4917 repeti-

2081 4933 2166 4977 tur
2197 4931 2315 4988 post
2344 4923 2590 4976 unitatem
2620 4931 2806 4976 tamen.

2150 4993 2223 5064 (f)
2249 4993 2302 5047 In
2326 4993 2717 5047 recentioribus
2746 4993 3020 5064 dumtaxat
3049 5004 3178 5064 mss.
3195 5063 3202 5064 ί
3219 5006 3391 5064 verum
3412 5005 3625 5064 nomen.

2153 5060 2229 5136 (9⁷)
2257 5064 2511 5136 Erasmus
2533 5079 2633 5136 pro
2653 5065 2706 5118 ίη
2733 5080 2818 5136 δεῖν
2835 5060 3245 5136 ,m'ebamﬂ
3277 5061 3489 5129 Πυθίης
3509 5061 3668 5116 dein.

2153 5083 2170 5136 (
2214 5083 2229 5131 )
2257 5083 2511 5119 nrasmus
2533 5083 2633 5133 pro
2653 5083 2706 5118 ιη
2733 5083 2818 5127 88,
2843 5083 3078 5116 ῐῐιξιιυυςιι
3105 5083 3245 5115 ιιισιι.
3277 5083 3489 5129 utpmus
3509 5083 3666 5116 "Clll-

2077 5134 2148 5190 de
2175 5083 2309 5206 Yegit
2335 5177 2350 5198 .
2385 5145 2430 5190 et
2451 5136 2588 5203 quod
2616 5135 2720 5206 ita.
2742 5133 2926 5206 addito
2954 5133 3114 5206 quod.
3146 5131 3207 5188 ln
3240 5138 3533 5206 vetustiore
3560 5147 3666 5190 ms.

2080 5203 2290 5276 Remig.
2319 5206 2586 5261 omittitur
2605 5205 2804 5274 aliquid
2828 5205 2880 5258 in
2907 5221 2978 5258 se.
3017 5203 3074 5258 In
3123 5219 3225 5258 ms.
3241 5203 3372 5276 _Vat.
3402 5203 3517 5258 bas.
3573 5219 3668 5259 ex—

2077 5287 2205 5343 stat,
2231 5274 2428 5349 utiquid
2451 5287 2636 5348 prwter
2656 5279 2754 5332 ista
2778 5278 2844 5333 sit
2864 5276 3082 5348 generis,
3105 5285 3209 5332 etc.
3241 5274 3345 5332 Pro
3369 5283 3418 5332 et
3436 5277 3529 5342 ita,
3555 5289 3668 5330 ma-

2075 5350 2159 5420 gis
2192 5351 2460 5420 placeret,
2491 5359 2545 5403 ut
2573 5351 2662 5403 ita.

2149 5420 2230 5488 (Ιι)
2259 5419 2316 5475 In
2351 5437 2450 5476 ms.
2505 5423 2622 5475 bas.
2644 5419 2765 5476 Vat.
2809 5437 2983 5476 eorum
3016 5433 3250 5474 morum:
3279 5417 3626 5489 interpolatio
3649 5459 3666 5484 ,

2078 5491 2232 5561 cujus
2261 5493 2378 5546 loco
2423 5491 2727 5560 intelligere
2752 5501 2836 5549 est
2881 5507 3059 5547 eorum
3100 5505 3374 5560 pecorum,
3405 5507 3435 5544 a
3471 5489 3670 5561 quibus

2075 5563 2195 5618 scil.
2226 5571 2402 5619 exstat
2431 5562 2699 5619 nativitas.
3537 5612 3543 5618 .

2076 5703 2124 5762 Β
2149 5635 2228 5717 (ἱ).
2256 5635 2418 5691 Solus
2464 5636 2633 5692 codex
2679 5634 2798 5692 Vat.
2849 5633 2966 5692 bas.
2999 5646 3122 5692 cum
3164 5633 3319 5692 Mart.
3356 5632 3445 5692 hic
3485 5632 3672 5703 addit,

2128 5722 2344 5762 οιηιηηε.

2128 5722 2344 5762 omtnus.
