4094 6180
464 227 562 282 ’ΞΗ

1686 201 1930 277 ςΑΝετῐ
1974 197 2225 275 mutui
2269 203 2568 274 EPISCOPI

3653 226 3759 280 9i!

469 345 694 415 spiritus
720 343 835 409 est,
889 355 992 395 non
1024 339 1329 411 ambiguum
1381 339 1450 393 sit
1501 335 1742 393 nascenti
1788 331 2064 391 diverSum
2088 337 2138 396 Α
2170 331 2367 386 nostra:
2394 331 2593 403 jitdicia
2624 347 2743 386 cum
2772 331 2990 386 humani
3023 347 3211 387 sensus
3235 337 3487 406 opinione
3523 355 3767 395 commu-

469 445 633 507 atque
663 433 895 489 alienum
923 431 1121 502 aliquid
1148 431 1216 486 ab
1241 445 1306 484 eo
1337 431 1402 485 ei
1430 443 1537 502 quo
1564 429 1642 504 (α)
1671 439 1829 485 natus
1859 428 1928 483 sit
1956 441 2061 483 n0n

470 527 670 583 inesse.
703 522 958 579 Nalivitas
991 522 1148 591 igitur
1201 519 1292 576 Dei
1325 515 1490 576 Deum
1521 523 1728 592 perlicit
1762 565 1776 587 ,
1810 523 1870 575 ut
1922 520 2063 577 Dens

472 634 579 676 non
609 627 817 688 coeptus
842 615 1170 685 intelligatur
1201 614 1359 686 183
1386 629 1506 668 esse
1534 656 1546 680 ,
1578 613 1670 668 sed
1719 619 1876 668 natus
1903 632 1914 667 :
1938 612 2062 682 quia

469 703 704 782 coeptum
733 719 856 765 esse
876 751 890 775 ,
917 717 1091 774 potest
1122 709 1226 761 nan
1257 707 1307 761 id
1339 709 1508 776 ipsum
1538 721 1657 762 esse
1681 704 1821 772 quod
1869 703 2014 758 nasci
2048 746 2063 770 ,

468 804 594 861 dum
617 819 776 859 omne
802 799 1039 870 emptum
1071 807 1164 854 aut
1192 816 1256 855 ex
1283 799 1452 854 nihilo
1483 801 1534 853 in
1577 793 1776 868 aliquid
1803 795 2023 852 exsistit
2049 836 2065 860 ,

470 908 562 953 aut
583 909 651 951 ex
676 895 781 950 alio
810 895 862 948 in
889 893 1032 947 aliud
1069 893 1275 962 prolicit
1298 899 1352 946 et
1378 887 1602 955 desinit;
1629 889 1687 944 ut
1713 905 1776 943 ex
1803 898 1943 941 terra
1975 900 2070 939 au-
2100 946 2110 952 ,

473 995 614 1052 rum,
647 997 702 1042 ut
733 999 798 1041 ex
845 985 1032 1040 solidis
1061 977 1261 1052 liquida
1283 1025 1298 1046 ,
1333 987 1385 1036 tu
1421 997 1485 1036 ex
1521 977 1725 1049 frigidis
1771 978 2065 1041 ferventia,

473 1082 528 1137 iit
555 1098 624 1137 ex
651 1081 787 1135 albis
815 1081 1061 1148 punicea,
1095 1085 1150 1131 ut
1177 1092 1241 1130 ex
1268 1074 1422 1145 aquis
1449 1072 1760 1136 animantia,
1788 1081 1845 1124 nt
1864 1085 1930 1125 ex
1953 1069 2070 1122 ina-

472 1176 634 1230 nimis
657 1174 914 1229 viientia:
949 1171 1042 1226 Dei
1071 1179 1246 1226 autem
1280 1169 1419 1226 filius
1442 1187 1614 1240 neque
1637 1186 1702 1224 ex
1733 1169 1899 1223 nihilo
1931 1168 2070 1222 Deus

475 1267 642 1335 C(Bpii.
667 1272 806 1330 esse,
842 1261 934 1318 sed
991 1272 1148 1316 natus
1175 1273 1292 1325 est;
1344 1275 1516 1331 neque
1563 1259 1705 1314 aliud
1745 1257 1943 1329 aliquid
1976 1255 2073 1312 iuit

479 1369 602 1412 ante
629 1362 788 1427 quam
817 1349 959 1409 Deus
983 1361 1064 1408 es‘t
1095 1352 1379 1426 (aLesset).
1401 1353 1578 1419 Atque
1604 1351 1672 1406 ita
1702 1352 1790 1422 qui
1823 1352 1873 1404 in
1905 1350 2072 1404 Deum

478 1454 636 1505 natus
663 1458 766 1513 est,
804 1462 902 1502 nec
943 1446 1104 1515 capit
1135 1446 1276 1515 quod
1309 1445 1447 1499 Deus
1486 1456 1567 1498 est
1603 1441 1678 1515 (1)
1711 1442 1787 1514 (b)
1822 1455 1920 1496 nec
1948 1456 2074 1512 pro-

474 1540 623 1597 fecit.
656 1540 830 1595 Tenet
879 1539 1062 1608 itaque
1119 1536 1368 1590 nativitas
1422 1550 1539 1588 eam
1572 1550 1638 1589 ex
1683 1549 1785 1604 qua
1839 1533 2076 1587 substitit

477 1635 748 1695 naturain,
778 1639 831 1684 et
860 1629 999 1682 ﬁlius
1026 1628 1119 1683 Dei
1149 1641 1256 1682 non
1287 1625 1432 1681 aliud
1458 1639 1618 1696 quam
1651 1624 1792 1696 quod
1822 1625 1962 1680 Deus
1991 1631 2077 1678 est

480 1721 746 1778 subsistit.

553 1815 638 1869 15.
676 1811 848 1866 Natus
868 1826 982 1865 vere
1001 1825 1066 1864 ex
1093 1808 1201 1864 Deo
1240 1817 1349 1876 est,
1377 1808 1462 1862 cui
1490 1805 1628 1862 Deus
1649 1814 1722 1861 est
1749 1815 1894 1877 pater
1913 1802 1960 1859 et
1993 1807 2076 1858 cui

480 1911 594 1963 cum’
621 1907 727 1961 Deo
753 1901 1041 1976 aequalitas.
1095 1901 1394 1973 /Equalitas
1439 1901 1528 1955 nec
1567 1899 1664 1954 soli
1708 1899 1946 1970 competit
1988 1913 2079 1952 nec

484 1999 712 2056 diversis.
746 2030 817 2041 —-
845 1999 929 2068 t2)
963 2003 1069 2052 Aut
1108 1999 1334 2068 quiSque
1381 1995 1504 2050 hinc
1549 1993 1802 2064 ambigit,
1851 1992 2022 2048 discat
2048 2008 2080 2048 a

486 2093 688 2151 Judteis
730 2092 1136 2162 intelligentiam
1185 2099 1426 2155 natum,
1452 2088 1537 2143 vel
1571 2087 1748 2158 potius
1790 2093 2084 2156 cognoscat

487 2189 555 2243 ab
581 2189 873 2258 Evangelio
917 2186 1198 2241 veritatem
1245 2181 1569 2247 nativitatis,
1607 2182 1658 2236 in
1687 2194 1795 2244 quo
1822 2180 2084 2247 scriptum

487 2293 591 2347 est,
624 2280 845 2350 Propter
885 2279 980 2332 Itoc
1006 2277 1173 2347 magis
1216 2275 1511 2342 quterebant
1548 2288 1662 2326 eum
1689 2270 1862 2324 Judaei
1885 2269 2085 2338 interfi-

430 2391 432 2394 '
489 2385 633 2441 cere,
661 2373 901 2443 quoniam
949 2375 1049 2423 no'n
1093 2371 1264 2424 solum
1310 2367 1536 2421 solvebat
1576 2365 1838 2420 sabbatum
1863 2404 1878 2428 ,
1907 2363 1995 2417 sed
2040 2373 2089 2417 et

489 2461 626 2537 quod
649 2466 913 2535 proprium
945 2462 1039 2520 tibi
1069 2471 1272 2532 patrem
1307 2461 1503 2515 dicebat
1528 2455 1698 2511 Deum
1719 2497 1732 2522 ,
1759 2455 2008 2520 (aqualem
2035 2467 2090 2508 se

493 2557 688 2626 faciens
722 2553 830 2609 Deo
855 2553 1034 2624 (Jaatt.
1070 2569 1122 2618 v,
1155 2550 1270 2623 18).
1314 2548 1429 2606 Non
1461 2547 1638 2615 nunc,
1674 2556 1735 2602 ut
1783 2552 1835 2601 in
1878 2545 2091 2601 caeteris

495 2648 672 2712 solet,
716 2646 1025 2702 Judazorum
1069 2658 1248 2698 sermo
1275 2641 1344 2695 ab
1380 2640 1464 2695 his
1505 2639 1679 2695 dictos
1707 2640 1966 2694 refertur:
1998 2652 2092 2694 ex-

499 2740 691 2810 positio
719 2738 894 2808 potius
925 2736 1041 2791 hazc
1072 2735 1429 2805 Evarigelista:
1459 2741 1561 2794 est.
1592 2747 1807 2787 causam
1836 2732 2092 2786 demons-

495 2836 686 2890 trantis
711 2847 809 2887 cur
850 2833 1136 2888 Dominum
1177 2830 1484 2885 interﬁcere
1512 2828 1684 2884 Judaei
1712 2826 1930 2883 vellent.
1965 2825 2096 2881 Ces-

494 2940 575 2982 sat
605 2929 700 2999 (al.
725 2926 924 2995 ceSset)
965 2939 1094 2994 ergo
1123 2933 1220 2992 per
1256 2922 1586 2991 impietatem
1611 2921 2096 2990 blasphemantium

497 3021 704 3074 vitiosa:
742 3017 1112 3088 intelligentiae
1161 3017 1480 3076 excusatio;
1528 3029 1649 3068 eum
1706 3028 1800 3083 per
1857 3013 2096 3083 Apostoli

2168 424 2253 478 nia
2285 425 2411 502 sint,
2447 433 2503 478 ut
2532 433 2584 478 et
2610 423 2858 478 nativitas
2889 431 3093 478 natura:
3137 424 3331 482 habeat
3357 429 3719 498 :equalitatem
3747 476 3762 500 ,

2168 515 2222 571 et
2252 505 2340 570 tih'i
2373 517 2652 584 aequalitas
2683 525 2790 581 est,
2819 531 2993 586 neque
3034 519 3188 591 187
3229 521 3464 576 alienum
3492 521 3692 595 aliquid
3737 543 3767 582 a

2169 623 2228 664 se
2258 607 2425 678 possit
2447 615 2566 664 esse
2586 652 2600 675 ,
2627 623 2724 663 nec
2769 609 2972 674 solum;
3007 619 3180 666 tamen
3211 627 3275 667 ex
3317 614 3448 684 ipsis
3479 615 3634 672 dietis
3665 617 3768 672 do-

2172 701 2384 755 minicis
2415 697 2570 770 hujus
2593 717 2805 772 quoque
2826 704 3089 757 sermonis
3111 707 3278 759 nostri
3300 703 3430 760 iides
3450 701 3768 765 affirmando

2171 802 2273 851 est.
2304 806 2372 846 ne
2400 793 2674 846 temeritas
2703 793 3130 859 contradicendi,
3155 795 3256 851 sub
3278 796 3522 852 libertate
3541 799 3770 857 diversa:

2173 884 2256 956 (5)
2291 886 2340 939 in
2365 887 2672 940 nominibus
2700 885 3096 957 intelligentiae,
3130 885 3208 959 (ά)
3247 890 3440 944 audeat
3473 892 3770 960 professio-

2174 977 2332 1032 nibus
2379 975 2542 1032 divini
2593 977 2658 1032 de
2691 992 2751 1031 se
2797 977 3088 1032 testimonii
3134 980 3422 1035 contraire.
3474 973 3773 1051 Respondit

2174 1072 2318 1126 enim
2353 1071 2644 1125 Dominus:
2696 1070 2817 1124 Non
2847 1080 3012 1139 potest
3054 1069 3222 1126 Filius
3250 1073 3312 1127 ab
3341 1092 3394 1129 se
3426 1080 3595 1146 facere
3617 1075 3770 1146 quid-

2175 1175 2327 1232 quam
2345 1205 2360 1227 ,
2388 1163 2490 1217 nisi
2514 1161 2652 1230 quod
2676 1162 2856 1216 viderit
2881 1161 3089 1217 Patrem
3112 1167 3416 1235 facientem:
3441 1186 3774 1240 quwcamque

2176 1251 2417 1308 enimille
2442 1253 2601 1324 facit,
2650 1256 2825 1307 eadem
2864 1261 2911 1307 et
2936 1245 3103 1310 Filius
3145 1251 3270 1326 facit
3309 1257 3557 1313 iintiliter.
3613 1261 3775 1316 Pater

2177 1346 2311 1400 enim
2343 1343 2514 1416 diligit
2541 1342 2586 1398 F
2590 1345 2732 1398 ilium
2752 1388 2764 1411 ,
2811 1353 2855 1399 et
2886 1347 3058 1400 omnia
3086 1345 3400 1403 demonstrat
3440 1353 3484 1406 ei
3508 1351 3623 1423 qua:
3664 1355 3776 1422 ipse

2180 1437 2339 1508 facit:
2364 1442 2414 1488 et
2455 1436 2656 1508 majora
2685 1435 2869 1488 horum
2913 1435 3070 1504 Opera
3113 1431 3470 1494 demonstrabit
3495 1443 3570 1508 ei,
3605 1429 3662 1498 ut
3693 1461 3776 1498 vos

2179 1525 2524 1580 admiremini.
2556 1525 2703 1581 Sicut
2730 1526 2865 1579 enim
2889 1524 3046 1581 Pater
3070 1530 3289 1583 suscitat
3328 1533 3554 1586 mortuos
3582 1543 3628 1588 el
3652 1535 3777 1589 vitti-

2179 1619 2321 1688 ﬁcat,
2351 1634 2424 1672 sic
2447 1628 2491 1671 et
2519 1616 2690 1671 Filius
2714 1623 2838 1688 quos
2867 1617 2975 1672 butt
3015 1620 3254 1689 aiatﬁcal.
3292 1621 3404 1676 Nec
3448 1625 3581 1679 enim
3619 1621 3778 1682 Pater

2105 1717 2153 1777 Β
2171 1710 2376 1781 judicat
2405 1723 2727 1780 quemwam,
2758 1711 2846 1766 sed
2887 1727 3035 1765 onme
3054 1715 3315 1784 judicium
3351 1713 3489 1771 dedit
3519 1715 3657 1772 Filio
3681 1765 3694 1785 ,
3723 1733 3779 1776 ut

2181 1817 2355 1856 omnes
2403 1804 2742 1872 honoriﬁcent
2789 1802 2986 1858 Filium
3014 1806 3144 1859 sicut
3167 1805 3507 1877 honoriﬁcam
3545 1801 3777 1868 Patrem.

2186 1897 2258 1968 (ε)
2290 1894 2392 1960 Qui
2422 1909 2524 1949 non
2569 1895 2880 1962 handriﬁcdt
2925 1894 3153 1962 Filium,
3203 1893 3304 1952 non
3334 1895 3640 1971 Itanori/icat
3671 1897 3781 1957 Ρα-

2185 1998 2330 2052 trem,
2354 1989 2442 2058 qui
2467 1988 2606 2041 misit
2626 1988 2772 2042 illum
2792 1987 2958 2060 (Ibid.
2987 1987 3075 2055 i9,
3107 1997 3156 2043 et
3183 1989 3365 2065 seqq).
3395 1991 3784 2066 l’rtipoSitiOIIis

2185 2078 2403 2150 quidem
2433 2077 2566 2132 ordo
2602 2079 2655 2132 id
2684 2080 2958 2149 exigebat,
2995 2091 3050 2134 ut
3093 2082 3302 2152 singula
3332 2093 3560 2156 qumque
3586 2083 3786 2158 g’enera

2187 2169 2523 2242 singularum
2553 2181 3014 2244 quarumcumque
3063 2185 3348 2230 causarum
3391 2185 3790 2248 pertraetaren-

2191 2269 2306 2329 tur;
2357 2263 2560 2333 tttquia
2602 2262 2771 2318 Deum
2818 2279 2940 2320 esse
2985 2264 3268 2321 Dominum
3312 2279 3552 2323 nosmtm'
3601 2267 3790 2327 Jesum

2191 2357 2466 2412 Christum
2498 2358 2592 2412 Dei
2619 2358 2810 2422 ﬁlium,
2847 2359 3087 2425 nomine,
3122 2360 3421 2426 nativitate,
3449 2365 3662 2430 natura,
3692 2380 3790 2434 po-

2196 2460 2428 2520 testate,
2468 2451 2805 2523 p'rofessione
2846 2447 2915 2525 (f)
2947 2455 3358 2524 didicissemus,
3401 2458 3794 2515 demonstratio

2199 2553 2382 2605 nostra
2408 2551 2605 2621 gradus
2643 2549 2888 2621 singttlos‘
2915 2545 3286 2622 dispositionis
3336 2553 3626 2622 [impositae
3677 2570 3798 2624 per-

2199 2651 2475 2700 curreret:
2500 2642 2596 2696 sed
2627 2641 2919 2697 nativitatis
2965 2643 3015 2697 id
3041 2643 3226 2698 natura
3258 2655 3363 2698 nan
3416 2647 3644 2715 p'atitur,
3677 2662 3798 2716 qua:

2200 2738 2251 2792 in
2285 2749 2343 2792 se
2370 2746 2424 2792 et
2456 2751 2650 2791 nomen
2670 2778 2684 2803 ,
2709 2747 2762 2791 et
2799 2745 3082 2803 naturam,
3110 2747 3165 2791 et
3206 2745 3524 2806 potestatem
3550 2782 3563 2805 ,
3595 2733 3648 2794 et
3677 2755 3800 2809 pro-

2200 2827 2492 2884 fessionem
2520 2828 2632 2883 sola
2666 2827 3060 2900 complectitur.
3101 2829 3228 2886 Sine
3253 2821 3338 2886 his
3362 2823 3505 2886 enim
3548 2831 3799 2888 natis-itas

2203 2925 2311 2976 non
2339 2922 2436 2976 erit
2463 2937 2477 2986 ;
2507 2922 2627 2992 quia
2658 2921 2710 2975 in
2753 2935 2811 2976 se
2839 2919 2954 2976 haec
2983 2924 3162 2976 omnia
3206 2921 3473 2978 nascendo
3500 2915 3796 2980 contineat.

2207 3009 2357 3069 Hanc
2386 3015 2546 3084 igitur
2574 3017 2864 3070 tractantes
2885 3057 2899 3082 ,
2945 3014 3229 3070 incidimus
3275 3015 3329 3070 in"
3360 3015 3477 3071 eam
3511 3007 3798 3072 neces-sita-

497 3110 874 3166 auctoritatem
894 3150 907 3174 ,
936 3109 1037 3163 sub
1065 3107 1462 3177 signiticatibne
1492 3104 1784 3158 nativitatis
1802 3147 1814 3167 ,
1849 3107 2096 3174 pr0prie-
2127 3101 2172 3164 C
2206 3101 2312 3159 tein
2334 3146 2348 3171 ,
2378 3111 2439 3158 ttt
2465 3105 2711 3174 superius
2738 3117 3160 3161 commemorata
3183 3101 3250 3162 ad
3277 3099 3522 3164 ordinem
3543 3107 3804 3166 traCtatiis

499 3210 582 3256 tas
614 3202 876 3255 naturalis
899 3211 1114 3253 ostensa
1138 3200 1242 3253 sit:
1271 3198 1480 3252 Patrem
1506 3203 1654 3249 suam
1677 3194 1876 3250 dicebat
1905 3193 2094 3262 Deum,

496 3296 742 3365 taqualem
764 3311 816 3347 se
845 3294 1037 3363 faciens
1062 3292 1191 3346 Deo.
1223 3291 1379 3345 Anne
1424 3289 1684 3343 naturalis
1715 3288 1964 3342 nativitas
1993 3303 2098 3343 non

499 3395 605 3450 est,
648 3385 736 3439 ubi
763 3401 856 3451 per
885 3399 1081 3438 nomen
1117 3384 1283 3450 patris
1333 3381 1556 3450 proprii,
1588 3387 1793 3433 natura:
1821 3379 2099 3446 inqualitas

499 3473 947 3530 demonstratur?
974 3473 1088 3528 Non
1117 3474 1262 3528 enim
1295 3471 1586 3541 ambigitur
1611 3497 1626 3535 ,-
1657 3471 1783 3537 quin
1821 3469 2100 3535 teqnalitas

501 3567 632 3622 nihil
662 3564 890 3620 differat.
921 3564 1052 3632 Quis
1081 3575 1241 3633 porro
1283 3562 1583 3624 dubitabit,
1619 3560 1749 3630 quin
1783 3558 2100 3614 indiﬂ'ereu-

503 3669 610 3713 tem
640 3667 884 3712 naturam
932 3655 1181 3710 nativitas
1212 3651 1618 3722 consequatttrl
1645 3651 1779 3706 llinc
1819 3653 1964 3706 enim
2016 3661 2099 3706 est

498 3749 615 3806 sola
645 3749 733 3804 illa
760 3764 881 3818 quae
911 3762 1036 3802 vere
1057 3761 1179 3802 esse
1208 3747 1390 3816 possit
1404 3745 1712 3814 aequalitas:
1745 3746 1867 3813 Quia
1895 3753 2101 3799 naturae

500 3843 865 3912 tequalitatem
890 3842 1003 3895 sola
1032 3841 1200 3910 possit
1221 3847 1480 3909 praestare
1504 3837 1775 3892 nativitas.
1796 3836 2101 3907 Equalita‘s

498 3953 629 3994 vero
656 3945 948 4007 numquam
991 3935 1064 3991 ibi
1103 3950 1225 3991 esse
1246 3935 1526 3997 credetur.
1569 3934 1661 3988 ubi
1699 3934 1825 3988 uuio
1853 3942 1967 3988 est:
2003 3947 2102 3988 nec

501 4029 574 4102 (c)
609 4039 786 4085 tamen
816 4029 924 4082 illic
953 4027 1274 4097 reperietur,
1311 4026 1398 4080 ubi
1443 4023 1648 4080 diﬂ'ert.
1680 4025 1754 4078 Ita
1790 4021 2101 4078 similitudi-

500 4121 586 4175 nis
615 4119 896 4190 aqualitas
938 4133 1038 4173 nec
1067 4117 1416 4174 solitudinem
1453 4117 1647 4182 habet,
1674 4131 1772 4170 nec
1815 4113 2102 4170 diversita-

502 4218 646 4266 tem:
693 4216 818 4282 quia
847 4212 1024 4266 omnis
1065 4209 1350 4280 aequalitas
1397 4223 1498 4265 nec
1543 4209 1757 4264 diversa
1785 4248 1801 4277 ,
1842 4224 1943 4265 nec
1982 4207 2100 4263 sola

575 4399 665 4453 16.
691 4396 820 4451 Filii
849 4397 1086 4450 itativitas
1120 4404 1170 4450 et
1200 4411 1316 4449 cum
1359 4393 1518 4448 Patre
1539 4395 1805 4465 aequalitas
1852 4411 1914 4449 ea:
1937 4395 2099 4466 ipsius

2202 3195 2401 3264 proprii
2432 3193 2649 3250 dili‘erre
2678 3209 2783 3250 non
2817 3196 2994 3252 liceat.

2277 3289 2366 3342 17.
2393 3287 2630 3343 Christus
2659 3307 2690 3343 a
2715 3289 2918 3345 Judteis
2939 3289 3209 3346 accusatus
3239 3299 3285 3346 et
3315 3301 3552 3348 naturam
3582 3304 3629 3349 et
3671 3295 3805 3349 nuti-

2202 3381 2410 3434 vitatem
2453 3397 2601 3436 suam
2653 3384 2882 3452 exponit.
2932 3383 3120 3438 Christi
3169 3387 3332 3441 virtus
3385 3377 3446 3441 de
3492 3389 3802 3459 cognitione.

2207 3472 2344 3540 Quid
2373 3472 2482 3526 Ittec
2511 3474 2751 3543 cognitio.
2785 3504 2856 3514 —
2881 3474 3238 3545 Restiondens
3275 3477 3419 3533 enim
3451 3477 3712 3534 Dominus
3739 3476 3804 3535 a‘u

2202 3564 2439 3627 Judaeos,
2471 3565 2615 3634 quod
2647 3579 2769 3619 eum
2796 3566 3102 3623 interliCere
3131 3568 3202 3624 ob
3234 3570 3334 3624 hoc
3366 3569 3533 3642 magis
3565 3571 3767 3627 vellent
3788 3616 3803 3638 ,

2203 3658 2328 3726 quia
2361 3667 2564 3726 patrem
2596 3665 2752 3713 suum
2777 3658 2965 3714 dicens
2988 3659 3153 3716 Deum’
3172 3703 3187 3727 ,
3213 3661 3474 3730 aequalem
3500 3671 3560 3719 se
3590 3659 3699 3718 Deo
3730 3665 3807 3720 fe-

2204 3751 2406 3816 cisset,
2437 3767 2598 3807 onme
2625 3753 3180 3833 sacramentum‘lldei
3213 3759 3442 3821 nostra),
3467 3756 3592 3812 dum
3623 3756 3808 3828 impiis

2205 3856 2394 3896 eorum
2423 3845 2658 3898 motibus
2687 3845 3049 3913 contradicit,
3085 3850 3352 3917 exposuit.
3395 3843 3613 3904 Dixerat
3656 3847 3803 3906 enim

2203 3935 2494 4004 superius,
2530 3950 2688 4004 cum,
2741 3938 3036 4008 paralytico
3092 3947 3321 4005 curato,
3370 3941 3550 3995 violati
3595 3943 3804 3998 sabbati

2205 4044 2333 4084 reus
2361 4030 2524 4085 etiam
2553 4031 2742 4085 mortis
2769 4030 2971 4099 judicio
2987 4033 3442 4101 consumeretur,-
3479 4032 3637 4089 Pater
3662 4053 3805 4090 tutus

2203 4135 2364 4190 usque
2388 4120 2556 4174 adhuc
2578 4129 2848 4191 aperatur,
2889 4131 2935 4174 et
2958 4135 3049 4192 ego
3078 4138 3261 4192 operor
3291 4123 3469 4195 (Joan.
3503 4139 3552 4192 v,
3592 4125 3704 4198 17).
3736 4127 3806 4183 Et

2204 4209 2329 4264 hinc
2353 4212 2530 4266 amnis
2557 4212 2959 4268 accendebatur
2990 4213 3218 4278 invidia,
3257 4217 3398 4284 quod
3421 4230 3480 4272 se
3510 4216 3621 4273 Deo
3658 4234 3806 4274 exte-

2202 4311 2422 4372 quasset
2471 4303 2678 4371 paterni
2706 4305 2942 4359 nominis
2989 4307 3356 4375 usurpatione.
3392 4306 3592 4364 Voleus
3623 4311 3806 4380 itaque

2205 4403 2260 4450 et
2285 4393 2619 4449 nativitatem
2651 4410 2803 4450 suam
2841 4397 3198 4467 continuare,
3230 4406 3285 4453 et
3314 4407 3519 4455 natura:
3548 4403 3802 4457 virtutem

502 4495 674 4548 dictis.
708 4491 1005 4545 Divinitatis
1035 4488 1228 4543 Christi
1254 4488 1457 4542 diversa
1481 4497 1783 4558 argumenta
1807 4487 1960 4540 simul
1983 4504 2099 4557 per-
2125 4477 2180 4538 D
2204 4491 2466 4559 proﬁteri,
2496 4493 2601 4547 ait:
2629 4490 2751 4546 Non
2769 4501 2933 4562 potest
2956 4493 3231 4564 quidquam
3254 4497 3423 4566 facere
3446 4497 3508 4550 ab
3530 4514 3585 4552 se
3606 4495 3653 4550 F
3656 4498 3804 4564 ilius,

501 4592 810 4641 tractantur.
838 4611 908 4621 —
945 4581 1278 4650 Quamquam
1326 4580 1485 4650 igitur
1526 4578 1685 4650 bujus
1731 4579 2098 4650 intelligentia:

497 4761 502 4770 .
689 4699 800 4798 ηερ
823 4715 1038 4798 profecit
1063 4716 1201 4798 quod
1223 4715 1364 4772 Deus
1392 4721 1486 4772 est.

497 4817 504 4836 ι
684 4792 785 4846 Aut
813 4789 1100 4861 quicquam.

569 4907 648 4993 tu).
677 4904 1211 4993 §9i2.~..’3““£"3.‘.“:.
1231 4901 1631 4993 iaciens}:
1667 4903 1959 4993 Misit-1
1985 4903 2086 4959 ’ποθ

499 4973 645 5036 enim
676 4977 742 5032 de
778 4974 915 5030 Filio
951 4975 1298 5044 pradicatur.
1331 4973 1534 5027 Eodem
1570 4980 1885 5044 argilmentu
1922 4973 2082 5028 Faus-

504 5051 648 5106 tinu's
673 5062 792 5116 cap.
825 5048 879 5107 9,
913 5041 1202 5116 Quomodo.
1229 5045 1434 5116 inquit,
1471 5051 1572 5116 non
1611 5041 1757 5116 uerus
1794 5041 1957 5116 Deus
1980 5054 2084 5116 est,

499 5123 589 5192 qui
619 5109 765 5173 veru's
791 5125 861 5192 est
893 5109 1073 5192 ﬁtttts?
1099 5125 1152 5192 et
1180 5109 1509 5192 Augustinus
1532 5114 1726 5192 (Sonat.
1746 5129 1883 5192 cum
1910 5109 2086 5192 Elati-

500 5183 672 5248 initto.
706 5203 758 5242 n.
797 5188 863 5240 M
889 5183 904 5239 ἐ
941 5184 1060 5238 Nan
1083 5185 1154 5254 ett
1181 5197 1322 5238 verus
1348 5184 1515 5254 ﬁlius,
1547 5185 1592 5237 si
1619 5185 1757 5254 quod
1785 5194 1856 5239 est
1903 5183 2087 5247 Pater,

500 5279 604 5316 non
629 5269 706 5316 est
755 5257 962 5312 Filius:
993 5253 1135 5324 quod
1183 5258 1413 5324 maxime
1459 5256 1510 5308 in
1558 5253 1719 5324 rebus
1761 5255 2090 5322 Spiritalihits

500 5347 688 5387 verum
710 5345 831 5384 esse
854 5335 998 5381 recte
1021 5325 1107 5379 hic
1138 5336 1287 5380 notat
1319 5323 1572 5378 Hilarius.
1604 5323 1877 5380 Interdum
1909 5333 2086 5380 tamen

501 5402 688 5459 Ariani
733 5401 1009 5454 Christum
1041 5410 1227 5451 verum
1261 5397 1352 5448 Dei
1389 5396 1556 5448 tilium
1600 5399 1922 5450 conﬁtentes
1947 5437 1963 5458 ,
1999 5413 2090 5450 ve-

504 5485 624 5526 rum
668 5470 838 5524 Deum
892 5467 1188 5536 negabant.
1242 5467 1316 5519 uti
1366 5471 1578 5536 constat
1630 5480 1696 5521 ex
1753 5467 1844 5522 lib.
1897 5477 2089 5522 contra

511 5541 862 5604 Auxentium,
895 5533 1029 5592 n.'7
1058 5547 1111 5592 et
1135 5539 1222 5600 15,
1254 5551 1464 5591 necnon
1511 5533 1578 5590 ex
1616 5537 1709 5592 lib.
1756 5538 2088 5610 tAugustiui

508 5621 694 5667 contra
726 5611 1070 5664 Maximinum
1097 5626 1149 5665 c.
1181 5612 1236 5666 6.

581 5681 658 5755 (b)
684 5681 773 5737 Sic
795 5680 1030 5752 petieres
1059 5696 1188 5738 mss.
1213 5683 1284 5740 At
1305 5680 1462 5751 Bad.,
1489 5679 1644 5756 Etet
1663 5684 1812 5757 Lips.
1837 5699 1930 5740 nec
1952 5681 2091 5762 quod

2201 4584 2299 4638 nisi
2320 4585 2456 4654 quod
2485 4585 2665 4640 viderit
2690 4582 2900 4639 Patrem
2951 4585 3217 4655 facientem
3245 4586 3434 4659 (Ibid.,
3485 4588 3596 4661 19).
3631 4587 3804 4645 Exor-

2273 4717 2354 4795 (3)
2383 4695 2449 4776 in
2472 4695 2782 4778 hominibus.

2189 4901 2331 5044 gen:
2353 4910 2426 4954 est
2455 4899 2692 5025 prqﬁcit:
2727 4898 2870 4970 quod
2902 4908 2957 4955 et
2990 4900 3043 4954 in
3080 4909 3357 4972 postrema
3387 4903 3519 4959 edit.
3554 4903 3680 4961 Par.
3716 4921 3804 4961 re-

2265 4987 2306 5028 sn
2339 4985 2428 5026 um
2460 4985 2518 5026 es
2551 5009 2563 5022 .

2265 4985 2428 5028 suum
2460 4985 2563 5026 est.

2265 5041 2336 5115 (c)
2371 5043 2718 5115 Deesttqmen
2740 5041 2801 5115 ἰιι⁸
2821 5055 2922 5094 ms.
2958 5041 3228 5115 bas_.AVat.
3261 5043 3379 5100 Mox
3406 5061 3529 5100 cum
3560 5045 3691 5102 mss.
3722 5045 3802 5101 le-

2191 5111 2367 5183 gimds
2397 5113 2481 5190 ubi
2505 5111 2806 5190 di/fertLid
2841 5123 2958 5190 eSt,
3009 5113 3098 5168 ubi
3127 5115 3487 5186 discrepantia
3527 5127 3650 5183 est,
3688 5117 3797 5173 non

2193 5181 2314 5240 eum
2347 5182 2508 5237 editis
2531 5182 2614 5234 ubi
2636 5181 2868 5248 differat.

2270 5252 2350 5325 (d)
2373 5252 2436 5325 in
2465 5253 2782 5325 quibusdam
2809 5265 2937 5325 mss.
2963 5255 3202 5325 gaudeat.

2264 5322 2335 5393 (ἐ)
2367 5322 2526 5387 Edtti,
2563 5323 2663 5388 Qui
2707 5339 2807 5376 non
2838 5322 3179 5394 honoriﬁcam
3216 5323 3449 5392 Filium,
3479 5335 3583 5384 non
3629 5329 3798 5385 Itono-

2191 5395 2493 5466 riﬁcant...,
2522 5408 2828 5468 nequectnn
2860 5407 3014 5449 sacro
3039 5407 3212 5459 textu.
3244 5412 3419 5465 neque
3461 5415 3584 5454 cum
3627 5415 3794 5468 mss.,

2195 5464 2369 5536 neque
2397 5480 2580 5519 secum
2613 5466 2711 5534 ipsi
2737 5464 2874 5520 intra
2909 5468 3330 5524 consentientes.

2264 5539 2336 5606 (ι’)
2364 5536 2451 5591 Sic
2483 5537 2601 5590 Par.
2641 5551 2780 5608 cum
2820 5540 3280 5606 praestantioribus
3333 5553 3460 5596 mss.
3499 5540 3618 5599 Vat.
3649 5543 3796 5608 has.,

2196 5609 2378 5673 Mart.,
2410 5608 2588 5670 Colb..
2621 5607 2810 5676 Caru.,
2842 5617 2946 5662 etc.
2978 5611 3184 5666 Atcum
3203 5613 3474 5676 nonnullis
3497 5608 3615 5672 aliis
3656 5607 3795 5676 Bad,

2209 5691 2265 5736 et
2287 5682 2377 5739 Er.
2406 5680 2775 5738 docuissemus.
2808 5680 2956 5756 Lips.
2980 5681 3265 5742 docuimus.
