4094 6180
259 223 369 277 Si?»

1474 201 1562 264 DE
1607 197 1984 266 TRINI'MTE
2022 199 2225 263 LIBER
2263 205 2370 264 ill.

3458 213 3565 270 ΞΗ

256 335 408 390 dium
435 330 803 402 responsionis
835 326 1124 384 adversum
1151 319 1460 381 Iudaeorum
1488 319 1710 392 impium
1744 333 1861 375 mo-
1886 319 1936 382 Α
1964 320 2208 376 vinitatis
2235 318 2516 376 veritatem
2555 320 2611 376 in
2636 319 2797 378 Patre
2823 327 2878 378 et
2898 322 3038 381 Filio
3067 326 3371 392 co‘nﬁtétur,
3399 327 3561 382 abso-

259 438 372 483 tum
397 468 411 492 ,
438 440 534 497 per
556 438 717 495 quem
747 436 918 492 usque
944 419 1011 474 ad
1037 419 1365 474 voluntatem
1391 412 1680 471 inferenda:
1710 425 1856 467 mor-

1962 414 2293 470 latissimum
2330 421 2758 481 sacramentum,
2799 409 2960 489 ιω
3001 426 3059 473 nt
3097 418 3286 474 eadem
3317 412 3566 475 iaciendo

262 516 332 571 tis
357 509 774 586 exagitabantur
797 555 812 579 ,
835 519 1077 582 aptatum
1107 507 1266 582 188
1294 518 1396 564 est.
1421 505 1556 561 Nam
1577 497 1644 559 ad
1673 503 1858 559 violati
1957 506 2127 562 Filius
2174 505 2422 561 similiter
2468 505 2659 574 faciat,
2690 516 2748 562 et
2791 508 3042 565 similiter
3087 509 3337 568 faciendo
3365 506 3557 567 eadem

256 603 464 663 sabbati
487 605 757 675 objectum
781 604 882 658 sibi
906 611 1112 658 reatum
1135 601 1378 667 dixerat,
1409 597 1568 653 Pater
1592 613 1732 653 meus
1764 613 1856 651 us-

255 719 351 773 que
367 701 533 755 adhuc
559 708 801 769 aperatar
823 741 837 764 ,
879 707 928 752 et
951 713 1043 767 ego
1065 711 1284 765 aperor:
1319 702 1376 747 ut
1418 705 1706 762 usurpasse
1751 691 1854 746 hoc

251 810 318 850 ex
345 793 666 849 auctoritate
712 790 1111 859 intelligeretur
1139 788 1215 860 (a)
1241 787 1507 856 exempli;
1542 785 1853 856 significans

253 895 434 941 tamen
465 887 567 940 hoc
590 927 603 950 ,
636 885 777 954 quod
803 884 916 952 ipse
938 891 1152 950 ageret.
1180 880 1354 934 Patris
1381 892 1502 934 esse
1525 893 1659 946 Opus
1689 877 1850 932 intel-

251 978 519 1051 ligendum
547 1021 562 1043 ,
613 976 738 1048 quia
773 976 887 1044 ipse
919 973 971 1028 in
1003 987 1063 1028 se
1111 979 1429 1042 operaretur
1458 979 1738 1040 operante.
1786 969 1852 1023 Et

251 1087 465 1128 rursum
497 1069 790 1124 adversum
817 1082 935 1122 eam
977 1063 1261 1128 invidiam,
1294 1078 1398 1133 qua
1440 1078 1497 1116 se
1534 1077 1629 1132 per
1674 1073 1850 1129 pater-

255 1179 381 1218 num
423 1177 622 1218 nomen
657 1161 767 1214 Deo
794 1164 1164 1228 exaequasset,
1199 1155 1314 1210 haec
1357 1155 1620 1211 subdidit:
1651 1155 1845 1219 Amen,

247 1270 394 1307 amen
423 1253 539 1306 dico
570 1253 730 1316 vobis,
764 1266 863 1303 non
894 1259 1057 1319 potest
1098 1247 1147 1301 F
1150 1248 1272 1301 ilius
1296 1247 1358 1300 ab
1386 1263 1440 1300 se
1490 1251 1661 1318 facere
1691 1247 1844 1317 quid-

249 1360 425 1413 quam,
466 1343 562 1398 nisi
606 1341 748 1412 quod
775 1341 958 1395 viderit
1005 1337 1212 1394 Patrem
1259 1340 1547 1406 facientem.
1579 1340 1656 1393 Ne
1687 1340 1848 1408 igitur

248 1437 552 1507 exaequatio
584 1436 671 1490 illa
705 1451 803 1504 per
830 1448 1028 1488 nomen
1061 1443 1413 1502 naturamque
1437 1432 1529 1486 ﬁlii
1563 1432 1723 1486 ﬁdem
1753 1447 1848 1486 na-

249 1530 475 1583 tivitatis
501 1526 767 1589 auferret;
792 1527 864 1580 ait
895 1524 1091 1580 Filium
1123 1523 1191 1577 ab
1218 1539 1277 1579 se
1300 1526 1476 1579 facere
1502 1524 1632 1578 nihil
1664 1539 1842 1593 posse,

249 1622 349 1676 nisi
380 1621 523 1691 quod
555 1620 770 1674 Patrem
803 1618 1090 1672 facientem
1123 1617 1364 1671 vidiSset.
1398 1617 1464 1671 Et
1507 1625 1564 1671 ut
1600 1625 1843 1674 maneret

1962 599 2069 654 sint
2097 598 2216 670 ipsa
2244 596 2315 670 (e)
2340 613 2460 668 qua:
2489 598 2679 655 faciat:
2711 601 2836 670 quia
2875 602 2978 658 sub
3014 617 3117 658 una
3148 604 3250 659 hac
3287 603 3561 675 signiﬁca-

1958 693 2106 747 tione
2129 700 2395 747 testentnr
2424 700 2479 748 et
2505 692 2758 749 similiter
2787 693 2925 750 facta
2975 698 3312 754 nativitatem
3333 739 3348 765 ,
3384 706 3438 754 et
3464 712 3557 753 ca-

1960 784 2084 840 dem
2119 785 2255 840 facta
2289 793 2555 840 naturam.

2030 879 2116 933 t9.
2159 878 2540 932 Demonstratio
2584 893 2796 946 Operam
2825 882 3142 937 nativitatem
3179 883 3389 954 ingerit,
3433 900 3536 938 non

1955 971 2344 1040 ignorationem.
2377 969 2585 1025 Nostra:
2605 971 2728 1041 ﬁdei
2756 973 3024 1028 instructio
3045 984 3137 1029 est.
3175 974 3315 1030 Velle
3340 978 3559 1046 quid.—

1954 1060 2127 1116 Tenet
2167 1061 2348 1130 itaque
2390 1064 2762 1131 responsionis
2788 1063 3076 1119 dominica:
3113 1066 3246 1120 ordo
3273 1067 3560 1122 ecclesias-

1956 1153 2073 1208 ticae
2103 1154 2223 1208 ﬁdei
2254 1156 2519 1224 integrum
2557 1155 2804 1210 ordinem
2828 1198 2842 1224 ,
2878 1168 2936 1212 ut
2967 1173 3065 1213 nec
3093 1158 3368 1216 discernat
3396 1169 3554 1216 natu-

1951 1260 2090 1310 ram,
2120 1256 2174 1299 et
2199 1244 2468 1313 signiﬁcet
2498 1247 2858 1302 nativitatem.
2881 1248 2994 1304 Hoc
3018 1265 3250 1322 namque
3271 1252 3513 1322 sequitur
3539 1272 3554 1309 :

1952 1335 2112 1389 Pater
2142 1338 2276 1390 enim
2298 1338 2467 1408 diligit
2498 1337 2547 1390 F
2551 1340 2720 1406 ilium,
2752 1349 2799 1394 et
2824 1343 3000 1396 omnia
3029 1344 3346 1412 demonstrat
3367 1348 3413 1400 ei
3437 1363 3553 1416 qua:

1949 1428 2058 1497 ipse
2084 1429 2241 1497 facit;
2273 1440 2319 1482 et
2345 1433 2544 1502 majora
2588 1432 2770 1486 Iterum
2801 1449 2958 1503 opera
2984 1434 3354 1490 demonstrabit
3386 1439 3452 1502 ei,
3500 1447 3555 1492 ut

1949 1534 2036 1574 vos
2062 1522 2406 1575 admiremini.
2439 1521 2587 1578 Sicut
2624 1525 2758 1578 enim
2801 1524 2955 1580 Pater
2982 1529 3195 1583 suscitat
3237 1539 3467 1585 mortuos
3506 1537 3556 1584 et

1949 1611 2189 1680 viviﬁcat,
2220 1613 2294 1665 sic
2322 1623 2370 1666 et
2398 1612 2570 1668 Filius
2591 1631 2720 1685 quos
2759 1618 2864 1671 vult
2900 1619 3122 1689 oioiﬁcat
3153 1619 3379 1690 (Ibidem
3409 1622 3480 1677 20
3506 1632 3553 1676 et

249 1713 500 1767 salutaris
531 1713 584 1766 in
612 1711 771 1766 Patre
801 1719 858 1764 et
889 1709 1026 1764 Filio
1053 1707 1412 1765 confessionis
1444 1720 1646 1765 nostras
1676 1711 1842 1776 ordo;
1876 1709 1925 1784 Β
1950 1703 2012 1756 21
2036 1700 2077 1774 ).
2103 1703 2260 1759 Alme
2285 1703 2680 1760 demonstratio
2700 1721 2923 1776 operum
2951 1710 3099 1765 aliud
3126 1712 3212 1766 hic
3243 1713 3396 1767 nobis
3418 1729 3559 1785 pra:-

253 1813 500 1861 naturam
523 1803 821 1859 nativitatis
844 1803 1098 1868 ostendit,
1125 1817 1244 1872 qua:
1265 1811 1583 1872 potestatem
1611 1802 1846 1859 efﬁcien-

249 1898 300 1953 di
329 1913 436 1953 uon
462 1913 558 1968 per
589 1889 921 1953 incrementa
943 1895 1268 1952 indultarum
1311 1897 1377 1952 ad
1433 1898 1852 1968 unumquodque

253 2005 380 2060 opus
410 1991 608 2044 virium
638 1996 909 2056 sumeret,
942 1987 1034 2043 sed
1057 1988 1125 2043 de
1148 1985 1454 2058 cognitione
1478 1999 1848 2060 praesumeret:

252 2090 606 2152 praesumeret
631 2091 811 2138 autem
853 2097 960 2136 non
997 2080 1064 2137 de
1109 2080 1292 2152 aliquo
1331 2083 1510 2151 operis
1555 2083 1851 2152 corporalis

249 2175 515 2244 exemplo,
542 2173 818 2244 utaliquid
842 2174 986 2243 prius
1009 2173 1171 2228 Pater
1199 2173 1398 2229 faceret
1419 2174 1484 2229 ad
1513 2175 1590 2245 (ὸ)
1617 2175 1688 2241 id,
1707 2174 1852 2243 quod

251 2277 426 2336 postea
454 2264 630 2320 Filius
677 2266 914 2321 facturus
939 2275 1118 2324 esset;
1166 2265 1261 2322 sed
1291 2273 1412 2321 cum
1455 2275 1643 2322 natura
1670 2267 1768 2322 Dei
1794 2267 1849 2322 in

253 2368 494 2414 naturam
529 2358 622 2414 Dei
654 2358 1020 2425 substitisset,
1056 2358 1107 2414 id
1131 2367 1246 2426 est,
1273 2374 1338 2414 ex
1367 2358 1527 2415 Patre
1562 2359 1728 2414 Filius
1757 2375 1851 2415 na-

251 2460 325 2506 tus
349 2460 536 2518 esset;
568 2467 663 2523 per
689 2451 902 2508 virtutis
928 2467 990 2507 ac
1020 2460 1226 2507 naturae
1249 2453 1303 2507 in
1334 2467 1394 2509 se
1445 2461 1686 2524 paternae
1708 2467 1840 2509 con-

249 2545 528 2601 scientiam
557 2546 688 2600 nihil
712 2547 779 2602 ab
800 2563 877 2612 se,
911 2548 1012 2603 nisi
1035 2548 1178 2618 quod
1208 2548 1419 2602 Patrem
1443 2547 1727 2605 facientem
1753 2550 1842 2606 vi-

251 2637 452 2705 disset,
504 2638 703 2694 Filium
753 2639 933 2696 facere
983 2655 1142 2710 posse
1190 2645 1414 2694 testatus
1458 2651 1594 2698 est:
1645 2651 1848 2699 etcum

253 2733 554 2803 unigenitus
587 2735 732 2788 Deus
766 2742 1001 2803 paternae
1029 2733 1242 2788 virtutis
1281 2735 1681 2802 Operationibus
1719 2751 1850 2806 ope-

252 2835 492 2890 raretur,
547 2832 757 2881 tantum
805 2827 906 2880 sibi
960 2825 1026 2878 ad
1082 2825 1388 2881 faciendum
1447 2838 1798 2895 prmsutneret
1829 2869 1845 2896 ,

253 2928 504 2985 quantum
528 2917 582 2970 in
601 2918 932 2972 conscientia
956 2931 1050 2971 sua
1075 2927 1254 2982 esset,
1289 2917 1700 2987 inseparabilem
1728 2932 1757 2972 a
1790 2934 1849 2974 se

257 3009 341 3064 Dei
371 3012 546 3080 patris
572 3051 584 3074 ,
616 3025 776 3080 quam
805 3024 903 3080 per
937 3009 1228 3079 legitimam
1276 3010 1606 3064 nativitatem
1639 3011 1850 3065 obtine-

1960 1810 2040 1853 ter
2079 1801 2239 1868 quam
2271 1798 2569 1854 nativitatis
2611 1799 2772 1857 ﬁdem
2813 1801 3028 1873 ingerit,
3073 1812 3132 1859 ut
3170 1803 3555 1862 subsistentem

1956 1895 2148 1950 Filium
2173 1911 2236 1949 ex
2265 1896 2591 1953 subsistente
2616 1899 2726 1954 Deo
2754 1907 2905 1969 patre
2931 1900 3251 1957 credamus?
3277 1897 3389 1957 Nisi
3418 1902 3556 1958 forte

1955 2001 2052 2057 per
2101 1987 2495 2056 ignorationem
2549 1990 2854 2046 credendus
2903 2002 2987 2048 est
3037 1994 3351 2065 unigenitus
3412 1995 3557 2051 Deus

1955 2078 2199 2134 doctrina
2230 2079 2710 2138 demonstrationis
2739 2084 2988 2154 eguisse;
3018 2085 3113 2140 sed
3148 2087 3426 2143 temeritas
3454 2087 3557 2142 im-

1954 2172 2056 2242 piae
2101 2170 2260 2242 hujus
2298 2173 2715 2230 existimationis
2754 2191 2862 2231 non
2893 2177 3213 2233 admittitur.
3246 2177 3366 2235 Non
3409 2180 3554 2235 enim

1955 2263 2137 2320 doceri
2175 2275 2298 2335 eget
2326 2266 2404 2336 (1)
2435 2265 2504 2338 (f)
2537 2268 2628 2338 qui
2674 2268 2933 2340 quidquid
2970 2269 3248 2327 docendus
3287 2271 3357 2326 sit
3395 2271 3552 2326 sciat.

1953 2357 2084 2412 Nam
2114 2368 2300 2428 postea
2330 2373 2490 2429 quam
2516 2360 2590 2416 ait
2615 2379 2628 2414 :
2654 2360 2817 2416 Pater
2845 2362 3018 2434 diligit
3049 2361 3271 2431 Filium,
3297 2373 3348 2418 et
3376 2364 3552 2418 omnia

1953 2451 2268 2506 demonstrat
2311 2454 2356 2507 ei
2382 2467 2496 2522 quia
2536 2455 2645 2524 ipse
2685 2456 2810 2525 facit
2840 2473 2860 2510 :
2890 2463 2950 2510 ut
2985 2455 3302 2511 ostenderet
3338 2471 3558 2512 omnem

1953 2543 2094 2599 hanc
2110 2545 2287 2600 Patris
2307 2545 2821 2602 demonstrationem
2846 2546 2966 2603 ﬁdei
2992 2559 3192 2603 nostra:
3212 2563 3336 2604 esse
3353 2547 3558 2605 doctri-

1953 2651 2099 2704 nam,
2124 2645 2182 2690 nt
2207 2639 2415 2693 scilicet
2439 2647 2493 2694 et
2517 2639 2678 2694 Pater
2699 2639 2856 2693 nobis
2883 2641 2934 2694 in
2960 2641 3308 2696 confessione
3335 2652 3482 2698 esset
3501 2650 3560 2697 et

1951 2727 2144 2794 Filius,
2182 2738 2235 2784 et
2270 2745 2336 2784 ne
2361 2745 2464 2798 qua
2509 2729 2596 2783 hic
2624 2731 2893 2798 ignoratio
2924 2731 2978 2784 in
3010 2730 3148 2786 Filio
3177 2740 3361 2801 posset
3387 2732 3552 2787 intel-

1951 2821 2061 2892 ligi,
2109 2826 2196 2877 cui
2237 2821 2398 2878 Pater
2436 2837 2599 2896 opera
2640 2826 2842 2904 omnia,
2873 2840 2992 2895 qua:
3032 2827 3149 2896 ipse
3188 2827 3411 2894 iaceret,
3452 2827 3552 2882 de-

1951 2923 2312 2980 monstraret;
2341 2917 2596 2970 continuo
2619 2916 2694 2970 ait
2719 2935 2731 2971 :
2757 2917 2825 2969 Et
2845 2920 3046 2985 maiora
3067 2919 3250 2973 horum
3277 2933 3434 2989 opera
3459 2919 3553 2974 deo

1951 3007 2254 3060 monstrabit
2299 3008 2365 3073 ei,
2409 3018 2462 3061 ut
2510 3023 2597 3062 vos
2638 3009 2986 3064 admiremini.
3032 3010 3180 3065 Sicut
3217 3011 3354 3066 enim
3394 3008 3557 3067 Pater

253 3100 367 3168 bat,
397 3115 563 3171 posse
607 3110 874 3156 naturam.
922 3100 1036 3155 Non
1065 3103 1208 3155 enim
1254 3103 1624 3170 corporalibus
1670 3103 1846 3158 modis
1873 3111 1914 3170 (ς
1949 3101 2160 3155 suscitat
2194 3111 2423 3154 mortuos
2459 3111 2504 3155 et
2532 3102 2774 3172 oivificat,
2807 3105 2882 3157 sic
2916 3113 2963 3157 et
2991 3102 3040 3156 F
3043 3104 3163 3158 ilius
3190 3119 3316 3176 quos
3345 3104 3454 3158 vult
3480 3104 3557 3158 oi-

254 3191 320 3263 (c)
352 3194 495 3250 Deus
521 3194 693 3260 videt,
724 3194 819 3248 sed
850 3195 999 3248 visus
1025 3194 1073 3248 ei
1123 3191 1300 3248 omnis
1329 3192 1384 3248 in
1418 3195 1610 3249 virtute
1639 3205 1845 3250 natura:

252 3295 347 3341 est.

319 3379 401 3433 i8.
437 3378 579 3432 Dum
607 3391 789 3434 EADBI
826 3391 990 3434 oumx
1029 3379 1182 3447 facit,
1211 3395 1312 3433 non
1351 3379 1482 3433 alius
1511 3380 1674 3445 ,‘dam
1704 3395 1842 3435 snti-

255 3489 437 3538 ιιτει.
487 3475 628 3530 alius
653 3484 747 3529 est.
801 3504 870 3514 —-
898 3474 1142 3543 Denique
1183 3474 1445 3541 subjecit:
1483 3472 1670 3527 Omnia
1710 3476 1844 3527 enim

254 3583 581 3638 quiscumque
608 3569 735 3637 facit
765 3565 922 3622 Pater
945 3608 958 3633 ,
987 3568 1161 3622 eadem
1189 3576 1236 3620 et
1263 3559 1312 3618 Γ
1315 3567 1436 3620 ilius
1463 3567 1586 3635 facit
1613 3567 1846 3622 similiter

253 3656 521 3731 (Ibidem).
544 3659 801 3714 Similiter
829 3659 960 3714 illud
991 3660 1056 3713 ad
1079 3657 1527 3728 signiﬁcationem
1552 3659 1845 3714 nativitatis

252 3752 440 3821 adjecit
467 3772 480 3808 :
517 3755 692 3806 omnia
719 3768 848 3807 vero
871 3763 927 3809 et
957 3758 1134 3807 eadem
1163 3751 1232 3807 ad
1259 3751 1606 3807 ostendendae
1640 3761 1845 3806 naturas

251 3847 524 3902 veritatem
557 3846 775 3901 locutus
808 3854 908 3900 est.
944 3845 1000 3900 In
1034 3844 1117 3899 his
1142 3845 1316 3910 enim,
1351 3857 1473 3914 qua:
1501 3851 1557 3898 et
1581 3859 1846 3915 quacum-

249 3954 334 4006 que
355 3951 410 3993 et
446 3941 625 3992 eadem
667 3947 830 4004 sunt,
867 3953 969 3992 nec
1011 3937 1298 3992 diversitas
1329 3943 1506 4006 potest
1543 3950 1695 4005 esse,
1747 3951 1846 3992 nec

253 4029 328 4100 (Δ)
352 4031 650 4098 reliquum.
683 4033 859 4100 Atque
884 4031 953 4082 ita
983 4031 1034 4084 in
1067 4039 1254 4083 natura
1278 4027 1466 4082 eadem
1489 4039 1567 4082 eSI
1589 4070 1603 4092 ,
1634 4031 1722 4083 cui
1750 4045 1842 4084 ea-

252 4122 365 4177 dem
387 4117 578 4177 omnia
610 4137 769 4189 posse
802 4132 1003 4176 naturm
1039 4122 1126 4176 sit.
1165 4119 1262 4175 Ubi
1305 4137 1431 4174 vero
1476 4122 1710 4175 similiter
1751 4140 1846 4192 per

251 4211 443 4269 Filium
478 4213 668 4269 eadem
699 4215 878 4268 omnia
911 4214 1080 4278 ﬁunt,
1123 4213 1421 4267 similitudo
1450 4228 1674 4283 operum
1717 4214 1848 4269 soli-

255 4305 494 4361 tudinem
540 4308 817 4375 operantis
847 4305 1108 4360 exclusit:
1143 4314 1202 4357 ut
1229 4306 1404 4357 omnia
1437 4321 1553 4374 qua:
1582 4305 1738 4360 Pater
1764 4306 1843 4360 fa-

251 4396 338 4458 cit,
365 4396 564 4452 eadem
595 4397 775 4451 omnia
819 4396 1068 4450 similiter
1098 4385 1258 4450 faciat
1286 4403 1339 4450 et
1385 4393 1573 4451 Filius.
1614 4395 1736 4454 llaec
1765 4404 1848 4453 est

1948 3193 2138 3261 vi/icat.
2172 3193 2570 3247 Demonstratio
2591 3209 2719 3262 ergo
2745 3190 2908 3249 futuri
2931 3195 3112 3264 operis
3133 3208 3244 3250 non
3274 3197 3554 3265 ignoratur

1947 3301 1977 3340 a
2005 3287 2164 3352 Filio,
2193 3285 2279 3342 cui
2311 3286 2414 3341 hoc
2443 3286 2925 3343 demonstrandum
2956 3296 3061 3354 est,
3090 3295 3148 3342 ut
3171 3285 3421 3356 exemplo
3452 3299 3549 3355 pa-

1949 3389 2119 3435 terna:
2151 3390 2360 3433 natura:
2389 3387 2634 3434 mortuos
2661 3377 2918 3434 viviﬁcet.
2948 3379 3022 3432 Ea
3044 3379 3189 3434 enim
3217 3379 3436 3435 Patrem
3457 3375 3551 3432 de-

1948 3481 2372 3528 monstraturum
2419 3472 2558 3527 Filio
2607 3472 2764 3540 dicit,
2807 3487 2927 3542 qua:
2970 3471 3236 3527 orirentur
3281 3488 3295 3526 :
3331 3481 3386 3524 et
3432 3483 3555 3538 quae

1947 3564 2136 3620 eadem
2186 3573 2370 3619 essent
2416 3564 2526 3631 illa,
2575 3577 2700 3618 mox
2749 3562 2934 3618 docuit
2971 3577 2985 3614 :
3017 3563 3168 3618 Sicut
3217 3562 3354 3616 enim
3393 3559 3554 3615 Pater

1946 3657 2158 3712 suscitat
2185 3663 2412 3710 mortuos
2438 3662 2487 3710 et
2511 3654 2752 3724 viviﬁcat,
2773 3653 2846 3707 sic
2875 3661 2922 3706 et
2945 3650 3114 3706 Filius
3140 3668 3267 3720 quos
3289 3652 3396 3707 vult
3423 3651 3552 3705 uivi-

1948 3749 2068 3818 ﬁcat
2106 3745 2296 3818 (lbid.,
2329 3743 2443 3815 2i).
2477 3745 2768 3814 Exzequata
2797 3743 2966 3798 virtus
2996 3751 3083 3798 est
3111 3758 3204 3813 per
3230 3752 3439 3797 natura:
3466 3740 3550 3795 in-

1949 3841 2227 3896 dissitnilis
2276 3840 2562 3892 unitatem.
2613 3837 2682 3892 Et
2726 3837 3119 3892 demonstratio
3161 3849 3385 3906 operum
3437 3847 3547 3888 non

1948 3933 2304 4004 ignorationis
2334 3930 2619 3988 instructio
2649 3939 2752 3997 est,
2783 3930 2877 3986 sed
2905 3940 3106 3985 nostrae
3127 3928 3250 3985 ﬁdei
3275 3943 3291 3984 :
3319 3942 3439 3998 quae
3470 3925 3552 3998 (g)

1950 4040 2056 4080 non
2081 4025 2218 4078 Filio
2239 4023 2518 4079 scientiam
2542 4023 2930 4093 ignoratorum,
2953 4020 3050 4076 sed
3073 4019 3230 4076 nobis
3252 4019 3553 4076 confessio-

1951 4133 2073 4173 nem
2101 4116 2399 4170 nativitatis
2431 4115 2652 4182 invexit,
2677 4113 3008 4169 conﬁrmans
3033 4124 3151 4166 eam
3184 4125 3281 4180 per
3305 4109 3379 4173 id,
3403 4108 3550 4179 quod

1950 4211 2053 4266 sibi
2099 4208 2279 4264 omnia
2318 4218 2502 4263 essent
2539 4205 2909 4260 demonstrata
2953 4219 3074 4274 qua:
3116 4211 3320 4272 posset.
3364 4200 3552 4272 Neque

1950 4305 2092 4360 enim
2121 4313 2228 4357 non
2261 4302 2713 4370 circumspectum
2743 4314 2802 4354 se
2835 4297 3078 4354 cmlestis
3103 4311 3284 4353 sermo
3317 4296 3448 4367 egit,
3481 4309 3555 4351 ne

1948 4399 2091 4454 forte
2119 4398 2351 4452 diversae
2383 4403 2590 4451 natura:
2613 4392 2939 4465 signiﬁcatio
2966 4389 3067 4445 sub
3097 4388 3386 4445 occasione
3413 4387 3548 4444 dicti

252 4501 387 4542 verae
451 4487 745 4541 nativitatis
783 4487 1132 4556 intelligentia
1156 4529 1171 4551 ,
1223 4495 1279 4541 et
1309 4485 1432 4542 ﬁdei
1467 4500 1698 4555 nosu'aa,
1729 4506 1847 4559 quas
1873 4502 1925 4562 D
1953 4491 2188 4563 ambigui
2219 4491 2561 4560 subreperet.
2592 4488 2969 4542 Demonstrata
3007 4475 3166 4556 190
3190 4481 3335 4539 enim
3369 4479 3416 4536 ci
3449 4495 3549 4551 po—

254 4587 309 4636 et
339 4589 555 4637 naturae
582 4579 779 4636 divina:
825 4580 1062 4646 unitate,
1091 4580 1250 4636 unius
1277 4579 1739 4652 ittdiﬁ‘erentisque
1761 4582 1845 4638 di-

317 4719 397 4793 (ι)
431 4720 536 4788 Qui
563 4720 709 4788 quid.

319 4857 399 4924 (a)
427 4857 678 4912 Christus
701 4855 1013 4911 ostenditse
1037 4869 1107 4910 ex
1138 4852 1456 4910 auctoritate
1483 4851 1844 4924 exempliha-

255 4921 464 4983 bere'ttt
488 4939 611 4996 agat
642 4927 781 4997 quod
822 4927 1012 4991 Pater,
1043 4927 1166 4980 dum
1200 4928 1304 4989 ait,
1341 4942 1459 4997 non
1481 4929 1642 4995 potest
1675 4921 1844 4997 ilius

251 4998 308 5070 εὑ
328 5016 380 5053 se
406 4993 576 5062 facere
601 4993 883 5070 quidquam
903 4999 1000 5052 nisi
1029 4999 1229 5064 viderit,
1262 5006 1392 5063 etc.,
1421 4993 1556 5051 sient
1583 4993 1848 5070 signiﬁcat

254 5065 392 5125 Patri
423 5065 637 5139 sibique
691 5086 850 5124 unam
887 5079 940 5123 et
970 5084 1308 5123 communem
1357 5084 1478 5122 esse
1515 5066 1704 5139 agendi
1740 5065 1846 5118 vir-

254 5149 418 5196 tutem
446 5185 460 5205 ,
508 5138 631 5194 cum
662 5141 881 5209 adjicit,
933 5139 1086 5193 Pater
1117 5157 1252 5192 meus
1281 5155 1436 5208 usque
1467 5138 1616 5191 modo
1659 5152 1845 5204 opera-

254 5221 352 5282 tur.
385 5222 434 5266 et
460 5227 553 5282 ego
573 5228 780 5279 operor.
814 5211 989 5282 Prima
1026 5211 1276 5282 loquendi
1306 5212 1514 5265 ratione
1551 5225 1609 5265 se
1637 5216 1844 5274 natum,

253 5281 418 5336 altera
446 5275 509 5351 se
532 5275 776 5351 ejusdem
808 5297 928 5337 cum
955 5275 1114 5337 Patre
1142 5291 1344 5336 natura:
1371 5283 1548 5335 docet.

323 5351 401 5424 (tt)
435 5347 690 5408 Voculam
723 5353 776 5406 id
817 5355 1110 5422 adjecimus
1137 5369 1202 5408 ex
1231 5369 1360 5407 mss.
1393 5352 1620 5406 Mentem
1664 5347 1851 5424 Hilarii

256 5419 518 5494 illustrant
551 5419 1012 5494 Augttstinivcrltzi
1039 5433 1224 5478 contra
1255 5425 1430 5478 Serm.
1463 5425 1645 5477 Arian.
1679 5438 1727 5477 c.
1756 5419 1846 5494 Ην,

258 5494 344 5544 ubi
378 5495 451 5546 ait
481 5493 675 5549 Filium
709 5511 813 5549 non
845 5495 1019 5550 facere
1053 5496 1153 5548 nisi
1196 5495 1334 5558 quod
1368 5494 1540 5547 videt:
1575 5494 1692 5562 quia
1719 5493 1850 5545 videt

256 5579 307 5616 se
337 5577 406 5637 ea:
425 5567 534 5629 ipso
572 5567 795 5634 faciendi
837 5569 1020 5620 habere
1050 5567 1355 5637 potentiam,
1390 5581 1590 5637 eaque
1620 5581 1671 5637 se
1697 5563 1851 5637 ridet

262 5635 539 5688 exsistendi
569 5632 753 5691 habere
784 5632 1058 5691 naturam
1093 5636 1224 5690 nihil
1257 5636 1400 5690 enim
1430 5634 1571 5687 aliud
1613 5633 1711 5687 sibi
1741 5632 1854 5686 vult

263 5705 411 5774 quod
438 5706 520 5763 bic
561 5707 875 5779 subjicitur,
915 5725 1004 5779 per
1025 5708 1226 5768 virtutis
1268 5723 1328 5762 ac
1357 5716 1552 5761 natura:
1580 5705 1633 5760 in
1680 5721 1732 5759 se
1757 5717 1851 5776 pa-

1953 4586 2061 4640 tius
2086 4598 2252 4655 opera
2283 4579 2458 4638 Patris
2496 4594 2619 4638 esse
2652 4581 2727 4636 ait
2759 4578 2863 4650 (lt),
2891 4591 3053 4649 quam
3084 4577 3153 4632 ad
3180 4575 3554 4647 operationem

1949 4863 2108 4923 terna:
2126 4849 2515 4923 conscientiam.
2545 4849 2610 4905 V.
2634 4851 2731 4923 lib.
2767 4851 2833 4906 de
2863 4851 3069 4923 Synod.
3102 4867 3158 4906 η.
3189 4851 3280 4908 '75.

2024 4921 2094 4992 (ε)
2126 4920 2238 4974 Vox
2278 4919 2444 4988 Deus,
2477 4936 2596 4991 qua:
2632 4920 2686 4975 iu
2717 4918 2944 4993 vulgatis
2983 4923 3200 4990 deerat,
3251 4918 3551 4978 restituitur

1951 5008 2015 5048 εχ
2041 5007 2172 5047 mss.

2023 5064 2104 5133 (α)
2134 5063 2188 5118 ld
2215 5071 2330 5130 est,
2358 5076 2457 5116 nec
2483 5061 2773 5131 quidquam
2802 5061 2945 5131 quod
2987 5079 3093 5118 non
3121 5061 3382 5120 indultum
3405 5102 3421 5130 ,
3449 5061 3548 5118 sed

1953 5134 2127 5190 adhuc
2160 5133 2319 5188 veluti
2341 5141 2605 5189 retentum
2637 5134 2709 5188 sit
2729 5143 2782 5188 et
2821 5145 3178 5190 reservatum.

2053 5208 2099 5274 ε)
2129 5203 2420 5274 Exemplar
2447 5205 2605 5258 Carn.
2637 5220 2750 5270 qua:
2778 5203 2970 5274 faciant
2998 5222 3016 5260 :
3045 5206 3205 5261 male.

2053 5223 2077 5260 e
2129 5208 2420 5274 Exemplar
2447 5208 2605 5258 Carn.
2637 5220 2750 5270 qua:
2778 5208 2970 5274 faciant
2998 5222 3016 5260 :
3045 5208 3205 5261 male.

1952 5284 1986 5350 '_
2026 5208 2099 5350 EI;
2126 5275 2256 5350 Bad.
2298 5275 2701 5350 quicquidnquis.
2745 5275 2837 5332 Er.
2867 5278 2955 5346 qui
2981 5275 3105 5350 quid
3142 5276 3275 5350 quis.
3317 5273 3552 5332 Sustulit

1957 5346 2154 5403 deinde
2185 5349 2329 5417 Lips.
2362 5349 2496 5416 quis.
2529 5347 2721 5402 Verius
2752 5364 2884 5403 mss.
2915 5346 2998 5417 qui
3025 5346 3292 5417 quidquid.

2028 5415 2278 5492 (g)__l’uta,
2297 5415 2684 5474 demonstratio
2706 5415 2952 5490 cperunt.
2980 5415 3084 5476 Pro
3104 5415 3215 5490 qua:
3235 5433 3358 5485 non,
3386 5415 3556 5474 habet

1958 5489 2067 5543 ms:
2093 5489 2210 5542 Vat.
2245 5492 2358 5544 bas.
2389 5506 2567 5560 neque.

2035 5563 2113 5629 (lt)
2145 5560 2200 5613 In
2229 5557 2547 5632 quibusdam
2578 5576 2708 5615 mss.
2737 5577 3016 5631 perperam
3045 5561 3133 5614 hic
3159 5559 3370 5616 additur
3389 5575 3419 5613 a
3443 5557 3554 5614 Do-

1952 5635 2095 5758 ;m’no
2118 5648 2136 5684 :
2163 5647 2284 5687 cum
2333 5632 2556 5689 verbum
2592 5633 2664 5687 ait
2710 5633 2776 5689 ad
2802 5632 3082 5689 cmlestem
3111 5645 3415 5688 sermonem
3459 5645 3550 5688 re-

1975 5712 2174 5758 oratur.

1975 5712 2174 5761 oratur.
