4094 6180
485 206 593 265 9.15

1719 195 1968 255 SANCTI
2007 195 2259 254 lllLARll
2300 194 2607 255 EPISCOPI

3683 203 3789 258 ⁸216

476 341 674 386 eorum
708 334 957 382 naturam
984 323 1201 382 virtutis
1230 322 1498 394 adiectam
1531 336 1544 374 :
1589 328 1648 375 ut
1690 317 2092 375 demonstratio
2120 317 2167 379 A
2196 333 2358 389 quam
2390 326 2449 373 ut
2473 328 2529 375 et
2554 316 2632 391 (c)
2663 325 2821 374 natus
2845 329 2989 386 esse,
3013 331 3114 375 nec
3145 326 3326 376 tamen
3348 315 3609 375 differens
3630 318 3794 378 doce—

481 423 601 495 ipsa
629 419 922 478 nativitatis
947 435 1067 478 esse
1093 418 1392 476 substantia
1420 417 1734 482 doceretur,
1765 415 1851 470 cui
1881 428 1977 484 per
2005 413 2090 469 di-

484 515 776 572 lectionem
808 513 1003 576 Patris.
1034 526 1258 580 operum
1287 519 1658 582 paternorum,
1693 523 1813 578 qua:
1843 522 1938 578 per
1965 522 2088 562 eum

487 604 628 663 efﬁci
660 605 844 670 vellet,
877 612 1023 658 esset
1051 610 1284 657 connata
1313 603 1570 672 cognitio.
1604 602 1772 656 Porro
1802 611 1984 656 autem
2021 617 2089 655 nc

483 714 584 770 per
610 695 1089 754 demonstrationis
1121 695 1542 765 professionem,
1589 693 1887 764 ignorantis
1930 693 1983 747 in
2023 707 2089 747 eo

482 799 693 848 naturce
733 787 1022 860 diversitas
1050 789 1394 852 crederetur;
1423 803 1484 841 ea
1529 789 1640 857 ipsa
1673 784 1751 858 (a)
1777 801 1895 855 qua:
1927 784 2091 854 proli-

484 891 626 939 tetur
650 879 1097 945 demonstranda,
1132 893 1240 934 non
1283 879 1474 934 nescit.
1504 877 1688 948 Usque
1715 877 1851 930 adeo
1884 890 1990 929 non
2021 873 2088 929 de

483 976 721 1046 exempli
770 973 1093 1028 auctoritate
1127 981 1379 1042 gesturus
1425 978 1529 1035 est,
1569 979 1624 1023 ut
1672 966 1911 1022 viviﬁcet
1951 979 2088 1036 quos

481 1071 631 1126 velit.
669 1069 821 1126 Velle
867 1070 1011 1126 enim
1059 1079 1265 1122 natnrce
1306 1066 1526 1122 libertas
1563 1073 1668 1132 est,
1698 1079 1819 1136 qua:
1855 1063 1922 1117 ad
1962 1078 2087 1134 per-

481 1166 643 1224 fectae
691 1165 905 1220 virtutis
950 1162 1340 1219 beatitudinem
1385 1176 1505 1216 cum
1560 1158 1769 1216 arbitrii
1811 1158 2088 1215 voluntate

483 1258 764 1315 subsistat.

554 1351 649 1407 9.0.
679 1350 951 1405 Iudicium
991 1363 1139 1403 omne
1183 1349 1362 1403 datum
1403 1355 1646 1402 naturam
1683 1357 1730 1401 et
1772 1344 2089 1399 nativitatem

485 1444 689 1515 probat.
733 1441 1004 1496 Judicium
1038 1443 1237 1508 datum,
1273 1449 1325 1493 ut
1359 1440 1570 1494 honoris
1597 1439 1662 1493 sit
1695 1436 1986 1508 azqualitas.
2015 1465 2086 1474 —

480 1536 562 1595 Ac
592 1553 663 1594 ne
689 1537 970 1606 deinceps,
1002 1534 1145 1606 quod
1168 1548 1304 1604 quos
1334 1531 1450 1587 vult
1479 1531 1737 1598 viviﬁcat,
1767 1545 1872 1585 non
1897 1528 2088 1584 nativi-

486 1630 617 1685 tatis
649 1628 926 1684 videretur
957 1628 1010 1683 in
1041 1642 1100 1682 se
1129 1625 1334 1681 habere
1367 1633 1647 1692 naturam,
1673 1622 1768 1679 sed
1808 1638 1914 1678 non
1947 1631 2086 1677 nata:

2193 420 2362 468 τθιυτ.

2265 505 2358 560 21.
2393 504 2522 560 Tota
2553 505 2614 560 de
2641 503 2786 559 Filio
2826 504 2954 575 fides
2983 505 3182 559 eruitur
3219 521 3282 560 ea:
3311 505 3571 576 prwdictis
3601 505 3796 564 Christi

2193 600 2378 657 verbis.
2399 630 2470 641 —
2497 600 2656 654 Pater
2684 599 2847 670 igitur
2877 614 3048 668 usque
3074 599 3236 654 modo
3258 609 3530 670 operatur,
3556 612 3608 656 et
3637 604 3794 675 191

2196 689 2365 744 Filius
2394 700 2671 760 operatur.
2698 691 2873 746 llabes
2902 699 3108 746 natura:
3133 691 3374 757 nomina,
3403 706 3523 747 cum
3549 702 3604 748 et
3635 693 3799 750 Pater

2193 792 2449 852 operatur
2488 790 2543 838 et
2582 783 2740 838 lilius.
2783 783 3027 854 Intelligo
3065 793 3120 838 et
3156 793 3404 840 naturam
3439 783 3519 856 (d)
3555 785 3672 853 Dei,
3700 801 3797 857 per

2192 891 2354 947 quam
2398 877 2540 932 Deus
2571 885 2850 947 operatur,
2885 885 3222 947 operantem.
3262 877 3343 932 Ac
3383 893 3451 933 ne
3491 877 3630 933 forte
3659 878 3799 935 duas

2194 970 2543 1040 operationes
2571 978 2884 1025 naturarum
2917 969 3261 1026 dissimilium
3289 971 3568 1027 exisﬁmes
3593 972 3799 1028 intelli-

2192 1061 2430 1132 gendas;
2477 1073 2751 1118 memento
2791 1063 2858 1117 de
2908 1075 3055 1118 casco
3103 1062 3308 1118 dictutn
3351 1063 3514 1120 fuisse
3547 1082 3560 1118 :
3592 1064 3700 1122 Sed
3744 1075 3800 1120 ut

2193 1155 2590 1226 manifestentur
2636 1171 2792 1227 opera
2841 1153 2938 1209 Dei
2980 1157 3033 1210 in
3075 1171 3133 1210 eo
3172 1170 3190 1214 .'
3226 1173 3308 1210 me
3355 1167 3550 1228 oportet
3593 1161 3801 1232 aperari

2193 1264 2347 1319 Opera
2393 1253 2509 1322 ejus
2551 1250 2638 1319 qui
2679 1265 2759 1304 me
2793 1249 2929 1302 misit
2968 1247 3147 1321 (Joan.
3193 1266 3268 1317 Ix,
3310 1250 3389 1321 3).
3427 1250 3488 1306 In
3531 1267 3598 1308 eo
3640 1267 3796 1322 ergo,

2192 1341 2335 1412 quod
2365 1351 2624 1410 Operatur
2650 1341 2845 1407 Filius,
2874 1356 3012 1412 opus
3042 1341 3218 1398 Patris
3247 1352 3368 1398 cst:
3397 1353 3449 1398 et
3481 1359 3614 1415 opus
3645 1345 3796 1414 Filii,

2193 1449 2330 1505 opus
2363 1435 2457 1490 Dei
2484 1443 2589 1491 est.
2633 1434 2699 1489 Et
2728 1435 2798 1490 de
2832 1434 3092 1505 operibus
3131 1451 3367 1506 sequens
3410 1437 3585 1494 adhuc
3613 1453 3798 1495 sermo

2192 1536 2296 1582 est.
2326 1527 2551 1582 interim
2579 1541 2724 1582 nunc
2749 1526 2887 1582 nihil
2907 1528 3050 1582 aliud
3076 1527 3281 1585 studuit
3307 1530 3610 1598 responsio,
3633 1546 3798 1600 quam

2193 1629 2252 1675 ut
2279 1635 2442 1675 omne
2483 1635 2620 1691 opus
2661 1620 2892 1676 referret
2933 1619 3000 1675 ad
3041 1631 3358 1691 utrumque;
3391 1623 3461 1693 (ε)
3515 1624 3798 1695 utriusque

487 1721 671 1792 potius
701 1719 987 1790 potestatis
1007 1719 1131 1788 jure
1159 1719 1487 1783 subsistere;
1519 1713 1777 1772 continuo
1805 1715 2038 1785 subjecit
2072 1733 2084 1768 :
2119 1716 2167 1776 B
2195 1724 2379 1770 autem
2407 1724 2594 1769 natura
2619 1729 2724 1768 non
2743 1713 2984 1770 differret
3004 1713 3282 1785 operandi,
3315 1731 3436 1770 cum
3465 1716 3517 1771 in
3539 1731 3624 1782 eo,
3650 1718 3798 1788 quod

489 1810 602 1866 Nec
624 1811 759 1864 enim
782 1809 943 1863 Pater
957 1809 1168 1882 judicat
1187 1823 1510 1878 quemquam,
1538 1807 1628 1861 sed
1662 1822 1812 1860 omne
1828 1806 2089 1880 judicium

487 1907 627 1961 dedit
658 1904 800 1959 Filio
832 1903 1139 1975 (Ibid.,22).
1171 1903 1238 1958 Et
1269 1903 1324 1957 in
1354 1916 1442 1967 eo,
1471 1899 1614 1971 quod
1644 1915 1803 1955 omne
1822 1898 2088 1969 judicium

483 2000 670 2056 datum
705 2007 812 2064 est,
864 2006 918 2052 et
968 2005 1158 2051 natura
1208 2005 1263 2050 et
1314 1994 1571 2049 nativitas
1618 1993 2030 2048 demonstratur
2073 2009 2086 2047 :

487 2094 614 2164 quia
642 2101 695 2148 et
721 2091 903 2146 omnia
935 2089 1136 2146 habere
1175 2088 1291 2145 sola
1321 2097 1516 2143 natura
1550 2087 1721 2157 possit
1752 2085 2088 2153 indifferens,

485 2199 665 2255 tteque
692 2183 948 2240 nativitas
977 2180 1177 2251 aliquid
1209 2179 1381 2250 possit
1403 2178 1623 2244 habere,
1650 2178 1755 2234 nisi
1782 2177 1968 2233 datum
1996 2176 2086 2232 sit.

487 2276 686 2333 Datum
714 2282 893 2330 autem
921 2287 1083 2328 omne
1103 2271 1368 2341 judicium
1395 2279 1513 2336 est;
1537 2267 1660 2342 quia
1692 2267 1926 2324 viviﬁcat
1954 2283 2091 2338 quos

489 2369 629 2425 vult.
661 2367 845 2438 Neque
870 2365 1181 2435 ademptum
1210 2362 1356 2418 Patri
1387 2362 1648 2432 judicium
1679 2368 1856 2430 potest
1880 2358 2089 2426 videri,

490 2476 614 2520 cum
646 2462 763 2531 ipse
802 2473 913 2514 non
939 2456 1145 2526 judicet
1169 2476 1181 2509 :
1206 2456 1330 2525 quia
1362 2452 1485 2509 Filii
1509 2452 1772 2525 judicium
1797 2468 1858 2506 ex
1885 2450 2092 2520 judicio

489 2557 562 2613 sit
597 2563 859 2626 paterno;
892 2552 960 2607 ab
989 2566 1058 2607 eo
1079 2551 1224 2607 enim
1259 2549 1444 2604 datum
1485 2562 1647 2603 omne
1677 2546 1942 2618 judicium
1985 2554 2090 2604 est.

487 2647 598 2706 Sed
629 2647 741 2702 dati
765 2644 953 2716 judicii
988 2658 1150 2698 causa
1173 2657 1280 2697 non
1307 2642 1468 2696 tacita
1496 2649 1598 2696 est.
1625 2640 1883 2712 Sequitur
1909 2641 2052 2696 enim
2077 2659 2089 2693 :

487 2738 596 2796 Sed
626 2736 889 2813 judicium
912 2751 1059 2790 omne
1085 2734 1226 2789 dedit
1252 2732 1425 2796 Filio,
1459 2742 1512 2786 ut
1540 2749 1712 2788 onmes
1757 2732 2094 2801 honoriﬁcent

489 2831 716 2897 Filium,
739 2831 871 2885 sicut
893 2827 1237 2896 honorificam
1260 2824 1489 2880 Patrem.
1526 2823 1626 2890 Qui
1655 2840 1758 2878 non
1785 2823 2095 2893 honorificat

487 2922 707 2985 Filium,
723 2939 825 2976 non
844 2917 1362 2989 ItonorificatPatrem
1375 2918 1462 2988 qui
1479 2917 1612 2971 misit
1624 2914 1828 2986 illum(l
1835 2916 1938 2970 bid.
1951 2915 2064 2986 ,25)
2076 2958 2090 2972 .

491 3014 627 3083 Quid
644 3012 923 3085 (l)igitur,
939 3009 1375 3077 oro,derelictum
1398 3017 1481 3064 est
1497 3009 1838 3077 suSpicionis,
1855 3017 1946 3062 aut
1967 3007 2093 3077 quid

2197 1823 2368 1878 usque
2395 1807 2570 1862 adhuc
2614 1807 2775 1862 Pater
2799 1815 3076 1878 Operatur,
3117 1817 3374 1877 operatur
3399 1818 3454 1863 et
3482 1808 3648 1865 Filius
3680 1828 3693 1862 :
3723 1826 3800 1866 ne

2195 1899 2285 1971 qui
2316 1898 2570 1954 dominus
2609 1899 2816 1956 sabbati
2855 1908 2937 1956 est
2979 1899 3254 1972 (dominus
3296 1902 3541 1958 esteuim
3581 1903 3796 1959 sabbati

2195 1991 2335 2046 filius
2366 1991 2601 2046 hominis
2635 2033 2650 2058 ,
2694 1990 2824 2046 Luc.
2858 2008 2933 2059 vt,
2981 1991 3036 2063 5)
3066 2036 3080 2060 ,
3119 1993 3280 2062 impie
3321 1994 3536 2062 operari
3567 1995 3794 2050 sabbato

2195 2083 2529 2152 crederetur,
2553 2083 2707 2154 cujus
2728 2098 2865 2154 opus
2883 2099 2980 2155 per
2995 2082 3296 2140 nativitatis
3318 2095 3570 2141 naturam
3588 2088 3796 2156 paterni

2194 2177 2248 2233 in
2278 2192 2337 2233 se
2361 2178 2540 2248 operis
2571 2187 2716 2234 esset
2749 2179 3063 2234 auctoritas.
3092 2179 3210 2235 Non
3236 2179 3586 2237 confunditur
3613 2183 3800 2253 itaque

2196 2279 2287 2325 aut
2315 2270 2567 2326 aboletur
2597 2279 2811 2336 natura,
2842 2285 2911 2326 ne
2939 2270 3080 2327 ﬁlius
3106 2273 3175 2326 sit
3206 2290 3218 2325 :
3247 2287 3348 2328 nec
3373 2283 3554 2330 tamen
3578 2289 3798 2329 rursum

2196 2361 2454 2419 adimitur
2493 2372 2707 2432 natura,
2740 2379 2808 2418 ne
2846 2364 2991 2420 Deus
3028 2364 3117 2419 sit.
3152 2363 3262 2421 Nec
3299 2365 3681 2422 discernuntur
3715 2367 3797 2422 di-

2197 2455 2476 2522 versitate,
2508 2471 2578 2512 ne
2605 2472 2769 2512 unum
2798 2457 2908 2512 sint
2935 2474 2948 2511 :
2977 2473 3153 2529 neque
3179 2457 3320 2530 quod
3355 2475 3516 2514 unum
3546 2470 3673 2516 sunt
3693 2501 3708 2525 ,
3741 2460 3802 2515 id

2200 2556 2384 2618 putest
2410 2557 2671 2618 praestare
2701 2548 2768 2622 (f)
2795 2564 2862 2605 ne
2889 2557 3117 2622 uterque
3146 2550 3234 2608 sit.
3271 2553 3334 2607 Et
3362 2553 3597 2623 primum
3625 2553 3801 2610 ﬁlium

2201 2653 2492 2709 cognosce,
2521 2655 2645 2695 cum
2667 2640 2898 2696 dicitur:
2929 2641 3052 2697 Non
3074 2652 3237 2716 potest
3259 2641 3432 2700 Filius
3458 2645 3521 2700 ab
3547 2662 3598 2699 se
3627 2648 3804 2718 facere

2196 2730 2498 2800 quidquam,
2533 2732 2632 2786 nisi
2655 2733 2792 2803 quod
2830 2733 3014 2787 viderit
3062 2732 3276 2791 Patrem
3311 2739 3583 2808 facientem
3608 2737 3799 2812 (Joan.

2199 2840 2252 2891 ν,
2285 2824 2397 2895 19).
2428 2824 2608 2881 Habes
2630 2826 2967 2882 nativitatem
2997 2827 3116 2896 ﬁlii,
3146 2845 3265 2899 qua:
3291 2833 3358 2886 ab
3389 2845 3449 2886 se
3469 2831 3602 2887 nihil
3627 2833 3804 2903 possit

2199 2915 2401 2983 facere,
2433 2917 2535 2972 nisi
2565 2917 2764 2974 videat.
2797 2920 2853 2974 ln
2885 2933 2951 2974 eo
2977 2930 3180 2987 autem,
3211 2921 3357 2992 quod
3385 2922 3454 2977 ab
3475 2939 3534 2980 se
3557 2925 3691 2978 nihil
3711 2939 3806 2996 po-

2200 3017 2325 3076 test,
2356 3009 2794 3066 innascibilitatis
2819 3011 3008 3068 adimit
3039 3028 3317 3081 errorem;
3349 3015 3418 3071 ab
3437 3030 3497 3072 se
3519 3015 3801 3074 enimnon

485 3107 753 3177 reliquum
771 3113 856 3160 est
878 3102 942 3158 ad
961 3103 1288 3170 impietatem
1308 3101 1632 3158 occasionis?
1656 3100 1926 3155 Paternon
1939 3100 2089 3173 judi-
2118 3107 2162 3170 ρ
2197 3110 2375 3172 potest
2397 3117 2555 3172 posse
2584 3104 2834 3160 nativitas
2859 3122 2872 3158 :
2897 3106 3038 3176 quod
3063 3119 3243 3163 autem
3273 3108 3438 3178 videt,
3463 3111 3539 3182 (g)
3560 3113 3803 3168 conscia:

487 3211 571 3257 cat
585 3215 908 3271 quemquam,
923 3198 1012 3252 sed
1028 3213 1176 3252 omne
1186 3196 1443 3268 judicium
1456 3193 1594 3248 dedit
1609 3193 1768 3248 Filio.
1783 3193 1978 3250 Judicii
1992 3208 2059 3247 au
2071 3222 2091 3234 α

489 3300 600 3349 tem
646 3293 755 3347 dati
781 3307 847 3348 ea
884 3305 1043 3345 causa
1074 3299 1175 3351 est,
1208 3299 1263 3342 ut
1289 3287 1456 3342 Filius
1483 3289 1744 3356 exaequati
1775 3287 1994 3341 honoris
2025 3287 2092 3341 ad

487 3383 703 3440 Patrem
729 3383 820 3450 sit,
849 3391 906 3438 et
929 3381 1315 3437 inhonoriticus
1342 3380 1477 3436 Filio
1503 3379 1892 3435 inhonoriﬁcus
1913 3392 1965 3437 et
1995 3383 2092 3437 Pa-

488 3476 559 3532 tri
599 3475 693 3530 sit.
733 3477 799 3531 Et
827 3474 1100 3544 quomodo
1139 3483 1262 3543 post
1292 3472 1407 3528 haec
1437 3472 1756 3543 intelligitur
1797 3474 2092 3530 nativitatis

490 3567 712 3624 differre
733 3581 944 3633 natura,
975 3581 1136 3638 quam
1167 3580 1271 3622 ItOtt
1301 3564 1477 3620 solum
1501 3564 1576 3637 (ὁ)
1599 3565 1865 3636 operatio,
1894 3567 2085 3632 virtus,

487 3660 688 3727 honor,
735 3661 832 3715 sed
881 3663 1044 3716 etiam
1081 3658 1413 3714 contumelia
1462 3658 1642 3728 negati
1689 3657 1913 3713 honoris
1948 3673 2092 3714 exae-

486 3753 660 3824 quat?
688 3752 832 3808 Nihil
860 3753 1027 3824 igitur
1055 3752 1226 3814 aliud,
1257 3766 1416 3822 quam
1447 3761 1849 3807 sacramentum
1881 3750 2092 3806 nativi-

488 3845 639 3910 tatis,
663 3860 844 3900 sermo
863 3860 1006 3900 nunc
1026 3844 1225 3899 divina:
1242 3843 1614 3914 responsionis
1635 3841 1891 3898 ostendit.
1909 3843 2092 3914 Neque

486 3937 648 3997 aliter
697 3939 873 4011 potuit
922 3948 1014 3994 aut
1068 3937 1259 3994 debuit
1301 3936 1474 3993 Filius
1514 3953 1544 3991 a
1592 3937 1752 3993 Patre
1797 3937 2088 4008 distingui,

2198 3194 2254 3249 in
2279 3211 2338 3250 se
2360 3205 2564 3252 naturae
2586 3199 2922 3267 signiﬁcatur
2942 3203 3170 3272 agnitio.
3196 3203 3266 3260 Et
3287 3206 3339 3260 in
3362 3220 3429 3262 eo
3450 3223 3592 3264 nunc
3612 3224 3801 3265 veram

2197 3287 2294 3366 Dei
2331 3303 2601 3360 cognosce
2645 3299 2892 3347 naturam
2927 3311 2941 3348 :
2975 3293 3318 3364 Quwcumque
3355 3300 3488 3354 enim
3525 3301 3614 3356 ille
3647 3303 3801 3372 facit,

2197 3379 2371 3435 eadem
2407 3391 2456 3436 et
2484 3379 2659 3438 Filius
2689 3385 2814 3454 facit
2852 3387 3089 3442 similiter
3118 3386 3388 3462 (Ibidem).
3419 3391 3496 3465 (Ir)
3530 3392 3661 3449 Post
3700 3409 3805 3450 na-

2199 3483 2334 3530 turae
2373 3483 2554 3531 autem
2596 3476 2873 3544 virtutem,
2908 3491 3115 3536 naturas
3157 3498 3249 3552 per
3276 3484 3328 3539 id
3356 3485 3688 3543 indissimilis
3713 3487 3806 3544 in-

2199 3568 2382 3639 tellige
2408 3569 2670 3625 unitatem
2704 3588 2718 3623 :
2752 3569 2820 3627 Ut
2845 3587 3018 3630 omnes
3046 3573 3386 3646 honori/irent
3422 3576 3641 3644 Filium,
3663 3580 3804 3636 sicut

2200 3662 2543 3731 honoriﬁcam
2563 3662 2774 3720 Patrem
2797 3668 2885 3738 qui
2914 3671 3051 3725 misit
3081 3670 3229 3725 illum
3257 3671 3448 3745 (lbid.,
3481 3674 3598 3745 23).
3623 3675 3702 3731 Ac
3725 3689 3804 3731 ne

2199 3761 2252 3808 te
2280 3762 2484 3810 naturae
2510 3758 2689 3812 unitas
2716 3759 2768 3814 in
2801 3760 3028 3817 solitarii
3050 3764 3248 3820 unione
3278 3765 3582 3832 contineat;
3613 3782 3806 3823 sacra-

2200 3854 2440 3902 mentum
2464 3847 2516 3902 in
2537 3863 2604 3904 eo
2627 3849 2750 3905 ﬁdei
2773 3851 2920 3909 disce
2951 3871 2962 3907 :
2991 3855 3094 3922 Qui
3122 3872 3222 3910 non
3246 3856 3550 3928 Itonoriﬁcat
3573 3858 3798 3930 Filium,

2201 3955 2304 3993 non
2335 3939 2642 4014 honoriﬁcat
2675 3941 2885 3999 Patrem
2903 3945 2989 4018 qui
3020 3948 3156 4004 misit
3176 3947 3322 4004 illum
3352 3948 3623 4025 (Ibidem).
3653 3952 3802 4010 Con-

563 4096 643 4170 (l)
679 4097 840 4153 Deest
869 4097 1049 4169 igitur.
1094 4093 1260 4151 Paulo
1287 4102 1430 4165 post,
1461 4098 1549 4146 aut
1571 4090 1696 4162 quid
1720 4091 1980 4157 relictum;
2020 4107 2084 4150 ac
2112 4091 2330 4162 deinde,
2371 4095 2527 4154 Pater
2572 4117 2675 4156 non
2701 4099 2923 4171 iudicat,
2965 4113 3014 4158 et
3052 4121 3200 4161 omne
3212 4108 3472 4177 judicium
3498 4108 3635 4165 dedit
3658 4112 3795 4182 ﬁlio.

482 4238 490 4245 '
557 4234 636 4303 (a)
665 4231 726 4287 lu
753 4248 884 4288 mss.
916 4231 1275 4297 Carn.,Corb.
1300 4240 1360 4303 et
1387 4229 1664 4303 nonnullis
1686 4229 1828 4293 aliis,
1857 4246 1972 4301 quae
1991 4246 2094 4285 non

483 4300 804 4376 proﬁtetur._
833 4303 973 4376 blo_x_
1003 4305 1057 4376 in
1098 4301 1411 4376 vetustiore
1454 4300 1615 4376 Colb.
1669 4300 1934 4376 gessurus,
1985 4317 2092 4357 non

483 4370 740 4444 gesturus.
773 4373 928 4438 Quod
960 4373 1050 4426 hic
1079 4373 1278 4426 dicitur
1303 4370 1519 4444 :_(_quue
1548 4370 1684 4423 adeo
1703 4388 1804 4423 non
1834 4373 1898 4424 de
1921 4388 2092 4444 essem-

481 4441 560 4517 pa
586 4445 891 4517 auctoritate
910 4453 1145 4517 gesturus
1171 4452 1264 4502 est,
1289 4441 1504 4517 videtur
1529 4456 1765 4517 pugnare
1789 4456 1909 4494 cuni
1932 4442 2090 4517 dictis

484 4513 639 4570 nunt.
686 4515 773 4579 l7,
807 4515 894 4568 ubi
941 4513 1110 4566 Filius
1137 4513 1400 4567 asseritur
1427 4527 1491 4566 ea:
1525 4513 1829 4565 auctoritate
1869 4515 2088 4580 exempli

481 4589 740 4643 virtutem
779 4585 971 4656 agendi
1013 4597 1327 4656 usurpasse.
1358 4581 1429 4636 At
1471 4591 1701 4656 uterque
1746 4583 1898 4636 locus
1935 4583 2088 4656 facile

482 4654 833 4722 conciliatur,
858 4671 979 4711 cum
1012 4655 1314 4719 auctoritas,
1340 4670 1491 4708 num.
1525 4654 1610 4718 17,
1648 4664 1852 4706 tantum
1867 4654 2033 4723 geniti
2058 4671 2084 4708 a

483 4730 732 4798 genitore
775 4728 1037 4798 originem
1089 4735 1266 4798 sonet,
1313 4724 1400 4779 hic
1444 4724 1825 4798 vero__su_bditi_
1867 4727 2084 4798 dllll‘llllo

482 4794 782 4857 éxhibitam
829 4794 1171 4853 servitutem.
1227 4794 1522 4866 Utrumque
1566 4794 1695 4849 illud
1743 4795 1918 4850 eidem
1967 4795 2085 4850 loco

481 4870 820 4938 re3p0ndens
865 4869 1196 4938 Augustinus
1235 4865 1639 4922 contraSerm.
1683 4865 1869 4938 Arian.
1912 4881 1961 4920 c.
1989 4867 2082 4932 25,

483 4935 870 5011 sie‘explieat:
914 4935 1026 4993 Nec
1063 4935 1236 4992 Filius
1273 4955 1305 4992 a
1333 4955 1387 5011 se
1422 4948 1586 5008 potest
1625 4937 1925 5011 quidquam.
1968 4939 2086 5011 quia

486 5028 580 5065 nec
603 5006 713 5080 ipse
741 5028 772 5064 α
796 5012 1090 5079 semetipso,
1120 5025 1224 5064 non
1251 5010 1389 5080 quod
1423 5006 1477 5062 in
1503 5006 1738 5062 omnibus
1763 5006 1947 5066 nutum
1978 5007 2088 5062 Pa-

487 5084 582 5135 tris
613 5090 882 5152 exspectet.

553 5172 628 5244 (b)
657 5171 1006 5244 Martinianus
1026 5188 1129 5228 ms.
1164 5163 1392 5239 operatio
1421 5171 1642 5244 virtutis.
1671 5169 1937 5244 Vat._bas.
1962 5186 2087 5241 ape-

461 5239 834 5297 .ratie'virtutis
856 5243 1021 5296 honor
1049 5261 1068 5297 :
1102 5245 1435 5314 perturbate.
1470 5241 1639 5296 Filius
1653 5239 1813 5314 Patri
1837 5239 2090 5314 exaequa-

477 5322 568 5370 tur
595 5314 932 5382 Operatione,
967 5311 1316 5369 dum'eadem
1343 5313 1469 5368 facit
1499 5327 1620 5382 qua:
1650 5313 1839 5377 Pater;
1867 5311 2084 5381 virtute,

481 5384 611 5439 dum
645 5386 740 5448 ita,
775 5393 834 5439 ut
860 5386 1040 5450 Pater,
1075 5400 1211 5455 quos
1236 5387 1350 5439 vult
1379 5384 1653 5451 viviﬁcat;
1688 5383 1930 5452 honore,
1961 5384 2090 5439 dum

485 5455 555 5511 ab
582 5458 835 5512 omnibus
863 5469 946 5512 est
975 5455 1442 5512 honoriﬁcandus.

557 5551 631 5622 (c)
662 5552 824 5618 Editi,
867 5562 1019 5608 natus
1062 5562 1210 5608 esset.
1253 5553 1321 5607 At
1356 5552 1409 5606 in
1451 5552 1905 5622 plerisquermss.
1935 5562 2086 5608 natus

481 5621 620 5696 esse.
644 5624 842 5696 Deinde
869 5624 923 5691 in
955 5625 1242 5696 omnibus,
1257 5639 1362 5696 nec
1402 5621 1566 5696 tamen
1592 5621 1903 5696 indi/ferens
1921 5640 1946 5695 _:
1973 5623 2085 5696 for—

482 5695 623 5752 sitan
652 5689 915 5756 sincerius
947 5711 1042 5768 per
1069 5689 1450 5753 hellenismum
1480 5689 1681 5752 Hilario
1708 5689 1824 5752 non
1856 5692 2084 5754 inusita-

2202 4245 2350 4320 tum...
2366 4236 2578 4309 Quippe
2617 4242 2802 4320 l_ib._d_e
2829 4244 3036 4320 Synod.
3062 4263 3114 4302 n.
3143 4249 3234 4315 75,
3266 4249 3495 4320 legimus
3526 4270 3616 4319 per
3649 4255 3796 4308 simi-

2199 4306 2596 4392 litudinem—non
2617 4306 3233 4392 indi/ferentisessentia:
3258 4306 3354 4392 pro
3385 4339 3474 4392 per
3500 4306 3802 4381 similitudi-

2198 4393 2448 4467 peninon
2471 4381 2753 4467 differentis
2781 4391 3036 4467 essentia.
3070 4391 3185 4467 alia
3214 4381 3523 4462 hujustnodi
3545 4398 3799 4467 exempla

2197 4451 2250 4502 in
2282 4451 2473 4506 eodem
2505 4453 2642 4509 libro
2672 4463 2727 4510 et
2754 4451 2880 4512 alibi
2910 4461 3149 4531 reperire
3179 4472 3282 4519 est.

2270 4544 2346 4619 (ᾳ)
2387 4545 2728 4602 Desideratur
2755 4549 2852 4605 Dei
2895 4553 2946 4606 in
2989 4568 3088 4608 ms.
3121 4555 3241 4610 Vat.
3279 4556 3398 4614 bas.
3430 4559 3504 4614 Ex
3542 4560 3799 4619 subuexo

2114 4647 2166 4706 Β
2194 4610 2490 4684 Scriptura:
2523 4619 2644 4672 loco
2673 4622 2870 4689 pendet
2901 4623 3056 4693 hujus
3096 4610 3794 4700 pronositioni—s—prohatiov.

2265 4708 2719 4796 (ej‘lilartinianus
2749 4717 3151 4796 ms._utriusque
3179 4722 3317 4774 enim
3344 4732 3526 4796 natura
3557 4740 3658 4779 non
3683 4726 3798 4796 dif-

2190 4777 2347 4859 ferret
2375 4795 2550 4849 Opera.
2585 4783 2825 4859 Lips_._et_
2848 4787 2969 4842 Par.
3001 4777 3265 4859 utriusque
3299 4793 3432 4847 enim
3473 4777 3658 4850 natura
3686 4777 3794 4853 ἤδη

2189 4847 2673 4990 ἔὶῐεῶιαιῖρεναηάοζ
2705 4855 2942 4914 Verbum
2971 4847 3202 4928 differret
3231 4865 3435 4934 regitur
3454 4881 3484 4919 a
3513 4847 3794 4936 particulis

2267 5014 2334 5095 (Γ)
2361 5015 2418 5070 Id
2449 5028 2565 5095 cst,
2585 5036 2654 5075 ne
2682 5030 2907 5095 uterque
2936 5025 3216 5095 proprium
3243 5029 3542 5086 exsistendi
3569 5032 3794 5090 modum

2197 5083 2392 5142 habeat
2420 5090 2488 5144 ab
2516 5083 2692 5148 altero
2719 5083 3050 5152 distinctum:

2267 5178 2543 5264 (9)_Ap'ud
2591 5183 2748 5264 Bad.‘
2779 5188 3114 5264 conscientia.
3163 5191 3322 5264 Apud
3369 5193 3516 5264 Lips.
3567 5205 3621 5251 et
3664 5197 3796 5254 Par,-

2192 5252 2416 5325 conscia.
2461 5253 2520 5308 In
2557 5270 2661 5310 ms.
2709 5254 2870 5312 Carn.
2915 5252 3256 5317 conscientiae.
3292 5252 3484 5322 Verius
3528 5267 3620 5322 Er.
3664 5252 3795 5325 cuin

2197 5321 2470 5411 plerisque
2501 5340 2631 5411 rnss.
2662 5330 2926 5411 conscita.-
2949 5331 3231 5411 Sicmmox,
3273 5321 3795 5411 conscitepotestdtis

2196 5392 2305 5479 lucc
2325 5409 2424 5448 vos:
2443 5405 2564 5479 est-,1
2579 5407 2644 5479 et_
2660 5399 2815 5454 initio
2837 5401 2996 5471 hujus
3021 5403 3139 5479 libri
3153 5445 3166 5469 ,
3190 5392 3408 5461 conscia:
3427 5392 3793 5479 inﬁrmitatis}

2194 5461 2412 5518 demum
2445 5469 2498 5521 in
2527 5469 2667 5524 Psal.
2696 5461 2977 5538 vaut,'n.
3015 5474 3099 5541 15,
3131 5461 3351 5532 conscire
3378 5480 3428 5532 in
3460 5461 3748 5540 sesein—tis:

2267 5555 2542 5646 (It)Edl‘l_i,
2579 5578 2669 5630 per
2693 5576 2908 5646 natum.
2949 5565 3171 5646 Rectius
3215 5585 3352 5646 mss:
3388 5583 3523 5644 post,
3565 5575 3791 5646 supple,

2186 5627 2615 5758 grtiaelcgfqnitam,
2662 5637 2910 5708 proximo
2947 5639 3064 5698 suil.
3107 5639 3231 5699 loco
3269 5659 3282 5699 :
3316 5627 3793 5717 deéuiniiii‘fil

2261 5737 2275 5758 ,
2397 5739 2409 5756 .

2261 5737 2275 5772 ’
2302 5737 2409 5758 νιν.
