4094 6180
275 215 382 271 217

1517 213 1604 270 DE
1635 212 2008 272 TRINITA’I‘E
2041 211 2243 269 LIBER
2284 210 2392 269 VII.

3467 207 3573 264 2l8

279 329 426 387 clusa
454 333 581 383 sunt
609 325 794 382 omnia
821 327 1108 383 adversum
1133 326 1376 385 haeretici
1405 325 1604 384 furoris
1634 328 1868 401 ingenia.
1898 331 1948 393 Α
1976 328 2136 384 Patre
2167 341 2330 383 unum
2359 326 2449 394 sit,
2481 336 2536 381 et
2563 325 2638 397 (ε)
2679 339 2845 382 unum
2874 337 2935 381 se
2964 321 3268 396 proﬁtendo
3312 337 3434 382 cum
3467 323 3573 380 Pa-

276 424 444 482 Filius
486 429 590 486 est,
633 421 759 492 quia
801 421 870 477 ab
895 435 954 478 se
985 420 1117 476 nihil
1154 430 1332 492 potest
1369 442 1383 476 :
1421 421 1562 478 Deus
1603 433 1710 488 est,
1749 423 1872 493 quia

277 528 628 589 quaecumque
659 513 820 568 Pater
863 511 989 567 facit
1009 554 1023 576 .
1054 521 1109 567 ει
1140 513 1252 584 ipse
1279 512 1467 569 eadem
1499 513 1628 568 facit
1659 531 1671 568 :
1707 531 1869 570 unum

274 617 420 671 sunt,
470 607 595 678 quia
641 614 956 676 exmquatttr
1002 605 1052 660 in
1106 607 1328 670 honore,
1377 606 1674 677 eademque
1721 607 1868 672 facit,

277 717 384 757 non
410 698 511 754 alia
544 717 558 753 :
591 714 700 754 non
724 709 806 754 est
833 709 986 769 pater
1015 700 1162 769 ipse,
1194 700 1315 770 quia
1345 701 1540 756 missus
1566 710 1670 757 est.
1699 701 1870 758 liabet

275 797 434 868 igitur
464 793 570 850 hoc
610 797 935 849 sacramenti
969 795 1081 849 sola
1127 794 1398 862 nativitas,
1431 805 1488 851 ut
1533 797 1868 868 complecta-

274 898 360 945 tur
381 888 434 944 in
457 903 516 943 se
539 895 592 942 et
614 901 835 952 nomen,
859 896 913 940 et
935 895 1201 952 naturam,
1221 897 1276 942 et
1296 897 1639 958 potestatem,
1663 901 1716 946 ει
1743 905 1867 959 pro-

275 980 560 1037 fessionem
591 996 604 1033 :
631 980 756 1049 quia
783 979 1030 1035 universzr
1070 981 1224 1052 192
1261 981 1514 1037 nativitas
1547 997 1654 1038 non
1693 992 1871 1055 potest

274 1089 379 1130 non
408 1072 460 1128 in
489 1087 554 1128 ea
584 1086 706 1128 esse
735 1081 949 1137 natura,
974 1072 1115 1128 unde
1148 1085 1415 1130 nascatur.
1441 1074 1555 1130 Non
1586 1076 1745 1132 atl‘ert
1771 1092 1866 1132 ex-

275 1166 410 1222 terni
433 1165 650 1236 generis
679 1165 1035 1220 substantiam
1070 1183 1083 1221 :
1111 1167 1234 1236 quia
1265 1182 1331 1222 ex
1356 1183 1462 1221 uno
1485 1183 1590 1223 non
1623 1169 1869 1226 subsistit

272 1259 526 1314 alienum.
553 1256 710 1324 Quod
733 1265 915 1312 autem
940 1257 1175 1313 alienum
1203 1273 1232 1313 a
1262 1274 1322 1314 se
1353 1275 1458 1314 non
1483 1269 1584 1327 est,
1619 1260 1669 1315 id
1700 1278 1862 1316 unum

272 1360 355 1408 est
379 1364 576 1422 genere
605 1362 811 1404 natura:
838 1369 850 1404 :
881 1359 936 1404 et
962 1351 1220 1420 quidquid
1246 1367 1408 1406 unum
1442 1363 1522 1407 εει
1551 1368 1644 1422 per
1670 1355 1865 1409 nativi-

273 1454 460 1512 tatem,
495 1459 598 1500 non
629 1443 792 1499 habet
831 1443 1211 1510 solitudinem;
1245 1446 1366 1516 quia
1400 1455 1455 1502 et
1483 1446 1718 1502 solitudo
1754 1449 1865 1504 sin-

271 1538 474 1609 gularis
499 1547 602 1603 est,
624 1547 679 1592 et
707 1538 1006 1594 nativitatis
1027 1547 1111 1596 est
1142 1539 1319 1596 unitas
1349 1539 1415 1595 ad
1444 1549 1752 1613 utrumque.

339 1630 428 1686 22.
485 1631 796 1686 Arianorum
840 1632 968 1703 ﬁdes
1014 1633 1245 1703 ipsorum
1295 1635 1577 1706 cognitioni
1624 1637 1854 1692 adversa.

1979 430 2078 489 tre,
2132 435 2243 476 non
2287 428 2464 475 tamen
2494 417 2574 491 (ι)
2609 417 2688 490 (d)
2719 426 2778 473 ιιι
2815 417 2965 474 solus
2999 424 3204 473 tantum
3255 425 3416 487 atque
3460 418 3574 488 ipse

1977 523 2130 584 pater
2161 513 2474 569 intellectus
2513 512 2726 568 amittat
2754 525 2877 567 esse
2901 510 3042 580 quod
3081 509 3224 564 ﬁlius
3250 519 3355 564 est.
3385 509 3575 564 Testa-

1976 617 2061 663 tur
2097 608 2242 662 enim
2286 607 2518 678 primum
2561 615 2766 658 natura:
2814 604 3086 666 virttttem,
3119 618 3240 657 cum
3271 601 3339 657 de
3383 601 3572 658 ovibus

1973 701 2086 755 suis
2110 700 2184 754 ait
2216 719 2228 755 :
2266 698 2378 752 Nec
2409 699 2678 768 quisquam
2707 697 2784 768 (2)
2815 697 2978 767 rapiet
3019 712 3107 751 eas
3151 695 3213 749 de
3253 710 3410 748 manu
3453 711 3564 751 mea

1974 794 2140 868 (Ibid.
2170 793 2287 866 28).
2311 793 2556 849 Conscia:
2583 793 2865 865 potestatis
2889 792 3004 848 haec
3024 806 3126 846 vox
3149 799 3253 859 est,
3279 793 3572 861 impertur-

1974 890 2116 945 batze
2141 889 2357 944 virtutis
2385 887 2689 942 libertatem
2723 901 2820 957 per
2851 886 2922 955 id,
2954 885 3097 956 quod
3134 901 3294 941 nemo
3331 899 3461 940 oves
3501 884 3571 940 de

1973 997 2138 1037 manu
2169 997 2265 1037 sua
2294 981 2546 1051 abripiat,
2590 979 2858 1036 conﬁteri.
2901 980 2969 1034 At
3005 993 3136 1035 vero
3178 988 3238 1034 ut
3284 979 3338 1034 in
3378 988 3567 1034 natura

1971 1074 2098 1131 licet
2127 1075 2242 1143 Dei,
2275 1087 2480 1130 natura:
2510 1084 2686 1128 tamen
2714 1087 2779 1128 ex
2813 1073 2923 1127 Deo
2953 1071 3025 1127 sit
3053 1071 3400 1142 intelligenda
3432 1071 3570 1126 nati-

1973 1167 2148 1231 vitas;
2182 1167 2407 1237 subjecit
2439 1183 2452 1219 :
2484 1164 2643 1220 Pater
2669 1165 2804 1234 quod
2823 1164 2962 1219 dedit
2984 1164 3110 1218 mihi
3139 1167 3310 1238 majus
3347 1175 3420 1218 est
3461 1180 3570 1218 om-

1969 1261 2308 1330 nibus(lbid.,
2338 1260 2446 1330 19).
2467 1259 2583 1314 Non
2608 1258 2837 1314 occultat
2859 1275 2922 1313 ex
2948 1258 3107 1313 Patre
3125 1272 3245 1312 esse
3268 1272 3327 1312 se
3350 1265 3566 1311 natum:

1967 1353 2113 1424 quod
2159 1355 2299 1409 enim
2346 1369 2375 1407 a
2419 1353 2578 1408 Patre
2615 1353 2845 1424 accepit,
2879 1351 3033 1424 193
3066 1355 3233 1425 majus
3279 1362 3355 1405 est
3401 1350 3564 1404 omni-

1969 1446 2082 1500 bus.
2117 1445 2194 1517 (5)
2228 1445 2300 1518 (e)
2330 1446 2396 1501 Et
2434 1446 2523 1518 qui
2568 1445 2798 1515 accepit,
2834 1453 2918 1499 est
2962 1443 3013 1497 in
3053 1457 3120 1498 eo
3167 1441 3310 1514 quod
3351 1441 3560 1511 accepit

1969 1539 2263 1608 nascendo,
2297 1554 2404 1596 non
2432 1549 2646 1610 postea;
2679 1547 2736 1595 et
2765 1549 2946 1592 tamen
2971 1552 3038 1592 ex
3065 1537 3174 1592 alio
3193 1546 3298 1602 est,
3326 1535 3454 1591 dum
3481 1549 3568 1591 ac-

1966 1635 2127 1704 cepit.
2162 1633 2268 1689 Sed
2293 1635 2380 1704 qui
2407 1649 2472 1688 ex
2501 1634 2627 1699 alio,
2656 1633 2884 1702 accepit,
2919 1645 2987 1686 ne
3009 1630 3154 1686 aliud
3185 1630 3311 1701 quid
3343 1630 3556 1701 potius,

274 1724 460 1779 Christi
489 1734 734 1794 patestas,
760 1726 1002 1780 nativitas
1027 1743 1091 1781 ea:
1126 1726 1251 1791 Deo,
1285 1737 1470 1782 natura
1499 1729 1671 1784 divina
1698 1739 1744 1784 et
1774 1747 1862 1785 επ-
1892 1727 1939 1788 Β
1966 1737 2020 1785 ει
2048 1745 2155 1784 non
2188 1730 2240 1783 in
2264 1727 2382 1796 ejus
2407 1725 2806 1796 intelligeretur
2831 1734 3019 1778 natura
3047 1739 3077 1778 a
3110 1737 3217 1794 quo
3237 1723 3449 1793 accepit
3475 1738 3568 1779 cx-

269 1817 495 1870 sistentia
523 1817 577 1871 in
607 1817 805 1882 Patre;
826 1834 1028 1872 manus.
1062 1849 1132 1858 —
1164 1819 1230 1874 Et
1255 1834 1418 1890 super
1445 1820 1549 1875 hoc
1574 1863 1589 1887 ,
1620 1820 1694 1893 (a)
1723 1821 1862 1877 adsit.

270 1908 365 1964 sibi
403 1907 607 1963 divinae
633 1909 701 1965 de
725 1923 785 1964 se
816 1910 1098 1965 sententiae
1130 1912 1518 1968 testimonium.
1551 1914 1640 1967 Ait
1670 1913 1813 1968 enim
1842 1929 1855 1967 :

272 2001 364 2067 Qui
389 2012 516 2057 sunt
544 2018 609 2057 ex
632 2002 812 2056 ovibus
838 2005 962 2058 meis
982 2043 998 2070 ,
1021 2019 1194 2058 vacem
1219 2020 1384 2059 meam
1422 2005 1660 2069 audiunt,
1697 2014 1743 2060 et
1769 2022 1861 2078 ego

269 2096 374 2150 novi
401 2112 518 2161 eas,
544 2104 592 2150 et
615 2105 896 2166 sequuntur
922 2113 1020 2162 me,
1051 2107 1096 2152 et
1122 2113 1212 2168 ego
1236 2098 1389 2152 vitam
1410 2109 1651 2152 teternam
1675 2098 1742 2152 do
1763 2099 1857 2167 eis,

268 2197 312 2243 et
339 2205 440 2243 non
470 2189 546 2260 (b)
568 2190 762 2261 perierit
791 2189 845 2243 in
873 2191 1262 2262 sempiternum,
1283 2207 1374 2245 nec
1394 2193 1666 2262 quisquam
1693 2195 1859 2262 rapiet

268 2299 343 2338 eas
369 2285 434 2337 de
477 2298 635 2336 manu
680 2297 811 2336 mea.
852 2281 1010 2336 Pater
1044 2283 1178 2352 quod
1209 2283 1349 2336 dedit
1390 2284 1536 2347 mihi,
1583 2288 1752 2358 majus
1787 2293 1859 2338 est

269 2375 518 2439 omnibus,
543 2390 691 2429 nemo
718 2375 902 2445 poterit
927 2391 1112 2444 rapere
1133 2375 1196 2429 de
1219 2391 1375 2429 manu
1404 2377 1566 2446 patris
1596 2378 1714 2432 mei.
1746 2376 1859 2448 Ego

267 2476 305 2521 et
323 2465 479 2520 Pater
498 2482 659 2520 unum
679 2481 857 2520 sumus
885 2464 1065 2538 (Joau.
1099 2481 1154 2532 x,
1176 2465 1269 2533 27,
1289 2477 1334 2520 et
1355 2467 1856 2538 seqq.).Quis,rogo,

267 2558 671 2630 intelligentiam
709 2568 946 2614 nostram
975 2569 1164 2629 stupor
1204 2559 1410 2615 hebetis
1435 2561 1634 2618 mentis
1665 2562 1859 2618 obtun-

266 2651 355 2720 dit,
390 2661 455 2706 ut
501 2651 619 2706 haec
658 2651 713 2706 in
755 2665 975 2707 sensum
1019 2661 1264 2707 nostrum
1298 2661 1403 2707 tam
1435 2654 1682 2710 absolute
1716 2654 1856 2710 dicta

267 2757 361 2797 non
385 2742 662 2798 subeant?
689 2742 798 2797 Aut
827 2744 948 2813 quis
970 2744 1334 2799 inﬁrmitatem
1366 2744 1654 2800 humanam
1681 2757 1860 2803 tumor

266 2836 415 2891 animi
468 2835 752 2892 insolentis
793 2835 989 2902 illudit,
1023 2845 1079 2890 ut
1123 2836 1216 2892 Dei
1258 2838 1619 2907 cognitionem
1663 2855 1729 2894 ex
1774 2839 1858 2894 his

267 2928 463 2999 adepti,
498 2930 666 2984 Deum
699 2939 888 2999 putent
927 2945 1033 2984 non
1079 2929 1132 2984 in
1174 2929 1259 2986 his
1288 2930 1693 3002 intelligendum
1737 2948 1857 2989 esse

268 3021 457 3090 quibus
497 3021 750 3090 cognitus
776 3021 899 3078 est?
931 3024 1036 3076 Aut
1070 3021 1217 3076 enim
1254 3021 1357 3076 alia
1400 3031 1528 3078 sunt
1567 3022 1856 3096 Evangelia

1965 1825 2192 1887 sistere;
2223 1823 2300 1876 ait
2328 1839 2340 1875 :
2371 1819 2540 1874 Nemo
2567 1821 2755 1890 poterit
2783 1835 2963 1886 rapere
2989 1819 3051 1872 de
3073 1835 3231 1872 manu
3259 1820 3421 1888 patris
3446 1818 3564 1873 mei.

1966 1916 2043 1972 De
2074 1931 2237 1970 manu
2264 1929 2360 1970 sua
2393 1928 2555 1968 nemo
2583 1915 2724 1984 rapit
2750 1931 2762 1966 :
2787 1912 2912 1982 quia
2935 1926 2965 1965 a
2997 1909 3156 1965 Patre
3181 1909 3324 1980 quod
3343 1921 3423 1964 est
3453 1924 3568 1966 om-

1963 2011 2124 2065 nibus
2151 2008 2324 2078 majus
2353 2007 2580 2076 accepit.
2610 2005 2748 2072 Quid
2775 2004 2879 2060 sibi
2908 2005 3023 2059 vult
3058 2014 3163 2058 tam
3189 2002 3406 2059 diversa
3439 2018 3565 2074 pro-

1962 2102 2160 2167 fessio,
2192 2110 2248 2156 ut
2275 2115 2490 2156 rursum
2521 2099 2590 2154 de
2618 2113 2779 2153 manu
2820 2099 2990 2168 patris
3031 2096 3118 2152 sui
3159 2112 3318 2153 nemo
3355 2096 3568 2168 rapiat?

1965 2197 2088 2252 Filii
2120 2210 2311 2251 manus
2342 2203 2448 2259 est,
2478 2208 2598 2262 qua:
2628 2193 2839 2262 accepit
2865 2207 2895 2246 a
2932 2191 3124 2257 Patre;
3155 2191 3336 2247 Patris
3375 2207 3566 2248 manus

1961 2299 2067 2356 est,
2093 2305 2213 2361 qua:
2252 2287 2402 2343 dedit
2429 2286 2567 2343 Filio
2598 2303 2611 2340 :
2642 2293 2697 2342 et
2721 2285 2998 2357 quomodo
3035 2284 3178 2356 quod
3206 2299 3312 2340 nou
3355 2284 3568 2356 rapitur

1961 2383 2030 2438 de
2055 2398 2215 2437 manu
2238 2379 2386 2446 Filii,
2413 2394 2519 2435 non
2542 2380 2750 2448 rapitur
2772 2377 2838 2434 de
2863 2392 3025 2432 manu
3049 2377 3262 2432 Patris?
3282 2377 3566 2446 Quomodo

1960 2475 2005 2530 si
2029 2473 2248 2542 quaeris,
2274 2471 2516 2541 intelligc
2546 2487 2558 2524 :
2585 2468 2698 2540 Ego
2723 2478 2770 2523 et
2797 2467 2956 2521 Pater
2981 2484 3142 2522 unum
3167 2483 3342 2522 smnus
3381 2465 3561 2541 (Joan.

1962 2583 2018 2635 ιι,
2051 2565 2164 2638 50).
2191 2563 2382 2620 Manus
2412 2562 2555 2629 Filii,
2584 2577 2778 2616 manus
2804 2560 2980 2615 Patris
3011 2568 3115 2615 est.
3148 2559 3264 2614 Non
3293 2561 3436 2616 enim
3464 2558 3564 2616 de-

1958 2673 2184 2737 generat
2208 2679 2306 2736 per
2335 2661 2672 2718 nativitatem
2702 2666 2914 2721 natura,
2945 2671 3012 2710 nc
3039 2654 3226 2710 eadem
3255 2656 3328 2710 sit
3354 2676 3367 2710 :
3391 2671 3566 2728 neque

1960 2771 2174 2813 rursum
2202 2755 2326 2826 quia
2353 2751 2543 2808 eadem
2575 2758 2658 2805 est
2695 2747 3108 2817 intelligentiam
3147 2745 3446 2801 nativitatis
3483 2745 3568 2803 of-

1957 2849 2148 2915 fendit,
2179 2847 2304 2919 quia
2333 2844 2584 2900 nativitas
2602 2839 2735 2896 nihil
2760 2840 2812 2894 in
2850 2854 2910 2895 se
2931 2837 3441 2893 admittitalienum.
3491 2837 3561 2893 Ut.

1958 2957 2088 2999 vero
2137 2956 2230 3012 per
2253 2937 2594 3009 corporalem
2619 2933 3066 3004 signiﬁcationem
3091 2931 3347 2985 virtutem
3388 2930 3564 2998 possis

1958 3032 2204 3106 ejusdem
2227 3046 2388 3088 nosse
2416 3038 2642 3093 natura},
2667 3034 3093 3082 commemorata
3121 3032 3204 3079 est
3226 3023 3348 3078 Filii
3373 3037 3564 3078 manus

269 3113 583 3185 proferenda
629 3130 750 3185 qua:
779 3114 1009 3172 doceant
1055 3135 1068 3171 :
1109 3126 1201 3171 aut
1239 3118 1283 3172 si
1330 3117 1399 3173 de
1445 3120 1554 3174 Deo
1601 3121 1713 3174 sola
1756 3122 1854 3175 ista
1883 3112 1926 3176 C
1963 3140 2153 3183 manus
2181 3123 2388 3188 Patris;
2417 3122 2542 3193 quia
2583 3131 2776 3176 natura
2808 3128 2863 3173 et
2899 3117 3068 3172 virtus
3109 3115 3288 3170 Patris
3318 3113 3388 3186 (f)
3419 3121 3564 3169 esset

271 3206 600 3280 (Evangelia)
631 3209 956 3273 docuerunt,
999 3223 1095 3264 cur
1135 3225 1240 3266 non
1280 3211 1352 3266 ita
1380 3213 1650 3268 credimus
1677 3223 1732 3269 ut
1759 3215 1856 3270 do-

268 3301 481 3358 cemur?
505 3302 658 3370 Quod
690 3303 738 3357 si
763 3319 832 3357 ex
869 3302 951 3357 his
984 3312 1197 3368 tantum.
1218 3315 1429 3378 sumpta
1463 3309 1701 3378 cognitio
1727 3319 1845 3375 est;

267 3409 490 3452 curnon
533 3395 734 3452 exinde
781 3395 913 3452 ﬁdes
939 3397 1030 3464 sit,
1075 3397 1219 3453 unde
1258 3400 1534 3470 cognitio?
1579 3401 1685 3457 Sed
1727 3417 1851 3457 cum

269 3488 388 3544 ﬁdes
411 3489 716 3560 cognitioni
746 3504 867 3544 esse
898 3489 1123 3544 adversa
1157 3489 1462 3561 detegitur;
1487 3493 1598 3562 jam
1630 3509 1734 3548 non
1763 3509 1856 3548 co-

271 3581 512 3651 gnitionis
546 3580 682 3636 ﬁdes
711 3580 822 3647 illa,
855 3581 950 3636 sed
973 3581 1216 3636 criminis
1237 3592 1341 3648 est,
1369 3584 1721 3653 irreligiosam
1749 3586 1852 3642 sibi

273 3674 415 3732 ﬁdem
444 3674 713 3731 adversus
757 3674 1076 3747 religionem
1115 3676 1377 3733 confessa:
1414 3679 1738 3748 cognitionis
1767 3695 1855 3735 as-

274 3785 495 3829 sumens.
542 3772 864 3844 Unigenitus
911 3774 1071 3844 igitur
1119 3775 1259 3830 Deus
1307 3784 1510 3832 naturae
1555 3778 1607 3832 in
1641 3791 1700 3832 se
1740 3793 1853 3833 su:e

274 3869 528 3934 conscius,
564 3867 860 3923 nativitatis
890 3868 1124 3937 proprim
1157 3869 1520 3927 inenarrabile
1545 3886 1857 3928 sacramen-

275 3967 392 4028 tum,
411 3959 479 4016 ad
511 3959 640 4016 ﬁdei
666 3967 849 4014 tamen
873 3971 1074 4015 nostra:
1095 3960 1512 4028 confessionem,
1537 3975 1737 4032 quanta
1765 3982 1860 4034 p0-

274 4059 368 4109 test
390 4053 686 4111 verborum
725 4053 1066 4109 absolutione
1091 4054 1356 4124 signiﬁcat
1388 4072 1400 4108 :
1431 4063 1489 4108 ut
1516 4066 1569 4110 et
1592 4065 1748 4112 natus
1775 4057 1858 4114 in-

279 4149 554 4224 telligatur,
597 4157 655 4206 et
692 4148 748 4206 in
787 4149 884 4207 Dei
922 4157 1110 4205 natura
1150 4164 1271 4207 esse
1309 4149 1584 4220 credatur,
1634 4161 1690 4208 et
1732 4167 1854 4208 cum

337 4313 412 4386 (1)
442 4312 514 4386 (it
546 4327 682 4386 unus
711 4310 872 4366 solus.

339 4385 416 4459 (‘2')
442 4385 627 4455 Rapit.

1961 3218 2015 3273 in
2058 3217 2218 3272 Filio.
2265 3216 2550 3271 Postremo
2591 3222 2651 3267 ut
2694 3227 2792 3282 per
2830 3218 3229 3264 sacramentum
3271 3205 3565 3263 nativitatis

1959 3309 2244 3366 veritatem
2288 3317 2496 3362 naturae
2544 3302 2904 3360 iridiiferentis
2951 3314 3311 3372 agnosceres;
3351 3297 3555 3353 dictum

1959 3413 2044 3460 est
2075 3420 2087 3457 :
2122 3402 2237 3474 Ego
2265 3412 2314 3456 et
2342 3399 2503 3454 Pater
2527 3415 2685 3454 unum
2712 3413 2888 3453 sumus
2916 3412 2934 3451 :
2965 3405 3022 3450 ut
3044 3394 3189 3465 quod
3218 3409 3385 3449 unum
3413 3401 3558 3458 sunt,

1961 3512 2061 3552 nec
2090 3497 2366 3551 diversum
2399 3509 2498 3549 nec
2528 3491 2829 3547 solitariqu
2867 3488 3202 3553 crederetur,
3234 3503 3338 3543 non
3371 3487 3474 3541 alia
3508 3487 3562 3541 in

1962 3600 2192 3661 utroque
2223 3605 2320 3660 per
2360 3587 2657 3642 nativitatis
2691 3591 2747 3640 et
2784 3581 3151 3654 generationis
3181 3579 3562 3651 proprietatem

1962 3683 2258 3739 exsistente
2281 3690 2494 3735 natura.

2033 3777 2125 3834 23.
2160 3775 2339 3830 Ariani
2361 3775 2416 3829 in
2443 3773 2704 3828 Christum
2732 3769 2935 3824 Judreis
2961 3764 3560 3838 iniquiores.—-Manet,

1964 3881 2228 3941 quantum
2273 3866 2501 3936 intelligi
2532 3865 2657 3920 licet
2680 3905 2694 3930 ,
2727 3861 2987 3932 mentium
3025 3873 3347 3914 vesanarum
3375 3857 3564 3912 volun-

1968 3973 2081 4029 tas,
2112 3970 2364 4018 cessante
2411 3959 2538 4014 licet
2568 3955 2856 4012 voluntatis
2901 3951 3096 4008 effectu
3129 3967 3142 4004 :
3176 3956 3233 4004 et
3270 3947 3563 4020 malignum

1967 4058 2211 4115 animum
2235 4053 2634 4110 malevolentiae
2657 4049 2915 4113 Studium,
2949 4047 3244 4102 absistente
3287 4043 3414 4098 mali
3436 4057 3566 4113 ope-

1966 4155 2044 4209 ris
2078 4151 2364 4209 occasione
2388 4191 2403 4215 ,
2438 4162 2548 4203 non
2573 4143 2794 4202 deserit.
2827 4142 2980 4198 Nunc
3008 4141 3152 4198 enim
3184 4138 3564 4195 haereticorum

2045 4309 2126 4382 (5)
2163 4307 2224 4363 Et
2245 4305 2580 4382 quiaceipit.
2616 4303 2708 4358 Sic
2735 4301 2872 4357 intra
2894 4341 2906 4364 ,
2931 4300 3064 4382 dum
3105 4295 3311 4368 accipit.
3345 4293 3454 4351 Sed
3479 4296 3568 4366 qui

1968 4397 2032 4437 ea:
2053 4375 2160 4436 alio
2190 4375 2398 4451 accipit;
2419 4375 2637 4443 deinde,
2663 4391 2694 4428 a
2715 4390 2814 4445 quo
2835 4375 3038 4442 accipit.

337 4519 408 4592 (a)
437 4520 496 4575 ln
527 4515 782 4592 vulgatis,
811 4513 1033 4592 asciscit:
1067 4512 1286 4568 Rectius
1307 4514 1376 4592 _in
1408 4528 1538 4592 mss.
1572 4513 1728 4592 adsit.
1758 4513 1866 4592 Sic,
1897 4519 1952 4580 D
1977 4516 2083 4581 sit,
2119 4525 2294 4570 tamen
2327 4531 2399 4592 ex_
2424 4514 2530 4592 alio
2559 4520 2642 4567 est
2666 4553 2680 4577 ,
2706 4521 2970 4592 quatenus
2997 4503 3224 4592 accepit:
3262 4503 3414 4571 Quod
3439 4503 3565 4592 illu-

277 4585 358 4648 lin
388 4607 447 4654 ll,
479 4607 538 4644 n.
572 4589 660 4652 i5,
691 4597 814 4658 post
841 4585 1086 4653 exposita
1117 4586 1375 4658 nonrmlla
1403 4585 1560 4658 Joan.
1591 4586 1774 4653 verba,
1797 4587 1866 4640 ad

279 4672 454 4718 uetera
485 4660 568 4715 sic
599 4655 859 4714 transitur
889 4675 902 4711 :
935 4656 1294 4724 consequentia
1323 4657 1418 4711 sibi
1448 4655 1639 4710 adsint.

339 4733 408 4806 (b)
447 4731 790 4801 Auctoritate
832 4742 969 4806 mss.
1013 4728 1350 4806 restitunnus
1381 4727 1480 4806 _li_ic
1525 4728 1723 4796 perierit
1769 4744 1865 4806 pro

278 4799 496 4873 peribunt
526 4799 808 4869 :moxque
837 4799 1154 4868 particulam
1199 4807 1244 4852 et
1279 4799 1460 4873 verbis
1497 4814 1642 4852 nemo
1679 4801 1866 4873 poterit

277 4869 578 4945 praeﬁxam,
607 4885 934 4942 rursumque
973 4879 1098 4924 ante
1144 4885 1238 4940 ego
1277 4880 1326 4924 et
1374 4869 1532 4924 Pater
1577 4871 1861 4941 repetitam

277 4948 650 5018 cxpunximus.

342 5012 410 5093 (ε)
434 5020 556 5093 Par.
589 5029 749 5093 unum
769 5015 835 5068 sit
857 5013 1166 5093 proﬁtendo,
1196 5012 1476 5068 mendose.

339 5083 418 5161 (ἄ)
442 5090 501 5144 lu
528 5088 762 5158 vulgatis
787 5097 840 5161 et
859 5083 1105 5153 pluribus
1133 5099 1264 5161 mss.
1293 5096 1348 5137 ut
1377 5101 1510 5161 unus
1535 5085 1694 5161 solus.
1728 5083 1864 5139 Ver-

276 5155 573 5226 bum'unus,
597 5155 934 5214 removimus
958 5158 1282 5226 auctoritate
1303 5155 1547 5211 codicum
1571 5159 1861 5224 potiorum.

279 5225 565 5288 Sabelliani
612 5227 816 5285 erroris
861 5225 1098 5296 suspicio
1139 5229 1437 5291 avertitur;
1485 5237 1542 5282 ut
1587 5227 1758 5282 Filius
1805 5242 1864 5282 se

279 5317 436 5358 unum
465 5318 586 5358 cum
617 5299 777 5354 Patre
809 5298 1135 5368 proﬁtendo,
1165 5314 1274 5354 non
1303 5300 1520 5354 desinat
1542 5315 1664 5355 esse
1697 5297 1859 5366 ﬁlius,

279 5389 373 5431 nec
396 5375 590 5430 debeat
619 5371 808 5428 haberi
838 5380 1107 5439 tamquam
1137 5372 1249 5441 ipse
1277 5372 1368 5441 qui
1397 5372 1574 5426 Pater.

347 5446 418 5520 (e)
447 5445 624 5520 Editi,
675 5453 723 5499 et
759 5441 881 5511 quia
909 5443 1140 5511 accepit;
1172 5458 1411 5513 moxque
1433 5459 1534 5520 non
1566 5452 1745 5520 postea
1783 5451 1862 5495 ta-

281 5514 390 5572 men
415 5534 481 5572 ea:
506 5518 610 5571 alio
639 5524 713 5571 est
751 5529 770 5567 :
797 5521 1172 5567 restaurantur
1199 5529 1262 5568 ex
1297 5529 1429 5568 mss.
1475 5514 1577 5568 hoc
1608 5514 1863 5568 nimirum

282 5603 441 5645 sensu
468 5605 482 5640 :
505 5589 602 5655 Qui
632 5583 904 5641 nascendo
927 5583 1156 5653 accepit,
1188 5596 1240 5638 et
1269 5601 1374 5639 non
1402 5597 1611 5653 postea,
1640 5600 1734 5638 seu
1759 5600 1863 5638 non

288 5669 410 5736 post
431 5659 772 5736 constitutam
795 5655 1150 5736 nativitatem,
1181 5664 1263 5728 est
1291 5656 1344 5710 in
1371 5671 1436 5710 eo
1458 5657 1600 5736 quod
1620 5655 1825 5736 accepit
1847 5693 1861 5718 ,

1975 4579 2178 4642 stratur
2197 4602 2264 4641 ex
2293 4586 2468 4640 verbis
2491 4586 2526 4638 l.
2553 4601 2611 4646 ιι,
2649 4600 2702 4636 ιι.
2725 4579 2797 4635 20
2827 4599 2840 4632 :
2868 4579 2968 4643 Qui
2991 4579 3090 4631 vita
3112 4585 3241 4640 erat,
3268 4591 3377 4646 non,
3390 4583 3564 4646 postea

1970 4675 2120 4728 quam
2137 4668 2213 4713 est
2228 4668 2395 4722 natus,
2415 4655 2624 4728 effertus
2645 4664 2718 4707 est
2741 4653 2842 4706 vita
2861 4666 3006 4728 ;‘non
3037 4649 3168 4703 enim
3187 4647 3238 4698 in
3249 4663 3313 4728 .eo
3325 4645 3472 4697 aliud
3489 4656 3562 4728 est

1967 4715 2106 4800 quod
2127 4741 2300 4783 natum
2321 4715 2416 4800 esi,
2440 4715 2484 4780 et
2503 4727 2647 4800 aliud
2668 4735 2740 4777 est
2759 4721 2897 4790 quod
2915 4731 3065 4773 natus
3087 4717 3279 4800 accepit
3298 4732 3317 4780 ;
3333 4725 3386 4768 ct
3405 4715 3563 4800 paulo

1970 4793 2089 4870 post
2119 4821 2132 4854 :
2171 4801 2307 4853 Deus
2330 4799 2418 4866 qui
2439 4797 2598 4870 a_Deo
2620 4805 2769 4870 natus
2790 4803 3018 4870 φειδ-μου
3046 4799 3221 4860 postea
3245 4793 3562 4870 quamnatus

1967 4857 2060 4936 cst,
2085 4871 2175 4924 sed
2200 4857 2452 4924 nascendo
2474 4867 2606 4921 Deus
2631 4866 2838 4936 exstitit.
2865 4862 2960 4914 Hic
2980 4857 3077 4927 pro
3101 4857 3317 4936 ac_cepit;
3352 4857 3402 4936 in
3427 4869 3557 4910 mss.

1967 4927 2360 5012 propeubique
2391 4935 2780 5012 exstat__a_ccipit
2811 4949 2831 4987 :
2864 4945 3036 5012 neque
3236 4935 3409 5012 sprnat.

2046 4996 2115 5084 (Ϊ)
2136 5011 2229 5066 Sic
2258 4996 2386 5064 mss.
2420 5009 2490 5064 At
2516 5007 2641 5061 editi
2667 5048 2682 5071 ,
2707 4996 2785 5058 ἐει
2816 4996 2971 5056 etiam
3002 5001 3065 5084 in
3086 4997 3250 5084 Filio.1
3273 4996 3557 5084 Tum

1970 5066 2222 5139 basi'ms.
2273 5091 2525 5152 postremo
2547 5089 2600 5152 ut
2641 5066 2754 5152 post
2779 5083 3188 5152 sacramentum._
3211 5069 3288 5123 Ex
3329 5066 3432 5122 hoc
3460 5068 3560 5152 .lli'

1971 5154 2085 5209 larii
2119 5155 2237 5208 loco
2257 5139 2543 5208 commode
2571 5139 2883 5215 intelligitur
2912 5145 3054 5216 quod
3077 5142 3427 5216 ait‘lrenteus,
3460 5139 3556 5216 lib,

1970 5241 2044 5293 tv,
2068 5241 2117 5281 ε.
2151 5225 2218 5280 57
2240 5266 2254 5289 ,
2286 5224 2374 5278 ubi
2407 5222 2554 5291 ponit
2589 5210 2757 5290 primo
2774 5210 2943 5293 Deum
2972 5215 3026 5270 in
3045 5213 3351 5293 conditione
3374 5210 3555 5292 mundi

1969 5281 2194 5352 ex'terno
2227 5281 2554 5366 Angelorum
2583 5281 2885 5366 ministerio
2929 5302 3036 5341 non
3077 5284 3288 5366 eguisse
3329 5281 3554 5366 :‘quain,

1969 5351 2174 5436 inquit,
2205 5351 2458 5436 ipsevsuas
2495 5381 2597 5418 non
2617 5363 3033 5436 habere_t_manus
3072 5351 3191 5436 ῥῆξε
3207 5352 3399 5436 deinde
3425 5351 3554 5436 sub.-

1962 5422 2294 5510 jicit,ddest
2325 5439 2460 5491 enim
2491 5438 2536 5490 ei
2574 5449 2769 5504 semper
2802 5429 3027 5510 Verbum
3067 5435 3114 5480 et
3155 5423 3424 5510 Sapientia
3465 5422 3560 5510 Fif

1968 5493 2162 5576 iius,'et
2184 5509 2413 5578 Spiritus
2431 5550 2443 5568 ,
2467 5524 2560 5580 per
2591 5493 2717 5580 queis
2737 5504 2862 5580 etin
2890 5500 3068 5580 quibus
3098 5497 3271 5580 omnia
3312 5493 3462 5548 libere
3488 5505 3566 5580 et

1968 5566 2148 5652 sponte
2169 5566 2310 5653 feg'l'l,
2339 5581 2407 5634 ad
2434 5566 2560 5653 quas
2587 5566 2878 5653 etloquitur
2901 5566 3556 5653 'dicens'.‘Raciarnusnelc.

1969 5639 2105 5707 a'deo
2136 5639 2194 5707 u't
2215 5639 2408 5706 Filium
2435 5639 2488 5706 ἐι
2512 5639 2770 5718 Spiritum
2801 5655 3045 5701 sanctum
3074 5640 3376 5718 Dei_manus
3403 5639 3557 5696 dixe-

289 5710 558 5804 afﬁrm
571 5710 805 5789 edundi;
839 5716 1030 5790 natura
1056 5710 1154 5786 sua
1182 5724 1392 5788 Constat
1430 5710 1530 5785 tae
1567 5724 1690 5786 licet
1721 5710 1771 5784 in
1801 5710 1868 5785 eo
1965 5724 2074 5795 rit,
2097 5723 2240 5796 quod
2267 5723 2382 5794 ipsa
2405 5720 2500 5780 Dei
2527 5710 2720 5778 virtute
2747 5733 2810 5777 ac
2831 5724 3021 5774 natura
3050 5710 3337 5786 gaudeant.
