4094 6180
503 183 608 240 223

1688 186 1930 244 SANCTI
1974 187 2230 246 lllLARll
2275 188 2580 247 EPISCOPI

3698 199 3807 255 2‘24

573 299 666 357 27.
697 299 866 359 Filius
889 302 942 358 in
959 301 1138 370 Patre,
1164 312 1212 359 et
1249 303 1488 359 vicissim.
1520 302 1787 376 Quidquid
1807 305 1862 358 in
1884 302 1992 359 Deo
2006 313 2101 373 est,
2131 310 2183 370 Α
2279 303 2369 360 ‘28.
2397 305 2500 373 Qui
2519 307 2572 360 in
2598 303 2759 361 Patre
2777 306 2862 362 sit.
2895 305 3152 363 Ilumame
3171 309 3450 364 nativitatis
3469 313 3809 384 comparatio.

505 410 666 450 unum
685 405 779 451 est.
810 393 981 452 Filius
1011 397 1114 451 vita
1158 396 1222 451 de
1248 400 1370 460 vita,
1398 396 1624 468 adeoque
1642 413 1744 452 non
1771 413 1834 452 ea:
1850 396 2110 451 nihilo.—

508 486 738 544 Faciens
777 487 937 560 igitur
980 502 1147 557 Opera
1187 488 1384 555 Patris,
1431 496 1486 544 et
1523 489 1802 557 postulans
1832 501 1886 544 ut
1920 490 1964 544 si
2009 489 2109 546 sibi

508 594 620 636 non
649 578 982 645 crederetur,
1019 579 1105 633 vel
1142 579 1398 648 operibus
1433 582 1592 654 198
1622 581 1750 650 ipsis
1777 583 2106 648 crederetur,

508 671 884 728 demonStrare
923 670 1108 726 debuit
1133 671 1260 742 quid
1292 681 1435 728 esset
1463 673 1718 742 operibus
1755 674 2106 741 credendum,

508 757 704 838 nempe
746 765 890 835 quod
921 767 1196 837 sequitur:
1235 766 1297 822 Si
1343 776 1516 822 autem
1562 768 1720 840 facio,
1754 777 1800 821 et
1844 768 1970 822 mihi
2009 785 2108 822 non

507 860 662 914 uultis
686 859 912 923 credere,
946 859 1180 929 operibus
1209 859 1430 924 credite;
1461 868 1517 913 ut
1545 861 1736 925 sciatis,
1767 869 1816 915 et
1834 875 2111 931 cognosca-

510 953 595 1018 tis,
628 953 869 1024 quoniam
907 951 1065 1007 Pater
1103 954 1155 1006 in
1193 969 1292 1017 nte,
1313 962 1362 1007 et
1389 969 1481 1023 ego
1515 953 1569 1006 in
1613 969 1669 1007 eo
1698 950 1880 1025 (Joan.
1909 968 1964 1020 x,
1989 951 2102 1022 58).

511 1044 621 1102 Hoc
643 1054 728 1101 est
757 1045 911 1111 illud,
933 1045 1180 1116 Dei/ilius
1206 1062 1320 1100 sum
1339 1061 1358 1110 ;
1383 1046 1484 1101 hoc
1504 1055 1587 1101 est
1615 1045 1766 1110 illud,
1794 1045 1904 1116 Ego
1923 1054 1973 1099 et
1997 1042 2108 1098 Pa-

509 1147 586 1193 ter
611 1154 770 1192 unum
796 1154 995 1192 sumus.
1040 1137 1166 1193 Haec
1194 1149 1276 1194 est
1300 1139 1596 1194 nativitatis
1635 1147 1826 1194 natura
1853 1157 1868 1195 :
1902 1139 2002 1193 hoc
2027 1153 2111 1192 sa-

509 1229 701 1286 lutaris
729 1230 854 1285 ﬁdei
886 1242 1306 1299 sacramentum,
1343 1246 1448 1287 non
1484 1231 1725 1287 dividere
1769 1229 1913 1303 quod
1946 1247 2109 1286 ttnum

508 1333 657 1390 sunt,
696 1322 768 1396 (a)
800 1337 900 1378 nec
947 1322 1214 1379 nativitati
1258 1323 1500 1379 adimere
1538 1333 1809 1391 naturam,
1843 1333 1897 1378 et
1937 1339 2002 1378 ex
2032 1324 2114 1378 vi-

413 1471 416 1474 .
510 1425 672 1470 vente
699 1415 811 1470 Deo
845 1414 1074 1470 viventis
1103 1416 1197 1471 Dei
1225 1417 1504 1472 veritatem
1529 1414 1795 1472 conﬁteri.
1825 1415 1942 1471 Non
1965 1417 2110 1471 enim

511 1523 580 1564 ex
626 1509 944 1579 compositis
971 1507 1049 1582 (1)
1079 1509 1153 1582 (b)
1199 1519 1360 1581 atque
1402 1510 1654 1566 inanimis
1687 1510 1849 1577 Deus,
1883 1511 1970 1581 qui
2003 1511 2110 1564 vita

511 1607 613 1666 est,
663 1597 944 1654 subsistit:
977 1615 1152 1669 neque
1193 1601 1285 1671 qui
1324 1600 1492 1656 virtus
1533 1610 1637 1667 est,
1678 1616 1744 1656 ex
1806 1600 2111 1657 inﬁrmibus

510 1693 821 1748 continetur
864 1711 877 1748 :

511 1794 726 1857 ptatur:
753 1801 929 1857 neque
955 1785 1047 1856 qui
1079 1787 1299 1856 spiritus
1329 1796 1432 1850 est,
1467 1802 1533 1842 ex
1571 1786 1877 1857 disparibus
1909 1788 2108 1842 forma-

510 1878 636 1935 bilis
667 1887 770 1934 est.
801 1879 995 1933 Totum
1044 1879 1096 1934 in
1145 1894 1211 1934 eo
1239 1879 1382 1949 quod
1414 1888 1516 1943 est,
1544 1894 1706 1934 unum
1738 1890 1858 1935 est:
1887 1887 1946 1933 ut
1971 1879 2114 1949 quod

509 1971 731 2042 spiritus
771 1979 872 2035 est,
903 1979 958 2025 et
986 1970 1072 2025 lux
1104 1980 1158 2026 et
1197 1971 1364 2026 virtus
1388 1981 1443 2026 et
1464 1973 1568 2027 vita
1611 1973 1713 2040 sit;
1743 1982 1798 2029 et
1833 1972 1976 2042 quod
2008 1973 2114 2028 vita

511 2081 616 2136 est,
648 2079 704 2125 et
749 2069 842 2126 lux
889 2080 945 2126 ct
992 2070 1163 2127 virtus
1212 2082 1267 2128 et
1303 2073 1522 2144 spiritus
1580 2074 1670 2127 sit.
1719 2071 1852 2126 Nam
1893 2073 1988 2143 qui
2016 2072 2110 2138 ait,

512 2167 628 2243 Ego
651 2186 784 2233 sum,
819 2178 866 2224 et
909 2186 1012 2224 non
1046 2168 1282 2224 demutor
1306 2167 1528 2243 (Malae.
1563 2184 1642 2235 nt,
1668 2168 1723 2238 6)
1755 2187 1766 2222 :
1792 2183 1899 2224 non
1927 2164 2116 2221 demu-

514 2271 658 2318 tatur
701 2277 768 2318 ex
817 2262 1080 2334 partibus,
1116 2277 1215 2318 nec
1254 2262 1311 2317 ﬁt
1348 2261 1595 2317 diversus
1629 2278 1694 2318 ex
1739 2277 1962 2331 genere.
1989 2260 2115 2316 Haec

515 2355 684 2422 enim,
711 2369 832 2422 quae
871 2355 1121 2426 superius
1141 2355 1438 2426 signiﬁcata
1468 2365 1616 2424 sunt,
1640 2371 1746 2412 non
1770 2372 1836 2412 ex
1875 2357 2116 2427 partibus

513 2446 570 2502 in
601 2461 668 2502 eo
687 2456 814 2503 sunt
838 2463 852 2512 ;
876 2447 973 2503 sed
1004 2456 1172 2503 totum
1200 2445 1304 2504 hoc
1343 2448 1396 2504 in
1425 2463 1492 2504 eo
1518 2464 1684 2503 unum
1713 2457 1768 2504 et
1792 2448 2110 2519 perfectum,

514 2541 696 2597 omnia
730 2542 874 2598 Deus
900 2542 1088 2597 vivens
1113 2550 1218 2599 est.
1238 2542 1434 2598 Vivens
1458 2543 1619 2615 igitur
1640 2543 1807 2610 Deus,
1834 2554 1888 2598 et
1912 2552 2115 2600 aeterna

513 2641 720 2690 naturae
745 2633 979 2689 viventis
1005 2643 1244 2704 potestas
1271 2643 1386 2690 est:
1420 2643 1474 2689 et
1495 2635 1637 2705 quod
1661 2650 1782 2690 cum
1805 2650 2115 2690 sacramen-

515 2734 570 2780 to
591 2724 834 2780 scientiae
867 2739 982 2780 sua:
1007 2741 1073 2780 ex
1101 2740 1166 2781 eo
1206 2725 1465 2790 nascitur,
1494 2739 1598 2780 non
1639 2727 1813 2796 potuit
1857 2725 2000 2780 aliud
2023 2741 2119 2781 na-

515 2825 626 2874 tum
658 2832 780 2874 esse
806 2833 968 2888 quam
1000 2818 1208 2873 vivens.
1233 2817 1365 2873 Nam
1411 2833 1534 2874 cum
1559 2820 1655 2884 ait,
1687 2819 1837 2875 Sicut
1865 2821 2003 2873 misit
2039 2837 2118 2876 me

511 2912 682 2965 vivens
708 2909 886 2976 Pater,
917 2919 963 2963 et
983 2925 1076 2980 ego
1101 2910 1209 2964 vivo
1232 2909 1303 2982 (c)
1329 2927 1419 2980 per
1434 2909 1643 2966 Patrem
1679 2910 1856 2982 (Joan.
1889 2927 1962 2975 v1,
1981 2911 2074 2983 58)
2099 2930 2113 2978 ;

517 3003 704 3058 docuit
731 3002 894 3057 vitam
927 3001 982 3056 in
1003 3016 1062 3056 se
1091 3016 1188 3072 per
1212 3001 1481 3056 viventem
1533 3001 1746 3056 Patrem
1775 3001 1974 3058 inesse.
2017 3003 2117 3058 De-

2217 397 2515 453 Nativitatis
2565 399 2830 471 utriusque
2874 400 3168 454 discrimen.
3197 430 3268 440 —
3306 401 3667 458 Admonuisse
3708 419 3811 460 nos

2215 491 2266 546 in
2295 491 2518 547 exordio
2541 493 2806 548 sermonis
2829 490 2966 566 (Lib.
2991 510 3028 560 ι,
3052 495 3216 559 n.l9;
3241 494 3331 548 lib.
3358 509 3434 558 tv,
3462 512 3513 548 n.
3543 495 3610 563 2;
3642 506 3690 551 et
3712 496 3807 552 lib.

2214 601 2288 651 vt,
2323 604 2375 640 η.
2400 585 2455 656 9)
2488 585 2646 658 199
2685 588 2850 642 nostri
2899 587 3266 654 meminimus,
3293 588 3556 644 humanas
3587 604 3812 660 compa-

2215 678 2452 732 rationes
2501 679 2697 733 divinis
2742 695 2848 734 non
2900 680 3213 736 satisfacere
3273 683 3574 751 exemplis;
3624 697 3805 742 tamen

2219 787 2316 842 pro
2333 781 2482 841 parte
2505 767 2877 844 intelligentia:
2906 784 3105 830 nostra:
3137 790 3358 830 sensum
3393 775 3582 832 formis
3613 793 3814 850 corpo—

2215 866 2414 922 ralibus
2459 867 2686 962 grndiri.
2756 867 3014 923 Humana:
3068 869 3366 924 nativitatis
3422 873 3812 928 conscientiam

2215 959 2674 1025 consulo,'utrum
2726 975 2834 1015 non
2861 961 2999 1016 intra
3029 971 3204 1030 patres
3245 972 3460 1018 maneat
3493 964 3646 1033 origo
3691 979 3818 1021 nas-

2215 1053 2471 1107 centium.
2499 1052 2630 1108 Nam
2665 1054 2880 1108 tametsi
2904 1055 3170 1110 elementa
3203 1056 3292 1110 illa
3324 1057 3560 1113 inanima
3592 1072 3655 1112 ac
3695 1067 3814 1114 tur~

2217 1145 2322 1213 pia,
2354 1144 2548 1213 quibus
2587 1145 2837 1201 nascendi
2871 1161 3046 1201 causa:
3070 1147 3419 1214 inchoantur,
3443 1149 3494 1203 in
3527 1149 3815 1210 hominem

2217 1235 2447 1290 alterum
2471 1235 2716 1302 efﬂuant,
2742 1248 2947 1294 natura:
2971 1247 3148 1295 tamen
3176 1241 3373 1296 virtute
3410 1241 3546 1296 intra
3587 1258 3644 1297 se
3669 1243 3812 1299 invi-

2215 1341 2332 1381 cem
2361 1340 2582 1383 manent
2606 1347 2617 1381 :
2643 1329 2770 1384 dum
2793 1337 2847 1384 et
2878 1345 2973 1400 per
2997 1330 3075 1402 (5)
3116 1332 3195 1402 (ε)
3227 1331 3409 1386 datam
3437 1343 3647 1388 natura:
3668 1335 3820 1401 ejus-

2215 1417 2342 1474 dem
2371 1418 2659 1492 originem,
2685 1431 2996 1478 nascentem
3034 1424 3280 1494 sequitur
3301 1424 3390 1479 ille
3421 1425 3511 1495 qui
3537 1428 3736 1497 gignit;
3760 1439 3817 1484 et

2217 1529 2316 1585 per
2336 1526 2611 1588 acceptam
2638 1516 2996 1583 nativitatem,
3021 1517 3174 1587 cujus
3198 1519 3367 1573 virtus
3384 1520 3485 1572 etsi
3510 1519 3813 1590 derivetur,

2218 1625 2326 1664 non
2359 1620 2538 1665 tamen
2575 1609 2654 1682 (4)
2689 1610 2760 1682 (Ῑ)
2789 1610 3047 1676 aufertur,
3081 1612 3131 1664 in
3155 1611 3409 1681 gignente
3429 1627 3487 1666 se
3515 1623 3702 1668 manet
3727 1613 3818 1670 ille

931 1708 1107 1763 neque
1160 1695 1249 1764 qui
1304 1694 1393 1750 lux
1442 1702 1526 1750 est
1578 1711 1644 1750 cx
1696 1694 1938 1750 obscuris
1987 1709 2112 1750 coa-
2143 1708 2190 1770 Β
2219 1703 2306 1773 qui
2334 1703 2594 1759 nascitur.
2626 1702 2819 1760 Ethoc
2847 1705 3060 1775 quidem
3079 1714 3282 1760 tantum
3317 1704 3382 1760 ad
3408 1705 3654 1761 humana:
3678 1707 3820 1762 nati-

2219 1795 2402 1849 vitatis
2427 1795 2835 1865 intelligentiam
2854 1806 3338 1851 commemoratum
3358 1811 3388 1851 a
3413 1797 3567 1852 nobis
3582 1798 3684 1863 sit,
3710 1814 3820 1856 non

2222 1887 2381 1943 etiam
2404 1887 2470 1942 ad
2493 1887 2794 1959 perfectum
2820 1890 2870 1942 in
2898 1889 3171 1960 unigenito
3187 1889 3299 1944 Deo
3317 1890 3612 1945 nativitatis
3635 1907 3823 1948 exem-

2218 1979 2400 2050 plum:
2426 1981 2547 2052 quia
2579 1991 2788 2036 natura:
2813 1980 3062 2036 humana:
3101 1980 3387 2037 inﬁrmitas
3415 1997 3481 2040 ex
3510 1983 3819 2054 disparibus

2217 2084 2584 2142 comparatur,
2610 2083 2665 2129 et
2692 2089 2758 2129 ex
2789 2075 3040 2129 inanimis
3071 2075 3377 2130 continetur
3404 2074 3470 2129 ad
3495 2075 3682 2130 vitam.
3706 2076 3816 2132 Nec

2217 2167 2398 2222 statim
2423 2168 2475 2223 in
2507 2184 2569 2224 ea
2603 2167 2746 2238 quod
2770 2168 3006 2239 gignitur
3030 2169 3182 2234 vivit,
3207 2182 3381 2239 neque
3405 2175 3575 2223 totum
3603 2169 3733 2224 vivit
3753 2184 3822 2226 ex

2218 2260 2362 2326 vita;
2393 2275 2514 2316 cum
2553 2261 2605 2316 in
2639 2277 2703 2317 ea
2747 2261 2917 2316 multa
2963 2261 3090 2322 sint.
3121 2276 3243 2330 quae
3289 2260 3408 2316 sine
3455 2269 3658 2315 naturas
3684 2275 3804 2317 sua:

2217 2367 2398 2419 sensu,
2451 2367 2572 2408 cum
2623 2354 2996 2419 excreverint,
3042 2352 3386 2409 desecentur.
3449 2352 3505 2408 In
3560 2353 3670 2408 Deo
3689 2369 3822 2410 vero

2222 2457 2392 2505 totum
2419 2449 2562 2520 quod
2593 2458 2678 2504 est
2718 2451 2873 2505 vivit.
2912 2451 3054 2504 Deus
3081 2450 3226 2505 enim
3263 2449 3370 2505 vita
3391 2459 3510 2505 est:
3539 2459 3595 2506 et
3614 2464 3680 2505 ex
3711 2451 3822 2506 vita

2219 2558 2326 2598 non
2359 2550 2535 2611 potest
2570 2540 2647 2614 (g)
2691 2541 2980 2612 quidquam
3015 2557 3137 2597 esse
3166 2541 3268 2596 nisi
3298 2542 3503 2597 vivum.
3537 2541 3723 2612 Neque
3752 2557 3824 2599 ex

2219 2636 2573 2698 derivatione,
2601 2633 2696 2690 sed
2720 2649 2786 2689 ex
2809 2634 3008 2691 virtute
3039 2633 3293 2690 nativitas
3328 2644 3430 2690 est.
3465 2637 3543 2691 Ac
3571 2635 3650 2690 sic
3689 2634 3820 2690 dum

2221 2737 2392 2784 talum
2425 2727 2565 2799 quod
2592 2737 2676 2782 est
2699 2727 2850 2794 vivit,
2871 2735 2927 2782 et
2952 2725 3078 2781 dum
3112 2735 3304 2793 totum,
3335 2725 3478 2798 quod
3505 2741 3570 2783 ex
3600 2742 3668 2784 eo
3691 2742 3820 2783 nas-

2219 2821 2384 2886 citur,
2406 2819 2580 2875 virtns
2605 2829 2724 2885 est;
2752 2818 3291 2888 habetnativitatem,
3322 2835 3429 2875 non
3451 2819 3612 2876 habet
3631 2821 3821 2876 demu-

2221 2915 2477 2970 tationem
2503 2931 2518 2980 ;
2539 2914 2845 2982 ctimpertit
2864 2912 3182 2983 proiectum,
3205 2927 3304 2968 nec
3324 2911 3819 2970 amittitnaturam:

2220 3005 2348 3061 dum
2379 3015 2432 3060 et
2460 3006 2795 3061 nativitatem
2823 3021 2982 3076 quam
3009 3004 3161 3060 dedit
3201 3021 3295 3076 per
3328 3005 3633 3062 indiscreta:
3667 3014 3822 3062 natu-

515 3092 642 3151 binc
665 3108 789 3150 cum
821 3093 973 3159 dicit,
1004 3091 1150 3148 Sicut
1181 3093 1316 3148 enim
1343 3091 1502 3146 Pater
1526 3091 1675 3146 habet
1696 3093 1914 3147 vitamin
1931 3104 2116 3148 semet-
2140 3109 2186 3173 ρ
2219 3113 2293 3154 rae
2344 3099 2750 3154 similitudinem
2797 3100 3064 3170 sequitur,
3104 3109 3159 3155 ει
3207 3101 3462 3155 nativitas
3510 3116 3653 3167 eam,
3696 3117 3820 3173 qua:

513 3187 650 3256 ipso,
702 3187 777 3240 sic
823 3195 870 3238 et
907 3183 1047 3239 Filio
1113 3185 1251 3238 dedit
1297 3185 1452 3238 vitam
1504 3183 1690 3239 habere
1735 3185 1790 3237 in
1842 3186 2116 3255 semetipso

517 3277 698 3352 (Joan.
726 3294 778 3342 ν,
805 3277 930 3349 26);
955 3278 1133 3332 omnia
1165 3277 1284 3332 viva
1306 3291 1403 3332 sua
1425 3291 1492 3331 es
1521 3277 1735 3333 vivente
1761 3286 1986 3356 testatus
2010 3287 2114 3356 est.

518 3371 674 3440 Quod
694 3383 876 3427 autem
893 3385 961 3426 ex
984 3371 1106 3427 vivo
1129 3371 1306 3426 vivum
1341 3378 1524 3424 natum
1544 3379 1649 3436 est,
1679 3369 1842 3426 habet
1866 3353 2117 3426 nativita-

517 3466 588 3523 tis
613 3465 912 3538 profectum
968 3463 1088 3520 sine
1149 3463 1387 3520 novitate
1431 3475 1658 3518 naturae.
1692 3463 1808 3520 Non
1851 3465 1996 3520 enim
2028 3480 2119 3519 no-

517 3574 644 3615 vum
672 3568 775 3624 est,
800 3557 943 3629 quod
970 3574 1034 3614 ex
1064 3558 1186 3613 vivo
1214 3565 1502 3628 generatur
1525 3556 1579 3612 in
1611 3555 1789 3611 vivum
1816 3574 1829 3623 ;
1859 3559 1983 3628 quia
2014 3575 2115 3615 nec

516 3667 582 3708 ex
604 3651 773 3708 nihilo
791 3649 858 3705 ad
881 3651 1212 3706 nativitatem
1236 3648 1342 3704 vita
1363 3648 1589 3718 quaesita
1611 3657 1692 3703 est
1710 3690 1724 3714 ,
1757 3659 1812 3704 et
1833 3649 1962 3715 vita,
1995 3666 2114 3720 qua:

515 3745 855 3801 nativitatem
869 3743 1033 3799 sumit
1061 3757 1127 3798 es
1157 3742 1286 3807 vita,
1301 3755 1525 3797 necesse
1551 3749 1635 3796 est
1655 3755 1750 3811 per
1766 3751 1970 3796 naturae
1991 3742 2114 3797 uni-

516 3845 703 3905 tatem,
739 3845 793 3893 et
836 3836 1088 3908 perfecta:
1122 3845 1282 3905 atque
1303 3834 1676 3890 inenarrandre
1703 3834 1994 3890 nativitatis
2023 3852 2112 3890 sa-

514 3939 874 3998 cramentum,
917 3937 978 3985 ut
1017 3937 1071 3984 et
1097 3929 1151 3984 in
1179 3928 1398 3984 vivente
1447 3927 1608 3996 vivat,
1660 3935 1715 3984 et
1760 3927 1814 3984 in
1834 3941 1894 3984 se
1919 3928 2114 3987 habeat

511 4020 594 4096 (2)
628 4023 705 4092 (d)
734 4023 894 4078 vitam
922 4022 1213 4078 viventem.

588 4115 669 4187 (1)
701 4114 882 4187 Neque
899 4115 1162 4170 inanimis.

611 4185 669 4242 2)
710 4185 822 4240 Vita
853 4187 1116 4242 uiuentem.

588 4115 638 4187 (1
701 4115 882 4187 Neque
899 4115 1162 4170 inanimis.

611 4187 646 4240 2
710 4185 822 4240 Vita
853 4187 1116 4242 uiuentem.

588 4115 672 4331 (ὄξ
703 4256 889 4312 Datam
915 4275 946 4312 a
973 4275 1028 4313 se
1051 4268 1269 4313 natura.

515 4358 587 4405 est
615 4349 858 4418 aliunde;
880 4359 933 4405 et
960 4366 1108 4405 num.
1141 4349 1211 4405 55
1249 4348 1343 4404 lib.
1376 4363 1490 4414 vtu,
1527 4347 1763 4402 Christus
1785 4364 1888 4402 non
1918 4349 1981 4404 de
2010 4365 2112 4404 non

515 4420 862 4474 substantibus
897 4432 1085 4475 manet.
1121 4422 1186 4474 Et
1224 4419 1319 4476 lib.
1365 4435 1442 4480 γι.
1489 4434 1638 4474 nunt.
1675 4418 1763 4482 l9,
1793 4434 1941 4487 quem
1970 4422 2022 4474 in
2066 4431 2114 4475 te

517 4491 770 4545 manentis
792 4508 854 4546 ea:
881 4501 926 4544 te
970 4493 1246 4546 nativitatis
1275 4476 1460 4544 natura
1489 4476 1763 4556 retineret}
1786 4476 1839 4543 ἐι
1861 4507 1988 4545 num
2015 4491 2106 4552 55.
2139 4476 2193 4536 Ῑ)

519 4561 644 4617 Non
666 4571 854 4617 utesse
893 4565 1042 4634 ccepi:
1067 4579 1132 4618 ea:
1150 4562 1337 4634 nihilo,
1368 4563 1456 4616 sed
1496 4561 1621 4616 exiit
1653 4578 1686 4614 a
1727 4571 1977 4634 manente.
2007 4563 2111 4619 De-

518 4649 664 4688 mutn
695 4637 745 4688 in
768 4633 995 4690 sinceris
1022 4633 1420 4703 exemplaribus
1445 4647 1705 4702 nusquam
1735 4633 1974 4701 reperias
2001 4651 2110 4688 ma-

519 4721 664 4763 nare.
689 4705 828 4774 quod
853 4706 919 4759 ad
950 4716 1206 4762 teternatn
1236 4703 1355 4759 Filii
1391 4703 1792 4774 generationem
1823 4705 2105 4759 referatur.

589 4775 668 4848 (a)
695 4777 855 4845 Editi,
882 4793 971 4832 nec
1001 4778 1297 4832 nativitatis.
1323 4776 1545 4832 Rectius
1572 4789 1702 4830 mss.
1725 4791 1816 4830 nec
1836 4776 2109 4844 nativitati,

519 4845 623 4903 hoc
649 4845 754 4912 est,
785 4863 885 4905 nec
914 4858 1058 4904 nato.

593 4918 670 4991 (b)
698 4920 854 4974 Mart.
885 4937 984 4976 ms.
1021 4932 1074 4975 ut
1123 4918 1259 4991 inira
1300 4920 1460 4975 habet
1487 4919 1685 4981 inania,
1709 4932 1823 4991 pro
1849 4918 2108 4991 inanima,

516 4987 672 5045 itaet
695 4991 782 5047 hic
808 5006 928 5047 cum
973 4993 1158 5047 codice
1189 4989 1305 5046 Vat.
1341 4991 1453 5045 bas.
1488 4999 1637 5058 atque
1662 4988 1918 5043 inanibus.
1943 4987 2108 5045 Corb.

518 5073 559 5121 tt
581 5062 748 5130 prima
781 5079 963 5128 manu,
995 5079 1156 5134 neque
1184 5079 1246 5116 ea:
1264 5062 1517 5116 inanibus.
1544 5060 1754 5134 Deinde
1782 5061 1834 5134 in
1862 5059 2111 5134 omtﬁbus

517 5141 693 5187 exstat
718 5135 1025 5204 inﬁrtnibus,
1056 5131 1144 5190 ubi
1187 5135 1239 5188 in
1268 5133 1498 5203 vulgatis
1536 5131 1923 5204 inﬁrmioribus.
1971 5131 2108 5204 Tum

518 5204 684 5259 verbo
715 5200 1022 5268 continetur;
1057 5221 1152 5273 pro
1181 5200 1399 5270 constat,
1435 5200 1648 5258 videtur
1679 5217 1808 5256 usus
1835 5200 2105 5257 Hilarius:

519 5291 588 5331 ne
618 5277 688 5332 ita
719 5293 784 5332 ex
817 5277 970 5332 Patre
1021 5277 1286 5347 protliis~e
1317 5275 1483 5330 Filius
1527 5274 1884 5347 existimetur,
1916 5284 2110 5347 utnon

517 5363 738 5418 semper
760 5349 896 5402 intra
921 5344 1093 5416 ipsum
1116 5349 1530 5402 contineaturac
1553 5357 1786 5418 maneat.
1809 5344 1900 5399 Sic
1914 5345 2113 5415 quippe

519 5419 615 5476 lib.
640 5415 718 5486 vt,
770 5437 824 5475 ιι.
871 5415 956 5487 l9,
1003 5419 1216 5476 Patrem
1263 5419 1544 5488 alloquens
1575 5415 1858 5472 coiiﬁtetur
1901 5428 2107 5484 natum,

519 5491 573 5545 in
598 5508 696 5562 quo
727 5502 774 5546 te
801 5493 1139 5561 generationis
1177 5507 1240 5545 ea:
1278 5499 1323 5543 te
1348 5491 1528 5545 veritas
1564 5490 1859 5562 contineret,
1895 5495 1942 5542 et
1965 5504 2112 5556 quem

519 5560 640 5616 inte
671 5560 918 5617 manentis
939 5581 1001 5620 ea:
1021 5574 1068 5618 te
1093 5562 1373 5617 nativitatis
1404 5571 1588 5615 natura
1614 5560 1866 5614 retineret.

592 5631 837 5704 (c)_LEditi
879 5636 964 5689 hic
1007 5645 1215 5704 propter
1261 5633 1490 5704 Patrem,
1520 5631 1613 5698 sed
1662 5630 1756 5686 lib.
1788 5631 2108 5704 vttt,__n_.16,

520 5701 611 5774 'per'
644 5701 900 5768 Patrem;
954 5701 1114 5776 quam
1156 5701 1440 5764 lectionem
1495 5707 1806 5762 constanter
1856 5701 2112 5761 exhibent

2221 3193 2409 3248 vivens
2429 3207 2495 3248 ex
2517 3190 2733 3247 vivente
2756 3201 2862 3256 est,
2893 3199 3140 3246 naturam
3159 3192 3430 3247 nascendo
3461 3206 3568 3246 non
3592 3192 3813 3248 deserit.

2290 3282 2380 3339 29.
2416 3283 2565 3354 Ignis
2609 3282 2926 3352 comparatio
2980 3282 3164 3336 altera.
3196 3282 3457 3338 —Aﬁ‘ert
3491 3292 3673 3338 autem
3720 3298 3820 3354 pro

2220 3385 2373 3445 parte
2405 3374 2532 3430 ﬁdei
2577 3374 2736 3443 hujus
2783 3373 3255 3445 signiﬁcationem,
3283 3374 3420 3444 ignis
3451 3374 3504 3429 in
3548 3390 3609 3430 se
3639 3375 3818 3445 ignem

2220 3465 2448 3534 habens,
2475 3475 2530 3523 et
2561 3469 2611 3522 in
2638 3467 2746 3537 igni
2768 3466 2907 3538 ignis
2951 3481 3194 3522 manens.
3220 3465 3354 3521 Nam
3396 3481 3518 3521 cum
3553 3465 3622 3520 sit
3663 3467 3716 3522 in
3752 3483 3820 3523 eo

2221 3557 2476 3628 splendor
2519 3557 2760 3625 luminis,
2800 3567 3006 3612 naturae
3047 3557 3218 3624 calor,
3253 3558 3432 3613 virtus
3459 3559 3672 3626 urendi,
3702 3573 3821 3614 mo-

2223 3654 2402 3710 bilitas
2424 3653 2721 3719 :estuandi;
2750 3662 2921 3709 totum
2950 3662 3127 3710 tamen
3158 3655 3299 3726 ignis
3338 3662 3444 3720 est,
3469 3664 3524 3710 et
3547 3654 3662 3710 haec
3695 3657 3819 3710 uni-

2223 3761 2401 3811 versa,
2435 3762 2539 3802 una
2571 3757 2758 3801 natura
2789 3755 2892 3802 est.
2917 3746 3090 3802 [labet
3123 3746 3342 3818 quidem
3383 3763 3450 3803 ex
3479 3747 3814 3818 inﬁrmitate,

2222 3837 2364 3909 quod
2397 3855 2492 3910 per
2513 3837 2790 3893 materiam
2824 3836 3070 3893 subsistit
3109 3853 3172 3892 ac
3202 3839 3354 3902 vivit,
3397 3848 3451 3893 et
3479 3827 3600 3892 cum
3631 3853 3697 3894 ea
3721 3853 3818 3908 per

2221 3948 2381 4004 quam
2401 3933 2603 3989 vixerat
2631 3932 2830 3987 deﬁcit.
2849 3930 2955 3987 Sed
2975 3931 3098 3996 hoc,
3117 3931 3260 4001 quod
3287 3929 3366 4003 (It)
3389 3931 3816 4002 incomparabile

2226 4028 2390 4100 200
2431 4027 2526 4083 Dei
2548 4035 2650 4091 est,
2686 4025 2767 4096 (5)
2807 4026 3212 4096 comparatione
3241 4039 3308 4082 ex
3347 4032 3501 4096 parte
3530 4027 3817 4096 cognosci-

2289 4119 2376 4190 (ι)
2405 4118 2705 4190 auferatur.

2318 4121 2376 4190 4)
2405 4121 2705 4188 Auferatur.

2293 4121 2375 4262 (5)
2409 4187 2494 4246 Ex
2516 4187 2962 4260 comparationum
2988 4195 3151 4261 parte.
3180 4187 3322 4257 Mox,
3352 4187 3408 4243 in
3439 4185 3602 4244 Deum
3628 4186 3716 4243 sit.

2219 4360 2351 4404 mss.
2383 4343 2810 4414 conﬁrmanlque
2867 4343 3112 4414 proxime
3150 4343 3411 4408 subnexa,
3444 4358 3533 4415 per
3569 4341 3821 4400 viventem

2220 4418 2430 4474 Patrem
2444 4435 2462 4473 :

2319 4489 2375 4562 ά)
2398 4489 2618 4562 Ῑηνιιιεε.
2644 4486 2799 4543 Colb.
2828 4495 2886 4543 et
2910 4485 3094 4562 Germ.
3130 4486 3230 4541 vita
3259 4486 3522 4562 viventem.

2315 4557 2364 4633 ε)
2393 4560 2556 4633 Editi.
2585 4561 2759 4633 datam
2789 4575 2821 4612 a
2861 4575 2932 4613 se.
2966 4557 3134 4633 Abest
3159 4574 3191 4611 a
3211 4573 3270 4633 se
3296 4573 3324 4610 a
3351 4557 3650 4633 potioribus
3675 4573 3815 4633 mss.

2218 4627 2389 4689 Acitte
2421 4631 2506 4687 hic
2558 4631 2858 4701 explicatur
2893 4627 2985 4700 qui
3017 4629 3156 4683 lilius
3211 4628 3262 4682 in
3302 4640 3473 4697 patre,
3518 4631 3652 4684 etin
3701 4630 3820 4701 ﬁlio

2223 4715 2391 4768 pater.
2433 4703 2490 4759 In
2542 4700 2651 4757 ﬁlio
2699 4711 2850 4772 pater
2895 4711 2997 4763 est,
3041 4701 3165 4768 quia
3213 4707 3523 4772 nascentem
3566 4700 3820 4772 sequitur

2220 4775 2313 4832 ille
2341 4775 2432 4842 qui
2457 4775 2644 4845 gignit,
2678 4775 2809 4845 dum
2833 4770 2991 4840 hujus
3017 4781 3202 4825 natura
3233 4770 3285 4824 in
3317 4771 3552 4845 genitum
3580 4770 3819 4842 quodam

2223 4846 2384 4902 modo
2428 4842 2709 4915 trajicitur.
2757 4843 2848 4898 Illa
2886 4851 3065 4896 autem
3107 4850 3296 4915 natura
3339 4857 3368 4894 a
3416 4842 3525 4897 ﬁlio
3567 4854 3814 4915 accepta,

2221 4917 2350 4972 dum
2379 4933 2484 4972 non
2507 4912 2768 4971 amittitur
2793 4929 2823 4968 a
2857 4922 3030 4983 patre,
3063 4913 3154 4968 sed
3189 4913 3239 4966 in
3271 4927 3338 4968 eo
3374 4923 3574 4980 manet,
3623 4912 3677 4969 id
3705 4915 3818 4971 ﬁlio

2215 4997 2456 5060 praestat.
2485 4989 2740 5060 utActiam
2769 4986 2821 5060 i_n
2847 4985 3235 5060 ipso_g_enitore
3256 4995 3489 5060 maneat.

2288 5060 2358 5131 (Ῑ)
2387 5060 2515 5131 Mss.
2539 5056 2727 5121 Corb.,
2769 5055 2942 5123 Prat.,
2970 5054 3156 5125 Vind.,
3177 5063 3310 5122 etc.,
3339 5055 3626 5126 auferatur.
3659 5056 3818 5113 Anti-

2213 5128 2368 5201 quior
2389 5128 2562 5201 (1οη).Δ
2577 5133 2856 5201 auferetur.

2285 5200 2364 5271 (g)
2397 5201 2496 5254 Ms.
2525 5197 2748 5271 Carnut.
2780 5197 2934 5271 aliud
2955 5213 3082 5271 esse.

2291 5267 2388 5355 (ἵε).
2425 5270 2590 5355 Apud_
2621 5269 2749 5355 Dad.
2797 5279 2849 5355 et
2895 5267 3354 5355 Eedesidcratur
3386 5269 3812 5340 ineomparnbile.

2221 5340 2423 5398 Deinde
2453 5343 2593 5408 apud
2627 5341 2927 5410 Lips.,Par.
2964 5351 3016 5396 et
3043 5340 3095 5394 in
3124 5341 3397 5411 plerisque
3422 5358 3551 5398 mss.
3582 5359 3646 5396 ea:
3675 5361 3817 5396 com-

2221 5415 2545 5487 parationum
2572 5423 2716 5484 parte
2741 5412 3112 5480 cognoscimus.
3139 5413 3482 5487 blinus_tnale
3511 5414 3563 5469 in
3591 5413 3810 5470 Martia.

2220 5484 2284 5544 ea:
2303 5488 2685 5556 comparatione
2708 5496 2905 5554 partem
2923 5485 3293 5556 cognoscimtts.
3315 5484 3643 5556 Beponimus
3666 5501 3810 5540 com-

2220 5554 2505 5624 paratio—ne,
2535 5568 2666 5620 etc.,
2699 5558 3018 5611 auctoritate
3060 5570 3160 5609 ms.
3180 5554 3297 5610 bas.
3329 5554 3447 5610 \‘a’t.
3480 5569 3532 5610 et
3581 5557 3813 5613 aliorum

2219 5631 2449 5688 duorum
2479 5629 2598 5685 Vat.
2630 5629 2823 5699 quibus
2842 5628 3185 5699 causentiunt
3212 5627 3405 5699 Dad.et
3425 5627 3516 5686 Er.
3534 5629 3655 5686 Mox
3675 5637 3810 5686 mss“.

2219 5699 2415 5762 habent
2442 5701 2493 5756 in
2530 5693 2691 5758 Deum
2721 5699 2806 5770 sit,
2841 5713 2946 5756 non
2977 5697 3030 5752 in
3055 5693 3162 5755 Deo
3180 5697 3263 5753 sit.
3357 5749 3368 5771 δ
