4094 6180
288 358 402 417 2‘25

1501 359 1590 416 DE
1629 357 2002 419 TRINITATE
2042 359 2242 418 LIBER
2284 361 2395 418 VII.

3475 365 3584 425 226

285 492 447 542 mus;
483 483 539 530 ut
565 490 668 530 non
698 473 1019 532 incredibile
1056 475 1108 530 in
1153 473 1264 531 Deo
1302 473 1392 538 sit,
1415 476 1554 547 quod
1587 491 1682 545 pro
1726 484 1879 546 parte
1905 480 1957 538 Α
1986 477 2090 533 tius
2120 489 2326 533 naturae
2356 477 2756 534 demonstraret
2791 478 2841 534 in
2893 478 3054 543 dicto,
3099 477 3353 550 subjecit,
3387 478 3574 536 Dicitis

279 571 464 641 aliqua
499 571 551 625 in
572 572 805 625 terrenis
837 569 1136 639 reperiatur
1156 570 1461 625 elementis.
1485 569 1681 636 Quaero
1702 570 1882 639 itaque

281 677 432 718 nunc
458 673 636 718 utrum
665 661 858 717 divisio
879 677 942 716 ac
962 664 1234 733 separatio
1255 661 1346 730 sit,
1370 677 1493 718 cum
1514 662 1649 734 ignis
1669 677 1735 718 ex
1758 663 1882 734 igne

281 767 392 810 est.
423 753 532 809 Aut
573 755 832 825 numquid
879 754 1173 810 absciditur
1201 763 1389 810 natura
1423 771 1489 810 ne
1518 765 1754 822 maneat,
1790 765 1884 810 aut

284 866 397 906 non
444 850 689 921 sequitur
733 859 920 904 natura
958 864 1024 904 ne
1047 848 1190 913 insit,
1234 864 1352 905 cum
1401 863 1635 906 accenso
1676 850 1882 908 lumine

286 962 355 1002 ex
390 943 595 1000 lumine
637 959 734 1014 per
762 942 1046 1015 quemdam
1085 943 1234 1014 quasi
1266 941 1561 997 nativitatis
1585 943 1882 1014 profectum

285 1049 495 1094 naturae
520 1039 664 1094 nulla
708 1038 785 1107 (a)
812 1036 1052 1093 desectio
1094 1037 1184 1103 sit,
1214 1048 1266 1093 et
1296 1046 1471 1093 tamen
1501 1040 1570 1093 sit
1599 1037 1780 1093 lumen
1817 1054 1881 1095 ex

287 1132 528 1188 lumine?
559 1133 667 1186 Aut
691 1131 946 1200 numquid
975 1131 1077 1187 hoc
1098 1146 1205 1186 non
1238 1142 1416 1186 manet
1441 1131 1492 1186 in
1525 1147 1612 1199 co,
1637 1131 1780 1202 quod
1811 1147 1877 1187 ex

287 1243 412 1283 sese
444 1229 564 1284 sine
594 1227 901 1283 desectione
937 1225 1220 1282 subsistit?
1245 1225 1354 1281 Aut
1385 1227 1484 1282 hoc
1509 1241 1616 1282 non
1644 1227 1784 1282 inest
1828 1227 1882 1282 in

286 1335 378 1384 eo,
409 1320 486 1392 (ὁ)
515 1319 656 1375 unde
692 1333 797 1374 non
845 1319 1075 1376 recisum
1106 1330 1207 1385 est,
1239 1317 1334 1374 sed
1372 1333 1492 1374 cum
1524 1319 1730 1374 unitate
1760 1318 1884 1374 sub-

285 1413 506 1466 stantiae
543 1411 798 1466 naturalis
838 1410 1043 1467 exivit?
1072 1411 1138 1466 Et
1177 1425 1361 1483 quaero
1411 1425 1550 1466 anne
1581 1425 1686 1465 non
1721 1425 1883 1465 unum

295 1504 434 1570 sint,
470 1520 589 1560 cum
623 1505 804 1561 lumen
831 1519 897 1560 ex
928 1504 1128 1560 lumine
1161 1519 1259 1560 nec
1289 1503 1551 1559 divisione
1584 1502 1886 1573 scparabile

284 1597 387 1663 sit,
419 1614 520 1654 nec
546 1614 745 1669 genere
781 1599 1028 1653 naturai?

360 1691 449 1747 ΞΟ.
477 1689 926 1761 Comparationum
963 1690 1076 1762 quis
1107 1708 1247 1746 usus.
1271 1690 1433 1746 -—Et
1473 1689 1610 1758 hrcc,
1655 1699 1711 1745 nt
1750 1689 1883 1758 dixi,

282 1782 354 1838 ad
386 1783 800 1853 intelligentiam
839 1783 960 1838 ﬁdei
1010 1791 1214 1838 tantum
1258 1794 1569 1852 comparata
1613 1782 1740 1846 sint,
1776 1797 1880 1836 non

1981 571 2101 640 quia
2129 571 2492 642 blasphemavi,
2517 573 2761 642 quoniam
2791 573 2919 639 dixi,
2941 573 3099 645 201
3123 572 3170 626 F
3173 573 3293 628 ilius
3320 574 3418 629 Dei
3445 590 3581 641 sum,

1984 665 2240 719 unitatem
2261 675 2461 719 natura:
2474 679 2537 719 ex
2558 665 2834 721 nativitate
2854 681 2974 721 esse
2999 676 3332 722 contestans.
3368 667 3439 723 At
3455 682 3585 724 vero

1983 764 2043 809 ut
2072 755 2363 811 nativitatis
2408 757 2566 812 ﬁdem
2611 757 2876 828 professio
2922 758 3166 815 absoluta
3195 759 3453 827 ﬁrmaret,
3486 776 3588 817 nec

1984 857 2192 904 naturae
2238 858 2416 906 tamen
2446 849 2666 907 afferret
2695 851 2948 906 nativitas
2977 852 3219 922 professa
3247 853 3528 909 dissidium
3567 871 3583 923 ;

1985 940 2125 995 hanc
2176 942 2339 997 totius
2377 943 2747 1013 responsionis
2791 957 2902 1000 sua:
2940 945 3111 1001 tenuit
3165 945 3583 1011 absolutionem,

1988 1031 2240 1103 Oper-ibus
2267 1035 2472 1099 credite,
2511 1037 2755 1106 quoniam
2787 1034 2942 1091 Pater
2969 1039 3022 1092 in
3050 1056 3151 1104 me,
3176 1049 3223 1095 et
3256 1056 3348 1112 ego
3388 1041 3440 1095 in
3472 1039 3586 1094 Pa-

1986 1133 2079 1178 tre.
2109 1124 2246 1191 Quid
2280 1125 2369 1182 hic
2400 1142 2503 1182 non
2548 1129 2793 1184 naturale
2841 1144 2904 1185 ac
2933 1130 3210 1202 proprium
3255 1133 3354 1186 sub
3400 1147 3586 1189 sacra-

1985 1228 2171 1275 mento
2201 1221 2494 1275 nativitatis
2515 1231 2792 1277 ostensum
2827 1222 2956 1279 est?
2983 1223 3171 1280 lnsunt
3192 1224 3294 1280 sibi
3327 1226 3584 1294 invicem,

1986 1309 2112 1365 dum
2140 1325 2245 1366 non
2286 1321 2369 1367 est
2412 1313 2512 1368 nisi
2556 1329 2620 1369 ex
2669 1325 2818 1386 patre
2850 1317 3124 1386 nativitas,
3156 1317 3284 1373 dum
3317 1319 3368 1374 in
3417 1318 3584 1374 Deum

1991 1407 2220 1460 alterum
2273 1405 2352 1477 (2)
2387 1405 2458 1479 (e)
2501 1416 2707 1463 natura:
2749 1409 2833 1466 vel
2897 1411 3134 1466 exterior
3181 1412 3264 1467 vel
3311 1411 3588 1468 dissimilis

1987 1511 2092 1552 non
2132 1497 2399 1566 subsistit,
2452 1498 2579 1554 dum
2629 1499 2766 1558 Deus
2812 1517 2878 1557 ex
2934 1502 3046 1558 Deo
3101 1519 3328 1561 manens
3363 1521 3469 1561 non
3503 1514 3590 1562 est

1987 1588 2205 1644 aliunde
2227 1589 2369 1660 quod
2403 1589 2544 1646 Deus
2573 1599 2674 1647 est.
2710 1591 2853 1649 lufer
2882 1594 3039 1659 duos,
3063 1595 3110 1650 si
3154 1595 3368 1652 occasio
3417 1605 3584 1667 patet,

1991 1681 2114 1736 ﬁdei
2157 1683 2410 1738 Ecclesia:
2453 1684 2622 1740 deos:
2660 1697 2752 1741 aut
2792 1689 3090 1744 solitarium
3131 1690 3299 1745 Deum
3344 1691 3426 1747 vel
3454 1693 3586 1747 falsa

1989 1778 2178 1833 saltem
2221 1779 2448 1834 mentire
2483 1779 2730 1836 ratione:
2776 1781 2994 1851 Filium,
3044 1784 3088 1838 si
3136 1794 3308 1855 potes,
3354 1800 3383 1839 a
3423 1785 3586 1842 Patre

283 1878 451 1934 etiam
483 1879 549 1934 ad
582 1879 675 1935 Dei
701 1879 1042 1950 dignitatem,
1071 1887 1129 1932 ut
1152 1894 1250 1934 nos
1272 1876 1452 1947 potius
1475 1876 1886 1947 intelligentiam
1919 1868 1965 1928 B
1993 1871 2196 1940 absque
2220 1873 2511 1928 nativitatis
2541 1882 2744 1928 tantum
2775 1875 3019 1930 confessa
3058 1879 3285 1933 veritate
3313 1878 3586 1947 discerne,

285 1970 648 2026 invisibilium
703 1968 773 2041 (c)
830 1986 896 2025 ex
943 1968 1315 2039 corporalibus
1362 1956 1718 2033 sumeremus,
1780 1982 1884 2021 non

285 2063 480 2134 utique
511 2072 572 2117 ut
612 2061 828 2132 aliquod
873 2069 1075 2116 natura:
1100 2061 1195 2116 Dei
1235 2059 1571 2116 satisfaceret
1608 2074 1890 2130 compara-

281 2154 455 2210 tionis
485 2154 791 2224 exemplum
823 2171 836 2208 :
872 2168 991 2209 cum
1048 2152 1268 2224 dignum
1318 2163 1372 2207 et
1402 2151 1605 2222 justum
1633 2162 1778 2206 esset
1808 2159 1888 2207 te-

278 2247 452 2302 stanti
495 2248 564 2301 de
608 2261 666 2300 se
709 2233 821 2299 Deo
869 2243 1109 2299 credere.
1164 2243 1271 2300 Sed
1320 2241 1445 2313 quia
1494 2241 1884 2311 simpliciorum

280 2341 452 2396 ﬁdem
488 2339 638 2396 furor
670 2336 962 2406 hwreticus
991 2337 1250 2402 turbaret,
1283 2345 1338 2391 ut
1373 2335 1426 2390 id
1471 2335 1540 2391 de
1587 2333 1701 2391 Deo
1737 2333 1887 2390 credi

277 2449 394 2490 non
443 2440 744 2502 oporteret,
793 2429 936 2501 quod
1003 2428 1245 2496 difﬁcile,
1278 2427 1377 2483 nisi
1428 2443 1524 2498 per
1570 2442 1885 2497 corpoream

279 2527 778 2597 comparationem,
809 2533 994 2596 posset
1035 2521 1298 2594 intelligi:
1338 2522 1538 2578 idcirco
1591 2522 1885 2578 secundum

280 2621 428 2678 illud
455 2622 566 2690 jam
595 2616 758 2674 etiam
790 2617 1037 2688 superius
1061 2627 1416 2671 memoratum
1447 2631 1475 2669 a
1499 2615 1656 2670 nobis
1671 2615 1890 2671 Domini

286 2719 533 2774 dictum:
570 2716 720 2784 Quod
743 2714 805 2768 de
825 2728 980 2768 carne
1008 2710 1253 2778 nascitur,
1277 2726 1402 2765 caro
1424 2719 1535 2764 est:
1559 2710 1692 2779 quod
1719 2718 1891 2763 autent

280 2813 351 2866 de
383 2810 584 2883 spiritu,
621 2810 837 2880 spiritus
855 2817 929 2862 est
961 2806 1140 2879 (Joau.
1175 2821 1252 2872 tu,
1277 2804 1358 2874 6),
1401 2805 1522 2875 quia
1564 2804 1703 2860 Deus
1729 2802 1892 2873 Spiri-

280 2913 378 2960 tus
402 2914 506 2969 est,
541 2902 669 2956 utile
698 2898 1128 2956 existimavimus
1175 2898 1288 2953 haec
1315 2912 1414 2968 pro
1447 2905 1600 2968 parte
1653 2897 1893 2952 inserere

281 2991 714 3067 comparationis
751 2993 1038 3064 exempla:
1069 3008 1136 3047 ne
1183 2989 1396 3046 mentiri
1446 2990 1514 3045 de
1555 2989 1892 3061 professione

286 3106 392 3146 sua
444 3087 868 3152 existimaretur,
915 3099 1035 3140 cum
1085 3082 1290 3138 divinae
1330 3082 1486 3137 nobis
1537 3081 1894 3152 professionis

285 3180 703 3250 intelligentiam
749 3193 818 3234 ex
859 3177 1038 3248 aliquo
1092 3177 1354 3231 naturalia
1399 3172 1478 3247 (l)
1525 3183 1894 3230 creaturarum

285 3273 548 3344 exempla
574 3279 909 3342 priustarent.

367 3367 463 3423 ³51.
497 3365 632 3421 Filio
670 3377 853 3422 natura
889 3363 1060 3419 divina
1097 3363 1146 3418 vi
1175 3361 1472 3416 nativitatis.
1504 3359 1606 3415 Per
1636 3361 1768 3414 hanc
1788 3359 1897 3430 ipse

292 3462 350 3515 in
383 3459 540 3514 Patre
558 3471 604 3514 et
627 3458 787 3513 Pater
811 3460 862 3512 in
883 3474 962 3513 eo.
993 3458 1203 3513 Patrem
1226 3457 1398 3510 dicens
1429 3455 1552 3508 dicit
1591 3465 1636 3510 et
1678 3452 1895 3509 Filium.

296 3580 378 3596 -—
400 3552 566 3625 Igitur
594 3568 660 3608 ex
683 3551 896 3608 vivente
923 3549 1000 3622 (ά)
1030 3549 1215 3606 vivens
1245 3549 1337 3604 Dei
1382 3547 1544 3612 filius,
1577 3556 1631 3602 et
1683 3563 1746 3602 ex
1789 3547 1900 3602 Deo

298 3647 474 3711 Deus,
507 3654 560 3700 et
586 3655 792 3699 naturae
815 3640 1191 3713 inseparabilis
1219 3648 1380 3710 atque
1409 3636 1745 3694 indissimilis
1773 3638 1894 3692 uni-

292 3747 463 3793 tatem
518 3746 571 3792 ct
614 3745 1013 3792 sacramentum
1079 3732 1374 3788 nativitatis
1431 3730 1746 3796 ostendens,
1792 3729 1889 3798 ait,

291 3829 412 3902 Ego
440 3841 485 3885 et
531 3829 691 3884 Pater
721 3845 878 3883 unum
923 3844 1116 3883 sumus.
1166 3827 1235 3881 Et
1274 3823 1396 3896 quia
1449 3823 1717 3880 calumnia
1759 3824 1895 3881 dicti

293 3934 571 3996 tamquam
617 3922 896 3979 insolentis
924 3921 1250 3986 exsisteret;
1283 3931 1340 3976 ut
1362 3919 1755 3976 conscientiam
1797 3936 1895 3991 po-

375 4065 458 4135 (i)
490 4064 854 4120 Creaturarum
884 4061 1055 4131 aliquo
1084 4058 1256 4135 modo.

377 4067 426 4135 (i
490 4065 854 4120 Creaturarum
884 4065 1055 4131 aliquo
1084 4065 1256 4115 modo.

377 4065 458 4209 (ἐξ
486 4138 543 4192 In
575 4137 767 4201 editis,
799 4145 996 4190 natura:
1023 4133 1098 4187 vel
1123 4131 1410 4186 exterioris.

380 4280 452 4353 (a)
486 4279 705 4343 Excusi,
730 4275 970 4353 defectio,
1001 4285 1056 4331 et
1088 4290 1211 4331 mox
1241 4275 1360 4353 sine
1386 4273 1668 4353 defectione
1696 4287 1713 4327 :
1737 4269 1898 4328 casti-

297 4344 499 4422 gantur
526 4368 591 4407 ex
621 4365 753 4422 mss.
780 4344 894 4404 Huc
922 4358 1128 4419 spectat
1150 4347 1288 4422 quod
1319 4346 1594 4422 Iulianus,
1624 4344 1716 4400 Or.
1752 4354 1897 4422 cont.

297 4415 543 4487 Cmcos,
568 4420 846 4486 ait,Natus
861 4430 935 4474 est
952 4415 1129 4472 autem
1151 4415 1560 4488 participatione,
1587 4433 1690 4471 non
1714 4415 1905 4488 abscisa

296 4497 466 4553 sione.
500 4493 650 4561 Quod
673 4493 810 4546 enim
829 4492 1164 4555 abscinditur,
1194 4507 1225 4542 a
1252 4487 1416 4560 primo
1437 4496 1711 4561 separatur
1731 4502 1749 4550 ;
1769 4487 1906 4561 quod

298 4583 423 4622 vero
451 4558 854 4619 communicatur
880 4561 935 4615 id
964 4562 1224 4628 [unctione
1252 4558 1510 4630 donatum
1537 4558 1746 4630 propria
1773 4558 1904 4630 nihil

298 4637 565 4694 imminuit
588 4635 737 4689 illum
751 4651 782 4686 a
802 4650 899 4699 quo
919 4633 1020 4686 vim
1040 4648 1187 4685 suam
1204 4632 1436 4699 sumpsit.
1466 4629 1906 4696 Quemadmodum

1995 1962 2163 2017 Filius
2195 1963 2245 2017 in
2277 1963 2434 2019 Patre
2474 1972 2577 2030 est,
2611 1976 2664 2021 et
2701 1967 2751 2020 in
2782 1964 2918 2021 Filio
2946 1965 3128 2032 Pater,
3159 1984 3266 2025 non
3297 1985 3391 2040 per
3412 1978 3589 2026 trans-

1994 2055 2257 2110 fusionem
2299 2056 2740 2130 refusioncmque
2768 2069 3004 2116 mutuam
3038 2062 3131 2134 if),
3154 2063 3249 2120 sed
3286 2080 3384 2136 per
3406 2066 3591 2122 viven-

1999 2146 2066 2202 tis
2095 2155 2303 2203 natura:
2330 2150 2622 2220 perfectam
2651 2152 3005 2209 nativitatem.
3032 2154 3109 2210 Ita
3143 2156 3194 2211 in
3222 2155 3333 2212 Deo
3356 2166 3508 2228 patre
3543 2163 3601 2215 et

1998 2241 2051 2296 in
2086 2242 2192 2297 Deo
2219 2242 2329 2299 ﬁlio
2371 2261 2546 2316 neque
2585 2247 2720 2302 duos
2762 2247 2844 2321 (5)
2879 2249 2958 2320 (g)
2995 2252 3413 2309 connumerabis
3442 2253 3596 2322 deos,

1997 2335 2120 2404 quia
2152 2352 2314 2392 unum
2345 2347 2572 2409 uterque
2593 2350 2720 2396 sunt
2744 2358 2758 2408 ;
2784 2357 2960 2414 neque
2985 2343 3311 2416 singularem
3337 2347 3599 2418 pradica-

2000 2427 2104 2495 bis,
2140 2430 2262 2499 quia
2293 2439 2516 2503 uterque
2543 2448 2649 2488 non
2681 2450 2816 2489 unus
2846 2443 2950 2511 est.
2976 2436 3094 2492 Non
3139 2436 3302 2495 habet
3336 2440 3496 2511 igitur
3526 2440 3594 2494 fi-

1992 2521 2088 2578 des
2106 2524 2401 2594 apustolica
2420 2525 2554 2581 duos
2577 2527 2730 2594 deos,
2747 2529 2868 2598 quia
2894 2508 2994 2586 nec
3015 2531 3151 2587 duos
3175 2508 3597 2601 patres‘habeat,

2003 2631 2105 2672 nec
2148 2616 2284 2672 duos
2321 2619 2478 2674 ﬁlios.
2525 2619 2844 2676 Contitendo
2889 2632 3120 2692 patrem,
3148 2624 3394 2681 confessa
3432 2625 3600 2682 ﬁlium

1996 2717 2080 2763 est
2111 2727 2123 2762 :
2169 2710 2398 2766 credens
2454 2710 2506 2765 in
2532 2711 2724 2779 ﬁlium,
2755 2713 2984 2769 credidit
3012 2722 3067 2770 et
3099 2716 3150 2770 in
3193 2726 3438 2785 patrem:
3472 2717 3600 2788 quia

1995 2810 2049 2856 et
2075 2817 2267 2857 nomen
2295 2803 2459 2872 patris
2487 2801 2565 2874 (It)
2587 2803 2746 2860 habet
2772 2805 2824 2860 in
2852 2821 2911 2861 se
2932 2806 3027 2862 ﬁlii
3050 2823 3268 2863 nomen.
3300 2808 3415 2864 Non
3444 2808 3588 2864 enim

1997 2897 2100 2953 nisi
2133 2913 2226 2968 per
2261 2897 2428 2953 ﬁlium
2462 2909 2612 2968 pater
2650 2910 2763 2964 est;
2789 2909 2841 2956 et
2872 2899 3191 2972 signiﬁcatio
3218 2901 3338 2969 lilii,
3371 2901 3596 2959 demon-

2002 2991 2192 3047 stratio
2215 2991 2380 3060 patris
2407 3000 2487 3047 est
2512 3009 2523 3045 :
2553 2993 2675 3063 quia
2705 3008 2812 3048 non
2842 2994 2942 3048 nisi
2973 3011 3038 3050 ex
3071 3007 3222 3066 patre
3252 2997 3323 3051 sit
3353 2995 3513 3053 ﬁlius.
3542 2997 3605 3053 In

2001 3083 2161 3139 unius
2208 3085 2388 3154 itaque
2430 3084 2771 3141 confessione
2795 3101 2906 3159 non
2941 3103 3077 3142 unus
3106 3097 3225 3143 est:
3257 3087 3385 3144 dum
3409 3096 3465 3144 et
3498 3088 3604 3144 Pa—

2012 3185 2148 3232 trem
2191 3186 2527 3232 consummat
2566 3176 2760 3245 Filius,
2791 3187 2847 3234 et
2893 3178 3014 3235 Filii
3055 3197 3121 3236 ex
3163 3180 3325 3238 Patre
3351 3179 3606 3238 nativitas

1927 3283 1973 3347 ρ
2004 3277 2106 3324 est.
2135 3268 2250 3322 Non
2279 3269 2588 3325 demutatur
2608 3279 2788 3327 autem
2817 3289 2911 3344 per
2940 3273 3274 3333 nativitatem
3298 3286 3513 3344 natura,
3536 3290 3606 3332 ne

2004 3359 2298 3415 secundum
2329 3361 2738 3420 similitudinem
2777 3366 2993 3435 generis
3021 3365 3106 3423 sui
3137 3367 3324 3424 eadem
3367 3369 3457 3424 sit.
3489 3368 3599 3423 Ea-

2004 3450 2126 3508 dem
2151 3462 2328 3508 autetu
2354 3452 2425 3508 ita
2448 3463 2548 3519 est,
2569 3466 2628 3512 ut
2644 3471 2739 3526 per
2766 3457 3096 3515 nativitatem
3118 3469 3174 3517 et
3192 3461 3598 3533 generationem

2002 3555 2231 3617 uterque
2260 3549 2437 3616 potius
2460 3566 2620 3604 unum
2647 3550 2986 3608 conﬁtendus
3011 3554 3092 3620 sit.
3114 3569 3257 3619 esse,
3292 3569 3398 3611 non
3434 3570 3601 3611 unus.

2074 3639 2164 3695 52.
2196 3639 2466 3712 Epilogus.
2500 3641 2601 3708 Qui
2632 3640 2791 3697 Pater
2818 3653 2865 3696 et
2895 3640 3065 3698 Filius
3092 3643 3234 3700 Deus
3261 3662 3393 3706 unus
3419 3654 3469 3700 et
3495 3662 3600 3701 non

2003 3733 2180 3801 solus,
2225 3735 2437 3788 invicem
2475 3743 2614 3790 sunt.
2645 3765 2715 3777 —
2757 3738 2898 3791 Duos
2937 3738 3118 3808 itaque
3150 3739 3404 3808 pradicet
3430 3740 3599 3810 deos,

2005 3829 2095 3900 qui
2128 3837 2304 3900 potest
2328 3845 2491 3884 unum
2527 3830 2821 3900 praedicare
2848 3831 2965 3888 sine
2985 3849 3092 3888 uno
3117 3851 3130 3886 :
3157 3843 3249 3888 aut
3277 3834 3606 3905 singularem

1997 3920 2163 4008 Deum
2184 3921 2395 3988 doceat,
2413 3922 2502 3994 qui
2546 3922 2716 3994 possit
2736 3939 2933 3996 negare
2951 3933 3181 3984 etunum
3209 3927 3372 3999 202
3400 3927 3490 3984 uni
3511 3942 3610 4000 per

2084 4058 2164 4129 (3)
2188 4057 2586 4114 Connominabis
2614 4058 2756 4113 deos.

2008 4271 2219 4396 lttmline,
2248 4277 2425 4396 ettcur
2464 4271 2606 4328 hanc
2649 4271 2805 4327 nobis
2851 4270 3066 4342 eripere
3114 4274 3390 4334 notionem
3423 4273 3611 4335 Ariani

2011 4361 2098 4396 mn
2124 4354 2182 4396 Ill
2224 4359 2303 4396 sm
2339 4383 2352 4396 ο

2069 4350 2136 4396 uli
2168 4350 2179 4356 '
2235 4350 2264 4372 "
2309 4350 2352 4397 ι.

2011 4361 2061 4398 ιη
2081 4354 2325 4493 (brilan
2345 4430 2380 4493 e_
2392 4415 2654 4471 mss.Vat.
2671 4415 2808 4469 unde
2823 4432 2927 4493 non
2946 4433 3196 4473 recessum
3214 4427 3309 4493 est.
3336 4427 3609 4493 corrupte.

2082 4485 2154 4558 (c)
2187 4485 2406 4554 Excusi,
2466 4503 2528 4542 ea:
2572 4488 3002 4558 comparabilibus
3040 4506 3060 4544 :
3105 4491 3464 4549 emendantur
3497 4485 3612 4562 ὀρθ

2068 4574 2140 4611 SS.

2010 4573 2316 4704 ms(9ll)_AEr._,
2351 4628 2495 4699 Lips.
2521 4630 2737 4704 etPar.
2781 4647 2845 4686 ea:
2870 4632 3063 4686 vivente
3105 4633 3211 4689 Deo
3240 4634 3437 4690 Patre:
3464 4630 3610 4704 quod

301 4687 558 4764 Earini
575 4687 678 4760 una
719 4687 827 4774 [ace
854 4704 974 4758 alia:
1012 4704 1186 4757 mutue
1213 4687 1582 4775 accéndmiirr,
1619 4717 1709 4775 nec
1736 4710 1906 4754 tamen
1937 4687 1984 4746 Ι)
2013 4687 2118 4775 non
2141 4687 2474 4770 displiceret,
2499 4701 2600 4757 nisi
2627 4701 3032 4773 refragarentur
3052 4687 3392 4775 antiquiores
3407 4687 3612 4774 acilple-i

301 4781 474 4852 prima
501 4780 628 4849 facis
657 4773 752 4852 luat
777 4775 1093 4852 imminuitur
1124 4785 1328 4852 propter
1357 4775 1527 4840 plures
1557 4773 1676 4825 inde
1723 4787 1905 4825 accen-

300 4845 426 4906 sas:
451 4845 526 4905 sic
545 4852 701 4904 etiam
715 4846 930 4901 Verbum
960 4863 986 4899 e
1018 4845 1191 4899 Patris
1232 4845 1415 4898 virtute
1451 4858 1778 4913 progressum
1807 4858 1910 4894 non

301 4923 515 4991 reliquit
557 4921 851 4993 genitorgn
872 4917 1020 4993 Verbi
1061 4925 1337 4993 expert_e_n_t_.
1363 4912 1606 4993 Taliane“
1629 4912 1912 4993 praeiverat

300 4985 729 5050 Jusiinus'cunt.
762 4989 949 5054 Triph.
983 4985 1187 5042 docens
1233 4985 1428 5042 Filium
1473 4999 1538 5039 ex
1573 4985 1729 5039 Patre
1753 4985 1908 5053 geni-

302 5075 424 5120 tum
468 5081 568 5117 non
614 5080 705 5131 per
755 5059 1136 5121 abscissionem,
1189 5067 1445 5131 tamquam
1473 5055 1742 5131 dispertita
1783 5063 1910 5108 esset

305 5135 492 5190 Patris
518 5128 824 5195 substantia,
858 5143 1006 5202 prout
1031 5131 1136 5183 alia
1179 5133 1352 5182 omnia
1381 5128 1543 5202 divisa
1572 5140 1617 5182 et
1648 5139 1784 5202 secta
1809 5142 1910 5180 non

304 5207 492 5262 eadem
507 5217 646 5263 sunt.
671 5220 785 5276 qua;
811 5197 927 5276 ante
950 5207 1157 5276 {uerunt
1175 5217 1326 5276 quam
1347 5197 1911 5276 scinderentur.__Atque

303 5277 532 5346 exempli
553 5270 721 5348 gratia
740 5275 871 5348 illud
889 5272 1247 5348 sumpsilqu‘od
1275 5287 1338 5325 ea:
1358 5272 1473 5348 igne
1507 5287 1648 5348 ignes
1674 5270 1801 5322 alios
1820 5285 1910 5348 ac-

305 5341 491 5403 censos
511 5341 760 5408 videmus,
791 5345 882 5399 illo
906 5341 1037 5398 nihil
1062 5343 1336 5407 diminuta,
1362 5341 1452 5396 sed
1468 5344 1647 5394 eodem
1678 5347 1912 5394 inane/tte

303 5420 454 5474 unde
493 5420 640 5474 multi
686 5416 896 5472 accendi
931 5424 1144 5486 possunt
1187 5415 1349 5484 ignes.
1391 5413 1495 5486 Ubi
1532 5415 1730 5486 indicat
1769 5410 1912 5486 quod

305 5492 480 5561 lange
503 5501 626 5545 ante
658 5491 712 5561 in
753 5482 942 5544 eodeni
973 5486 1186 5561 dialogo
1209 5482 1558 5561 praemiserat
1578 5484 1661 5536 his
1692 5482 1871 5561 verbis
1897 5498 1910 5534 :

311 5553 768 5630 QuEmadmodum
792 5561 845 5612 in
868 5561 984 5629 igne
1012 5553 1240 5610 videmus
1265 5557 1423 5609 alium
1446 5555 1580 5624 ﬁeri,
1608 5570 1710 5630 non
1741 5553 1912 5630 decre-

307 5623 592 5688 Renteillo
612 5632 748 5685 unde
772 5623 912 5701 facta
933 5639 1006 5682 est
1027 5630 1237 5701 alterius
1261 5623 1514 5701 accensio,
1545 5623 1634 5679 sed
1661 5624 1712 5701 in
1738 5624 1914 5701 eodem

302 5712 460 5760 statu
486 5695 849 5774 permanente;
873 5709 926 5774 et
942 5701 1028 5774 qui
1059 5715 1121 5753 ea:
1146 5700 1272 5774 ipso
1287 5696 1607 5774 accenditur,
1635 5695 1787 5748 etiam
1809 5695 1915 5765 ipse

303 5768 686 5845 esseapparet,
731 5768 1170 5845 nouimminuens
1212 5768 1531 5845 illurn_unde
1556 5775 1914 5845 estaccensus.

312 5846 462 5907 Hinc
481 5836 642 5920 patet
666 5836 762 5903 cur
786 5843 954 5900 Filius
991 5858 1021 5898 a
1049 5839 1329 5898 catholicis
1358 5840 1529 5896 dictus
1554 5838 1624 5896 sit
1654 5837 1823 5894 lumen
1860 5836 1923 5892 de

2015 4772 2170 4842 rique
2191 4787 2338 4842 ﬁmss.

2087 4840 2158 4915 (ε)
2188 4841 2260 4895 lta
2294 4841 2531 4916 optimus
2558 4841 2728 4898 codex
2757 4842 2911 4900 Colb.
2946 4860 3068 4901 cum
3099 4845 3284 4901 Germ.
3318 4845 3424 4902 Alii
3453 4859 3608 4916 vero,

2015 4913 2204 4966 natura
2228 4913 2306 4967 vel
2333 4913 2573 4967 exterior.

2089 4981 2165 5058 (Γ)
2202 4981 2296 5038 Vel
2326 4995 2394 5058 ut
2416 4983 2701 5038 Faustinus
2752 5000 2897 5058 saepe
2938 4984 3048 5055 jam
3098 4985 3348 5044 laudatus
3395 4995 3616 5044 enarrat

2016 5070 2065 5110 c.
2130 5097 2145 5122 ,
2189 5071 2290 5132 non
2322 5056 2494 5125 utique
2518 5072 2606 5120 per
2631 5056 2906 5132 quamdam
2928 5060 3181 5132 passivam
3212 5062 3562 5132 confusionem
3592 5074 3614 5116 :

2013 5127 2102 5180 sed
2135 5127 2254 5196 quia
2281 5143 2588 5212 consequens
2616 5138 2688 5181 est
2724 5139 2779 5212 ut
2797 5128 3085 5212 filii-Pater
3113 5127 3363 5212 esti-illic
3381 5148 3496 5212 esse
3519 5147 3611 5212 £0-

2017 5208 2291 5267 gnoscatur
2317 5207 2362 5252 et
2400 5197 2606 5262 Filius;
2648 5207 2695 5252 et
2723 5200 2808 5254 ubi
2843 5197 3009 5256 Filius
3044 5212 3153 5269 est,
3184 5203 3298 5258 illic
3326 5204 3479 5258 etiam
3509 5200 3618 5256 Pa-

2017 5279 2144 5323 trem
2171 5279 2368 5324 exstare
2397 5285 2692 5324 εοαηοδεαε.

2093 5339 2174 5410 (g)
2210 5342 2262 5394 lu
2296 5355 2396 5394 ms.
2429 5339 2584 5395 Mart.
2617 5343 3069 5398 connumerabiles.
3090 5343 3150 5399 In
3170 5345 3404 5412 caeteris,
3437 5360 3620 5400 canno-

2018 5412 2240 5465 minabis
2281 5413 2366 5467 vel
2401 5413 2814 5483 rcognominabis.
2861 5415 3179 5469 Retinemus
3223 5417 3618 5472 connumerabis

2020 5492 2240 5553 propter
2281 5482 2412 5537 illud
2454 5482 2602 5538 num.
2655 5484 2741 5551 15,
2790 5483 2912 5540 Non
2952 5487 3082 5540 duos
3124 5486 3244 5541 deos
3283 5495 3621 5543 connumerat

2021 5568 2205 5607 nomen
2232 5571 2412 5608 unum.

2098 5620 2181 5694 (Ιι)
2222 5623 2298 5700 l‘ta
2342 5624 2864 5700 Hieronymusdial.
2910 5637 3058 5682 cont.
3101 5628 3276 5700 Lucil.
3319 5630 3480 5688 docet
3527 5629 3628 5700 ﬁlii

2024 5710 2210 5750 nomen
2233 5696 2286 5750 in
2313 5705 2480 5768 patre,
2513 5696 2560 5750 et
2589 5697 2750 5768 patris
2771 5714 2953 5752 nomen
2982 5699 3037 5754 in
3057 5699 3171 5768 filio
3197 5717 3302 5756 esse
3323 5721 3342 5756 :
3374 5696 3626 5758 nimirum

2026 5768 2150 5847 quia
2178 5781 2338 5847 pater
2366 5766 2597 5836 cogitari
2617 5769 2837 5841 nequit,
2868 5771 2997 5842 quin
3041 5766 3138 5829 lilii
3173 5774 3342 5831 etiam
3370 5773 3629 5847 cogitatio

2032 5837 2192 5895 simul
2220 5838 2560 5897 obversetur.
