4094 6180
511 335 615 392 231

1711 325 1958 385 SANCTI
1995 322 2248 385 HlLARll
2287 323 2595 386 EPISCOPI

3699 323 3818 382 252

511 465 640 514 tutte
666 475 680 513 :
710 454 806 513 sed
839 450 1097 525 numquid
1127 455 1183 507 ut
1209 447 1469 522 imagines
1497 461 1640 506 verte
1661 450 1806 519 sint,
1836 449 2107 520 cxmquari
2133 451 2189 512 Α
2212 449 2342 516 Qum
2373 448 2516 503 enim
2542 439 2824 516 ignorandi
2850 438 3069 498 Patrem
3097 444 3194 496 aut
3212 435 3534 496 ostendendi
3558 435 3814 510 ignoran-

509 559 734 622 possunt
761 549 996 604 inanima
1027 545 1456 609 viventibus,'et
1483 543 1568 599 vel
1605 544 1746 614 picta
1783 543 1869 598 vel
1899 543 2105 613 sculpta

514 645 599 700 vel
640 643 755 697 fusa
802 638 1036 696 nativis?
1075 637 1240 693 Filius
1267 649 1444 693 autem
1473 636 1619 692 Patri
1661 651 1766 690 non
1810 635 2103 709 secundum

511 733 629 791 haec
658 735 873 806 (horum
899 731 966 787 ad
1009 732 1201 801 instar)
1232 729 1410 801 imago
1452 739 1574 786 est:
1615 728 1740 800 quia
1767 715 1998 783 viventis
2028 725 2107 780 vi-

507 841 640 882 vens
673 825 851 896 imago
879 833 996 891 est,
1027 832 1084 880 et
1123 838 1192 879 cx
1220 837 1287 878 eo
1332 829 1491 878 natus
1539 836 1646 877 non
1694 811 1858 876 habet
1899 830 2107 874 natura:

507 918 876 975 diversitatem
897 959 912 985 ,
938 924 994 973 et
1023 916 1078 972 in
1109 915 1256 972 nullo
1283 915 1530 972 diversus
1569 923 1718 970 tenet
1755 923 1960 970 naturae
1990 915 2106 984 ejus

511 1011 589 1084 (a)
619 1027 682 1068 cx
717 1026 821 1083 qua
861 1024 968 1066 non
1008 1009 1257 1066 diversus
1291 1018 1376 1065 est
1412 1016 1756 1080 potestatem.
1785 1005 1940 1075 Quod
1978 1021 2107 1078 ergo

508 1102 687 1175 imago
731 1112 845 1171 est,
887 1117 952 1159 eo
1000 1101 1241 1174 proﬁcit,
1274 1111 1332 1157 ut
1377 1101 1593 1159 Patrem
1636 1101 1805 1157 Deum
1849 1100 2107 1173 unigeniti

512 1194 610 1252 Dei
646 1194 915 1266 signiﬁcet
948 1194 1227 1260 nativitas;
1269 1193 1539 1266 signiﬁcet
1576 1203 1756 1249 autem
1779 1235 1794 1259 ,
1837 1202 1897 1249 ut
1936 1195 2107 1249 forma

508 1286 585 1361 (b)
615 1288 728 1359 ipse
750 1297 804 1344 et
845 1289 1022 1359 imago
1053 1287 1342 1344 invisibilis
1362 1287 1458 1343 Dei
1485 1305 1500 1344 :
1531 1297 1586 1344 et
1625 1303 1721 1359 per
1751 1288 1854 1344 hoc
1882 1285 1966 1362 (l)
1997 1302 2110 1343 non

508 1383 709 1438 amittit
735 1392 938 1439 naturis
960 1382 1124 1455 206
1150 1382 1352 1439 unitam
1383 1381 1786 1438 similitudinem
1807 1423 1823 1450 ,
1856 1381 1982 1453 quia
2006 1394 2107 1436 nec

508 1487 690 1534 careat.
725 1479 921 1534 virtute
951 1485 1177 1532 natum.

585 1571 675 1628 58.
721 1571 816 1628 Dei
842 1572 1006 1626 verbis
1049 1587 1141 1626 nec
1183 1568 1326 1626 Deus
1348 1570 1650 1642 singularis,
1680 1586 1769 1626 nec
1808 1569 1986 1642 dispar
2014 1567 2109 1624 Fi-

2209 545 2352 599 tibus
2401 540 2696 598 necessitas
2747 536 3187 609 relinquebatur,
3235 547 3358 590 cum
3389 531 3549 587 Pater
3590 531 3644 586 in
3673 530 3815 587 Filio

2209 637 2358 690 visus
2385 633 2569 691 esset?

2281 726 2370 784 59.
2415 725 2574 782 Pater
2595 725 2650 780 in
2673 720 2816 780 Filio
2838 722 2978 778 visus
3005 736 3070 777 ex
3091 718 3405 792 proprietate
3429 723 3651 772 natura.
3679 712 3817 770 Con-

2211 831 2290 877 tra
2318 820 2624 877 Sabellium.
2653 817 2846 873 Contra
2874 815 3073 870 Arium.
3107 813 3206 879 Qui
3226 812 3279 866 in
3321 826 3375 866 se
3400 809 3615 865 invicem
3658 805 3819 862 Pater

2209 925 2256 970 et
2287 913 2476 969 Filius.
2499 941 2573 954 -—
2600 911 2763 967 Visus
2784 917 2961 964 autem
2983 906 3121 963 adeo
3142 912 3228 961 est
3253 919 3321 961 ex
3351 902 3686 974 proprietate
3716 915 3817 956 na-

2210 1017 2347 1064 tura:
2367 1048 2382 1073 ,
2411 1006 2539 1062 dum
2569 1021 2638 1061 cx
2667 1001 3024 1060 indiﬁ'erentia
3054 1008 3215 1071 atque
3243 1000 3296 1054 in
3337 1012 3541 1070 genere
3568 995 3817 1051 veritatis

2210 1118 2377 1160 unum
2409 1107 2537 1157 sunt
2571 1108 2728 1155 natus
2755 1108 2810 1154 et
2843 1110 3139 1168 generans,
3173 1103 3234 1149 ut
3264 1093 3352 1149 hic
3389 1089 3606 1147 Domini
3630 1102 3817 1146 sermo

2210 1204 2570 1267 sequeretur:
2608 1191 2729 1247 Non
2769 1191 2974 1246 creditis
2996 1230 3010 1256 ,
3042 1187 3284 1256 quoniam
3325 1201 3417 1256 ego
3459 1183 3513 1237 in
3546 1180 3738 1247 Patre,
3768 1187 3817 1234 et

2209 1287 2371 1342 Pater
2398 1287 2453 1342 in
2481 1303 2560 1340 me
2583 1283 2773 1358 (lbid.,
2809 1281 2900 1356 10)
2918 1282 2940 1336 ?
2960 1277 3352 1350 Inseparabiles
3381 1289 3505 1333 csse
3536 1289 3632 1345 per
3657 1282 3819 1329 natu-

2209 1381 2378 1437 ralem
2417 1378 2827 1436 similitudinem
2863 1375 3077 1431 Patrem
3119 1381 3176 1429 et
3219 1370 3415 1426 Filium
3437 1411 3452 1436 ,
3487 1382 3594 1423 non
3619 1381 3816 1436 possu-

2209 1489 2332 1531 mus
2366 1473 2542 1530 verbis
2572 1473 2694 1528 aliis
2720 1470 2918 1526 docere
2938 1509 2952 1536 ,
2987 1467 3090 1523 nisi
3119 1463 3260 1522 Filii.
3285 1463 3402 1519 Non
3431 1460 3575 1518 enim
3604 1459 3693 1515 hic
3721 1472 3820 1530 per

2212 1568 2639 1626 demutationem
2669 1565 2949 1622 nominum
2974 1571 3136 1633 atque
3156 1558 3461 1632 specierum
3493 1553 3694 1620 Filius,
3725 1551 3816 1621 qui

508 1663 630 1719 lius.
656 1663 819 1719 -Ει
861 1662 988 1718 hinc
1033 1662 1162 1718 illud
1206 1671 1325 1728 est,
1372 1660 1540 1717 Tanto
1586 1671 1810 1732 tempore
1851 1662 2108 1716 vobiscum
2209 1663 2296 1719 via
2321 1671 2406 1718 est
2424 1662 2696 1718 etveritas
2725 1668 2780 1715 et
2804 1658 2942 1722 vita,
2971 1656 3154 1713 mimis
3182 1649 3535 1709 theatralibus
3555 1647 3731 1704 ludit:
3758 1653 3819 1701 ut

507 1771 655 1820 sum,
688 1764 738 1810 et
778 1770 878 1809 non
908 1754 1069 1809 nostis
1098 1769 1211 1819 me,
1251 1751 1534 1826 Philippe?
1558 1757 1648 1824 qui
1675 1754 1802 1809 vtdit
1836 1770 1915 1808 me
1937 1795 1951 1820 ,
1983 1753 2109 1808 vidit
2212 1755 2265 1810 in
2289 1761 2565 1824 assumpto
2597 1752 2816 1807 homine
2835 1747 2994 1822 207
3024 1763 3083 1803 se
3113 1746 3280 1801 filium
3302 1743 3400 1799 Dei
3425 1747 3701 1809 nuncupet
3724 1779 3739 1805 ,
3761 1736 3819 1793 in

509 1856 559 1901 et
589 1845 819 1901 Patrem.
855 1845 1125 1914 Quomodo
1154 1855 1208 1900 tu
1234 1845 1383 1914 dicis,
1417 1844 1640 1900 Ostende
1683 1845 1827 1900 nobis
1862 1845 2114 1900 Patrem?
2142 1849 2191 1912 B
2219 1857 2410 1903 natura
2443 1860 2572 1901 vero
2600 1845 2765 1900 Deum
2797 1853 3042 1914 patrem,
3088 1847 3144 1896 et
3181 1852 3324 1894 unus
3350 1851 3414 1892 ac
3449 1835 3599 1892 solus
3625 1845 3820 1903 perso-

514 1939 638 1995 Non
669 1938 746 2013 (e)
777 1940 985 1994 creditis
1008 1939 1134 1994 mihi
1160 1939 1402 2010 quoniam
1430 1954 1521 2010 ego
1566 1935 1620 1992 in
1654 1937 1845 2004 Patre,
1879 1947 1927 1992 et
1958 1937 2117 1993 Pater

509 2036 564 2088 in
588 2048 670 2088 me
697 2041 771 2087 est
812 2030 995 2104 (Joan.
1028 2047 1125 2087 xiv
1147 2072 1162 2096 ,
1192 2030 1248 2097 9,
1302 2029 1430 2100 10)?
1485 2029 1602 2084 Non
1641 2029 1863 2085 relictus
1900 2037 1984 2085 est
2019 2029 2115 2085 lio-

511 2128 717 2184 minum
748 2127 980 2199 eloquiis
1002 2126 1068 2182 de
1095 2125 1191 2182 Dei
1229 2125 1392 2181 rebus
1431 2125 1569 2180 alius
1595 2135 1792 2196 praeter
1818 2138 1977 2194 quam
2017 2121 2116 2179 Dei

451 2238 456 2249 ε
516 2233 736 2275 sermo:
765 2217 945 2274 omnia
965 2215 1172 2288 reliqua
1195 2226 1248 2272 et
1281 2224 1394 2271 arta
1422 2225 1474 2270 et
1500 2216 1750 2272 conclusa
1778 2225 1834 2271 et
1858 2213 2114 2286 impedita

514 2319 717 2366 suntet
739 2309 990 2365 obscura.
1017 2306 1073 2365 Si
1097 2308 1216 2378 quis
1241 2307 1363 2363 aliis
1383 2307 1562 2363 verbis
1586 2307 1959 2362 demonstrare
1987 2304 2111 2373 hoc,

511 2417 672 2474 quam
706 2402 899 2474 quibus
924 2416 953 2455 a
987 2401 1096 2456 Deo
1126 2400 1327 2456 dictum
1369 2409 1487 2469 est,
1517 2401 1691 2468 volet;
1719 2411 1810 2455 aut
1849 2401 1966 2471 ipse
2007 2414 2112 2455 non

510 2493 794 2566 intelligit,
820 2503 913 2551 aut
938 2493 1242 2564 legentibus
1263 2509 1367 2549 non
1396 2492 1799 2563 intelligendum
1836 2492 2111 2562 relinquit.

491 2588 771 2646 Dominus
794 2588 964 2655 dixit,
985 2603 1109 2644 cum
1137 2596 1421 2659 rogaretur
1440 2595 1500 2642 ut
1521 2586 1837 2643 ostenderet
1864 2586 2077 2642 Patrem
2095 2627 2111 2655 ,

513 2680 616 2747 Qui
636 2682 852 2737 mevidit
869 2723 884 2749 ,
908 2681 1033 2735 vidit
1051 2689 1098 2735 et
1120 2679 1354 2736 Patrem.
1382 2680 1494 2736 Hoc
1512 2680 1791 2737 demutare
1811 2679 2113 2736 antichristi

509 2783 594 2828 est
611 2815 628 2842 ,
655 2773 760 2831 hoc
787 2789 986 2846 negare
1011 2773 1182 2830 Judaei
1210 2783 1295 2831 est
1316 2815 1330 2840 ,
1364 2773 1468 2830 hoc
1510 2775 1724 2832 nescire
1765 2774 1982 2847 gentilis
2008 2782 2111 2831 est.

507 2865 615 2924 Sed
644 2868 780 2925 forte
819 2868 1190 2939 intelligentia:
1211 2882 1407 2923 sensus
1441 2867 1494 2922 in
1522 2867 1752 2923 crimine
1793 2868 1882 2922 sit.
1916 2867 1996 2939 (ά)
2029 2865 2112 2922 Sit

511 2960 566 3016 in
597 2961 702 3015 ﬁde
728 2969 910 3016 nostra
932 2961 1120 3015 vitium
1139 3001 1154 3026 ,
1182 2961 1227 3016 si
1256 2961 1309 3015 in
1335 2959 1494 3016 dictis
1524 2959 1618 3016 Dei
1644 2959 1844 3017 resedit
1871 2959 2115 3016 obscuri-

510 3060 613 3108 tas.
648 3051 781 3108 Nam
811 3068 910 3109 nec
937 3051 1238 3109 solitarium
1271 3067 1452 3109 sermo
1480 3053 1780 3123 signiﬁcat,
1815 3061 1870 3108 et
1900 3051 2113 3108 indiﬁ‘e-

510 3156 721 3203 rentcm
747 3155 924 3201 tamen
953 3155 1196 3200 naturam
1238 3144 1506 3216 professio
1534 3143 1715 3202 docet.
1749 3143 1934 3225 Visum
1963 3144 2109 3198 enim

2220 1941 2330 1996 nali
2358 1938 2726 1995 demutatione
2752 1951 2810 1993 se
2838 1951 2979 1991 nunc
3009 1935 3063 1991 in
3101 1934 3208 1988 alio
3229 1931 3543 1988 mentiatur.
3570 1927 3689 1983 Non
3716 1925 3822 1981 ita-

2218 2048 2324 2104 que
2355 2033 2470 2102 ipse
2498 2031 2769 2087 solitarius
2789 2074 2802 2099 ,
2840 2043 2984 2085 nunc
3012 2026 3114 2084 sibi
3140 2026 3282 2082 ﬁlius
3308 2033 3422 2091 est,
3456 2037 3600 2080 nunc
3626 2036 3687 2077 se
3714 2019 3824 2076 sibi

2218 2127 2506 2200 proﬁtetur
2536 2127 2589 2182 in
2624 2134 2865 2199 patrem,
2894 2133 2950 2180 et
2993 2131 3201 2178 natura:
3237 2121 3457 2176 nomina
3495 2117 3661 2174 infert
3694 2130 3823 2173 ces-

2217 2232 2372 2279 sante
2419 2231 2630 2277 natura.
2680 2219 2800 2274 Alia
2852 2217 2939 2273 hic
2987 2217 3276 2272 verborum
3322 2210 3642 2284 simplicitas
3688 2218 3822 2267 est:

2218 2331 2341 2372 nam
2369 2325 2423 2372 et
2464 2315 2628 2371 Pater
2658 2322 2811 2384 pater
2839 2321 2954 2379 est,
2999 2321 3054 2367 et
3092 2311 3263 2366 Filius
3293 2308 3435 2364 ﬁlius
3474 2316 3579 2362 est.
3625 2303 3733 2362 Sed
3762 2303 3822 2358 in

2218 2406 2304 2462 his
2346 2407 2654 2462 nominibus
2679 2420 2742 2461 ac
2768 2405 2929 2460 rebus
2971 2403 3104 2459 nihil
3137 2400 3207 2475 (ι’)
3232 2401 3286 2458 in
3319 2416 3380 2455 se
3416 2413 3649 2466 novum,
3681 2394 3826 2452 nihil

2223 2498 2494 2556 diversum
2517 2538 2534 2566 ,
2569 2497 2812 2567 nihilque
2851 2496 3189 2567 peregrinum
3220 2502 3322 2550 est.
3352 2492 3526 2548 Tenet
3551 2487 3696 2546 enim
3725 2503 3830 2544 na-

2219 2599 2350 2648 tura:
2379 2591 2577 2647 veritas
2607 2590 3024 2660 proprietatem;
3054 2595 3113 2643 ut
3139 2584 3281 2657 quod
3303 2600 3369 2641 ex
3396 2584 3502 2639 Deo
3527 2590 3613 2638 est
3631 2621 3646 2646 .
3675 2580 3827 2635 Deus

2217 2687 2309 2754 sit,
2335 2695 2389 2742 et
2415 2700 2515 2742 nec
2546 2683 2624 2756 (g)
2654 2683 2949 2741 deminutio
2979 2681 3049 2738 sit
3074 2681 3344 2746 nativitas,
3366 2691 3466 2733 nec
3491 2671 3781 2732 diversitas
3808 2691 3825 2730 :

2217 2780 2344 2836 dum
2367 2779 2603 2835 etFilius
2626 2793 2730 2832 non
2755 2778 2806 2833 in
2835 2785 3077 2832 naturam
3104 2783 3382 2832 externam
3408 2785 3472 2826 ac
3496 2767 3828 2826 dissimilem

2223 2872 2361 2944 patri
2395 2873 2506 2927 Deo
2546 2870 2820 2937 subsistit,
2848 2884 2951 2924 nec
2994 2868 3153 2923 Pater
3178 2866 3412 2921 alienum
3439 2861 3566 2932 quid
3594 2861 3666 2915 sit
3702 2874 3733 2914 a
3759 2873 3828 2915 se

2220 2962 2300 3036 (It)
2350 2962 2614 3019 nativitati
2651 2961 2923 3033 Unigeniti
2951 2960 3260 3032 acquirens,
3287 2957 3383 3014 sed
3427 2955 3680 3010 universa
3722 2967 3827 3023 po-

2217 3055 2322 3112 tius
2346 3072 2466 3126 qua:
2504 3071 2598 3111 sua
2638 3064 2765 3111 sunt
2791 3055 2908 3110 sine
2936 3053 3133 3110 damno
3168 3050 3530 3123 impertientis
3571 3046 3824 3103 indulsit.

2214 3151 2394 3221 Atque
2435 3151 2505 3205 ita
2547 3164 2647 3206 nec
2687 3156 2875 3204 natura
2921 3149 3015 3203 Dei
3055 3155 3244 3213 caret,
3277 3147 3405 3203 dum
3447 3160 3555 3200 non
3595 3141 3827 3200 aliunde

515 3238 595 3310 (2)
620 3239 672 3293 in
705 3237 844 3293 Filio
865 3237 940 3310 (e)
963 3247 1017 3294 et
1037 3237 1283 3303 Patrem,
1315 3251 1418 3292 nec
1441 3237 1730 3308 singularis
1751 3244 1933 3308 potest
1954 3250 2105 3302 esse,
2136 3250 2182 3314 ρ
2215 3257 2377 3313 quam
2401 3257 2469 3298 ex
2497 3242 2606 3297 Deo
2636 3241 2776 3298 Deus
2802 3248 2914 3307 est;
2947 3254 3050 3296 nec
3089 3254 3122 3293 a
3165 3240 3275 3294 Deo
3304 3237 3514 3304 differt,
3546 3234 3674 3292 dum
3707 3249 3826 3291 non

510 3344 614 3386 nec
653 3329 923 3401 disparis:
955 3330 1079 3399 quia
1112 3344 1207 3399 per
1253 3328 1398 3384 hunc
1439 3329 1534 3385 ille
1573 3330 1755 3395 visus,
1789 3343 1965 3400 neque
2003 3343 2110 3384 non

511 3438 676 3479 unum
707 3432 832 3479 sunt
865 3423 921 3478 in
960 3424 1280 3478 sacramenti
1321 3422 1664 3494 professione
1685 3465 1700 3491 ,
1731 3439 1906 3495 neque
1949 3437 2107 3478 unus.

513 3517 580 3575 Et
609 3531 793 3589 qner
816 3517 943 3588 quid
971 3516 1306 3586 signiﬁcasse
1332 3517 1386 3572 in
1415 3531 1481 3573 eo
1526 3516 1787 3573 Dominus
1825 3515 2109 3583 credatur‘,

511 3624 633 3667 cum
666 3609 826 3665 dicit:
861 3609 964 3675 Qui
993 3625 1072 3664 me
1099 3608 1263 3676 vidit,
1294 3609 1419 3664 vidit
1449 3615 1496 3664 ct
1524 3606 1778 3664 Patrem?
1809 3607 1924 3663 Non
1956 3617 2111 3663 tenes

509 3704 793 3772 unionem,
827 3701 920 3759 ubi
960 3718 1055 3774 per
1093 3702 1529 3773 coniunctionem
1559 3701 1732 3773 ipsam
1772 3703 1982 3775 paterni
2015 3716 2112 3759 no-

514 3796 677 3853 minis
732 3796 1066 3868 signiﬁcatur
1108 3795 1365 3866 adiectio.
1409 3794 1547 3850 Cum
1610 3795 1754 3851 enim
1799 3793 2028 3862 dicitur,
2062 3802 2112 3848 et

509 3888 752 3958 Patrem,
775 3888 994 3946 exclusa
1023 3897 1107 3945 est
1126 3886 1418 3960 singularis
1445 3899 1608 3959 atque
1632 3887 1776 3944 unici
1805 3887 2108 3960 intelligen-

510 3981 604 4036 tia.
638 3981 705 4037 Et
732 3979 860 4053 quid
887 3979 1153 4053 reliquum
1182 3987 1296 4048 est,
1328 3980 1430 4036 nisi
1465 3989 1522 4035 ut
1547 3995 1645 4050 per
1673 3990 1880 4036 natura:
1902 3981 2106 4036 unitam

509 4073 914 4132 similitudinem
947 4073 1108 4130 Pater
1133 4089 1230 4146 per
1257 4073 1455 4130 Filium
1486 4074 1636 4130 visus
1662 4071 1770 4128 sit?
1801 4074 1867 4130 Et
1901 4088 1970 4129 ne
2005 4075 2109 4130 hoc

510 4166 773 4224 incertum
826 4166 982 4225 nobis
1031 4166 1100 4223 ad
1153 4166 1312 4223 ﬁdem
1363 4167 1799 4237 relinqueretur;
1850 4165 2110 4222 Dominus

512 4261 780 4332 subjecit:
814 4259 1081 4326 Quomodo
1127 4269 1183 4314 tu
1219 4258 1369 4328 dicis,
1417 4259 1638 4315 Ostende
1680 4258 1827 4314 nobis
1855 4257 2109 4316 Patrem?

587 4422 672 4493 (1)
713 4419 837 4476 Non
879 4417 1096 4475 omittat.
1128 4415 1300 4474 Paulo
1337 4424 1500 4488 post,
1535 4433 1627 4474 nec
1666 4425 1839 4472 careat
1875 4418 2110 4476 virtutem

516 4505 735 4549 natum.

2217 3333 2362 3390 aliud
2396 3335 2510 3404 ipse
2537 3350 2695 3404 quam
2729 3334 2870 3390 Deus
2897 3342 2981 3390 est
3010 3351 3024 3388 :
3054 3332 3176 3404 quia
3209 3339 3264 3388 et
3288 3330 3540 3386 nativitas
3568 3328 3663 3384 Dei
3685 3341 3826 3383 con-

2216 3427 2357 3484 sistit
2377 3428 2430 3483 in
2455 3428 2590 3484 Filio
2610 3469 2625 3494 ,
2655 3443 2753 3485 nec
2775 3444 2872 3500 per
2896 3427 3226 3484 nativitatem
3251 3425 3346 3481 Dei
3379 3423 3562 3480 amisit
3586 3423 3650 3496 (i)
3671 3438 3740 3479 ex
3756 3437 3823 3478 se

2215 3519 2314 3577 Dei
2358 3520 2713 3594 naturaquod
2755 3521 2900 3578 Deus
2929 3529 3032 3576 est.
3072 3519 3230 3576 Pater
3258 3518 3421 3590 igitur
3449 3518 3502 3573 in
3532 3515 3670 3572 Filio
3697 3525 3823 3585 est,

2215 3621 2270 3668 et
2297 3613 2464 3668 Filius
2506 3613 2558 3668 in
2589 3613 2780 3681 Patre,
2819 3613 2961 3669 Deus
2987 3613 3040 3668 in
3071 3612 3223 3668 Deo:
3259 3626 3367 3667 non
3407 3625 3504 3682 per
3544 3605 3825 3680 duplicem

2215 3708 2648 3764 convenientium
2687 3722 2942 3779 generum
2985 3705 3458 3778 coniunctionem,
3503 3718 3681 3774 neque
3720 3718 3827 3773 per

2217 3798 2488 3855 insitivam
2528 3801 2841 3871 capacioris
2869 3799 3181 3856 substantia:
3226 3807 3502 3863 naturam;
3551 3796 3674 3868 quia
3717 3810 3826 3868 per

2217 3891 2556 3962 corporalem
2581 3893 2960 3949 necessitatem
2981 3934 2995 3958 ,
3038 3891 3310 3948 exteriora
3340 3889 3456 3946 ﬁeri
3499 3887 3583 3944 his
3621 3886 3824 3959 quibus

2218 3985 2564 4039 continentur
2589 3983 2846 4039 interiora
2887 3997 2992 4039 non
3022 3993 3247 4054 possunt
3272 3998 3286 4036 :
3308 3981 3404 4038 sed
3430 3995 3529 4052 per
3565 3977 3823 4036 nativita-

2220 4085 2326 4133 tem
2349 4077 2582 4133 viventis
2599 4092 2665 4133 ex
2689 4076 2908 4133 vivente
2935 4086 3169 4140 naturae;
3193 4074 3318 4130 dum
3349 4089 3438 4130 res
3464 4087 3569 4129 non
3593 4069 3782 4128 differt
3800 4113 3820 4141 ,

2219 4169 2344 4225 dum
2378 4179 2620 4226 naturam
2653 4169 2747 4225 Dei
2777 4184 2885 4224 non
2917 4168 3208 4238 degenerat
3231 4166 3516 4233 nativitas,
3547 4165 3672 4220 dum
3704 4179 3824 4222 non

2216 4263 2362 4320 aliud
2389 4264 2591 4336 aliquid
2631 4279 2788 4336 quam
2826 4264 2882 4320 in
2923 4262 3092 4320 Deum
3118 4276 3184 4318 ex
3229 4261 3341 4319 Deo
3370 4257 3818 4330 Deus‘nascitur,

2289 4422 2366 4496 (2)
2409 4423 2478 4478 In
2500 4421 2642 4482 Filio
2671 4424 2901 4482 Patrem.

591 4608 666 4684 (a)
707 4605 910 4684 Par.in
933 4603 1271 4684 qua.__Melius
1299 4605 1389 4660 alii
1419 4603 1573 4671 libri,
1605 4618 1669 4660 ea:
1692 4619 1824 4676 qua,
1855 4604 1971 4660 scil.
2001 4613 2074 4660 est
2093 4648 2108 4674 ,
2137 4607 2193 4670 D
2217 4609 2683 4684 musauctoritate
2710 4623 2840 4684 mss.
2874 4608 3127 4684 Proxime
3155 4618 3281 4667 ante
3309 4607 3471 4668 Corb.
3496 4609 3695 4676 codex,
3722 4610 3821 4667 sed

515 4679 612 4742 seu
638 4679 882 4737 subsistit
907 4693 1012 4732 non
1033 4679 1279 4732 diversus.

591 4752 667 4826 (b)
704 4751 860 4826 Apud
899 4749 1064 4826 Lips;
1081 4748 1293 4826 etPar.
1327 4748 1668 4826 desideratur
1701 4760 1804 4803 vox
1834 4747 1946 4819 ipse
1964 4790 1989 4826 ,_
2009 4764 2105 4819 pro

515 4819 620 4896 qua
647 4819 982 4896 apttd_Bad.,
1021 4821 1120 4896 _Er.
1149 4829 1204 4875 et.
1247 4820 1300 4874 in
1323 4819 1534 4896 duobus
1577 4833 1710 4873 mss.
1751 4829 1935 4896 exstat
1970 4821 2104 4896 ipsa.

515 4890 640 4954 Mox
667 4890 719 4950 in
743 4894 902 4950 editis
928 4893 1126 4946 amittat
1151 4933 1166 4957 ,
1199 4907 1304 4944 non
1338 4899 1396 4946 nt
1426 4894 1478 4946 in
1506 4905 1637 4946 mss.
1662 4890 1868 4945 amittit.
1903 4891 2110 4947 Deinde

517 4983 616 5040 pro
656 4977 853 5040 natura:
878 4965 1073 5040 unitam
1114 4963 1500 5040 similitudinem
1527 4962 1831 5040 ,_Er_asm_us
1857 4961 1924 5016 ad
1965 4979 2108 5040 mar-

555 5042 694 5094 inem
723 5035 1010 5103 adscripsit
1030 5045 1227 5089 nature
1255 5035 1492 5089 nativitas
1517 5033 1922 5099 similitudinem,
1946 5035 2106 5089 male.

555 5055 694 5094 mem
723 5055 1010 5103 εαεονινδιι
1030 5055 1227 5089 natura:
1255 5055 1492 5089 nativitas
1517 5055 1922 5099 διηιιιιιιισιηεηι,
1946 5055 2105 5089 male.

514 5055 730 5167 ﬁnitam
772 5106 1156 5163 similitudinem
1186 5121 1304 5161 eam
1349 5105 1580 5160 Hilarius
1623 5113 1810 5166 vocat,
1841 5119 1961 5174 qua:
1986 5119 2105 5160 cum

517 5191 724 5237 naturae
754 5182 960 5234 unitate
989 5176 1272 5246 conjuncta
1316 5177 1404 5232 sit.
1439 5176 1573 5231 Vide
1618 5188 1880 5245 responsa
1914 5176 2106 5247 apolo-

515 5256 692 5324 getica
710 5251 784 5324 ad
813 5251 1004 5305 librum
1028 5247 1322 5324 de_Synod.

589 5324 662 5397 (ο)
701 5321 791 5380 Sic
817 5336 946 5397 mss.
971 5327 1026 5374 et
1049 5319 1204 5386 edit.,
1235 5334 1385 5375 num.
1417 5319 1522 5388 40,
1550 5321 1642 5392 qui
1672 5318 1759 5375 hic
1782 5325 1839 5375 et
1859 5334 2007 5376 num.
2037 5319 2106 5376 '59

518 5393 716 5450 habent
739 5435 753 5458 ,
781 5393 968 5448 credis.

587 5466 669 5539 (ά)
710 5465 870 5530 Editi,
899 5465 952 5519 in
974 5460 1184 5519 crimine
1209 5463 1296 5531 sit,
1328 5463 1373 5518 si
1402 5463 1456 5517 in
1483 5462 1586 5532 ﬁde
1609 5480 1627 5519 :
1649 5461 2008 5520 emendantur
2036 5476 2102 5518 ex

517 5552 649 5594 mss.

590 5610 664 5681 (e)
700 5608 1023 5679 Conjunctio
1043 5617 1101 5681 et
1122 5649 1138 5674 ,
1169 5622 1234 5681 es
1260 5621 1362 5680 qua
1393 5606 1630 5681 maxime
1667 5605 1980 5681 pendetvis
2017 5620 2106 5662 ar-

517 5678 758 5752 gumenti
808 5678 994 5736 contra
1031 5678 1397 5746 Sabellianos,
1443 5680 1495 5734 in
1527 5678 1756 5750 vulgatis
1787 5678 1987 5734 omissa
2014 5693 2105 5734 re-

514 5753 754 5811 stituitur
775 5765 844 5808 ex
873 5765 1005 5807 mss.

588 5821 658 5893 (Γ)
696 5821 832 5878 Illud
860 5821 916 5876 in
943 5837 1029 5890 se,
1059 5820 1204 5893 quod
1224 5819 1295 5879 ad
1324 5829 1570 5879 naturam
1607 5820 1838 5878 refertur
1858 5861 1874 5890 ,
1903 5819 2106 5893 adjeci-

2215 4681 2268 4733 in
2307 4679 2386 4734 Itis
2413 4681 2644 4735 omnibus
2671 4681 2820 4737 rebus
2844 4698 2862 4736 :
2893 4683 3052 4738 male.

2285 4751 2363 4822 (g)
2403 4751 2532 4806 Bad.
2565 4760 2619 4806 et
2661 4751 2757 4808 Er.
2789 4771 2881 4808 nec
2915 4755 3268 4808 diminutionis
3303 4755 3366 4809 sit
3408 4754 3678 4820 nativitas,
3719 4771 3820 4810 nec

2212 4821 2539 4895 diversitatis.
2580 4823 2726 4895 Lips.
2765 4837 2818 4881 et
2850 4826 2972 4881 Par.
3002 4843 3092 4880 nec
3129 4826 3407 4880 demutatio
3434 4826 3498 4880 sit
3535 4828 3814 4889 nativitas.

2213 4909 2303 4966 nec
2332 4894 2601 4966 diversitas
2625 4894 2933 4966 {castigant
2963 4913 3091 4952 mss.
3127 4897 3222 4952 His
3254 4898 3436 4952 verbis
3456 4896 3618 4952 Arius
3643 4897 3818 4952 refel-

2212 4964 2368 5030 litur,
2395 4967 2485 5030 qui
2511 4965 2780 5021 Christum
2807 4964 2898 5021 aut
2923 4968 3152 5023 diversae
3173 4969 3489 5022 substantia:
3507 5009 3521 5031 ,
3544 4977 3638 5022 aut
3659 4977 3818 5023 certe

2214 5034 2511 5160 givinitatis
2549 5037 2819 5163 ingerioris
2857 5048 2911 5095 et
2943 5040 3242 5095 imminutae
3283 5038 3629 5110 praedicabat.
3678 5038 3817 5095 Vide

2248 5122 2396 5163 uura.
2421 5123 2569 5162 num.
2646 5149 2656 5159 .

2215 5120 2396 5176 supra,
2421 5123 2569 5162 nam.
2603 5120 2656 5163 6.

2287 5177 2368 5254 (ξι)
2409 5177 2556 5234 Unus
2578 5179 2760 5254 codex
2787 5179 3130 5238 Colbertinus
3172 5199 3262 5254 per
3290 5182 3624 5239 nativitatem.
3656 5181 3818 5240 Alter

2209 5249 2442 5305 Sorbon.
2481 5250 2762 5304 nativitate.

2306 5321 2344 5398 ξ)
2385 5319 2530 5376 Edit.
2577 5321 2706 5376 Bad.
2735 5331 2790 5378 et
2820 5323 2911 5378 Er.
2943 5340 3053 5398 esse
3078 5324 3176 5381 Dei
3205 5336 3410 5384 natura.
3437 5324 3630 5382 Verius
3651 5324 3806 5398 Dips.

2209 5400 2265 5474 et
2295 5395 2423 5474 Par.
2449 5407 2571 5446 cum
2611 5407 2740 5474 mss.
2775 5411 2838 5450 ea:
2863 5411 2956 5451 se:
2985 5395 3238 5474 hu_c_est,
3267 5400 3427 5474 Pater
3470 5413 3622 5454 suam
3648 5395 3809 5474 _Filio

2212 5463 2528 5540 impertiens
2554 5472 2797 5540 naturam
2827 5481 2932 5540 non
2960 5469 3138 5540 amisit
3165 5463 3308 5540 quod
3335 5485 3401 5526 ex
3428 5483 3488 5524 se
3514 5479 3620 5524 est.
3648 5467 3814 5540 Pater

2213 5544 2274 5590 ιιι
2301 5535 2572 5606 ingenitus
2597 5546 2654 5591 et
2695 5539 2857 5593 tmius
2892 5538 3012 5594 fons
3047 5535 3341 5596 divinitatis
3366 5551 3452 5596 est
3476 5550 3665 5595 natura
3706 5536 3815 5592 Dei

2213 5622 2277 5662 ea:
2297 5622 2395 5682 se,
2413 5622 2573 5682 quam
2601 5623 2630 5682 a
2664 5608 2819 5682 Patre
2857 5611 3112 5682 obtinens
3148 5609 3318 5667 Filius
3361 5612 3465 5666 dici
3500 5621 3674 5682 potest
3711 5626 3818 5663 na-

2215 5688 2331 5733 tura
2352 5677 2450 5733 Det'
2476 5695 2539 5735 ea:
2561 5680 2684 5750 alio.
2712 5681 2826 5748 Qua
2857 5681 3106 5750 loquendi
3135 5684 3344 5738 ratione
3367 5677 3624 5739 habemus
3644 5696 3816 5750 supra

2214 5765 2364 5822 num.
2397 5750 2463 5806 17
2487 5768 2501 5804 :
2530 5749 2661 5822 _Cum
2684 5761 2868 5822 natura
2894 5749 2992 5806 Dei
3009 5754 3066 5808 in
3089 5765 3328 5811 naturam
3353 5751 3453 5810 Dei
3477 5749 3779 5811 substitisset
3795 5792 3814 5822 ,

2210 5821 2268 5878 id
2293 5829 2396 5887 est,
2427 5836 2492 5878 ea:
2521 5820 2678 5880 Patre
2697 5821 2869 5880 Filius
2894 5834 3048 5882 natus
3072 5837 3220 5884 esset.
