4094 6180
281 212 379 269 935

1469 214 1558 272 DE
1597 213 1965 274 TBINITATE
2002 216 2208 275 LIBER
2247 217 2385 279 VIII.

3466 228 3573 290 254

278 327 396 383 dum
438 324 567 383 nihil
607 327 661 384 in
707 325 793 383 his
836 338 1032 383 novum
1069 336 1155 384 est
1179 370 1194 394 ,
1226 328 1358 385 nihil
1404 330 1677 397 alienum,
1728 330 1860 387 nihil
1887 337 1939 396 Α
1965 350 2045 389 me
2086 335 2275 404 (Ibid,
2311 337 2421 406 Il).
2455 335 2595 405 Quid
2642 345 2725 394 est
2754 337 2918 406 istud,
2974 353 3135 413 rogo:
3167 341 3370 400 Credite
3406 348 3568 405 mihi?

276 421 597 491 separabile,
628 419 755 475 dum
784 419 836 474 in
865 420 1023 476 Patre
1048 431 1103 476 et
1141 420 1281 476 Filio
1308 423 1532 479 credere
1562 423 1696 479 deos
1723 423 1862 478 duos

278 514 490 585 impium
519 521 630 581 est,
655 513 783 569 dum
806 513 1022 569 Patrem
1039 523 1096 571 et
1119 514 1315 572 Filium
1339 517 1661 587 singularem
1694 518 1859 573 Deum

276 606 563 681 pradicare
606 608 928 679 sacrilegum
957 615 1075 676 est,
1103 608 1231 665 dum
1263 609 1429 666 Deum
1460 625 1529 665 ex
1571 611 1679 666 Deo
1717 608 1860 681 quod

275 702 324 759 in
342 699 692 759 similitudine
708 700 927 773 generis
946 717 1113 759 unum
1130 703 1239 760 sint
1260 718 1459 775 negare
1479 702 1859 776 blasphemum

272 804 367 853 est.

336 887 424 946 ω.
464 885 580 944 Nec
606 888 753 945 aliud
787 896 935 956 sunt,
966 905 1059 946 nec
1083 906 1217 946 unus
1238 906 1258 946 :
1288 890 1410 946 dum
1448 901 1496 947 et
1521 891 1745 963 loquitur
1767 889 1863 945 Fi-

273 984 397 1050 lius,
427 982 517 1039 sed
540 998 647 1038 non
684 1001 719 1038 a
757 1000 812 1039 se
833 1000 852 1038 :
881 985 1009 1039 dum
1041 983 1197 1041 Pater
1233 986 1375 1057 agit,
1408 984 1499 1041 sed
1532 1001 1624 1056 per
1666 984 1863 1039 Filium

274 1078 323 1133 in
343 1094 436 1148 quo
464 1087 513 1134 et
542 1086 768 1135 mneat.
792 1108 868 1120 —-
893 1078 976 1136 Ae
1003 1094 1072 1135 ne
1099 1079 1323 1135 dubium
1357 1080 1460 1135 hoc
1497 1088 1659 1151 atque
1686 1078 1861 1135 ambi-

269 1186 419 1243 guum
438 1181 840 1228 sacramentum
869 1172 1002 1230 ﬁdes
1023 1174 1335 1244 evangelica
1361 1176 1696 1243 susciperet,
1720 1175 1863 1230 hunc

270 1263 515 1320 doctrinae
543 1280 658 1320 suae
682 1266 944 1321 Dominus
974 1266 1217 1322 ordinem
1262 1266 1469 1321 tenuit:
1503 1264 1629 1321 Non
1654 1267 1863 1322 creditis

270 1356 418 1420 mihi,
465 1355 710 1425 quoniam
753 1372 849 1430 ego
894 1357 949 1411 in
1001 1356 1193 1425 Patre,
1229 1355 1311 1429 (I)
1358 1367 1409 1413 et
1437 1356 1597 1412 Pater
1644 1358 1700 1412 in
1746 1358 1864 1413 me?

279 1444 437 1503 Verba
474 1465 590 1520 quas
628 1465 720 1521 ego
761 1449 942 1521 loquor
971 1451 1141 1518 vobis,
1195 1467 1297 1506 non
1333 1468 1365 1504 a
1401 1467 1481 1506 me
1517 1451 1697 1522 loquor
1715 1465 1735 1516 ;
1773 1450 1863 1506 sed

270 1540 438 1610 Pater,
461 1543 550 1613 qui
574 1543 631 1597 in
651 1558 731 1597 me
750 1553 943 1608 manet,
969 1544 1078 1614 ipse
1099 1544 1221 1612 facit
1241 1560 1397 1613 Opera
1421 1561 1517 1599 sua
1538 1541 1717 1612 (Joan.
1744 1559 1860 1613 xw,

272 1636 374 1708 ID).
399 1637 631 1705 Quibus,
657 1652 812 1709 rogo,
854 1635 976 1693 aliis
1002 1639 1055 1692 in
1084 1637 1244 1694 Patre
1264 1650 1319 1694 ct
1347 1637 1489 1695 Filio
1514 1648 1720 1694 natura:
1738 1652 1865 1708 pro-

1965 424 2123 483 Certe
2148 428 2218 483 ad
2260 428 2310 483 id
2342 427 2578 485 refertur
2602 430 2743 501 quod
2775 430 2978 488 dictum
3010 442 3123 489 est:
3161 434 3385 492 Ostende
3424 441 3568 495 nobis

1965 516 2193 575 Patrem.
2247 519 2407 577 Fides
2449 521 2800 578 conﬁrmatur
2843 539 2911 580 ex
2950 526 3208 583 credendi
3257 544 3565 601 praecepto,

1963 625 2019 671 et
2061 630 2124 671 ea
2162 615 2297 671 ﬁdes
2327 616 2403 687 (b)
2430 632 2551 687 quae
2582 619 2794 675 Patrem
2826 620 2926 676 sibi
2953 622 3166 678 ostendi
3217 636 3562 695 poposcerat.

1962 706 2081 764 Non
2110 708 2253 765 enim
2300 707 2589 766 sullecerat
2625 711 2863 768 dixisse:
2897 713 2999 781 Qui
3039 728 3117 768 me
3160 715 3318 781 vidit,
3352 718 3477 772 vidit
3518 726 3568 773 et

1966 797 2211 867 Patrem,
2239 800 2343 856 nisi
2391 801 2800 873 intelligentiam
2840 813 3082 860 nostram
3114 820 3182 861 eo
3222 822 3391 879 usque
3431 823 3557 879 pro-

1965 892 2242 958 tenderet,
2271 901 2329 948 ut
2370 908 2492 950 cum
2520 894 2735 952 Patrem
2768 911 3117 954 noseeremus
3160 899 3213 954 in
3264 900 3442 969 Filio,
3471 901 3560 958 Fi-

1964 984 2094 1040 lium
2127 994 2305 1042 tamen
2349 1002 2471 1044 esse
2500 987 2936 1046 meminissemus
2977 991 3028 1046 in
3057 991 3252 1048 Patre:
3283 1008 3351 1049 ne
3379 1000 3564 1051 trans-

1964 1076 2105 1135 fusio
2132 1080 2308 1150 potius
2330 1080 2552 1138 alterius
2585 1082 2639 1136 in
2669 1081 2897 1138 alterum
2921 1084 3331 1142 existimaretur
3351 1128 3367 1155 ,
3399 1103 3561 1159 quam

1965 1185 2062 1241 per
2088 1174 2493 1242 generationem
2539 1174 2981 1246 nativitatemque
3023 1178 3201 1234 unitas
3232 1181 3475 1251 ejusdem
3508 1183 3559 1237 in

1964 1273 2192 1335 utroque
2222 1276 2448 1320 naturae.
2477 1265 2636 1321 Credi
2677 1267 2858 1337 itaque
2885 1269 2984 1325 sibi
3018 1270 3277 1327 Dominus
3306 1275 3450 1340 vult,
3495 1290 3563 1330 ne

1965 1355 2105 1412 forte
2127 1372 2221 1427 per
2240 1358 2406 1430 2m
2422 1362 2679 1429 assumpti
2698 1359 2933 1417 hominis
2958 1361 3411 1434 dispensationem
3440 1367 3562 1424 ﬁdei

1966 1451 2294 1505 conscientia
2339 1450 2693 1521 periclitetur.
2726 1453 2884 1513 Certe
2918 1454 2967 1509 si
2995 1455 3124 1525 quid
3155 1456 3347 1513 afferat
3387 1458 3563 1516 ambi-

1964 1542 2184 1612 guitatis
2210 1556 2368 1611 caro,
2400 1552 2455 1598 et
2475 1557 2707 1614 corpus,
2730 1553 2783 1600 et
2815 1546 3027 1615 passio:
3059 1547 3142 1602 vel
3165 1548 3420 1619 operibus
3445 1566 3569 1606 cre-

1965 1633 2158 1700 datur,
2204 1634 2372 1692 Deum
2415 1636 2468 1690 in
2500 1635 2611 1692 Deo
2641 1651 2797 1703 esse,
2827 1647 2882 1692 et
2932 1653 3003 1693 ex
3046 1640 3161 1694 Deo
3213 1641 3382 1697 Deum
3425 1658 3567 1711 esse,

268 1727 455 1799 prietes
512 1729 908 1797 demonstrari,
944 1744 1103 1800 quam
1137 1729 1221 1785 his
1271 1731 1402 1800 ipsis
1455 1730 1656 1799 verbis,
1692 1729 1862 1801 patuit
1891 1738 1939 1798 Β
1967 1742 2132 1783 unum
2172 1741 2267 1783 eos
2305 1742 2466 1787 esse:
2499 1728 2626 1784 dum
2673 1741 2878 1785 naturae
2918 1732 3116 1788 virtute
3155 1743 3381 1806 uterque
3421 1740 3474 1793 in
3504 1750 3568 1795 se

268 1831 317 1879 et
347 1830 545 1892 pateat,
578 1822 872 1878 nativitatis
902 1823 1158 1877 tamenin
1188 1823 1440 1878 euntibus
1470 1821 1863 1894 signiﬁcatione

269 1916 512 1986 prtelata?
540 1914 676 1971 Cum
709 1916 852 1971 enim
881 1916 1046 1988 208
1068 1916 1180 1971 ait:
1211 1915 1378 1971 Verba
1404 1932 1518 1987 qua:
1555 1934 1647 1990 ego
1687 1919 1865 1988 loquor

270 2007 418 2076 saltis,
440 2026 552 2065 non
573 2025 606 2062 a
632 2024 714 2063 mc
731 2008 945 2079 loquor;
975 2024 1083 2063 non
1112 2010 1315 2065 exemit
1345 2024 1629 2080 personam
1650 2051 1665 2076 ,
1691 2025 1866 2080 neque

272 2119 323 2160 se
346 2104 515 2160 ﬁlium
542 2104 873 2176 denegavit,
906 2119 1006 2159 nec
1031 2111 1278 2158 naturam
1312 2105 1366 2158 in
1396 2119 1455 2160 se
1487 2116 1727 2174 paternae
1753 2102 1865 2158 vir-

274 2199 383 2255 tutis
398 2198 712 2255 abscondit.
735 2196 870 2252 Nam
898 2197 1025 2253 dum
1047 2198 1283 2268 loquitur
1306 2198 1422 2268 ipse
1445 2198 1711 2270 (signatus
1743 2211 1869 2268 pro-

275 2292 475 2347 nomine
506 2294 662 2363 ego),
696 2290 747 2345 in
794 2289 1094 2345 substantia
1140 2304 1367 2345 manens
1417 2290 1697 2361 loquitur:
1738 2289 1867 2345 dum

277 2394 434 2442 autem
463 2400 582 2441 non
614 2385 683 2440 ab
708 2399 768 2441 se
805 2384 1073 2456 loquitur,
1105 2382 1448 2440 nativitatem
1491 2387 1544 2440 in
1580 2398 1640 2440 se
1669 2384 1763 2440 Dei
1800 2399 1869 2441 ex

278 2478 376 2536 Deo
410 2492 574 2551 patre
606 2486 849 2535 testatur.
884 2479 1006 2549 Ipse
1048 2479 1101 2533 in
1148 2478 1470 2550 separabilis
1504 2480 1574 2536 ab
1600 2494 1669 2537 eo
1707 2488 1870 2551 atque

279 2571 606 2629 indissimilis
634 2570 844 2627 unitate
874 2582 1122 2630 naturas:
1151 2571 1275 2643 quia
1306 2571 1552 2642 quamvis
1581 2573 1650 2629 ab
1692 2588 1759 2629 eo
1790 2574 1871 2630 lo-

282 2678 487 2739 quatur,
528 2668 652 2739 ipse
696 2676 876 2722 tamen
913 2666 1172 2737 loquitur.
1193 2665 1336 2722 Nam
1372 2666 1467 2737 qui
1493 2682 1600 2721 non
1643 2682 1673 2723 a
1704 2682 1764 2724 se
1793 2666 1873 2723 loc

282 2763 476 2833 quitur,
506 2773 568 2818 et
598 2771 781 2817 tamen
812 2760 1080 2832 loquitur,
1120 2774 1227 2816 non
1253 2770 1435 2830 potest
1466 2774 1573 2816 non
1597 2775 1718 2817 esse
1743 2761 1872 2816 dum

281 2853 540 2925 loquitur:
572 2864 627 2910 et
656 2852 784 2909 dum
832 2869 943 2908 non
990 2869 1021 2908 a
1061 2868 1122 2908 se
1173 2854 1446 2924 loquitur,
1488 2854 1729 2908 ostendit
1763 2868 1873 2908 non

282 2961 423 3003 suum
446 2954 662 3003 tantum
690 2960 812 3002 esse
840 2945 985 3016 quod
1012 2945 1268 3016 loquitur.
1294 2944 1533 3016 Subjecit
1560 2947 1704 3001 enim
1728 2964 1742 3001 :
1766 2945 1874 3002 Sed

287 3038 460 3109 Pater,
490 3041 587 3115 qui
613 3042 671 3096 in
702 3058 783 3096 me
805 3049 1011 3104 manet,
1038 3042 1150 3113 ipse
1173 3041 1295 3112 facit
1326 3057 1484 3112 opera
1508 3058 1625 3098 sua.
1654 3041 1876 3099 Manere

1963 1833 2041 1877 est
2064 1861 2081 1886 ,
2110 1832 2165 1877 et
2195 1831 2386 1878 neuter
2414 1824 2533 1879 sine
2569 1824 2745 1880 altero
2772 1835 2889 1880 est:
2921 1825 3046 1880 dum
3074 1836 3130 1882 et
3153 1827 3314 1884 Pater
3340 1830 3473 1889 nihil
3501 1848 3570 1889 ex

1963 1917 2076 1972 suis
2103 1915 2306 1971 amittit
2327 1915 2379 1970 in
2404 1914 2544 1972 Filio
2564 1959 2579 1984 ,
2612 1928 2667 1973 et
2696 1916 2867 1973 Filius
2898 1927 3068 1974 totum
3109 1925 3278 1977 sumit
3311 1939 3377 1978 ex
3407 1923 3569 1983 Patre

1964 2009 2108 2082 quod
2147 2008 2291 2064 [ilius
2319 2018 2422 2066 est.
2452 2009 2569 2065 Non
2600 2021 2683 2066 est
2711 2012 3074 2082 corporalium
3117 2023 3430 2072 naturarum
3470 2019 3569 2076 ista

1966 2101 2205 2158 conditio
2230 2142 2245 2167 ,
2275 2109 2335 2157 ut
2373 2101 2539 2157 insint
2569 2102 2668 2159 sibi
2701 2102 2965 2171 invicem,
3001 2118 3059 2160 ut
3103 2106 3446 2165 subsistentis
3476 2126 3574 2166 na-
3661 2154 3667 2165 .

1970 2203 2106 2252 tura:
2137 2196 2372 2252 habeant
2402 2197 2701 2269 perfectam
2732 2199 3024 2267 unitatem,
3053 2212 3111 2256 ut
3136 2218 3360 2258 manens
3384 2204 3573 2276 unige-

1967 2289 2068 2346 niti
2114 2289 2366 2345 nativitas
2409 2305 2441 2344 a
2482 2299 2721 2361 paterna:
2765 2291 3061 2347 divinitatis
3097 2294 3168 2348 sit
3199 2296 3574 2367 inseparabilis

1969 2382 2220 2439 veritate.
2254 2380 2543 2454 Unigenito
2586 2392 2791 2438 tantum
2822 2384 2963 2440 istud
3006 2385 3119 2441 Deo
3151 2390 3425 2458 praprium
3453 2398 3571 2456 est,

1971 2477 2104 2534 etin
2132 2486 2472 2533 sacramento
2503 2492 2648 2532 vera:
2690 2477 2983 2533 nativitatis
3027 2477 3160 2535 ﬁdes
3211 2481 3314 2535 ista
3356 2490 3475 2549 est,
3522 2491 3579 2539 et

1972 2570 2046 2644 (c)
2074 2570 2333 2641 spiritalis
2365 2569 2578 2626 virtutis
2602 2569 2707 2625 hoc
2737 2585 2872 2641 opus
2898 2581 3003 2642 est,
3034 2573 3168 2627 nihil
3190 2573 3411 2632 diﬁ'erre
3451 2592 3576 2634 esse

1972 2670 2028 2718 et
2075 2663 2253 2719 inesse
2288 2679 2302 2715 :
2334 2662 2498 2735 210
2532 2663 2711 2717 inesse
2740 2673 2920 2720 autem
2953 2680 3059 2719 non
3086 2665 3231 2720 aliud
3260 2667 3314 2721 in
3343 2669 3486 2735 alio,
3519 2681 3577 2725 ut

1974 2769 2170 2825 corpus
2198 2755 2252 2810 in
2282 2769 2546 2823 corpore;
2572 2754 2669 2809 sed
2699 2755 2770 2809 ita
2805 2770 2929 2812 esse
2964 2771 3029 2813 ac
3071 2757 3406 2825 subsistere,
3437 2762 3574 2816 utin

1975 2847 2307 2903 subsistente
2331 2845 2486 2912 insit;
2526 2846 2597 2901 ita
2625 2860 2755 2901 vero
2787 2846 2966 2903 inesse
2987 2889 3002 2913 ,
3036 2858 3094 2903 ut
3130 2857 3188 2904 et
3216 2849 3333 2919 ipse
3370 2852 3570 2908 subsis-

1977 2950 2074 2998 tat.
2115 2941 2247 2995 Nam
2295 2947 2521 3009 uterque
2551 2939 2881 3007 subsistens,
2921 2956 3016 3011 per
3060 2943 3111 2998 id
3153 2959 3263 2999 non
3304 2946 3424 3002 sine
3469 2948 3579 3004 alio

1978 3041 2094 3103 est,
2126 3034 2208 3106 (ά)
2236 3031 2363 3088 dum
2395 3032 2694 3088 secundum
2722 3036 3127 3106 generationem
3158 3047 3213 3094 et
3240 3040 3579 3098 nativitatem

285 3132 330 3188 in
352 3133 486 3191 Filio
515 3135 736 3193 Patrem
753 3174 771 3203 ,
795 3149 904 3191 non
929 3143 1015 3190 est
1041 3134 1328 3206 singularis
1349 3144 1510 3205 atque
1532 3134 1673 3190 unici
1698 3154 1711 3190 :
1745 3150 1877 3205 ope-
1902 3123 1949 3188 C
1981 3127 2324 3184 subsistentis
2349 3138 2539 3183 natura
2577 3144 2681 3185 non
2706 3128 2808 3185 alia
2835 3139 2937 3186 est.
2968 3130 3104 3186 Hinc
3130 3133 3275 3188 enim
3298 3133 3433 3189 illud
3460 3146 3577 3191 est:

285 3227 384 3282 rari
404 3242 538 3284 vero
572 3244 671 3299 per
697 3227 891 3283 Filium
919 3227 1137 3284 Patrem
1155 3269 1170 3291 .
1204 3242 1311 3283 non
1343 3237 1426 3284 est
1455 3226 1757 3285 diﬁereutis
1784 3237 1881 3283 aut

283 3322 458 3376 exteri.
492 3321 673 3377 Sicuti
714 3336 822 3377 non
866 3327 1023 3377 unius
1048 3327 1166 3387 est,
1208 3335 1315 3374 non
1360 3318 1429 3374 ab
1475 3334 1535 3375 se
1583 3319 1731 3390 loqui
1760 3334 1881 3390 quas

286 3409 554 3485 loquatur;
589 3427 769 3485 neque
796 3427 1012 3469 rursum
1043 3410 1206 3466 alieni
1230 3426 1294 3467 ac
1327 3410 1740 3494 separabilis_sit
1759 3453 1774 3478 ,
1803 3409 1884 3466 lo-

285 3504 364 3574 qui
381 3521 480 3577 per
498 3507 816 3578 loquentem
841 3521 857 3561 :
880 3505 976 3561 sed
1005 3509 1106 3560 hoc
1125 3518 1314 3559 eorum
1343 3513 1738 3560 sacramentum
1762 3514 1847 3559 est
1864 3543 1881 3571 ,

285 3600 364 3670 qui
403 3617 577 3657 unum
628 3607 775 3656 sunt.
818 3598 899 3672 (2)
939 3598 1018 3673 (a)
1049 3599 1117 3655 Et
1146 3611 1372 3670 uterque
1407 3615 1514 3655 non
1539 3600 1684 3655 aliud
1720 3607 1879 3667 sunt,

286 3694 365 3764 qui
399 3710 501 3766 per
528 3702 738 3750 natura:
768 3694 1152 3765 proprietatem
1191 3692 1246 3748 in
1284 3708 1407 3749 sese
1450 3700 1613 3749 sunt:
1653 3707 1884 3763 quorum

284 3785 599 3844 bscunitas
635 3796 757 3854 est,
788 3794 848 3841 ut
870 3786 1095 3857 loquens
1134 3800 1244 3842 non
1271 3784 1341 3840 ab
1375 3799 1434 3840 se
1473 3784 1757 3856 loquatur;
1790 3799 1886 3840 ne-

285 3891 377 3951 que
393 3878 496 3952 qui
515 3894 622 3936 non
643 3878 713 3934 ab
732 3893 795 3935 se
820 3876 1089 3950 loquitur,
1120 3893 1231 3935 non
1259 3879 1527 3950 loquatur.
1558 3878 1627 3934 Et
1663 3876 1789 3949 quia
1830 3876 1886 3933 in

285 3984 341 4026 se
372 3970 596 4028 Patrem
635 3977 694 4027 et
729 3969 884 4041 loqui
927 3977 985 4026 et
1024 3969 1240 4042 operari
1287 3969 1583 4035 docuerat;
1628 3967 1887 4039 perfecta:

288 4063 434 4137 hujus
470 4065 692 4121 unitatis
718 4063 880 4120 Iidem
916 4064 1131 4130 statuit,
1164 4062 1388 4119 dicens:
1427 4060 1533 4119 Sed
1574 4059 1768 4127 Pater,
1798 4060 1888 4133 qui

288 4158 426 4216 inme
465 4168 662 4227 manet,
682 4158 797 4229 ipse
831 4157 955 4228 facit
984 4173 1141 4230 opera
1167 4173 1282 4212 sua.
1325 4156 1531 4213 Credite
1556 4156 1719 4221 milii,
1751 4171 1886 4228 quo.

289 4252 415 4306 sicut
456 4267 543 4323 ego
579 4253 635 4305 in
686 4246 879 4316 Patre,
909 4258 956 4304 et
1000 4248 1162 4305 Pater
1185 4250 1240 4304 in
1276 4266 1375 4305 me.
1420 4249 1518 4304 Sin
1565 4257 1767 4313 autem,
1809 4248 1890 4304 uel

290 4354 491 4417 propter
524 4359 683 4413 opera
719 4343 835 4415 ipsa
863 4342 1052 4397 credite
1083 4340 1272 4413 (Ibid.,
1296 4339 1408 4413 ll).
1435 4340 1598 4397 Pater
1632 4348 1890 4412 operatur

290 4438 339 4495 in
359 4440 534 4507 Filio;
562 4440 659 4496 sed
680 4449 737 4495 et
763 4438 930 4495 Filius
956 4452 1094 4507 Opus
1121 4437 1296 4493 Patris
1321 4446 1598 4507 operatur.

1981 3222 2094 3295 Ego
2122 3232 2172 3277 et
2202 3220 2363 3277 Pater
2388 3237 2551 3277 unum
2573 3238 2750 3278 sumus
2769 3263 2785 3291 ,
2816 3234 2910 3279 et:
2941 3223 3042 3290 Qui
3067 3242 3150 3280 me
3185 3227 3338 3295 vidit,
3370 3229 3495 3283 vidit
3534 3240 3584 3285 et

1983 3314 2224 3381 Patrem,
2251 3324 2305 3371 et
2329 3332 2344 3369 :
2373 3314 2487 3386 Ego
2533 3314 2587 3370 in
2617 3313 2774 3371 Patre
2794 3357 2810 3383 ,
2837 3328 2887 3373 et
2928 3314 3089 3374 Pater
3113 3320 3165 3374 in
3201 3336 3280 3375 me
3304 3320 3485 3393 (Joan.
3512 3340 3547 3377 x
3566 3364 3581 3389 ,

1978 3408 2091 3476 29;
2124 3408 2234 3476 1b.,
2268 3425 2386 3474 xw,
2419 3409 2481 3478 9;
2515 3406 2676 3476 Ibid,
2706 3408 2836 3479 II):
2871 3410 2997 3481 quia
3025 3428 3131 3469 non
3158 3413 3339 3472 dill'ert
3364 3432 3465 3473 nec
3490 3418 3585 3474 de-

1983 3510 2206 3575 generat
2229 3502 2513 3571 nativitas,
2547 3503 2673 3572 quia
2703 3503 2862 3558 unius
2887 3504 2939 3559 in
2968 3504 3128 3561 Patre
3150 3516 3203 3563 et
3226 3506 3365 3565 Filio
3390 3509 3587 3565 divini-

1988 3595 2111 3650 latis
2132 3603 2527 3650 sacramentum
2547 3593 2840 3649 nativitatis
2861 3604 3048 3650 natura
3067 3610 3435 3667 consummat,
3458 3602 3586 3657 dum

1986 3691 2084 3748 Dei
2119 3691 2260 3747 ﬁlius
2300 3707 2407 3746 non
2443 3690 2589 3746 aliud
2621 3705 2779 3760 quam
2812 3690 2956 3748 Deus
2983 3701 3085 3749 est.
3120 3694 3189 3750 Et
3228 3695 3433 3753 idcirco
3474 3713 3583 3753 non

1987 3787 2042 3844 in
2070 3787 2202 3842 deos
2243 3785 2382 3841 duos
2412 3785 2676 3857 unigeniti
2702 3786 2979 3856 generatio
3017 3786 3304 3858 deputatur
3333 3807 3347 3843 :
3379 3790 3502 3861 quia
3533 3791 3586 3849 in

1987 3879 2159 3936 Deum
2201 3878 2341 3934 ﬁlius
2370 3877 2468 3935 Dei
2513 3892 2776 3943 nascens,
2811 3887 3059 3935 naturam
3090 3878 3145 3934 in
3185 3895 3246 3936 se
3281 3880 3376 3938 Dei
3406 3896 3469 3939 se
3509 3883 3588 3955 gi-

1989 3973 2201 4045 gnentis
2230 3966 2496 4031 exhibuit.

2305 4110 2663 4183 211-212
2714 4106 2921 4164 LIBER
2968 4106 3308 4169 OCTAVUS.

1992 4245 2300 4303 Naturalem
2341 4242 2472 4300 Filii
2511 4252 2560 4298 et
2595 4243 2765 4299 Patris
2795 4244 3041 4300 unitatem
3072 4256 3384 4319 propugnat.
3416 4247 3599 4306 Prote-

2063 4342 2223 4396 mium
2272 4340 2327 4394 in
2377 4355 2434 4394 eo
2486 4347 2718 4393 uersatur
2739 4379 2756 4405 ,
2798 4347 2857 4393 ut
2902 4339 3143 4411 episcopo
3202 4358 3296 4396 nec
3354 4343 3598 4401 innocen-

2066 4435 2190 4490 tiam
2226 4433 2337 4488 sine
2395 4431 2606 4486 scientia
2635 4474 2649 4497 ,
2716 4448 2810 4486 nec
2855 4431 2966 4488 sine
3005 4433 3294 4489 innocentia
3334 4437 3598 4494 scientiam

353 4534 454 4590 Η.
494 4533 791 4589 Natiuitatis
830 4542 877 4587 et
920 4543 1123 4589 natura:
1161 4548 1270 4587 suae
1316 4532 1503 4587 divime
1530 4532 1687 4602 [idem
1721 4532 1886 4604 poscit
1910 4515 1966 4577 D
2062 4527 2291 4599 sufficere
2326 4523 2577 4580 ostendat.
2612 4522 2741 4579 Tum
2772 4526 2888 4597 pius
2917 4542 3059 4597 atque
3086 4544 3149 4581 ac
3181 4528 3363 4584 doctus
3393 4528 3599 4585 Prtesul

295 4626 539 4684 Christus.
571 4628 849 4701 Unigenito
892 4628 1161 4699 proprium
1197 4635 1272 4681 est
1313 4627 1479 4680 inesse
1504 4625 1659 4680 simul
1685 4634 1732 4681 et
1766 4624 1887 4680 sub-

295 4721 480 4779 sistere.
503 4751 576 4765 -—
599 4722 679 4780 Ne
719 4738 849 4794 ergo
894 4737 989 4793 per
1018 4720 1229 4777 virtutis
1274 4720 1617 4777 efﬁcientiam
1638 4763 1653 4784 ,
1682 4731 1738 4776 et
1781 4734 1887 4777 non

299 4827 390 4883 per
407 4826 612 4871 natura:
642 4829 764 4886 quae
791 4812 1087 4870 secundum
1117 4812 1450 4868 nativitatem
1478 4820 1564 4868 est
1584 4813 1889 4882 praprieta-

300 4914 437 4976 tem,
464 4908 625 4965 Pater
653 4910 708 4964 in
738 4906 875 4963 Filio
905 4916 960 4964 et
1000 4908 1212 4978 operari
1253 4906 1567 4964 crederetur
1619 4915 1671 4964 et
1708 4906 1890 4978 loqui;

300 4998 399 5057 ait:
423 4998 624 5057 Credite
651 5000 812 5069 mihi,
844 5000 1085 5072 quoniam
1124 5017 1216 5072 ego
1242 5001 1297 5055 in
1328 4998 1517 5070 Patre,
1559 5009 1606 5055 et
1647 4999 1808 5055 Pater
1835 5000 1892 5053 in

372 5140 451 5215 (I)
487 5138 555 5197 Et
583 5139 742 5197 Pater
765 5140 819 5195 in
846 5156 925 5196 me
948 5142 1058 5195 est?

375 5256 452 5327 (al
488 5255 577 5313 Sic
604 5256 786 5328 potior
810 5255 980 5313 codex
1010 5253 1164 5313 Colb.
1194 5271 1317 5314 cum
1361 5256 1547 5314 Germ.
1577 5255 1689 5313 Alii
1733 5270 1897 5328 vero,

307 5328 393 5456 gi
426 5344 581 5384 suum
608 5326 763 5412 sunt,
791 5329 879 5397 qui
905 5338 1110 5400 uterque
1142 5346 1245 5386 non
1272 5329 1417 5385 aliud
1442 5340 1590 5398 sunt,
1622 5330 1725 5386 nisi
1755 5326 1901 5401 quod

388 5398 536 5455 Mart.
563 5411 613 5456 et
635 5416 726 5456 aut
746 5409 987 5456 uterque.
1018 5411 1124 5456 etc.

388 5398 536 5455 Mart.
563 5411 613 5458 et
635 5400 726 5473 qui
746 5409 987 5471 uterque,
1018 5398 1124 5456 etc.

382 5488 458 5566 (lt)
494 5492 584 5549 Er.
617 5491 767 5564 Lips.
801 5502 855 5547 et
876 5491 999 5547 Par.
1015 5509 1148 5566 Aqua.
1190 5492 1358 5563 Magis
1386 5493 1591 5566 placuit
1628 5508 1741 5565 qua:
1782 5509 1904 5549 cum

310 5560 447 5618 Bad.
473 5574 525 5619 et
569 5560 702 5620 mss:
734 5578 963 5633 quorum
1014 5560 1069 5620 in
1113 5560 1501 5621 vetustioribus
1551 5560 1677 5621 mo'x
1734 5573 1909 5621 exstat

315 5645 571 5707 possetut,
592 5651 702 5692 non
734 5646 1057 5708 poposcerat.

2066 4620 2231 4676 varias
2269 4617 2337 4671 ad
2377 4616 2633 4685 simplices
2675 4618 3001 4687 decipiendos
3045 4619 3358 4675 Arianorum
3391 4622 3600 4675 teclmas

2068 4713 2380 4785 fallaccsque
2416 4708 2933 4779 interrogatiunculas
2962 4712 3190 4781 exponit.
3227 4713 3359 4776 Quia
3379 4727 3495 4765 vero
3519 4710 3602 4767 illi

2068 4804 2259 4862 Christi
2297 4801 2468 4868 verba,
2498 4802 2606 4871 Ego
2634 4811 2688 4856 et
2726 4801 2886 4856 Pater
2916 4818 3079 4856 unum
3110 4816 3297 4859 sumus
3328 4804 3399 4858 ad
3435 4805 3603 4861 solani

2069 4895 2344 4953 voluntatis
2366 4893 2691 4949 concordiam
2717 4891 3034 4964 detorquent,
3064 4910 3274 4964 eamque
3300 4897 3607 4971 interpreta-

2073 4990 2261 5047 tionem
2298 4988 2377 5041 ltis
2405 4986 2523 5043 aliis
2550 4986 2857 5055 conﬁrmare
2888 4986 3070 5043 solent.
3108 4985 3453 5047 Credentium
3485 5002 3606 5051 erat

2075 5129 2153 5205 (Ξ)
2194 5129 2295 5197 Qui
2324 5138 2552 5200 uterque.

2007 5258 2350 5326 opponantur
2375 5246 2619 5326 prqxime
2639 5246 2818 5315 dictis,
2843 5247 2965 5306 Non
2992 5259 3068 5306 est
3088 5254 3436 5326 corporalium
3457 5268 3611 5317 uatu~

2009 5319 2190 5377 rufum
2215 5322 2314 5375 ista
2331 5319 2572 5374 conditio.

2109 5392 2167 5467 d)
2187 5391 2344 5467 Apud
2371 5392 2492 5446 Par.
2516 5391 2855 5467 desideratur
2875 5394 3138 5464 particula
3160 5397 3304 5454 dum.
3330 5402 3450 5460 Mox
3475 5407 3610 5467 Bad.

2010 5475 2066 5548 et
2202 5463 2502 5548 subsistens.
2536 5462 2723 5548 lllelius
2742 5465 2835 5519 alii
2859 5462 3000 5548 libri,
3020 5468 3356 5539 subsistentis,
3381 5462 3611 5548 supple;

2010 5536 2312 5622 utriusque:
2342 5534 2445 5589 hoc
2472 5543 2588 5622 est,
2618 5533 2743 5589 dum
2779 5553 2884 5592 non
2913 5533 3015 5591 alia
3046 5549 3234 5622 natura
3264 5533 3354 5600 est
3375 5533 3498 5617 ejtis'
3518 5533 3613 5622 qui

2015 5607 2313 5684 secundum
2335 5606 2764 5684 generationem,
2793 5621 2887 5661 seu
2912 5625 3015 5684 qua
3038 5610 3251 5680 genitor
3274 5628 3379 5684 est,
3403 5606 3614 5678 subsis;

2015 5677 2099 5747 tit,
2132 5687 2186 5733 et
2215 5676 2334 5761 ejus
2374 5677 2464 5750 qui
2505 5676 2751 5734 subsistit
2787 5676 3082 5737 secundum
3116 5676 3485 5761 nativitatem,
3518 5676 3617 5751 seu

393 5743 615 5819 (c)Bad.
657 5754 715 5805 et
760 5745 860 5805 Er.
892 5747 1127 5819 specialis
1152 5766 1173 5807 :
1218 5751 1397 5810 minus
1425 5749 1586 5820 bene,
1629 5764 1755 5807 eum
1795 5747 1914 5806 haec
2015 5743 2120 5822 qua
2148 5743 2327 5805 natus.

738 5842 1017 5904 Ps'rnon.
1064 5842 1150 5906 X.

3061 5848 3102 5913 8
