  <div class='ocr_page' id='page_1' title='image "/cluster/home/n/w/nwhite01/storage/ocr_20150623/10/hvd.32044096580394/123.png"; bbox 0 0 4094 6180; ppageno 0'>
   <div class='ocr_carea' id='block_1_1' title="bbox 443 246 553 307">
    <p class='ocr_par' dir='ltr' id='par_1_1' title="bbox 443 246 553 307">
     <span class='ocr_line' id='line_1_1' title="bbox 443 246 553 307; baseline 0 0"><span class='ocrx_word' id='word_1_1' title='bbox 443 246 553 307; x_wconf 73' lang='grc'><strong><em>255</em></strong></span> 
     </span>
    </p>
   </div>
   <div class='ocr_carea' id='block_1_2' title="bbox 1655 224 2549 294">
    <p class='ocr_par' dir='ltr' id='par_1_2' title="bbox 1655 224 2549 294">
     <span class='ocr_line' id='line_1_2' title="bbox 1655 224 2549 294; baseline -0.004 0"><span class='ocrx_word' id='word_1_2' title='bbox 1655 232 1901 294; x_wconf 80' lang='lat' dir='ltr'><strong><em>SANCTI</em></strong></span> <span class='ocrx_word' id='word_1_3' title='bbox 1940 230 2200 291; x_wconf 72' lang='lat' dir='ltr'><strong><em>HlLARli</em></strong></span> <span class='ocrx_word' id='word_1_4' title='bbox 2238 224 2549 291; x_wconf 80' lang='lat' dir='ltr'><strong><em>EPISCOPI</em></strong></span> 
     </span>
    </p>
   </div>
   <div class='ocr_carea' id='block_1_3' title="bbox 3653 229 3766 293">
    <p class='ocr_par' dir='ltr' id='par_1_3' title="bbox 3653 229 3766 293">
     <span class='ocr_line' id='line_1_3' title="bbox 3653 229 3766 293; baseline -0.009 0"><span class='ocrx_word' id='word_1_5' title='bbox 3653 229 3766 293; x_wconf 65' lang='grc'><strong><em>936</em></strong></span> 
     </span>
    </p>
   </div>
   <div class='ocr_carea' id='block_1_4' title="bbox 518 342 3765 427">
    <p class='ocr_par' dir='ltr' id='par_1_4' title="bbox 518 342 3765 427">
     <span class='ocr_line' id='line_1_4' title="bbox 518 342 3765 427; baseline -0.007 -3"><span class='ocrx_word' id='word_1_6' title='bbox 518 365 700 424; x_wconf 87' lang='lat' dir='ltr'><strong><em>anima</em></strong></span> <span class='ocrx_word' id='word_1_7' title='bbox 736 368 792 421; x_wconf 89' lang='lat' dir='ltr'><strong><em>et</em></strong></span> <span class='ocrx_word' id='word_1_8' title='bbox 820 373 917 419; x_wconf 87' lang='lat' dir='ltr'><strong><em>cor</em></strong></span> <span class='ocrx_word' id='word_1_9' title='bbox 947 373 1114 417; x_wconf 89' lang='lat' dir='ltr'><strong><em>unum</em></strong></span> <span class='ocrx_word' id='word_1_10' title='bbox 1144 372 1161 424; x_wconf 88' lang='lat'><strong>;</strong></span> <span class='ocrx_word' id='word_1_11' title='bbox 1204 362 1290 423; x_wconf 89' lang='lat' dir='ltr'><strong><em>et,</em></strong></span> <span class='ocrx_word' id='word_1_12' title='bbox 1329 353 1430 423; x_wconf 84' lang='lat' dir='ltr'><strong><em>Qui</em></strong></span> <span class='ocrx_word' id='word_1_13' title='bbox 1473 352 1683 423; x_wconf 86' lang='lat' dir='ltr'><strong><em>plantat</em></strong></span> <span class='ocrx_word' id='word_1_14' title='bbox 1709 362 1762 407; x_wconf 89' lang='lat' dir='ltr'><strong><em>et</em></strong></span> <span class='ocrx_word' id='word_1_15' title='bbox 1787 352 1877 421; x_wconf 88' lang='lat' dir='ltr'><strong><em>qui</em></strong></span> <span class='ocrx_word' id='word_1_16' title='bbox 1913 351 2051 421; x_wconf 86' lang='lat' dir='ltr'><strong><em>rigat</em></strong></span> <span class='ocrx_word' id='word_1_17' title='bbox 2078 368 2127 427; x_wconf 69' lang='grc' dir='ltr'><strong>Α</strong></span> <span class='ocrx_word' id='word_1_18' title='bbox 2225 349 2454 419; x_wconf 78' lang='lat' dir='ltr'><strong><em>quadam</em></strong></span> <span class='ocrx_word' id='word_1_19' title='bbox 2478 346 2755 419; x_wconf 72' lang='lat' dir='ltr'><strong><em>qualitate,</em></strong></span> <span class='ocrx_word' id='word_1_20' title='bbox 2788 353 2837 401; x_wconf 88' lang='lat' dir='ltr'><strong><em>et</em></strong></span> <span class='ocrx_word' id='word_1_21' title='bbox 2875 360 2976 402; x_wconf 90' lang='lat' dir='ltr'><strong><em>non</em></strong></span> <span class='ocrx_word' id='word_1_22' title='bbox 3020 343 3078 401; x_wconf 86' lang='lat' dir='ltr'><strong><em>in</em></strong></span> <span class='ocrx_word' id='word_1_23' title='bbox 3118 349 3309 401; x_wconf 83' lang='lat' dir='ltr'><strong><em>natura</em></strong></span> <span class='ocrx_word' id='word_1_24' title='bbox 3344 342 3531 403; x_wconf 90' lang='lat' dir='ltr'><strong><em>habere</em></strong></span> <span class='ocrx_word' id='word_1_25' title='bbox 3570 346 3765 415; x_wconf 87' lang='lat' dir='ltr'><strong><em>sitam;</em></strong></span> 
     </span>
    </p>
   </div>
   <div class='ocr_carea' id='block_1_5' title="bbox 518 445 2056 526">
    <p class='ocr_par' dir='ltr' id='par_1_5' title="bbox 518 445 2056 526">
     <span class='ocr_line' id='line_1_5' title="bbox 518 445 2056 526; baseline -0.011 -9"><span class='ocrx_word' id='word_1_26' title='bbox 518 477 684 517; x_wconf 89' lang='lat' dir='ltr'><strong><em>unum</em></strong></span> <span class='ocrx_word' id='word_1_27' title='bbox 707 466 862 525; x_wconf 83' lang='lat' dir='ltr'><strong><em>sunt;</em></strong></span> <span class='ocrx_word' id='word_1_28' title='bbox 885 465 954 526; x_wconf 90' lang='lat' dir='ltr'><strong><em>et,</em></strong></span> <span class='ocrx_word' id='word_1_29' title='bbox 969 454 1041 512; x_wconf 85' lang='lat' dir='ltr'><strong><em>Ut</em></strong></span> <span class='ocrx_word' id='word_1_30' title='bbox 1063 465 1253 509; x_wconf 83' lang='lat' dir='ltr'><strong><em>omnes</em></strong></span> <span class='ocrx_word' id='word_1_31' title='bbox 1275 463 1441 505; x_wconf 90' lang='lat' dir='ltr'><strong><em>unum</em></strong></span> <span class='ocrx_word' id='word_1_32' title='bbox 1463 448 1590 514; x_wconf 89' lang='lat' dir='ltr'><strong><em>sint,</em></strong></span> <span class='ocrx_word' id='word_1_33' title='bbox 1615 446 1755 503; x_wconf 88' lang='lat' dir='ltr'><strong><em>sicut</em></strong></span> <span class='ocrx_word' id='word_1_34' title='bbox 1773 456 1848 511; x_wconf 88' lang='lat' dir='ltr'><strong><em>tu,</em></strong></span> <span class='ocrx_word' id='word_1_35' title='bbox 1874 445 2056 513; x_wconf 89' lang='lat' dir='ltr'><strong><em>Pater,</em></strong></span> 
     </span>
    </p>
   </div>
   <div class='ocr_carea' id='block_1_6' title="bbox 517 538 2058 620">
    <p class='ocr_par' dir='ltr' id='par_1_6' title="bbox 517 538 2058 620">
     <span class='ocr_line' id='line_1_6' title="bbox 517 538 2058 620; baseline -0.013 -10"><span class='ocrx_word' id='word_1_36' title='bbox 517 554 573 609; x_wconf 90' lang='lat' dir='ltr'><strong><em>in</em></strong></span> <span class='ocrx_word' id='word_1_37' title='bbox 608 566 716 619; x_wconf 91' lang='lat' dir='ltr'><strong><em>me,</em></strong></span> <span class='ocrx_word' id='word_1_38' title='bbox 744 560 803 607; x_wconf 89' lang='lat' dir='ltr'><strong><em>et</em></strong></span> <span class='ocrx_word' id='word_1_39' title='bbox 824 563 927 620; x_wconf 91' lang='lat' dir='ltr'><strong><em>ego</em></strong></span> <span class='ocrx_word' id='word_1_40' title='bbox 946 548 999 602; x_wconf 94' lang='lat' dir='ltr'><strong><em>in</em></strong></span> <span class='ocrx_word' id='word_1_41' title='bbox 1032 556 1084 601; x_wconf 89' lang='lat' dir='ltr'><strong><em>te</em></strong></span> <span class='ocrx_word' id='word_1_42' title='bbox 1110 542 1404 600; x_wconf 86' lang='lat' dir='ltr'><strong><em>:contendit</em></strong></span> <span class='ocrx_word' id='word_1_43' title='bbox 1431 556 1591 595; x_wconf 82' lang='lat' dir='ltr'><strong><em>unum</em></strong></span> <span class='ocrx_word' id='word_1_44' title='bbox 1603 555 1729 607; x_wconf 87' lang='lat' dir='ltr'><strong><em>esse,</em></strong></span> <span class='ocrx_word' id='word_1_45' title='bbox 1745 538 1923 609; x_wconf 74' lang='lat' dir='ltr'><strong><em>ﬁdeles</em></strong></span> <span class='ocrx_word' id='word_1_46' title='bbox 1942 538 2058 609; x_wconf 89' lang='lat' dir='ltr'><strong><em>qui-</em></strong></span> 
     </span>
    </p>
   </div>
   <div class='ocr_carea' id='block_1_7' title="bbox 519 633 2059 715">
    <p class='ocr_par' dir='ltr' id='par_1_7' title="bbox 519 633 2059 715">
     <span class='ocr_line' id='line_1_7' title="bbox 519 633 2059 715; baseline -0.013 -12"><span class='ocrx_word' id='word_1_47' title='bbox 519 647 635 703; x_wconf 81' lang='lat' dir='ltr'><strong><em>dem</em></strong></span> <span class='ocrx_word' id='word_1_48' title='bbox 679 660 769 715; x_wconf 86' lang='lat' dir='ltr'><strong><em>per</em></strong></span> <span class='ocrx_word' id='word_1_49' title='bbox 790 657 947 698; x_wconf 85' lang='lat' dir='ltr'><strong><em>unam</em></strong></span> <span class='ocrx_word' id='word_1_50' title='bbox 977 639 1131 694; x_wconf 82' lang='lat' dir='ltr'><strong><em>anius</em></strong></span> <span class='ocrx_word' id='word_1_51' title='bbox 1159 636 1282 707; x_wconf 82' lang='lat' dir='ltr'><strong><em>ﬁdei</em></strong></span> <span class='ocrx_word' id='word_1_52' title='bbox 1308 643 1567 699; x_wconf 82' lang='lat' dir='ltr'><strong><em>naturam,</em></strong></span> <span class='ocrx_word' id='word_1_53' title='bbox 1604 633 1915 703; x_wconf 83' lang='lat' dir='ltr'><strong><em>plantantem</em></strong></span> <span class='ocrx_word' id='word_1_54' title='bbox 1941 646 2059 685; x_wconf 84' lang='lat' dir='ltr'><strong><em>vero</em></strong></span> 
     </span>
    </p>
   </div>
   <div class='ocr_carea' id='block_1_8' title="bbox 516 722 2059 811">
    <p class='ocr_par' dir='ltr' id='par_1_8' title="bbox 516 722 2059 811">
     <span class='ocr_line' id='line_1_8' title="bbox 516 722 2059 811; baseline -0.013 -14"><span class='ocrx_word' id='word_1_55' title='bbox 516 751 568 797; x_wconf 90' lang='lat' dir='ltr'><strong><em>et</em></strong></span> <span class='ocrx_word' id='word_1_56' title='bbox 612 742 883 811; x_wconf 81' lang='lat' dir='ltr'><strong><em>rigantem,</em></strong></span> <span class='ocrx_word' id='word_1_57' title='bbox 914 741 1163 805; x_wconf 83' lang='lat' dir='ltr'><strong><em>quatenus</em></strong></span> <span class='ocrx_word' id='word_1_58' title='bbox 1206 747 1309 785; x_wconf 84' lang='lat' dir='ltr'><strong><em>uno</em></strong></span> <span class='ocrx_word' id='word_1_59' title='bbox 1354 729 1605 799; x_wconf 84' lang='lat' dir='ltr'><strong><em>baptismo</em></strong></span> <span class='ocrx_word' id='word_1_60' title='bbox 1632 742 1737 781; x_wconf 79' lang='lat' dir='ltr'><strong><em>una</em></strong></span> <span class='ocrx_word' id='word_1_61' title='bbox 1772 741 1855 779; x_wconf 81' lang='lat' dir='ltr'><strong><em>res</em></strong></span> <span class='ocrx_word' id='word_1_62' title='bbox 1892 722 2059 792; x_wconf 74' lang='lat' dir='ltr'><strong><em>eﬁ&#39;ecti</em></strong></span> 
     </span>
    </p>
   </div>
   <div class='ocr_carea' id='block_1_9' title="bbox 515 820 2056 899">
    <p class='ocr_par' dir='ltr' id='par_1_9' title="bbox 515 820 2056 899">
     <span class='ocr_line' id='line_1_9' title="bbox 515 820 2056 899; baseline -0.012 -9"><span class='ocrx_word' id='word_1_63' title='bbox 515 835 673 891; x_wconf 83' lang='lat' dir='ltr'><strong><em>unius</em></strong></span> <span class='ocrx_word' id='word_1_64' title='bbox 697 833 850 887; x_wconf 87' lang='lat' dir='ltr'><strong><em>etiam</em></strong></span> <span class='ocrx_word' id='word_1_65' title='bbox 881 825 1278 899; x_wconf 76' lang='lat' dir='ltr'><strong><em>regenerationis</em></strong></span> <span class='ocrx_word' id='word_1_66' title='bbox 1306 826 1408 877; x_wconf 83' lang='lat' dir='ltr'><strong><em>sint</em></strong></span> <span class='ocrx_word' id='word_1_67' title='bbox 1433 821 1689 876; x_wconf 86' lang='lat' dir='ltr'><strong><em>ministri:</em></strong></span> <span class='ocrx_word' id='word_1_68' title='bbox 1721 820 1928 875; x_wconf 87' lang='lat' dir='ltr'><strong><em>demum</em></strong></span> <span class='ocrx_word' id='word_1_69' title='bbox 1955 820 2056 873; x_wconf 86' lang='lat' dir='ltr'><strong><em>im-</em></strong></span> 
     </span>
    </p>
   </div>
   <div class='ocr_carea' id='block_1_10' title="bbox 517 917 2053 1000">
    <p class='ocr_par' dir='ltr' id='par_1_10' title="bbox 517 917 2053 1000">
     <span class='ocr_line' id='line_1_10' title="bbox 517 917 2053 1000; baseline -0.01 -16"><span class='ocrx_word' id='word_1_70' title='bbox 517 928 676 1000; x_wconf 88' lang='lat' dir='ltr'><strong><em>perite</em></strong></span> <span class='ocrx_word' id='word_1_71' title='bbox 720 924 927 980; x_wconf 79' lang='lat' dir='ltr'><strong><em>omnino</em></strong></span> <span class='ocrx_word' id='word_1_72' title='bbox 970 921 1233 976; x_wconf 81' lang='lat' dir='ltr'><strong><em>Christum</em></strong></span> <span class='ocrx_word' id='word_1_73' title='bbox 1275 918 1533 973; x_wconf 86' lang='lat' dir='ltr'><strong><em>dicturum</em></strong></span> <span class='ocrx_word' id='word_1_74' title='bbox 1582 917 1740 987; x_wconf 78' lang='lat' dir='ltr'><strong><em>fuisse</em></strong></span> <span class='ocrx_word' id='word_1_75' title='bbox 1780 923 1842 969; x_wconf 90' lang='lat' dir='ltr'><strong><em>ut</em></strong></span> <span class='ocrx_word' id='word_1_76' title='bbox 1889 928 2053 969; x_wconf 86' lang='lat' dir='ltr'><strong><em>unum</em></strong></span> 
     </span>
    </p>
   </div>
   <div class='ocr_carea' id='block_1_11' title="bbox 515 1009 2057 1093">
    <p class='ocr_par' dir='ltr' id='par_1_11' title="bbox 515 1009 2057 1093">
     <span class='ocr_line' id='line_1_11' title="bbox 515 1009 2057 1093; baseline -0.011 -14"><span class='ocrx_word' id='word_1_77' title='bbox 515 1024 647 1089; x_wconf 89' lang='lat' dir='ltr'><strong><em>sint,</em></strong></span> <span class='ocrx_word' id='word_1_78' title='bbox 686 1036 780 1093; x_wconf 89' lang='lat' dir='ltr'><strong><em>pro</em></strong></span> <span class='ocrx_word' id='word_1_79' title='bbox 805 1026 868 1074; x_wconf 91' lang='lat' dir='ltr'><strong><em>ut</em></strong></span> <span class='ocrx_word' id='word_1_80' title='bbox 901 1026 1077 1072; x_wconf 85' lang='lat' dir='ltr'><strong><em>unum</em></strong></span> <span class='ocrx_word' id='word_1_81' title='bbox 1091 1014 1277 1081; x_wconf 86' lang='lat' dir='ltr'><strong><em>velint,</em></strong></span> <span class='ocrx_word' id='word_1_82' title='bbox 1303 1012 1349 1065; x_wconf 88' lang='lat' dir='ltr'><strong><em>si</em></strong></span> <span class='ocrx_word' id='word_1_83' title='bbox 1363 1011 1527 1066; x_wconf 87' lang='lat' dir='ltr'><strong><em>solam</em></strong></span> <span class='ocrx_word' id='word_1_84' title='bbox 1552 1009 1825 1065; x_wconf 90' lang='lat' dir='ltr'><strong><em>voluntatis</em></strong></span> <span class='ocrx_word' id='word_1_85' title='bbox 1845 1020 2057 1063; x_wconf 82' lang='lat' dir='ltr'><strong><em>concor-</em></strong></span> 
     </span>
    </p>
   </div>
   <div class='ocr_carea' id='block_1_12' title="bbox 512 1100 2055 1184">
    <p class='ocr_par' dir='ltr' id='par_1_12' title="bbox 512 1100 2055 1184">
     <span class='ocr_line' id='line_1_12' title="bbox 512 1100 2055 1184; baseline -0.011 -13"><span class='ocrx_word' id='word_1_86' title='bbox 512 1117 656 1171; x_wconf 79' lang='lat' dir='ltr'><strong><em>diam</em></strong></span> <span class='ocrx_word' id='word_1_87' title='bbox 676 1114 780 1169; x_wconf 89' lang='lat' dir='ltr'><strong><em>suis</em></strong></span> <span class='ocrx_word' id='word_1_88' title='bbox 803 1111 999 1184; x_wconf 85' lang='lat' dir='ltr'><strong><em>precari</em></strong></span> <span class='ocrx_word' id='word_1_89' title='bbox 1027 1107 1291 1164; x_wconf 87' lang='lat' dir='ltr'><strong><em>voluisset.</em></strong></span> <span class='ocrx_word' id='word_1_90' title='bbox 1326 1100 1462 1158; x_wconf 77' lang='lat' dir='ltr'><strong><em>Hinc</em></strong></span> <span class='ocrx_word' id='word_1_91' title='bbox 1482 1119 1583 1175; x_wconf 87' lang='lat' dir='ltr'><strong><em>qua</em></strong></span> <span class='ocrx_word' id='word_1_92' title='bbox 1604 1102 1824 1168; x_wconf 79' lang='lat' dir='ltr'><strong><em>ratione,</em></strong></span> <span class='ocrx_word' id='word_1_93' title='bbox 1849 1100 2055 1155; x_wconf 87' lang='lat' dir='ltr'><strong><em>Christo</em></strong></span> 
     </span>
    </p>
   </div>
   <div class='ocr_carea' id='block_1_13' title="bbox 510 1195 2056 1273">
    <p class='ocr_par' dir='ltr' id='par_1_13' title="bbox 510 1195 2056 1273">
     <span class='ocr_line' id='line_1_13' title="bbox 510 1195 2056 1273; baseline -0.01 -9"><span class='ocrx_word' id='word_1_94' title='bbox 510 1208 787 1273; x_wconf 83' lang='lat' dir='ltr'><strong><em>mediante,</em></strong></span> <span class='ocrx_word' id='word_1_95' title='bbox 823 1221 982 1259; x_wconf 87' lang='lat' dir='ltr'><strong><em>unum</em></strong></span> <span class='ocrx_word' id='word_1_96' title='bbox 1024 1217 1142 1256; x_wconf 88' lang='lat' dir='ltr'><strong><em>cum</em></strong></span> <span class='ocrx_word' id='word_1_97' title='bbox 1172 1200 1331 1253; x_wconf 82' lang='lat' dir='ltr'><strong><em>Patre</em></strong></span> <span class='ocrx_word' id='word_1_98' title='bbox 1369 1197 1674 1252; x_wconf 90' lang='lat' dir='ltr'><strong><em>naturaliter</em></strong></span> <span class='ocrx_word' id='word_1_99' title='bbox 1699 1197 1859 1251; x_wconf 88' lang='lat' dir='ltr'><strong><em>simus</em></strong></span> <span class='ocrx_word' id='word_1_100' title='bbox 1889 1195 2056 1265; x_wconf 71' lang='lat' dir='ltr'><strong><em>expli-</em></strong></span> 
     </span>
    </p>
   </div>
   <div class='ocr_carea' id='block_1_14' title="bbox 515 1291 2053 1368">
    <p class='ocr_par' dir='ltr' id='par_1_14' title="bbox 515 1291 2053 1368">
     <span class='ocr_line' id='line_1_14' title="bbox 515 1291 2053 1368; baseline -0.01 -12"><span class='ocrx_word' id='word_1_101' title='bbox 515 1309 633 1355; x_wconf 89' lang='lat' dir='ltr'><strong><em>cat:</em></strong></span> <span class='ocrx_word' id='word_1_102' title='bbox 661 1298 817 1368; x_wconf 84' lang='lat' dir='ltr'><strong><em>idque</em></strong></span> <span class='ocrx_word' id='word_1_103' title='bbox 850 1295 1078 1368; x_wconf 76' lang='lat' dir='ltr'><strong><em>defendit</em></strong></span> <span class='ocrx_word' id='word_1_104' title='bbox 1116 1292 1260 1347; x_wconf 88' lang='lat' dir='ltr'><strong><em>nobis</em></strong></span> <span class='ocrx_word' id='word_1_105' title='bbox 1285 1291 1521 1361; x_wconf 59' lang='lat' dir='ltr'><strong><em>praestari</em></strong></span> <span class='ocrx_word' id='word_1_106' title='bbox 1552 1297 1659 1343; x_wconf 89' lang='lat' dir='ltr'><strong><em>tum</em></strong></span> <span class='ocrx_word' id='word_1_107' title='bbox 1695 1303 1785 1359; x_wconf 89' lang='lat' dir='ltr'><strong><em>per</em></strong></span> <span class='ocrx_word' id='word_1_108' title='bbox 1806 1299 2053 1343; x_wconf 78' lang='lat' dir='ltr'><strong><em>teternant</em></strong></span> 
     </span>
    </p>
   </div>
   <div class='ocr_carea' id='block_1_15' title="bbox 513 1382 2048 1467">
    <p class='ocr_par' dir='ltr' id='par_1_15' title="bbox 513 1382 2048 1467">
     <span class='ocr_line' id='line_1_15' title="bbox 513 1382 2048 1467; baseline -0.008 -20"><span class='ocrx_word' id='word_1_109' title='bbox 513 1394 752 1467; x_wconf 83' lang='lat' dir='ltr'><strong><em>gloriam,</em></strong></span> <span class='ocrx_word' id='word_1_110' title='bbox 782 1407 883 1462; x_wconf 89' lang='lat' dir='ltr'><strong><em>qua</em></strong></span> <span class='ocrx_word' id='word_1_111' title='bbox 911 1389 1155 1443; x_wconf 83' lang='lat' dir='ltr'><strong><em>honorem</em></strong></span> <span class='ocrx_word' id='word_1_112' title='bbox 1180 1386 1281 1459; x_wconf 88' lang='lat' dir='ltr'><strong><em>ipsi</em></strong></span> <span class='ocrx_word' id='word_1_113' title='bbox 1304 1401 1337 1439; x_wconf 80' lang='grc' dir='ltr'>α</span> <span class='ocrx_word' id='word_1_114' title='bbox 1360 1384 1519 1438; x_wconf 86' lang='lat' dir='ltr'><strong><em>Patre</em></strong></span> <span class='ocrx_word' id='word_1_115' title='bbox 1540 1384 1715 1437; x_wconf 87' lang='lat' dir='ltr'><strong><em>datum</em></strong></span> <span class='ocrx_word' id='word_1_116' title='bbox 1738 1382 2048 1453; x_wconf 86' lang='lat' dir='ltr'><strong><em>accipimus,</em></strong></span> 
     </span>
    </p>
   </div>
   <div class='ocr_carea' id='block_1_16' title="bbox 514 1478 2054 1559">
    <p class='ocr_par' dir='ltr' id='par_1_16' title="bbox 514 1478 2054 1559">
     <span class='ocr_line' id='line_1_16' title="bbox 514 1478 2054 1559; baseline -0.01 -15"><span class='ocrx_word' id='word_1_117' title='bbox 514 1497 622 1544; x_wconf 90' lang='lat' dir='ltr'><strong><em>tum</em></strong></span> <span class='ocrx_word' id='word_1_118' title='bbox 648 1501 741 1559; x_wconf 86' lang='lat' dir='ltr'><strong><em>per</em></strong></span> <span class='ocrx_word' id='word_1_119' title='bbox 768 1482 1151 1541; x_wconf 81' lang='lat' dir='ltr'><strong><em>lncarnationis</em></strong></span> <span class='ocrx_word' id='word_1_120' title='bbox 1182 1480 1495 1551; x_wconf 82' lang='lat' dir='ltr'><strong><em>mysterium,</em></strong></span> <span class='ocrx_word' id='word_1_121' title='bbox 1526 1495 1625 1550; x_wconf 87' lang='lat' dir='ltr'><strong><em>quo</em></strong></span> <span class='ocrx_word' id='word_1_122' title='bbox 1655 1478 1917 1549; x_wconf 75' lang='lat' dir='ltr'><strong><em>propriam</em></strong></span> <span class='ocrx_word' id='word_1_123' title='bbox 1938 1492 2054 1530; x_wconf 91' lang='lat' dir='ltr'><strong><em>car-</em></strong></span> 
     </span>
    </p>
   </div>
   <div class='ocr_carea' id='block_1_17' title="bbox 512 1571 2048 1641">
    <p class='ocr_par' dir='ltr' id='par_1_17' title="bbox 512 1571 2048 1641">
     <span class='ocr_line' id='line_1_17' title="bbox 512 1571 2048 1641; baseline -0.008 -4"><span class='ocrx_word' id='word_1_124' title='bbox 512 1582 592 1636; x_wconf 90' lang='lat' dir='ltr'><strong><em>nis</em></strong></span> <span class='ocrx_word' id='word_1_125' title='bbox 618 1588 807 1635; x_wconf 78' lang='lat' dir='ltr'><strong><em>nostra:</em></strong></span> <span class='ocrx_word' id='word_1_126' title='bbox 826 1587 1062 1633; x_wconf 87' lang='lat' dir='ltr'><strong><em>naturam</em></strong></span> <span class='ocrx_word' id='word_1_127' title='bbox 1080 1576 1255 1630; x_wconf 87' lang='lat' dir='ltr'><strong><em>retinet</em></strong></span> <span class='ocrx_word' id='word_1_128' title='bbox 1285 1572 1569 1627; x_wconf 85' lang='lat' dir='ltr'><strong><em>arctissirne</em></strong></span> <span class='ocrx_word' id='word_1_129' title='bbox 1604 1571 1703 1625; x_wconf 83' lang='lat' dir='ltr'><strong><em>sibi</em></strong></span> <span class='ocrx_word' id='word_1_130' title='bbox 1735 1571 2048 1641; x_wconf 86' lang='lat' dir='ltr'><strong><em>capulatam,</em></strong></span> 
     </span>
    </p>
   </div>
   <div class='ocr_carea' id='block_1_18' title="bbox 511 1668 2051 1741">
    <p class='ocr_par' dir='ltr' id='par_1_18' title="bbox 511 1668 2051 1741">
     <span class='ocr_line' id='line_1_18' title="bbox 511 1668 2051 1741; baseline -0.008 -11"><span class='ocrx_word' id='word_1_131' title='bbox 511 1685 618 1731; x_wconf 87' lang='lat' dir='ltr'><strong><em>tum</em></strong></span> <span class='ocrx_word' id='word_1_132' title='bbox 640 1680 863 1729; x_wconf 74' lang='lat' dir='ltr'><strong><em>maxime</em></strong></span> <span class='ocrx_word' id='word_1_133' title='bbox 877 1688 966 1741; x_wconf 85' lang='lat' dir='ltr'><strong><em>per</em></strong></span> <span class='ocrx_word' id='word_1_134' title='bbox 988 1668 1335 1724; x_wconf 68' lang='lat' dir='ltr'><strong><em>Eucharistiaz</em></strong></span> <span class='ocrx_word' id='word_1_135' title='bbox 1348 1673 1741 1727; x_wconf 82' lang='lat' dir='ltr'><strong><em>sacramentum,</em></strong></span> <span class='ocrx_word' id='word_1_136' title='bbox 1767 1678 1866 1735; x_wconf 88' lang='lat' dir='ltr'><strong><em>quo</em></strong></span> <span class='ocrx_word' id='word_1_137' title='bbox 1882 1676 2051 1718; x_wconf 85' lang='lat' dir='ltr'><strong><em>veram</em></strong></span> 
     </span>
    </p>
   </div>
   <div class='ocr_carea' id='block_1_19' title="bbox 2232 438 3768 511">
    <p class='ocr_par' dir='ltr' id='par_1_19' title="bbox 2232 438 3768 511">
     <span class='ocr_line' id='line_1_19' title="bbox 2232 438 3768 511; baseline 0.002 -19"><span class='ocrx_word' id='word_1_138' title='bbox 2232 454 2387 509; x_wconf 85' lang='lat' dir='ltr'><strong><em>quam</em></strong></span> <span class='ocrx_word' id='word_1_139' title='bbox 2412 439 2467 493; x_wconf 89' lang='lat' dir='ltr'><strong><em>in</em></strong></span> <span class='ocrx_word' id='word_1_140' title='bbox 2491 439 2675 493; x_wconf 82' lang='lat' dir='ltr'><strong><em>virtute</em></strong></span> <span class='ocrx_word' id='word_1_141' title='bbox 2709 454 2770 492; x_wconf 88' lang='lat' dir='ltr'><strong><em>ac</em></strong></span> <span class='ocrx_word' id='word_1_142' title='bbox 2801 438 2998 492; x_wconf 85' lang='lat' dir='ltr'><strong><em>unitate</em></strong></span> <span class='ocrx_word' id='word_1_143' title='bbox 3026 447 3226 493; x_wconf 67' lang='lat' dir='ltr'><strong><em>natura:</em></strong></span> <span class='ocrx_word' id='word_1_144' title='bbox 3252 438 3544 509; x_wconf 82' lang='lat' dir='ltr'><strong><em>ponendam</em></strong></span> <span class='ocrx_word' id='word_1_145' title='bbox 3570 443 3768 511; x_wconf 80' lang='lat' dir='ltr'><strong><em>conﬁr-</em></strong></span> 
     </span>
    </p>
   </div>
   <div class='ocr_carea' id='block_1_20' title="bbox 2231 529 3768 605">
    <p class='ocr_par' dir='ltr' id='par_1_20' title="bbox 2231 529 3768 605">
     <span class='ocr_line' id='line_1_20' title="bbox 2231 529 3768 605; baseline 0.002 -18"><span class='ocrx_word' id='word_1_146' title='bbox 2231 544 2338 587; x_wconf 83' lang='lat' dir='ltr'><strong><em>mat</em></strong></span> <span class='ocrx_word' id='word_1_147' title='bbox 2366 532 2585 599; x_wconf 77' lang='lat' dir='ltr'><strong><em>Paulus,</em></strong></span> <span class='ocrx_word' id='word_1_148' title='bbox 2614 531 2705 587; x_wconf 85' lang='lat' dir='ltr'><strong><em>ubi</em></strong></span> <span class='ocrx_word' id='word_1_149' title='bbox 2743 532 2950 605; x_wconf 82' lang='lat' dir='ltr'><strong><em>subjicit</em></strong></span> <span class='ocrx_word' id='word_1_150' title='bbox 2981 547 3070 602; x_wconf 88' lang='lat' dir='ltr'><strong><em>per</em></strong></span> <span class='ocrx_word' id='word_1_151' title='bbox 3096 529 3356 589; x_wconf 73' lang='lat' dir='ltr'><strong><em>Christum</em></strong></span> <span class='ocrx_word' id='word_1_152' title='bbox 3382 543 3431 588; x_wconf 86' lang='lat' dir='ltr'><strong><em>et</em></strong></span> <span class='ocrx_word' id='word_1_153' title='bbox 3462 534 3522 588; x_wconf 89' lang='lat' dir='ltr'><strong><em>in</em></strong></span> <span class='ocrx_word' id='word_1_154' title='bbox 3560 530 3768 590; x_wconf 78' lang='lat' dir='ltr'><strong><em>Christo</em></strong></span> 
     </span>
    </p>
   </div>
   <div class='ocr_carea' id='block_1_21' title="bbox 2233 626 3766 699">
    <p class='ocr_par' dir='ltr' id='par_1_21' title="bbox 2233 626 3766 699">
     <span class='ocr_line' id='line_1_21' title="bbox 2233 626 3766 699; baseline 0 -18"><span class='ocrx_word' id='word_1_155' title='bbox 2233 636 2405 682; x_wconf 88' lang='lat' dir='ltr'><strong><em>creata</em></strong></span> <span class='ocrx_word' id='word_1_156' title='bbox 2435 635 2481 682; x_wconf 91' lang='lat' dir='ltr'><strong><em>et</em></strong></span> <span class='ocrx_word' id='word_1_157' title='bbox 2522 627 2854 682; x_wconf 84' lang='lat' dir='ltr'><strong><em>reconciliata</em></strong></span> <span class='ocrx_word' id='word_1_158' title='bbox 2878 641 2991 681; x_wconf 89' lang='lat' dir='ltr'><strong><em>esse</em></strong></span> <span class='ocrx_word' id='word_1_159' title='bbox 3014 626 3225 693; x_wconf 81' lang='lat' dir='ltr'><strong><em>omnia;</em></strong></span> <span class='ocrx_word' id='word_1_160' title='bbox 3262 635 3313 681; x_wconf 89' lang='lat' dir='ltr'><strong><em>et</em></strong></span> <span class='ocrx_word' id='word_1_161' title='bbox 3352 626 3412 680; x_wconf 85' lang='lat' dir='ltr'><strong><em>id</em></strong></span> <span class='ocrx_word' id='word_1_162' title='bbox 3438 626 3645 699; x_wconf 80' lang='lat' dir='ltr'><strong><em>quidem</em></strong></span> <span class='ocrx_word' id='word_1_163' title='bbox 3669 628 3766 696; x_wconf 88' lang='lat' dir='ltr'><strong><em>ita,</em></strong></span> 
     </span>
    </p>
   </div>
   <div class='ocr_carea' id='block_1_22' title="bbox 2232 719 3771 778">
    <p class='ocr_par' dir='ltr' id='par_1_22' title="bbox 2232 719 3771 778">
     <span class='ocr_line' id='line_1_22' title="bbox 2232 719 3771 778; baseline 0.003 -4"><span class='ocrx_word' id='word_1_164' title='bbox 2232 722 2368 775; x_wconf 89' lang='lat' dir='ltr'><strong><em>utin</em></strong></span> <span class='ocrx_word' id='word_1_165' title='bbox 2403 736 2462 776; x_wconf 90' lang='lat' dir='ltr'><strong><em>eo</em></strong></span> <span class='ocrx_word' id='word_1_166' title='bbox 2500 723 2862 777; x_wconf 80' lang='lat' dir='ltr'><strong><em>reconciliante</em></strong></span> <span class='ocrx_word' id='word_1_167' title='bbox 2893 721 3185 777; x_wconf 76' lang='lat' dir='ltr'><strong><em>reconciliet</em></strong></span> <span class='ocrx_word' id='word_1_168' title='bbox 3226 721 3400 776; x_wconf 83' lang='lat' dir='ltr'><strong><em>Pater.</em></strong></span> <span class='ocrx_word' id='word_1_169' title='bbox 3446 719 3670 777; x_wconf 71' lang='lat' dir='ltr'><strong><em>Domum</em></strong></span> <span class='ocrx_word' id='word_1_170' title='bbox 3710 725 3771 778; x_wconf 87' lang='lat' dir='ltr'><strong><em>in</em></strong></span> 
     </span>
    </p>
   </div>
   <div class='ocr_carea' id='block_1_23' title="bbox 2230 813 3765 887">
    <p class='ocr_par' dir='ltr' id='par_1_23' title="bbox 2230 813 3765 887">
     <span class='ocr_line' id='line_1_23' title="bbox 2230 813 3765 887; baseline 0.002 -20"><span class='ocrx_word' id='word_1_171' title='bbox 2230 830 2332 887; x_wconf 88' lang='lat' dir='ltr'><strong><em>quo</em></strong></span> <span class='ocrx_word' id='word_1_172' title='bbox 2376 815 2642 885; x_wconf 83' lang='lat' dir='ltr'><strong><em>plenitudo</em></strong></span> <span class='ocrx_word' id='word_1_173' title='bbox 2679 815 2959 869; x_wconf 78' lang='lat' dir='ltr'><strong><em>diuinitatis</em></strong></span> <span class='ocrx_word' id='word_1_174' title='bbox 2987 815 3321 887; x_wconf 82' lang='lat' dir='ltr'><strong><em>corporaliter</em></strong></span> <span class='ocrx_word' id='word_1_175' title='bbox 3348 813 3511 887; x_wconf 70' lang='lat'><strong><em>213</em></strong></span> <span class='ocrx_word' id='word_1_176' title='bbox 3531 856 3547 883; x_wconf 92' lang='lat'><strong><em>,</em></strong></span> <span class='ocrx_word' id='word_1_177' title='bbox 3578 816 3634 869; x_wconf 88' lang='lat' dir='ltr'><strong><em>id</em></strong></span> <span class='ocrx_word' id='word_1_178' title='bbox 3667 825 3765 882; x_wconf 89' lang='lat' dir='ltr'><strong><em>est,</em></strong></span> 
     </span>
    </p>
   </div>
   <div class='ocr_carea' id='block_1_24' title="bbox 2229 909 3772 982">
    <p class='ocr_par' dir='ltr' id='par_1_24' title="bbox 2229 909 3772 982">
     <span class='ocr_line' id='line_1_24' title="bbox 2229 909 3772 982; baseline 0.003 -19"><span class='ocrx_word' id='word_1_179' title='bbox 2229 925 2346 963; x_wconf 86' lang='lat' dir='ltr'><strong><em>vere</em></strong></span> <span class='ocrx_word' id='word_1_180' title='bbox 2376 920 2427 963; x_wconf 90' lang='lat' dir='ltr'><strong><em>et</em></strong></span> <span class='ocrx_word' id='word_1_181' title='bbox 2452 909 2858 965; x_wconf 81' lang='lat' dir='ltr'><strong><em>substantialiter</em></strong></span> <span class='ocrx_word' id='word_1_182' title='bbox 2878 909 3074 964; x_wconf 83' lang='lat' dir='ltr'><strong><em>habitat</em></strong></span> <span class='ocrx_word' id='word_1_183' title='bbox 3094 952 3109 977; x_wconf 91' lang='lat'><strong><em>,</em></strong></span> <span class='ocrx_word' id='word_1_184' title='bbox 3142 924 3244 965; x_wconf 88' lang='lat' dir='ltr'><strong><em>non</em></strong></span> <span class='ocrx_word' id='word_1_185' title='bbox 3264 919 3430 982; x_wconf 79' lang='lat' dir='ltr'><strong><em>potest</em></strong></span> <span class='ocrx_word' id='word_1_186' title='bbox 3458 926 3561 966; x_wconf 89' lang='lat' dir='ltr'><strong><em>non</em></strong></span> <span class='ocrx_word' id='word_1_187' title='bbox 3582 910 3772 967; x_wconf 82' lang='lat' dir='ltr'><strong><em>habere</em></strong></span> 
     </span>
    </p>
   </div>
   <div class='ocr_carea' id='block_1_25' title="bbox 2225 1001 3771 1074">
    <p class='ocr_par' dir='ltr' id='par_1_25' title="bbox 2225 1001 3771 1074">
     <span class='ocr_line' id='line_1_25' title="bbox 2225 1001 3771 1074; baseline 0.003 -19"><span class='ocrx_word' id='word_1_188' title='bbox 2225 1003 2368 1073; x_wconf 80' lang='lat' dir='ltr'><strong><em>quod</em></strong></span> <span class='ocrx_word' id='word_1_189' title='bbox 2383 1001 2523 1057; x_wconf 79' lang='lat' dir='ltr'><strong><em>Deus</em></strong></span> <span class='ocrx_word' id='word_1_190' title='bbox 2540 1013 2629 1071; x_wconf 87' lang='lat' dir='ltr'><strong><em>est,</em></strong></span> <span class='ocrx_word' id='word_1_191' title='bbox 2648 1013 2694 1057; x_wconf 90' lang='lat' dir='ltr'><strong><em>et</em></strong></span> <span class='ocrx_word' id='word_1_192' title='bbox 2716 1004 2926 1074; x_wconf 80' lang='lat' dir='ltr'><strong><em>perinde</em></strong></span> <span class='ocrx_word' id='word_1_193' title='bbox 2936 1012 3158 1059; x_wconf 83' lang='lat' dir='ltr'><strong><em>unusest</em></strong></span> <span class='ocrx_word' id='word_1_194' title='bbox 3171 1018 3285 1057; x_wconf 84' lang='lat' dir='ltr'><strong><em>cum</em></strong></span> <span class='ocrx_word' id='word_1_195' title='bbox 3302 1019 3365 1059; x_wconf 91' lang='lat' dir='ltr'><strong><em>eo</em></strong></span> <span class='ocrx_word' id='word_1_196' title='bbox 3377 1002 3537 1060; x_wconf 83' lang='lat' dir='ltr'><strong><em>Deus.</em></strong></span> <span class='ocrx_word' id='word_1_197' title='bbox 3555 1004 3640 1059; x_wconf 81' lang='lat' dir='ltr'><strong><em>Ita</em></strong></span> <span class='ocrx_word' id='word_1_198' title='bbox 3651 1020 3771 1060; x_wconf 88' lang='lat' dir='ltr'><strong><em>vero</em></strong></span> 
     </span>
    </p>
   </div>
   <div class='ocr_carea' id='block_1_26' title="bbox 2226 1095 3771 1157">
    <p class='ocr_par' dir='ltr' id='par_1_26' title="bbox 2226 1095 3771 1157">
     <span class='ocr_line' id='line_1_26' title="bbox 2226 1095 3771 1157; baseline 0.003 -5"><span class='ocrx_word' id='word_1_199' title='bbox 2226 1098 2282 1152; x_wconf 88' lang='lat' dir='ltr'><strong><em>in</em></strong></span> <span class='ocrx_word' id='word_1_200' title='bbox 2300 1096 2384 1151; x_wconf 73' lang='lat' dir='ltr'><strong><em>his</em></strong></span> <span class='ocrx_word' id='word_1_201' title='bbox 2396 1099 2630 1153; x_wconf 82' lang='lat' dir='ltr'><strong><em>omnibus</em></strong></span> <span class='ocrx_word' id='word_1_202' title='bbox 2647 1095 2772 1153; x_wconf 81' lang='lat' dir='ltr'><strong><em>Filii</em></strong></span> <span class='ocrx_word' id='word_1_203' title='bbox 2783 1112 2901 1155; x_wconf 80' lang='lat' dir='ltr'><strong><em>cum</em></strong></span> <span class='ocrx_word' id='word_1_204' title='bbox 2925 1097 3085 1153; x_wconf 88' lang='lat' dir='ltr'><strong><em>Patre</em></strong></span> <span class='ocrx_word' id='word_1_205' title='bbox 3102 1101 3350 1154; x_wconf 79' lang='lat' dir='ltr'><strong><em>unitatem</em></strong></span> <span class='ocrx_word' id='word_1_206' title='bbox 3370 1101 3658 1156; x_wconf 76' lang='lat' dir='ltr'><strong><em>naturalem</em></strong></span> <span class='ocrx_word' id='word_1_207' title='bbox 3676 1102 3771 1157; x_wconf 82' lang='lat' dir='ltr'><strong><em>de-</em></strong></span> 
     </span>
    </p>
   </div>
   <div class='ocr_carea' id='block_1_27' title="bbox 2228 1192 3767 1263">
    <p class='ocr_par' dir='ltr' id='par_1_27' title="bbox 2228 1192 3767 1263">
     <span class='ocr_line' id='line_1_27' title="bbox 2228 1192 3767 1263; baseline 0.003 -17"><span class='ocrx_word' id='word_1_208' title='bbox 2228 1200 2477 1246; x_wconf 78' lang='lat' dir='ltr'><strong><em>monstrat</em></strong></span> <span class='ocrx_word' id='word_1_209' title='bbox 2498 1202 2553 1246; x_wconf 89' lang='lat' dir='ltr'><strong><em>ut</em></strong></span> <span class='ocrx_word' id='word_1_210' title='bbox 2568 1193 2762 1263; x_wconf 86' lang='lat' dir='ltr'><strong><em>pariter</em></strong></span> <span class='ocrx_word' id='word_1_211' title='bbox 2776 1192 3016 1247; x_wconf 86' lang='lat' dir='ltr'><strong><em>adstruat</em></strong></span> <span class='ocrx_word' id='word_1_212' title='bbox 3027 1206 3361 1263; x_wconf 82' lang='lat' dir='ltr'><strong><em>personarum</em></strong></span> <span class='ocrx_word' id='word_1_213' title='bbox 3375 1194 3767 1250; x_wconf 78' lang='lat' dir='ltr'><strong><em>distinctionem.</em></strong></span> 
     </span>
    </p>
   </div>
   <div class='ocr_carea' id='block_1_28' title="bbox 2230 1294 3771 1369">
    <p class='ocr_par' dir='ltr' id='par_1_28' title="bbox 2230 1294 3771 1369">
     <span class='ocr_line' id='line_1_28' title="bbox 2230 1294 3771 1369; baseline 0.001 -17"><span class='ocrx_word' id='word_1_214' title='bbox 2230 1297 2285 1352; x_wconf 76' lang='lat' dir='ltr'><strong><em>l.</em></strong></span> <span class='ocrx_word' id='word_1_215' title='bbox 2321 1295 2611 1367; x_wconf 79' lang='lat' dir='ltr'><strong><em>EpiscOpus</em></strong></span> <span class='ocrx_word' id='word_1_216' title='bbox 2624 1307 2671 1351; x_wconf 92' lang='lat' dir='ltr'><strong><em>et</em></strong></span> <span class='ocrx_word' id='word_1_217' title='bbox 2694 1296 2809 1367; x_wconf 87' lang='lat' dir='ltr'><strong><em>pius</em></strong></span> <span class='ocrx_word' id='word_1_218' title='bbox 2831 1297 2975 1352; x_wconf 85' lang='lat' dir='ltr'><strong><em>debet</em></strong></span> <span class='ocrx_word' id='word_1_219' title='bbox 2997 1313 3100 1353; x_wconf 83' lang='lat' dir='ltr'><strong><em>esse</em></strong></span> <span class='ocrx_word' id='word_1_220' title='bbox 3126 1307 3171 1351; x_wconf 91' lang='lat' dir='ltr'><strong><em>et</em></strong></span> <span class='ocrx_word' id='word_1_221' title='bbox 3194 1300 3391 1354; x_wconf 88' lang='lat' dir='ltr'><strong><em>doctus.</em></strong></span> <span class='ocrx_word' id='word_1_222' title='bbox 3416 1296 3522 1353; x_wconf 88' lang='lat' dir='ltr'><strong><em>Cur</em></strong></span> <span class='ocrx_word' id='word_1_223' title='bbox 3550 1294 3771 1369; x_wconf 84' lang='lat' dir='ltr'><strong><em>Episco-</em></strong></span> 
     </span>
    </p>
   </div>
   <div class='ocr_carea' id='block_1_29' title="bbox 2157 1384 3768 1462">
    <p class='ocr_par' dir='ltr' id='par_1_29' title="bbox 2157 1384 3768 1462">
     <span class='ocr_line' id='line_1_29' title="bbox 2157 1384 3768 1462; baseline 0.001 -20"><span class='ocrx_word' id='word_1_224' title='bbox 2157 1404 2251 1461; x_wconf 89' lang='lat' dir='ltr'><strong><em>pus</em></strong></span> <span class='ocrx_word' id='word_1_225' title='bbox 2269 1399 2315 1443; x_wconf 89' lang='lat' dir='ltr'><strong><em>et</em></strong></span> <span class='ocrx_word' id='word_1_226' title='bbox 2339 1387 2500 1443; x_wconf 87' lang='lat' dir='ltr'><strong><em>bonus</em></strong></span> <span class='ocrx_word' id='word_1_227' title='bbox 2526 1400 2570 1444; x_wconf 93' lang='lat' dir='ltr'><strong><em>et</em></strong></span> <span class='ocrx_word' id='word_1_228' title='bbox 2591 1389 2773 1443; x_wconf 91' lang='lat' dir='ltr'><strong><em>doctus</em></strong></span> <span class='ocrx_word' id='word_1_229' title='bbox 2794 1404 2903 1443; x_wconf 90' lang='lat' dir='ltr'><strong><em>esse</em></strong></span> <span class='ocrx_word' id='word_1_230' title='bbox 2922 1386 3116 1443; x_wconf 87' lang='lat' dir='ltr'><strong><em>debeat.</em></strong></span> <span class='ocrx_word' id='word_1_231' title='bbox 3133 1384 3381 1443; x_wconf 81' lang='lat' dir='ltr'><strong><em>Prtevidit</em></strong></span> <span class='ocrx_word' id='word_1_232' title='bbox 3401 1386 3602 1444; x_wconf 86' lang='lat' dir='ltr'><strong><em>Paulus</em></strong></span> <span class='ocrx_word' id='word_1_233' title='bbox 3623 1394 3736 1462; x_wconf 81' lang='lat' dir='ltr'><strong><em>[ore</em></strong></span> <span class='ocrx_word' id='word_1_234' title='bbox 3750 1432 3768 1459; x_wconf 83' lang='lat'><strong><em>,</em></strong></span> 
     </span>
    </p>
   </div>
   <div class='ocr_carea' id='block_1_30' title="bbox 2155 1479 3770 1553">
    <p class='ocr_par' dir='ltr' id='par_1_30' title="bbox 2155 1479 3770 1553">
     <span class='ocr_line' id='line_1_30' title="bbox 2155 1479 3770 1553; baseline 0.003 -20"><span class='ocrx_word' id='word_1_235' title='bbox 2155 1481 2336 1550; x_wconf 86' lang='lat' dir='ltr'><strong><em>quibus</em></strong></span> <span class='ocrx_word' id='word_1_236' title='bbox 2386 1491 2640 1536; x_wconf 86' lang='lat' dir='ltr'><strong><em>teneretur</em></strong></span> <span class='ocrx_word' id='word_1_237' title='bbox 2684 1479 2972 1553; x_wconf 80' lang='lat' dir='ltr'><strong><em>Episcopus</em></strong></span> <span class='ocrx_word' id='word_1_238' title='bbox 3023 1481 3393 1536; x_wconf 87' lang='lat' dir='ltr'><strong><em>contradicere.</em></strong></span> <span class='ocrx_word' id='word_1_239' title='bbox 3443 1513 3513 1522; x_wconf 96' lang='lat'>—</span> <span class='ocrx_word' id='word_1_240' title='bbox 3568 1482 3770 1539; x_wconf 85' lang='lat' dir='ltr'><strong><em>Beatus</em></strong></span> 
     </span>
    </p>
   </div>
   <div class='ocr_carea' id='block_1_31' title="bbox 2155 1571 3771 1647">
    <p class='ocr_par' dir='ltr' id='par_1_31' title="bbox 2155 1571 3771 1647">
     <span class='ocr_line' id='line_1_31' title="bbox 2155 1571 3771 1647; baseline 0.002 -20"><span class='ocrx_word' id='word_1_241' title='bbox 2155 1572 2431 1644; x_wconf 87' lang='lat' dir='ltr'><strong><em>apostolus</em></strong></span> <span class='ocrx_word' id='word_1_242' title='bbox 2500 1571 2698 1629; x_wconf 83' lang='lat' dir='ltr'><strong><em>Paulus</em></strong></span> <span class='ocrx_word' id='word_1_243' title='bbox 2763 1572 2995 1629; x_wconf 84' lang='lat' dir='ltr'><strong><em>formam</em></strong></span> <span class='ocrx_word' id='word_1_244' title='bbox 3070 1573 3437 1631; x_wconf 84' lang='lat' dir='ltr'><strong><em>conStituendi</em></strong></span> <span class='ocrx_word' id='word_1_245' title='bbox 3504 1572 3771 1647; x_wconf 85' lang='lat' dir='ltr'><strong><em>Episcopi</em></strong></span> 
     </span>
    </p>
   </div>
   <div class='ocr_carea' id='block_1_32' title="bbox 2157 1664 3774 1739">
    <p class='ocr_par' dir='ltr' id='par_1_32' title="bbox 2157 1664 3774 1739">
     <span class='ocr_line' id='line_1_32' title="bbox 2157 1664 3774 1739; baseline 0.003 -19"><span class='ocrx_word' id='word_1_246' title='bbox 2157 1667 2367 1737; x_wconf 84' lang='lat' dir='ltr'><strong><em>ﬁngens</em></strong></span> <span class='ocrx_word' id='word_1_247' title='bbox 2416 1664 2497 1737; x_wconf 81' lang='lat' dir='ltr'><strong><em>(i)</em></strong></span> <span class='ocrx_word' id='word_1_248' title='bbox 2547 1666 2625 1739; x_wconf 80' lang='grc' dir='ltr'>(α)</span> <span class='ocrx_word' id='word_1_249' title='bbox 2645 1709 2660 1735; x_wconf 89' lang='grc'>,</span> <span class='ocrx_word' id='word_1_250' title='bbox 2723 1675 2780 1723; x_wconf 90' lang='lat' dir='ltr'><strong><em>et</em></strong></span> <span class='ocrx_word' id='word_1_251' title='bbox 2803 1666 2965 1739; x_wconf 88' lang='lat' dir='ltr'><strong><em>plane</em></strong></span> <span class='ocrx_word' id='word_1_252' title='bbox 2986 1680 3183 1723; x_wconf 81' lang='lat' dir='ltr'><strong><em>novum</em></strong></span> <span class='ocrx_word' id='word_1_253' title='bbox 3208 1667 3466 1724; x_wconf 69' lang='lat' dir='ltr'><strong><em>Ecclesia:</em></strong></span> <span class='ocrx_word' id='word_1_254' title='bbox 3492 1664 3774 1725; x_wconf 80' lang='lat' dir='ltr'><strong><em>hominem</em></strong></span> 
     </span>
    </p>
   </div>
   <div class='ocr_carea' id='block_1_33' title="bbox 511 1756 2059 1836">
    <p class='ocr_par' dir='ltr' id='par_1_33' title="bbox 511 1756 2052 1833">
     <span class='ocr_line' id='line_1_33' title="bbox 511 1756 2052 1833; baseline -0.009 -9"><span class='ocrx_word' id='word_1_255' title='bbox 511 1771 653 1825; x_wconf 85' lang='lat' dir='ltr'><strong><em>illius</em></strong></span> <span class='ocrx_word' id='word_1_256' title='bbox 679 1782 884 1822; x_wconf 86' lang='lat' dir='ltr'><strong><em>carnem</em></strong></span> <span class='ocrx_word' id='word_1_257' title='bbox 926 1780 988 1818; x_wconf 88' lang='lat' dir='ltr'><strong><em>ac</em></strong></span> <span class='ocrx_word' id='word_1_258' title='bbox 1016 1761 1315 1833; x_wconf 87' lang='lat' dir='ltr'><strong><em>sanguinem</em></strong></span> <span class='ocrx_word' id='word_1_259' title='bbox 1345 1759 1614 1815; x_wconf 85' lang='lat' dir='ltr'><strong><em>sumimus.</em></strong></span> <span class='ocrx_word' id='word_1_260' title='bbox 1659 1756 1841 1827; x_wconf 85' lang='lat' dir='ltr'><strong><em>Neque</em></strong></span> <span class='ocrx_word' id='word_1_261' title='bbox 1868 1756 1953 1811; x_wconf 88' lang='lat' dir='ltr'><strong><em>hic</em></strong></span> <span class='ocrx_word' id='word_1_262' title='bbox 1975 1766 2052 1810; x_wconf 80' lang='lat' dir='ltr'><strong><em>ta-</em></strong></span> 
     </span>
    </p>
   </div>
   <div class='ocr_carea' id='block_1_34' title="bbox 2180 1756 3777 1836">
    <p class='ocr_par' dir='ltr' id='par_1_34' title="bbox 2180 1758 3777 1836">
     <span class='ocr_line' id='line_1_34' title="bbox 2180 1758 3777 1836; baseline 0.002 -21"><span class='ocrx_word' id='word_1_263' title='bbox 2180 1761 2441 1831; x_wconf 72' lang='lat' dir='ltr'><strong><em>irmceptis</em></strong></span> <span class='ocrx_word' id='word_1_264' title='bbox 2467 1760 2579 1816; x_wconf 89' lang='lat' dir='ltr'><strong><em>suis</em></strong></span> <span class='ocrx_word' id='word_1_265' title='bbox 2600 1760 2862 1830; x_wconf 86' lang='lat' dir='ltr'><strong><em>condens,</em></strong></span> <span class='ocrx_word' id='word_1_266' title='bbox 2885 1758 3027 1818; x_wconf 85' lang='lat' dir='ltr'><strong><em>hanc</em></strong></span> <span class='ocrx_word' id='word_1_267' title='bbox 3052 1762 3216 1818; x_wconf 79' lang='lat' dir='ltr'><strong><em>veluti</em></strong></span> <span class='ocrx_word' id='word_1_268' title='bbox 3240 1776 3504 1818; x_wconf 91' lang='lat' dir='ltr'><strong><em>summam</em></strong></span> <span class='ocrx_word' id='word_1_269' title='bbox 3536 1762 3613 1836; x_wconf 89' lang='lat' dir='ltr'><strong><em>(b)</em></strong></span> <span class='ocrx_word' id='word_1_270' title='bbox 3640 1774 3777 1818; x_wconf 85' lang='lat' dir='ltr'><strong><em>con—</em></strong></span> 
     </span>
    </p>
   </div>
   <div class='ocr_carea' id='block_1_35' title="bbox 515 1849 2058 1922">
    <p class='ocr_par' dir='ltr' id='par_1_35' title="bbox 515 1849 2058 1922">
     <span class='ocr_line' id='line_1_35' title="bbox 515 1849 2058 1922; baseline -0.01 -6"><span class='ocrx_word' id='word_1_271' title='bbox 515 1872 656 1918; x_wconf 88' lang='lat' dir='ltr'><strong><em>cetur</em></strong></span> <span class='ocrx_word' id='word_1_272' title='bbox 680 1856 995 1915; x_wconf 86' lang='lat' dir='ltr'><strong><em>incredibilis</em></strong></span> <span class='ocrx_word' id='word_1_273' title='bbox 1020 1855 1380 1910; x_wconf 65' lang='lat' dir='ltr'><strong><em>haereticorum</em></strong></span> <span class='ocrx_word' id='word_1_274' title='bbox 1407 1849 1689 1917; x_wconf 83' lang='lat' dir='ltr'><strong><em>calumnia,</em></strong></span> <span class='ocrx_word' id='word_1_275' title='bbox 1715 1849 1865 1918; x_wconf 86' lang='lat' dir='ltr'><strong><em>vulgo</em></strong></span> <span class='ocrx_word' id='word_1_276' title='bbox 1892 1849 2058 1922; x_wconf 86' lang='lat' dir='ltr'><strong><em>jacti-</em></strong></span> 
     </span>
    </p>
   </div>
   <div class='ocr_carea' id='block_1_36' title="bbox 516 1942 2052 2013">
    <p class='ocr_par' dir='ltr' id='par_1_36' title="bbox 516 1942 2052 2013">
     <span class='ocr_line' id='line_1_36' title="bbox 516 1942 2052 2013; baseline -0.01 -4"><span class='ocrx_word' id='word_1_277' title='bbox 516 1953 738 2009; x_wconf 88' lang='lat' dir='ltr'><strong><em>tantium</em></strong></span> <span class='ocrx_word' id='word_1_278' title='bbox 770 1949 981 2005; x_wconf 88' lang='lat' dir='ltr'><strong><em>Patrem</em></strong></span> <span class='ocrx_word' id='word_1_279' title='bbox 1008 1956 1056 2002; x_wconf 88' lang='lat' dir='ltr'><strong><em>et</em></strong></span> <span class='ocrx_word' id='word_1_280' title='bbox 1087 1945 1287 2000; x_wconf 82' lang='lat' dir='ltr'><strong><em>Filium</em></strong></span> <span class='ocrx_word' id='word_1_281' title='bbox 1317 1944 1379 1999; x_wconf 92' lang='lat' dir='ltr'><strong><em>ab</em></strong></span> <span class='ocrx_word' id='word_1_282' title='bbox 1410 1944 1476 1998; x_wconf 86' lang='lat' dir='ltr'><strong><em>iis</em></strong></span> <span class='ocrx_word' id='word_1_283' title='bbox 1500 1942 1762 1997; x_wconf 82' lang='lat' dir='ltr'><strong><em>discordes</em></strong></span> <span class='ocrx_word' id='word_1_284' title='bbox 1788 1942 2052 2013; x_wconf 63' lang='lat' dir='ltr'><strong><em>inﬁrmari,</em></strong></span> 
     </span>
    </p>
   </div>
   <div class='ocr_carea' id='block_1_37' title="bbox 512 2038 2054 2120">
    <p class='ocr_par' dir='ltr' id='par_1_37' title="bbox 512 2038 2054 2120">
     <span class='ocr_line' id='line_1_37' title="bbox 512 2038 2054 2120; baseline -0.008 -18"><span class='ocrx_word' id='word_1_285' title='bbox 512 2048 603 2120; x_wconf 86' lang='lat' dir='ltr'><strong><em>qui</em></strong></span> <span class='ocrx_word' id='word_1_286' title='bbox 628 2046 824 2101; x_wconf 86' lang='lat' dir='ltr'><strong><em>nudam</em></strong></span> <span class='ocrx_word' id='word_1_287' title='bbox 850 2043 993 2099; x_wconf 89' lang='lat' dir='ltr'><strong><em>illam</em></strong></span> <span class='ocrx_word' id='word_1_288' title='bbox 1023 2039 1298 2096; x_wconf 82' lang='lat' dir='ltr'><strong><em>voluntatis</em></strong></span> <span class='ocrx_word' id='word_1_289' title='bbox 1317 2038 1643 2093; x_wconf 85' lang='lat' dir='ltr'><strong><em>concordiam</em></strong></span> <span class='ocrx_word' id='word_1_290' title='bbox 1664 2054 1764 2092; x_wconf 91' lang='lat' dir='ltr'><strong><em>non</em></strong></span> <span class='ocrx_word' id='word_1_291' title='bbox 1782 2038 2054 2107; x_wconf 87' lang='lat' dir='ltr'><strong><em>recipiunt.</em></strong></span> 
     </span>
    </p>
   </div>
   <div class='ocr_carea' id='block_1_38' title="bbox 447 2128 2059 2211">
    <p class='ocr_par' dir='ltr' id='par_1_38' title="bbox 447 2128 2059 2211">
     <span class='ocr_line' id='line_1_38' title="bbox 447 2128 2059 2211; baseline -0.011 -13"><span class='ocrx_word' id='word_1_292' title='bbox 447 2139 702 2211; x_wconf 85' lang='lat' dir='ltr'><strong><em>Deinceps</em></strong></span> <span class='ocrx_word' id='word_1_293' title='bbox 750 2138 1041 2193; x_wconf 87' lang='lat' dir='ltr'><strong><em>naturalem</em></strong></span> <span class='ocrx_word' id='word_1_294' title='bbox 1091 2134 1355 2203; x_wconf 86' lang='lat' dir='ltr'><strong><em>utriusque</em></strong></span> <span class='ocrx_word' id='word_1_295' title='bbox 1395 2132 1637 2186; x_wconf 88' lang='lat' dir='ltr'><strong><em>unitatem</em></strong></span> <span class='ocrx_word' id='word_1_296' title='bbox 1695 2129 1927 2202; x_wconf 85' lang='lat' dir='ltr'><strong><em>pluribus</em></strong></span> <span class='ocrx_word' id='word_1_297' title='bbox 1970 2128 2059 2183; x_wconf 87' lang='lat' dir='ltr'><strong><em>de-</em></strong></span> 
     </span>
    </p>
   </div>
   <div class='ocr_carea' id='block_1_39' title="bbox 517 2223 2059 2297">
    <p class='ocr_par' dir='ltr' id='par_1_39' title="bbox 517 2223 2059 2297">
     <span class='ocr_line' id='line_1_39' title="bbox 517 2223 2059 2297; baseline -0.01 -8"><span class='ocrx_word' id='word_1_298' title='bbox 517 2239 807 2289; x_wconf 83' lang='lat' dir='ltr'><strong><em>monstrat:</em></strong></span> <span class='ocrx_word' id='word_1_299' title='bbox 859 2228 1081 2294; x_wconf 89' lang='lat' dir='ltr'><strong><em>Primo,</em></strong></span> <span class='ocrx_word' id='word_1_300' title='bbox 1130 2226 1252 2297; x_wconf 91' lang='lat' dir='ltr'><strong><em>quia</em></strong></span> <span class='ocrx_word' id='word_1_301' title='bbox 1313 2223 1544 2296; x_wconf 87' lang='lat' dir='ltr'><strong><em>Spiritus</em></strong></span> <span class='ocrx_word' id='word_1_302' title='bbox 1579 2231 1821 2288; x_wconf 83' lang='lat' dir='ltr'><strong><em>sanctus,</em></strong></span> <span class='ocrx_word' id='word_1_303' title='bbox 1868 2236 1984 2276; x_wconf 88' lang='lat' dir='ltr'><strong><em>cum</em></strong></span> <span class='ocrx_word' id='word_1_304' title='bbox 2025 2236 2059 2275; x_wconf 90' lang='lat' dir='ltr'><strong><em>a</em></strong></span> 
     </span>
    </p>
   </div>
   <div class='ocr_carea' id='block_1_40' title="bbox 517 2313 2056 2396">
    <p class='ocr_par' dir='ltr' id='par_1_40' title="bbox 517 2313 2056 2396">
     <span class='ocr_line' id='line_1_40' title="bbox 517 2313 2056 2396; baseline -0.009 -15"><span class='ocrx_word' id='word_1_305' title='bbox 517 2324 677 2381; x_wconf 83' lang='lat' dir='ltr'><strong><em>Patre</em></strong></span> <span class='ocrx_word' id='word_1_306' title='bbox 707 2321 974 2396; x_wconf 88' lang='lat' dir='ltr'><strong><em>procedat,</em></strong></span> <span class='ocrx_word' id='word_1_307' title='bbox 1007 2336 1039 2373; x_wconf 93' lang='lat' dir='ltr'><strong><em>a</em></strong></span> <span class='ocrx_word' id='word_1_308' title='bbox 1073 2316 1220 2373; x_wconf 87' lang='lat' dir='ltr'><strong><em>Filio</em></strong></span> <span class='ocrx_word' id='word_1_309' title='bbox 1250 2326 1419 2373; x_wconf 87' lang='lat' dir='ltr'><strong><em>tamen</em></strong></span> <span class='ocrx_word' id='word_1_310' title='bbox 1450 2325 1497 2370; x_wconf 88' lang='lat' dir='ltr'><strong><em>et</em></strong></span> <span class='ocrx_word' id='word_1_311' title='bbox 1525 2316 1747 2369; x_wconf 78' lang='lat' dir='ltr'><strong><em>mittitur</em></strong></span> <span class='ocrx_word' id='word_1_312' title='bbox 1767 2323 1814 2368; x_wconf 93' lang='lat' dir='ltr'><strong><em>et</em></strong></span> <span class='ocrx_word' id='word_1_313' title='bbox 1834 2313 2056 2383; x_wconf 85' lang='lat' dir='ltr'><strong><em>accipit;</em></strong></span> 
     </span>
    </p>
   </div>
   <div class='ocr_carea' id='block_1_41' title="bbox 514 2402 2058 2485">
    <p class='ocr_par' dir='ltr' id='par_1_41' title="bbox 514 2402 2058 2485">
     <span class='ocr_line' id='line_1_41' title="bbox 514 2402 2058 2485; baseline -0.01 -10"><span class='ocrx_word' id='word_1_314' title='bbox 514 2428 563 2475; x_wconf 87' lang='lat' dir='ltr'><strong><em>et</em></strong></span> <span class='ocrx_word' id='word_1_315' title='bbox 601 2418 698 2473; x_wconf 88' lang='lat' dir='ltr'><strong><em>hoc</em></strong></span> <span class='ocrx_word' id='word_1_316' title='bbox 732 2415 959 2485; x_wconf 83' lang='lat' dir='ltr'><strong><em>quidem,</em></strong></span> <span class='ocrx_word' id='word_1_317' title='bbox 998 2413 1119 2483; x_wconf 86' lang='lat' dir='ltr'><strong><em>quia</em></strong></span> <span class='ocrx_word' id='word_1_318' title='bbox 1152 2412 1317 2483; x_wconf 86' lang='lat' dir='ltr'><strong><em>ipsius</em></strong></span> <span class='ocrx_word' id='word_1_319' title='bbox 1358 2418 1472 2463; x_wconf 90' lang='lat' dir='ltr'><strong><em>sunt</em></strong></span> <span class='ocrx_word' id='word_1_320' title='bbox 1514 2408 1686 2462; x_wconf 85' lang='lat' dir='ltr'><strong><em>omnia</em></strong></span> <span class='ocrx_word' id='word_1_321' title='bbox 1725 2422 1839 2479; x_wconf 78' lang='lat' dir='ltr'><strong><em>qua:</em></strong></span> <span class='ocrx_word' id='word_1_322' title='bbox 1879 2402 2058 2460; x_wconf 87' lang='lat' dir='ltr'><strong><em>Patris</em></strong></span> 
     </span>
    </p>
   </div>
   <div class='ocr_carea' id='block_1_42' title="bbox 511 2500 2057 2575">
    <p class='ocr_par' dir='ltr' id='par_1_42' title="bbox 511 2500 2057 2575">
     <span class='ocr_line' id='line_1_42' title="bbox 511 2500 2057 2575; baseline -0.008 -8"><span class='ocrx_word' id='word_1_323' title='bbox 511 2514 649 2567; x_wconf 85' lang='lat' dir='ltr'><strong><em>sunt.</em></strong></span> <span class='ocrx_word' id='word_1_324' title='bbox 698 2510 972 2572; x_wconf 87' lang='lat' dir='ltr'><strong><em>Secundo,</em></strong></span> <span class='ocrx_word' id='word_1_325' title='bbox 1023 2506 1145 2575; x_wconf 89' lang='lat' dir='ltr'><strong><em>quia</em></strong></span> <span class='ocrx_word' id='word_1_326' title='bbox 1189 2503 1367 2559; x_wconf 86' lang='lat' dir='ltr'><strong><em>Patris</em></strong></span> <span class='ocrx_word' id='word_1_327' title='bbox 1411 2511 1459 2557; x_wconf 90' lang='lat' dir='ltr'><strong><em>et</em></strong></span> <span class='ocrx_word' id='word_1_328' title='bbox 1507 2500 1637 2556; x_wconf 79' lang='lat' dir='ltr'><strong><em>Filii</em></strong></span> <span class='ocrx_word' id='word_1_329' title='bbox 1690 2501 1762 2555; x_wconf 90' lang='lat' dir='ltr'><strong><em>ita</em></strong></span> <span class='ocrx_word' id='word_1_330' title='bbox 1810 2514 1946 2555; x_wconf 84' lang='lat' dir='ltr'><strong><em>unus</em></strong></span> <span class='ocrx_word' id='word_1_331' title='bbox 1982 2508 2057 2555; x_wconf 86' lang='lat' dir='ltr'><strong><em>est</em></strong></span> 
     </span>
    </p>
   </div>
   <div class='ocr_carea' id='block_1_43' title="bbox 516 2596 2057 2678">
    <p class='ocr_par' dir='ltr' id='par_1_43' title="bbox 516 2596 2057 2678">
     <span class='ocr_line' id='line_1_43' title="bbox 516 2596 2057 2678; baseline -0.008 -16"><span class='ocrx_word' id='word_1_332' title='bbox 516 2606 770 2678; x_wconf 87' lang='lat' dir='ltr'><strong><em>Spiritus,</em></strong></span> <span class='ocrx_word' id='word_1_333' title='bbox 807 2613 867 2658; x_wconf 92' lang='lat' dir='ltr'><strong><em>ut</em></strong></span> <span class='ocrx_word' id='word_1_334' title='bbox 906 2602 1139 2672; x_wconf 82' lang='lat' dir='ltr'><strong><em>Spiritus</em></strong></span> <span class='ocrx_word' id='word_1_335' title='bbox 1181 2597 1374 2654; x_wconf 87' lang='lat' dir='ltr'><strong><em>Christi</em></strong></span> <span class='ocrx_word' id='word_1_336' title='bbox 1410 2596 1603 2651; x_wconf 81' lang='lat' dir='ltr'><strong><em>habitet</em></strong></span> <span class='ocrx_word' id='word_1_337' title='bbox 1642 2597 1697 2651; x_wconf 88' lang='lat' dir='ltr'><strong><em>in</em></strong></span> <span class='ocrx_word' id='word_1_338' title='bbox 1738 2597 1902 2659; x_wconf 88' lang='lat' dir='ltr'><strong><em>nobis,</em></strong></span> <span class='ocrx_word' id='word_1_339' title='bbox 1938 2610 2057 2651; x_wconf 87' lang='lat' dir='ltr'><strong><em>cum</em></strong></span> 
     </span>
    </p>
   </div>
   <div class='ocr_carea' id='block_1_44' title="bbox 515 2688 2060 2767">
    <p class='ocr_par' dir='ltr' id='par_1_44' title="bbox 515 2688 2060 2767">
     <span class='ocr_line' id='line_1_44' title="bbox 515 2688 2060 2767; baseline -0.008 -13"><span class='ocrx_word' id='word_1_340' title='bbox 515 2700 570 2754; x_wconf 86' lang='lat' dir='ltr'><strong><em>in</em></strong></span> <span class='ocrx_word' id='word_1_341' title='bbox 606 2697 754 2752; x_wconf 86' lang='lat' dir='ltr'><strong><em>nobis</em></strong></span> <span class='ocrx_word' id='word_1_342' title='bbox 786 2705 862 2750; x_wconf 88' lang='lat' dir='ltr'><strong><em>est</em></strong></span> <span class='ocrx_word' id='word_1_343' title='bbox 899 2694 1130 2767; x_wconf 85' lang='lat' dir='ltr'><strong><em>Spiritus</em></strong></span> <span class='ocrx_word' id='word_1_344' title='bbox 1166 2689 1283 2746; x_wconf 88' lang='lat' dir='ltr'><strong><em>Dei.</em></strong></span> <span class='ocrx_word' id='word_1_345' title='bbox 1316 2689 1512 2754; x_wconf 86' lang='lat' dir='ltr'><strong><em>Tertio,</em></strong></span> <span class='ocrx_word' id='word_1_346' title='bbox 1548 2689 1669 2759; x_wconf 72' lang='lat' dir='ltr'><strong><em>quia</em></strong></span> <span class='ocrx_word' id='word_1_347' title='bbox 1700 2688 1813 2743; x_wconf 79' lang='lat' dir='ltr'><strong><em>sine</em></strong></span> <span class='ocrx_word' id='word_1_348' title='bbox 1847 2688 2060 2742; x_wconf 76' lang='lat' dir='ltr'><strong><em>anathe—</em></strong></span> 
     </span>
    </p>
   </div>
   <div class='ocr_carea' id='block_1_45' title="bbox 513 2780 2057 2857">
    <p class='ocr_par' dir='ltr' id='par_1_45' title="bbox 513 2780 2057 2857">
     <span class='ocr_line' id='line_1_45' title="bbox 513 2780 2057 2857; baseline -0.006 -12"><span class='ocrx_word' id='word_1_349' title='bbox 513 2800 650 2846; x_wconf 84' lang='lat' dir='ltr'><strong><em>male</em></strong></span> <span class='ocrx_word' id='word_1_350' title='bbox 686 2798 827 2855; x_wconf 88' lang='lat' dir='ltr'><strong><em>sunt,</em></strong></span> <span class='ocrx_word' id='word_1_351' title='bbox 867 2789 956 2857; x_wconf 88' lang='lat' dir='ltr'><strong><em>qui</em></strong></span> <span class='ocrx_word' id='word_1_352' title='bbox 989 2784 1195 2841; x_wconf 82' lang='lat' dir='ltr'><strong><em>Christo</em></strong></span> <span class='ocrx_word' id='word_1_353' title='bbox 1236 2783 1432 2839; x_wconf 90' lang='lat' dir='ltr'><strong><em>cultum</em></strong></span> <span class='ocrx_word' id='word_1_354' title='bbox 1472 2782 1798 2848; x_wconf 71' lang='lat' dir='ltr'><strong><em>exhibeant;</em></strong></span> <span class='ocrx_word' id='word_1_355' title='bbox 1843 2794 1961 2835; x_wconf 85' lang='lat' dir='ltr'><strong><em>cum</em></strong></span> <span class='ocrx_word' id='word_1_356' title='bbox 2001 2780 2057 2836; x_wconf 86' lang='lat' dir='ltr'><strong><em>in</em></strong></span> 
     </span>
    </p>
   </div>
   <div class='ocr_carea' id='block_1_46' title="bbox 514 2871 2055 2950">
    <p class='ocr_par' dir='ltr' id='par_1_46' title="bbox 514 2871 2055 2950">
     <span class='ocr_line' id='line_1_46' title="bbox 514 2871 2055 2950; baseline -0.007 -12"><span class='ocrx_word' id='word_1_357' title='bbox 514 2883 785 2938; x_wconf 88' lang='lat' dir='ltr'><strong><em>maledicto</em></strong></span> <span class='ocrx_word' id='word_1_358' title='bbox 815 2881 881 2934; x_wconf 90' lang='lat' dir='ltr'><strong><em>sit</em></strong></span> <span class='ocrx_word' id='word_1_359' title='bbox 910 2878 1092 2950; x_wconf 89' lang='lat' dir='ltr'><strong><em>religio</em></strong></span> <span class='ocrx_word' id='word_1_360' title='bbox 1117 2887 1385 2931; x_wconf 82' lang='lat' dir='ltr'><strong><em>creaturte.</em></strong></span> <span class='ocrx_word' id='word_1_361' title='bbox 1422 2873 1640 2940; x_wconf 86' lang='lat' dir='ltr'><strong><em>Quarto,</em></strong></span> <span class='ocrx_word' id='word_1_362' title='bbox 1682 2874 1804 2944; x_wconf 85' lang='lat' dir='ltr'><strong><em>quia</em></strong></span> <span class='ocrx_word' id='word_1_363' title='bbox 1842 2873 1896 2927; x_wconf 89' lang='lat' dir='ltr'><strong><em>in</em></strong></span> <span class='ocrx_word' id='word_1_364' title='bbox 1927 2871 2055 2943; x_wconf 77' lang='lat' dir='ltr'><strong><em>Spi-</em></strong></span> 
     </span>
    </p>
   </div>
   <div class='ocr_carea' id='block_1_47' title="bbox 516 2963 2057 3043">
    <p class='ocr_par' dir='ltr' id='par_1_47' title="bbox 516 2963 2057 3043">
     <span class='ocr_line' id='line_1_47' title="bbox 516 2963 2057 3043; baseline -0.008 -13"><span class='ocrx_word' id='word_1_365' title='bbox 516 2976 623 3030; x_wconf 85' lang='lat' dir='ltr'><strong><em>ritu</em></strong></span> <span class='ocrx_word' id='word_1_366' title='bbox 660 2973 760 3029; x_wconf 84' lang='lat' dir='ltr'><strong><em>Dei</em></strong></span> <span class='ocrx_word' id='word_1_367' title='bbox 802 2972 1046 3043; x_wconf 87' lang='lat' dir='ltr'><strong><em>loquitur,</em></strong></span> <span class='ocrx_word' id='word_1_368' title='bbox 1094 2970 1181 3041; x_wconf 87' lang='lat' dir='ltr'><strong><em>qui</em></strong></span> <span class='ocrx_word' id='word_1_369' title='bbox 1223 2967 1403 3023; x_wconf 82' lang='lat' dir='ltr'><strong><em>Jesum</em></strong></span> <span class='ocrx_word' id='word_1_370' title='bbox 1454 2982 1564 3020; x_wconf 88' lang='lat' dir='ltr'><strong><em>esse</em></strong></span> <span class='ocrx_word' id='word_1_371' title='bbox 1610 2980 1726 3020; x_wconf 81' lang='lat' dir='ltr'><strong><em>vere</em></strong></span> <span class='ocrx_word' id='word_1_372' title='bbox 1773 2963 2057 3018; x_wconf 77' lang='lat' dir='ltr'><strong><em>Dbminum</em></strong></span> 
     </span>
    </p>
   </div>
   <div class='ocr_carea' id='block_1_48' title="bbox 519 3057 2056 3136">
    <p class='ocr_par' dir='ltr' id='par_1_48' title="bbox 519 3057 2056 3136">
     <span class='ocr_line' id='line_1_48' title="bbox 519 3057 2056 3136; baseline -0.008 -14"><span class='ocrx_word' id='word_1_373' title='bbox 519 3066 808 3136; x_wconf 77' lang='lat' dir='ltr'><strong><em>conﬁtetur.</em></strong></span> <span class='ocrx_word' id='word_1_374' title='bbox 836 3062 1046 3128; x_wconf 83' lang='lat' dir='ltr'><strong><em>Quinto,</em></strong></span> <span class='ocrx_word' id='word_1_375' title='bbox 1077 3060 1199 3131; x_wconf 85' lang='lat' dir='ltr'><strong><em>quia</em></strong></span> <span class='ocrx_word' id='word_1_376' title='bbox 1225 3075 1327 3113; x_wconf 90' lang='lat' dir='ltr'><strong><em>non</em></strong></span> <span class='ocrx_word' id='word_1_377' title='bbox 1350 3058 1558 3113; x_wconf 88' lang='lat' dir='ltr'><strong><em>nomine</em></strong></span> <span class='ocrx_word' id='word_1_378' title='bbox 1585 3057 1720 3123; x_wconf 90' lang='lat' dir='ltr'><strong><em>solo,</em></strong></span> <span class='ocrx_word' id='word_1_379' title='bbox 1752 3057 1842 3111; x_wconf 90' lang='lat' dir='ltr'><strong><em>sed</em></strong></span> <span class='ocrx_word' id='word_1_380' title='bbox 1867 3066 2056 3111; x_wconf 83' lang='lat' dir='ltr'><strong><em>natura</em></strong></span> 
     </span>
    </p>
   </div>
   <div class='ocr_carea' id='block_1_49' title="bbox 2160 1852 3777 1912">
    <p class='ocr_par' dir='ltr' id='par_1_49' title="bbox 2160 1852 3777 1912">
     <span class='ocr_line' id='line_1_49' title="bbox 2160 1852 3777 1912; baseline 0.001 -3"><span class='ocrx_word' id='word_1_381' title='bbox 2160 1865 2551 1910; x_wconf 83' lang='lat' dir='ltr'><strong><em>summatarum</em></strong></span> <span class='ocrx_word' id='word_1_382' title='bbox 2572 1853 2625 1908; x_wconf 93' lang='lat' dir='ltr'><strong><em>in</em></strong></span> <span class='ocrx_word' id='word_1_383' title='bbox 2648 1868 2714 1910; x_wconf 91' lang='lat' dir='ltr'><strong><em>eo</em></strong></span> <span class='ocrx_word' id='word_1_384' title='bbox 2737 1853 2992 1909; x_wconf 80' lang='lat' dir='ltr'><strong><em>virtutum</em></strong></span> <span class='ocrx_word' id='word_1_385' title='bbox 3024 1868 3149 1910; x_wconf 88' lang='lat' dir='ltr'><strong><em>esse</em></strong></span> <span class='ocrx_word' id='word_1_386' title='bbox 3176 1854 3361 1909; x_wconf 85' lang='lat' dir='ltr'><strong><em>docuit</em></strong></span> <span class='ocrx_word' id='word_1_387' title='bbox 3390 1854 3580 1911; x_wconf 88' lang='lat' dir='ltr'><strong><em>dicens</em></strong></span> <span class='ocrx_word' id='word_1_388' title='bbox 3611 1874 3626 1912; x_wconf 87' lang='lat'><strong>:</strong></span> <span class='ocrx_word' id='word_1_389' title='bbox 3664 1852 3777 1910; x_wconf 85' lang='lat' dir='ltr'><strong><em>0b-</em></strong></span> 
     </span>
    </p>
   </div>
   <div class='ocr_carea' id='block_1_50' title="bbox 2162 1943 3774 2017">
    <p class='ocr_par' dir='ltr' id='par_1_50' title="bbox 2162 1943 3774 2017">
     <span class='ocr_line' id='line_1_50' title="bbox 2162 1943 3774 2017; baseline 0.003 -19"><span class='ocrx_word' id='word_1_390' title='bbox 2162 1944 2401 2000; x_wconf 88' lang='lat' dir='ltr'><strong><em>tinentem</em></strong></span> <span class='ocrx_word' id='word_1_391' title='bbox 2423 1943 2705 2000; x_wconf 84' lang='lat' dir='ltr'><strong><em>secundum</em></strong></span> <span class='ocrx_word' id='word_1_392' title='bbox 2733 1944 3024 2001; x_wconf 86' lang='lat' dir='ltr'><strong><em>doctrinam</em></strong></span> <span class='ocrx_word' id='word_1_393' title='bbox 3048 1945 3173 2017; x_wconf 83' lang='lat' dir='ltr'><strong><em>fidei</em></strong></span> <span class='ocrx_word' id='word_1_394' title='bbox 3222 1946 3431 2002; x_wconf 79' lang='lat' dir='ltr'><strong><em>verbum</em></strong></span> <span class='ocrx_word' id='word_1_395' title='bbox 3450 1990 3465 2016; x_wconf 92' lang='lat'><strong><em>,</em></strong></span> <span class='ocrx_word' id='word_1_396' title='bbox 3495 1959 3551 2001; x_wconf 91' lang='lat' dir='ltr'><strong><em>ut</em></strong></span> <span class='ocrx_word' id='word_1_397' title='bbox 3586 1957 3774 2017; x_wconf 90' lang='lat' dir='ltr'><strong><em>potens</em></strong></span> 
     </span>
    </p>
   </div>
   <div class='ocr_carea' id='block_1_51' title="bbox 2160 2037 3778 2108">
    <p class='ocr_par' dir='ltr' id='par_1_51' title="bbox 2160 2037 3778 2108">
     <span class='ocr_line' id='line_1_51' title="bbox 2160 2037 3778 2108; baseline 0.004 -16"><span class='ocrx_word' id='word_1_398' title='bbox 2160 2039 2226 2093; x_wconf 90' lang='lat' dir='ltr'><strong><em>sit</em></strong></span> <span class='ocrx_word' id='word_1_399' title='bbox 2251 2037 2513 2093; x_wconf 75' lang='lat' dir='ltr'><strong><em>exhortari</em></strong></span> <span class='ocrx_word' id='word_1_400' title='bbox 2540 2037 2607 2093; x_wconf 89' lang='lat' dir='ltr'><strong><em>ad</em></strong></span> <span class='ocrx_word' id='word_1_401' title='bbox 2636 2039 2927 2094; x_wconf 89' lang='lat' dir='ltr'><strong><em>doctrinam</em></strong></span> <span class='ocrx_word' id='word_1_402' title='bbox 2978 2056 3193 2108; x_wconf 89' lang='lat' dir='ltr'><strong><em>sanam,</em></strong></span> <span class='ocrx_word' id='word_1_403' title='bbox 3248 2049 3296 2095; x_wconf 90' lang='lat' dir='ltr'><strong><em>et</em></strong></span> <span class='ocrx_word' id='word_1_404' title='bbox 3351 2042 3778 2099; x_wconf 87' lang='lat' dir='ltr'><strong><em>contradicentes</em></strong></span> 
     </span>
    </p>
   </div>
   <div class='ocr_carea' id='block_1_52' title="bbox 2161 2131 3773 2206">
    <p class='ocr_par' dir='ltr' id='par_1_52' title="bbox 2161 2131 3773 2206">
     <span class='ocr_line' id='line_1_52' title="bbox 2161 2131 3773 2206; baseline 0.004 -22"><span class='ocrx_word' id='word_1_405' title='bbox 2161 2133 2433 2187; x_wconf 82' lang='lat' dir='ltr'><strong><em>revincere.</em></strong></span> <span class='ocrx_word' id='word_1_406' title='bbox 2461 2131 2599 2189; x_wconf 88' lang='lat' dir='ltr'><strong><em>Sunt</em></strong></span> <span class='ocrx_word' id='word_1_407' title='bbox 2621 2134 2755 2188; x_wconf 88' lang='lat' dir='ltr'><strong><em>enim</em></strong></span> <span class='ocrx_word' id='word_1_408' title='bbox 2782 2134 2931 2189; x_wconf 89' lang='lat' dir='ltr'><strong><em>multi</em></strong></span> <span class='ocrx_word' id='word_1_409' title='bbox 2953 2132 3026 2206; x_wconf 90' lang='lat' dir='ltr'><strong><em>(c)</em></strong></span> <span class='ocrx_word' id='word_1_410' title='bbox 3058 2143 3105 2188; x_wconf 90' lang='lat' dir='ltr'><strong><em>et</em></strong></span> <span class='ocrx_word' id='word_1_411' title='bbox 3132 2148 3233 2188; x_wconf 89' lang='lat' dir='ltr'><strong><em>non</em></strong></span> <span class='ocrx_word' id='word_1_412' title='bbox 3264 2133 3475 2200; x_wconf 86' lang='lat' dir='ltr'><strong><em>subditi,</em></strong></span> <span class='ocrx_word' id='word_1_413' title='bbox 3504 2136 3773 2206; x_wconf 86' lang='lat' dir='ltr'><strong><em>vaniloqui</em></strong></span> 
     </span>
    </p>
   </div>
   <div class='ocr_carea' id='block_1_53' title="bbox 2160 2220 3778 2302">
    <p class='ocr_par' dir='ltr' id='par_1_53' title="bbox 2160 2220 3778 2302">
     <span class='ocr_line' id='line_1_53' title="bbox 2160 2220 3778 2302; baseline 0.002 -21"><span class='ocrx_word' id='word_1_414' title='bbox 2160 2236 2210 2281; x_wconf 92' lang='lat' dir='ltr'><strong><em>et</em></strong></span> <span class='ocrx_word' id='word_1_415' title='bbox 2232 2227 2527 2283; x_wconf 84' lang='lat' dir='ltr'><strong><em>seductores</em></strong></span> <span class='ocrx_word' id='word_1_416' title='bbox 2555 2220 2682 2300; x_wconf 83' lang='lat' dir='ltr'><strong><em>(Tit.</em></strong></span> <span class='ocrx_word' id='word_1_417' title='bbox 2709 2240 2761 2294; x_wconf 85' lang='lat' dir='ltr'><strong><em>t,</em></strong></span> <span class='ocrx_word' id='word_1_418' title='bbox 2782 2225 2863 2302; x_wconf 89' lang='grc'><strong><em>9).</em></strong></span> <span class='ocrx_word' id='word_1_419' title='bbox 2895 2226 2971 2283; x_wconf 85' lang='lat' dir='ltr'><strong><em>ita</em></strong></span> <span class='ocrx_word' id='word_1_420' title='bbox 3002 2229 3147 2284; x_wconf 89' lang='lat' dir='ltr'><strong><em>enim</em></strong></span> <span class='ocrx_word' id='word_1_421' title='bbox 3200 2242 3323 2300; x_wconf 78' lang='lat' dir='ltr'><strong><em>quae</em></strong></span> <span class='ocrx_word' id='word_1_422' title='bbox 3353 2229 3570 2299; x_wconf 84' lang='lat' dir='ltr'><strong><em>propria</em></strong></span> <span class='ocrx_word' id='word_1_423' title='bbox 3609 2227 3778 2285; x_wconf 84' lang='lat' dir='ltr'><strong><em>disci-</em></strong></span> 
     </span>
    </p>
   </div>
   <div class='ocr_carea' id='block_1_54' title="bbox 2163 2322 3777 2392">
    <p class='ocr_par' dir='ltr' id='par_1_54' title="bbox 2163 2322 3777 2392">
     <span class='ocr_line' id='line_1_54' title="bbox 2163 2322 3777 2392; baseline 0.002 -16"><span class='ocrx_word' id='word_1_424' title='bbox 2163 2322 2324 2392; x_wconf 65' lang='lat' dir='ltr'><strong><em>plinae</em></strong></span> <span class='ocrx_word' id='word_1_425' title='bbox 2351 2337 2415 2378; x_wconf 83' lang='lat' dir='ltr'><strong><em>ac</em></strong></span> <span class='ocrx_word' id='word_1_426' title='bbox 2441 2334 2654 2378; x_wconf 83' lang='lat' dir='ltr'><strong><em>morum</em></strong></span> <span class='ocrx_word' id='word_1_427' title='bbox 2682 2330 2845 2389; x_wconf 90' lang='lat' dir='ltr'><strong><em>sunt,</em></strong></span> <span class='ocrx_word' id='word_1_428' title='bbox 2891 2322 2957 2378; x_wconf 89' lang='lat' dir='ltr'><strong><em>ad</em></strong></span> <span class='ocrx_word' id='word_1_429' title='bbox 2995 2324 3281 2379; x_wconf 85' lang='lat' dir='ltr'><strong><em>sacerdotii</em></strong></span> <span class='ocrx_word' id='word_1_430' title='bbox 3327 2322 3579 2379; x_wconf 89' lang='lat' dir='ltr'><strong><em>meritum</em></strong></span> <span class='ocrx_word' id='word_1_431' title='bbox 3614 2322 3777 2379; x_wconf 83' lang='lat' dir='ltr'><strong><em>utilia</em></strong></span> 
     </span>
    </p>
   </div>
   <div class='ocr_carea' id='block_1_55' title="bbox 2161 2412 3779 2485">
    <p class='ocr_par' dir='ltr' id='par_1_55' title="bbox 2161 2412 3779 2485">
     <span class='ocr_line' id='line_1_55' title="bbox 2161 2412 3779 2485; baseline 0.002 -16"><span class='ocrx_word' id='word_1_432' title='bbox 2161 2426 2281 2469; x_wconf 87' lang='lat' dir='ltr'><strong><em>esse</em></strong></span> <span class='ocrx_word' id='word_1_433' title='bbox 2320 2413 2625 2485; x_wconf 82' lang='lat' dir='ltr'><strong><em>signiﬁcat,</em></strong></span> <span class='ocrx_word' id='word_1_434' title='bbox 2667 2414 2715 2469; x_wconf 87' lang='lat' dir='ltr'><strong><em>si</em></strong></span> <span class='ocrx_word' id='word_1_435' title='bbox 2762 2412 2924 2470; x_wconf 85' lang='lat' dir='ltr'><strong><em>etiam</em></strong></span> <span class='ocrx_word' id='word_1_436' title='bbox 2965 2413 3083 2471; x_wconf 74' lang='lat' dir='ltr'><strong><em>inec</em></strong></span> <span class='ocrx_word' id='word_1_437' title='bbox 3118 2429 3239 2485; x_wconf 65' lang='lat' dir='ltr'><strong><em>qua:</em></strong></span> <span class='ocrx_word' id='word_1_438' title='bbox 3291 2415 3357 2471; x_wconf 89' lang='lat' dir='ltr'><strong><em>ad</em></strong></span> <span class='ocrx_word' id='word_1_439' title='bbox 3404 2414 3663 2473; x_wconf 64' lang='lat' dir='ltr'><strong><em>docendae</em></strong></span> <span class='ocrx_word' id='word_1_440' title='bbox 3711 2430 3779 2472; x_wconf 86' lang='lat' dir='ltr'><strong><em>ac</em></strong></span> 
     </span>
    </p>
   </div>
   <div class='ocr_carea' id='block_1_56' title="bbox 2165 2504 3779 2577">
    <p class='ocr_par' dir='ltr' id='par_1_56' title="bbox 2165 2504 3779 2577">
     <span class='ocr_line' id='line_1_56' title="bbox 2165 2504 3779 2577; baseline 0 -14"><span class='ocrx_word' id='word_1_441' title='bbox 2165 2506 2378 2563; x_wconf 69' lang='lat' dir='ltr'><strong><em>tuendae</em></strong></span> <span class='ocrx_word' id='word_1_442' title='bbox 2407 2506 2532 2563; x_wconf 80' lang='lat' dir='ltr'><strong><em>ﬁdei</em></strong></span> <span class='ocrx_word' id='word_1_443' title='bbox 2560 2504 2842 2563; x_wconf 85' lang='lat' dir='ltr'><strong><em>scientiam</em></strong></span> <span class='ocrx_word' id='word_1_444' title='bbox 2866 2506 3173 2564; x_wconf 88' lang='lat' dir='ltr'><strong><em>necessaria</em></strong></span> <span class='ocrx_word' id='word_1_445' title='bbox 3203 2517 3331 2563; x_wconf 90' lang='lat' dir='ltr'><strong><em>sunt</em></strong></span> <span class='ocrx_word' id='word_1_446' title='bbox 3353 2552 3367 2575; x_wconf 92' lang='lat'><strong><em>,</em></strong></span> <span class='ocrx_word' id='word_1_447' title='bbox 3400 2506 3543 2563; x_wconf 82' lang='lat' dir='ltr'><strong><em>inter</em></strong></span> <span class='ocrx_word' id='word_1_448' title='bbox 3565 2508 3779 2577; x_wconf 82' lang='lat' dir='ltr'><strong><em>reliqua</em></strong></span> 
     </span>
    </p>
   </div>
   <div class='ocr_carea' id='block_1_57' title="bbox 2161 2598 3782 2673">
    <p class='ocr_par' dir='ltr' id='par_1_57' title="bbox 2161 2598 3782 2673">
     <span class='ocr_line' id='line_1_57' title="bbox 2161 2598 3782 2673; baseline 0 -16"><span class='ocrx_word' id='word_1_449' title='bbox 2161 2615 2269 2657; x_wconf 90' lang='lat' dir='ltr'><strong><em>non</em></strong></span> <span class='ocrx_word' id='word_1_450' title='bbox 2294 2600 2556 2665; x_wconf 87' lang='lat' dir='ltr'><strong><em>deerunt,</em></strong></span> <span class='ocrx_word' id='word_1_451' title='bbox 2589 2600 2712 2673; x_wconf 87' lang='lat' dir='ltr'><strong><em>quia</em></strong></span> <span class='ocrx_word' id='word_1_452' title='bbox 2740 2612 2848 2655; x_wconf 91' lang='lat' dir='ltr'><strong><em>non</em></strong></span> <span class='ocrx_word' id='word_1_453' title='bbox 2874 2602 3054 2656; x_wconf 81' lang='lat' dir='ltr'><strong><em>statim</em></strong></span> <span class='ocrx_word' id='word_1_454' title='bbox 3076 2598 3205 2656; x_wconf 90' lang='lat' dir='ltr'><strong><em>boni</em></strong></span> <span class='ocrx_word' id='word_1_455' title='bbox 3232 2610 3393 2671; x_wconf 89' lang='lat' dir='ltr'><strong><em>atque</em></strong></span> <span class='ocrx_word' id='word_1_456' title='bbox 3432 2598 3574 2655; x_wconf 82' lang='lat' dir='ltr'><strong><em>utilis</em></strong></span> <span class='ocrx_word' id='word_1_457' title='bbox 3595 2614 3782 2657; x_wconf 82' lang='lat' dir='ltr'><strong><em>sacer—</em></strong></span> 
     </span>
    </p>
   </div>
   <div class='ocr_carea' id='block_1_58' title="bbox 2161 2692 3782 2766">
    <p class='ocr_par' dir='ltr' id='par_1_58' title="bbox 2161 2692 3782 2766">
     <span class='ocr_line' id='line_1_58' title="bbox 2161 2692 3782 2766; baseline -0.001 -14"><span class='ocrx_word' id='word_1_458' title='bbox 2161 2697 2305 2753; x_wconf 82' lang='lat' dir='ltr'><strong><em>dotis</em></strong></span> <span class='ocrx_word' id='word_1_459' title='bbox 2359 2708 2459 2763; x_wconf 86' lang='lat' dir='ltr'><strong><em>est,</em></strong></span> <span class='ocrx_word' id='word_1_460' title='bbox 2504 2706 2594 2751; x_wconf 89' lang='lat' dir='ltr'><strong><em>aut</em></strong></span> <span class='ocrx_word' id='word_1_461' title='bbox 2652 2692 3024 2752; x_wconf 88' lang='lat' dir='ltr'><strong><em>tantummodo</em></strong></span> <span class='ocrx_word' id='word_1_462' title='bbox 3068 2697 3388 2752; x_wconf 80' lang='lat' dir='ltr'><strong><em>innocenter</em></strong></span> <span class='ocrx_word' id='word_1_463' title='bbox 3436 2710 3635 2766; x_wconf 85' lang='lat' dir='ltr'><strong><em>agere,</em></strong></span> <span class='ocrx_word' id='word_1_464' title='bbox 3680 2705 3782 2751; x_wconf 84' lang='lat' dir='ltr'><strong><em>aut</em></strong></span> 
     </span>
    </p>
   </div>
   <div class='ocr_carea' id='block_1_59' title="bbox 2160 2788 3781 2859">
    <p class='ocr_par' dir='ltr' id='par_1_59' title="bbox 2160 2788 3781 2859">
     <span class='ocr_line' id='line_1_59' title="bbox 2160 2788 3781 2859; baseline -0.001 -14"><span class='ocrx_word' id='word_1_465' title='bbox 2160 2788 2536 2845; x_wconf 83' lang='lat' dir='ltr'><strong><em>tantummodo</em></strong></span> <span class='ocrx_word' id='word_1_466' title='bbox 2609 2789 2843 2845; x_wconf 89' lang='lat' dir='ltr'><strong><em>scienter</em></strong></span> <span class='ocrx_word' id='word_1_467' title='bbox 2913 2788 3209 2859; x_wconf 70' lang='lat' dir='ltr'><strong><em>praedicare</em></strong></span> <span class='ocrx_word' id='word_1_468' title='bbox 3274 2806 3286 2841; x_wconf 91' lang='lat'><strong>:</strong></span> <span class='ocrx_word' id='word_1_469' title='bbox 3342 2802 3464 2843; x_wconf 89' lang='lat' dir='ltr'><strong><em>cum</em></strong></span> <span class='ocrx_word' id='word_1_470' title='bbox 3509 2799 3563 2843; x_wconf 87' lang='lat' dir='ltr'><strong><em>et</em></strong></span> <span class='ocrx_word' id='word_1_471' title='bbox 3614 2788 3781 2843; x_wconf 82' lang='lat' dir='ltr'><strong><em>inno-</em></strong></span> 
     </span>
    </p>
   </div>
   <div class='ocr_carea' id='block_1_60' title="bbox 2159 2885 3783 2956">
    <p class='ocr_par' dir='ltr' id='par_1_60' title="bbox 2159 2885 3783 2956">
     <span class='ocr_line' id='line_1_60' title="bbox 2159 2885 3783 2956; baseline 0.001 -15"><span class='ocrx_word' id='word_1_472' title='bbox 2159 2900 2289 2942; x_wconf 85' lang='lat' dir='ltr'><strong><em>cens</em></strong></span> <span class='ocrx_word' id='word_1_473' title='bbox 2344 2885 2443 2943; x_wconf 89' lang='lat' dir='ltr'><strong><em>sibi</em></strong></span> <span class='ocrx_word' id='word_1_474' title='bbox 2502 2896 2707 2941; x_wconf 89' lang='lat' dir='ltr'><strong><em>tantum</em></strong></span> <span class='ocrx_word' id='word_1_475' title='bbox 2779 2886 3055 2956; x_wconf 78' lang='lat' dir='ltr'><strong><em>proﬁciat,</em></strong></span> <span class='ocrx_word' id='word_1_476' title='bbox 3105 2886 3205 2941; x_wconf 85' lang='lat' dir='ltr'><strong><em>nisi</em></strong></span> <span class='ocrx_word' id='word_1_477' title='bbox 3260 2885 3453 2942; x_wconf 86' lang='lat' dir='ltr'><strong><em>doctus</em></strong></span> <span class='ocrx_word' id='word_1_478' title='bbox 3521 2888 3591 2942; x_wconf 87' lang='lat' dir='ltr'><strong><em>sit</em></strong></span> <span class='ocrx_word' id='word_1_479' title='bbox 3639 2904 3654 2953; x_wconf 91' lang='lat'><strong>;</strong></span> <span class='ocrx_word' id='word_1_480' title='bbox 3725 2894 3783 2943; x_wconf 86' lang='lat' dir='ltr'><strong><em>et</em></strong></span> 
     </span>
    </p>
   </div>
   <div class='ocr_carea' id='block_1_61' title="bbox 2162 2970 3778 3046">
    <p class='ocr_par' dir='ltr' id='par_1_61' title="bbox 2162 2970 3778 3046">
     <span class='ocr_line' id='line_1_61' title="bbox 2162 2970 3778 3046; baseline 0.001 -13"><span class='ocrx_word' id='word_1_481' title='bbox 2162 2976 2359 3033; x_wconf 85' lang='lat' dir='ltr'><strong><em>doctus</em></strong></span> <span class='ocrx_word' id='word_1_482' title='bbox 2381 2979 2499 3034; x_wconf 89' lang='lat' dir='ltr'><strong><em>sine</em></strong></span> <span class='ocrx_word' id='word_1_483' title='bbox 2530 2976 2791 3034; x_wconf 72' lang='lat' dir='ltr'><strong><em>doctrinae</em></strong></span> <span class='ocrx_word' id='word_1_484' title='bbox 2831 2970 2900 3033; x_wconf 84' lang='lat' dir='ltr'><strong><em>sit</em></strong></span> <span class='ocrx_word' id='word_1_485' title='bbox 2955 2976 3312 3046; x_wconf 79' lang='lat' dir='ltr'><strong><em>auctoritate,</em></strong></span> <span class='ocrx_word' id='word_1_486' title='bbox 3362 2974 3467 3034; x_wconf 90' lang='lat' dir='ltr'><strong><em>nisi</em></strong></span> <span class='ocrx_word' id='word_1_487' title='bbox 3508 2976 3778 3035; x_wconf 88' lang='lat' dir='ltr'><strong><em>innocens</em></strong></span> 
     </span>
    </p>
   </div>
   <div class='ocr_carea' id='block_1_62' title="bbox 2160 3070 3785 3144">
    <p class='ocr_par' dir='ltr' id='par_1_62' title="bbox 2160 3070 3785 3144">
     <span class='ocr_line' id='line_1_62' title="bbox 2160 3070 3785 3144; baseline -0.001 -14"><span class='ocrx_word' id='word_1_488' title='bbox 2160 3073 2251 3131; x_wconf 90' lang='lat' dir='ltr'><strong><em>sit.</em></strong></span> <span class='ocrx_word' id='word_1_489' title='bbox 2284 3074 2400 3131; x_wconf 88' lang='lat' dir='ltr'><strong><em>Non</em></strong></span> <span class='ocrx_word' id='word_1_490' title='bbox 2451 3075 2593 3131; x_wconf 89' lang='lat' dir='ltr'><strong><em>enim</em></strong></span> <span class='ocrx_word' id='word_1_491' title='bbox 2635 3070 2967 3144; x_wconf 83' lang='lat' dir='ltr'><strong><em>apostolicus</em></strong></span> <span class='ocrx_word' id='word_1_492' title='bbox 3002 3088 3186 3130; x_wconf 87' lang='lat' dir='ltr'><strong><em>sermo</em></strong></span> <span class='ocrx_word' id='word_1_493' title='bbox 3238 3072 3523 3144; x_wconf 84' lang='lat' dir='ltr'><strong><em>probitatis</em></strong></span> <span class='ocrx_word' id='word_1_494' title='bbox 3581 3074 3785 3129; x_wconf 83' lang='lat' dir='ltr'><strong><em>hones-</em></strong></span> 
     </span>
    </p>
   </div>
   <div class='ocr_carea' id='block_1_63' title="bbox 518 3147 2059 3239">
    <p class='ocr_par' dir='ltr' id='par_1_63' title="bbox 518 3147 2059 3223">
     <span class='ocr_line' id='line_1_63' title="bbox 518 3147 2059 3223; baseline -0.006 -10"><span class='ocrx_word' id='word_1_495' title='bbox 518 3155 800 3215; x_wconf 86' lang='lat' dir='ltr'><strong><em>Dominum</em></strong></span> <span class='ocrx_word' id='word_1_496' title='bbox 824 3171 943 3212; x_wconf 89' lang='lat' dir='ltr'><strong><em>eum</em></strong></span> <span class='ocrx_word' id='word_1_497' title='bbox 968 3170 1074 3209; x_wconf 88' lang='lat' dir='ltr'><strong><em>esse</em></strong></span> <span class='ocrx_word' id='word_1_498' title='bbox 1105 3152 1319 3207; x_wconf 87' lang='lat' dir='ltr'><strong><em>credidit</em></strong></span> <span class='ocrx_word' id='word_1_499' title='bbox 1349 3150 1647 3223; x_wconf 86' lang='lat' dir='ltr'><strong><em>Apostolus,</em></strong></span> <span class='ocrx_word' id='word_1_500' title='bbox 1678 3150 1767 3221; x_wconf 87' lang='lat' dir='ltr'><strong><em>qui</em></strong></span> <span class='ocrx_word' id='word_1_501' title='bbox 1798 3147 2059 3219; x_wconf 87' lang='lat' dir='ltr'><strong><em>spiritalia</em></strong></span> 
     </span>
    </p>
   </div>
   <div class='ocr_carea' id='block_1_64' title="bbox 2180 3147 3785 3239">
    <p class='ocr_par' dir='ltr' id='par_1_64' title="bbox 2180 3158 3785 3239">
     <span class='ocr_line' id='line_1_64' title="bbox 2180 3158 3785 3239; baseline -0.001 -18"><span class='ocrx_word' id='word_1_502' title='bbox 2180 3167 2402 3239; x_wconf 79' lang='lat' dir='ltr'><strong><em>latisque</em></strong></span> <span class='ocrx_word' id='word_1_503' title='bbox 2432 3166 2720 3238; x_wconf 72' lang='lat' dir='ltr'><strong><em>prmccptis</em></strong></span> <span class='ocrx_word' id='word_1_504' title='bbox 2746 3164 3020 3222; x_wconf 82' lang='lat' dir='ltr'><strong><em>hominem</em></strong></span> <span class='ocrx_word' id='word_1_505' title='bbox 3065 3158 3270 3222; x_wconf 68' lang='lat' dir='ltr'><strong><em>tantum</em></strong></span> <span class='ocrx_word' id='word_1_506' title='bbox 3292 3162 3503 3222; x_wconf 73' lang='lat' dir='ltr'><strong><em>smculo</em></strong></span> <span class='ocrx_word' id='word_1_507' title='bbox 3553 3163 3785 3221; x_wconf 76' lang='lat' dir='ltr'><strong><em>confor-</em></strong></span> 
     </span>
    </p>
   </div>
   <div class='ocr_carea' id='block_1_65' title="bbox 522 3241 2061 3317">
    <p class='ocr_par' dir='ltr' id='par_1_65' title="bbox 522 3241 2061 3317">
     <span class='ocr_line' id='line_1_65' title="bbox 522 3241 2061 3317; baseline -0.006 -11"><span class='ocrx_word' id='word_1_508' title='bbox 522 3250 771 3307; x_wconf 69' lang='lat' dir='ltr'><strong><em>Ecclesia:</em></strong></span> <span class='ocrx_word' id='word_1_509' title='bbox 814 3250 954 3303; x_wconf 84' lang='lat' dir='ltr'><strong><em>dona</em></strong></span> <span class='ocrx_word' id='word_1_510' title='bbox 996 3247 1057 3301; x_wconf 86' lang='lat' dir='ltr'><strong><em>ob</em></strong></span> <span class='ocrx_word' id='word_1_511' title='bbox 1105 3245 1336 3317; x_wconf 83' lang='lat' dir='ltr'><strong><em>Spiritus</em></strong></span> <span class='ocrx_word' id='word_1_512' title='bbox 1382 3244 1634 3298; x_wconf 86' lang='lat' dir='ltr'><strong><em>unitatem</em></strong></span> <span class='ocrx_word' id='word_1_513' title='bbox 1682 3242 1839 3297; x_wconf 86' lang='lat' dir='ltr'><strong><em>modo</em></strong></span> <span class='ocrx_word' id='word_1_514' title='bbox 1889 3241 2061 3311; x_wconf 80' lang='lat' dir='ltr'><strong><em>Patri,</em></strong></span> 
     </span>
    </p>
   </div>
   <div class='ocr_carea' id='block_1_66' title="bbox 520 3336 2066 3410">
    <p class='ocr_par' dir='ltr' id='par_1_66' title="bbox 520 3336 2066 3410">
     <span class='ocr_line' id='line_1_66' title="bbox 520 3336 2066 3410; baseline -0.006 -10"><span class='ocrx_word' id='word_1_515' title='bbox 520 3346 675 3402; x_wconf 89' lang='lat' dir='ltr'><strong><em>modo</em></strong></span> <span class='ocrx_word' id='word_1_516' title='bbox 705 3340 929 3398; x_wconf 86' lang='lat' dir='ltr'><strong><em>Domino</em></strong></span> <span class='ocrx_word' id='word_1_517' title='bbox 968 3339 1218 3396; x_wconf 87' lang='lat' dir='ltr'><strong><em>attribuit.</em></strong></span> <span class='ocrx_word' id='word_1_518' title='bbox 1265 3338 1446 3406; x_wconf 69' lang='lat' dir='ltr'><strong><em>Sexto,</em></strong></span> <span class='ocrx_word' id='word_1_519' title='bbox 1490 3338 1613 3410; x_wconf 86' lang='lat' dir='ltr'><strong><em>quia</em></strong></span> <span class='ocrx_word' id='word_1_520' title='bbox 1655 3351 1769 3391; x_wconf 82' lang='lat' dir='ltr'><strong><em>vere</em></strong></span> <span class='ocrx_word' id='word_1_521' title='bbox 1809 3336 2066 3391; x_wconf 84' lang='lat' dir='ltr'><strong><em>Dominus</em></strong></span> 
     </span>
    </p>
   </div>
   <div class='ocr_carea' id='block_1_67' title="bbox 524 3433 2068 3513">
    <p class='ocr_par' dir='ltr' id='par_1_67' title="bbox 524 3433 2068 3513">
     <span class='ocr_line' id='line_1_67' title="bbox 524 3433 2068 3513; baseline -0.006 -13"><span class='ocrx_word' id='word_1_522' title='bbox 524 3452 619 3510; x_wconf 90' lang='lat' dir='ltr'><strong><em>est,</em></strong></span> <span class='ocrx_word' id='word_1_523' title='bbox 652 3443 739 3513; x_wconf 86' lang='lat' dir='ltr'><strong><em>qui</em></strong></span> <span class='ocrx_word' id='word_1_524' title='bbox 767 3456 900 3496; x_wconf 90' lang='lat' dir='ltr'><strong><em>unus</em></strong></span> <span class='ocrx_word' id='word_1_525' title='bbox 922 3448 995 3495; x_wconf 86' lang='lat' dir='ltr'><strong><em>est</em></strong></span> <span class='ocrx_word' id='word_1_526' title='bbox 1013 3455 1033 3494; x_wconf 91' lang='lat'><strong><em>:</em></strong></span> <span class='ocrx_word' id='word_1_527' title='bbox 1054 3446 1144 3493; x_wconf 86' lang='lat' dir='ltr'><strong><em>aut</em></strong></span> <span class='ocrx_word' id='word_1_528' title='bbox 1165 3445 1299 3492; x_wconf 89' lang='lat' dir='ltr'><strong><em>certe</em></strong></span> <span class='ocrx_word' id='word_1_529' title='bbox 1321 3437 1362 3493; x_wconf 84' lang='lat' dir='ltr'><strong><em>si</em></strong></span> <span class='ocrx_word' id='word_1_530' title='bbox 1386 3433 1624 3493; x_wconf 84' lang='lat' dir='ltr'><strong><em>Christus</em></strong></span> <span class='ocrx_word' id='word_1_531' title='bbox 1651 3452 1784 3490; x_wconf 88' lang='lat' dir='ltr'><strong><em>unus</em></strong></span> <span class='ocrx_word' id='word_1_532' title='bbox 1810 3433 2068 3490; x_wconf 84' lang='lat' dir='ltr'><strong><em>Dominus</em></strong></span> 
     </span>
    </p>
   </div>
   <div class='ocr_carea' id='block_1_68' title="bbox 524 3527 2069 3602">
    <p class='ocr_par' dir='ltr' id='par_1_68' title="bbox 524 3527 2069 3602">
     <span class='ocr_line' id='line_1_68' title="bbox 524 3527 2069 3602; baseline -0.004 -13"><span class='ocrx_word' id='word_1_533' title='bbox 524 3551 628 3589; x_wconf 89' lang='lat' dir='ltr'><strong><em>non</em></strong></span> <span class='ocrx_word' id='word_1_534' title='bbox 656 3534 721 3588; x_wconf 88' lang='lat' dir='ltr'><strong><em>sit</em></strong></span> <span class='ocrx_word' id='word_1_535' title='bbox 751 3531 916 3598; x_wconf 88' lang='lat' dir='ltr'><strong><em>Deus,</em></strong></span> <span class='ocrx_word' id='word_1_536' title='bbox 949 3532 1071 3602; x_wconf 88' lang='lat' dir='ltr'><strong><em>quia</em></strong></span> <span class='ocrx_word' id='word_1_537' title='bbox 1106 3527 1250 3584; x_wconf 85' lang='lat' dir='ltr'><strong><em>Deus</em></strong></span> <span class='ocrx_word' id='word_1_538' title='bbox 1287 3542 1422 3583; x_wconf 87' lang='lat' dir='ltr'><strong><em>unus</em></strong></span> <span class='ocrx_word' id='word_1_539' title='bbox 1463 3538 1571 3597; x_wconf 86' lang='lat' dir='ltr'><strong><em>est;</em></strong></span> <span class='ocrx_word' id='word_1_540' title='bbox 1614 3528 1774 3584; x_wconf 85' lang='lat' dir='ltr'><strong><em>Pater</em></strong></span> <span class='ocrx_word' id='word_1_541' title='bbox 1802 3528 1921 3600; x_wconf 89' lang='lat' dir='ltr'><strong><em>pari</em></strong></span> <span class='ocrx_word' id='word_1_542' title='bbox 1944 3531 2069 3602; x_wconf 76' lang='lat' dir='ltr'><strong><em>jure</em></strong></span> 
     </span>
    </p>
   </div>
   <div class='ocr_carea' id='block_1_69' title="bbox 528 3620 2069 3700">
    <p class='ocr_par' dir='ltr' id='par_1_69' title="bbox 528 3620 2069 3700">
     <span class='ocr_line' id='line_1_69' title="bbox 528 3620 2069 3700; baseline -0.004 -18"><span class='ocrx_word' id='word_1_543' title='bbox 528 3626 793 3700; x_wconf 84' lang='lat' dir='ltr'><strong><em>negandus</em></strong></span> <span class='ocrx_word' id='word_1_544' title='bbox 836 3626 930 3679; x_wconf 88' lang='lat' dir='ltr'><strong><em>erit</em></strong></span> <span class='ocrx_word' id='word_1_545' title='bbox 978 3623 1254 3678; x_wconf 86' lang='lat' dir='ltr'><strong><em>Dominus.</em></strong></span> <span class='ocrx_word' id='word_1_546' title='bbox 1307 3621 1557 3692; x_wconf 87' lang='lat' dir='ltr'><strong><em>Septimo,</em></strong></span> <span class='ocrx_word' id='word_1_547' title='bbox 1614 3622 1736 3693; x_wconf 86' lang='lat' dir='ltr'><strong><em>quia</em></strong></span> <span class='ocrx_word' id='word_1_548' title='bbox 1771 3637 1873 3676; x_wconf 91' lang='lat' dir='ltr'><strong><em>non</em></strong></span> <span class='ocrx_word' id='word_1_549' title='bbox 1917 3620 2069 3676; x_wconf 89' lang='lat' dir='ltr'><strong><em>modo</em></strong></span> 
     </span>
    </p>
   </div>
   <div class='ocr_carea' id='block_1_70' title="bbox 530 3714 2066 3787">
    <p class='ocr_par' dir='ltr' id='par_1_70' title="bbox 530 3714 2066 3787">
     <span class='ocr_line' id='line_1_70' title="bbox 530 3714 2066 3787; baseline -0.003 -14"><span class='ocrx_word' id='word_1_550' title='bbox 530 3718 806 3787; x_wconf 84' lang='lat' dir='ltr'><strong><em>Dominus,</em></strong></span> <span class='ocrx_word' id='word_1_551' title='bbox 852 3720 941 3773; x_wconf 80' lang='lat' dir='ltr'><strong><em>sed</em></strong></span> <span class='ocrx_word' id='word_1_552' title='bbox 993 3727 1040 3772; x_wconf 89' lang='lat' dir='ltr'><strong><em>et</em></strong></span> <span class='ocrx_word' id='word_1_553' title='bbox 1084 3716 1229 3771; x_wconf 84' lang='lat' dir='ltr'><strong><em>Deus</em></strong></span> <span class='ocrx_word' id='word_1_554' title='bbox 1275 3728 1439 3785; x_wconf 84' lang='lat' dir='ltr'><strong><em>super</em></strong></span> <span class='ocrx_word' id='word_1_555' title='bbox 1481 3714 1659 3770; x_wconf 87' lang='lat' dir='ltr'><strong><em>omnia</em></strong></span> <span class='ocrx_word' id='word_1_556' title='bbox 1718 3722 2066 3785; x_wconf 79' lang='lat' dir='ltr'><strong><em>nuncupatur.</em></strong></span> 
     </span>
    </p>
   </div>
   <div class='ocr_carea' id='block_1_71' title="bbox 535 3807 2069 3883">
    <p class='ocr_par' dir='ltr' id='par_1_71' title="bbox 535 3807 2069 3883">
     <span class='ocr_line' id='line_1_71' title="bbox 535 3807 2069 3883; baseline -0.004 -15"><span class='ocrx_word' id='word_1_557' title='bbox 535 3813 748 3881; x_wconf 82' lang='lat' dir='ltr'><strong><em>Octavo,</em></strong></span> <span class='ocrx_word' id='word_1_558' title='bbox 788 3811 912 3883; x_wconf 88' lang='lat' dir='ltr'><strong><em>quia</em></strong></span> <span class='ocrx_word' id='word_1_559' title='bbox 954 3810 1071 3866; x_wconf 89' lang='lat' dir='ltr'><strong><em>licet</em></strong></span> <span class='ocrx_word' id='word_1_560' title='bbox 1116 3809 1231 3876; x_wconf 86' lang='lat' dir='ltr'><strong><em>hoc,</em></strong></span> <span class='ocrx_word' id='word_1_561' title='bbox 1284 3807 1429 3863; x_wconf 84' lang='lat' dir='ltr'><strong><em>Deus</em></strong></span> <span class='ocrx_word' id='word_1_562' title='bbox 1456 3821 1523 3863; x_wconf 83' lang='lat' dir='ltr'><strong><em>ex</em></strong></span> <span class='ocrx_word' id='word_1_563' title='bbox 1560 3822 1668 3878; x_wconf 88' lang='lat' dir='ltr'><strong><em>quo</em></strong></span> <span class='ocrx_word' id='word_1_564' title='bbox 1706 3808 1887 3863; x_wconf 89' lang='lat' dir='ltr'><strong><em>omnia</em></strong></span> <span class='ocrx_word' id='word_1_565' title='bbox 1912 3848 1927 3873; x_wconf 88' lang='lat'><strong><em>,</em></strong></span> <span class='ocrx_word' id='word_1_566' title='bbox 1984 3815 2069 3862; x_wconf 90' lang='lat' dir='ltr'><strong><em>et:</em></strong></span> 
     </span>
    </p>
   </div>
   <div class='ocr_carea' id='block_1_72' title="bbox 530 3902 2071 3976">
    <p class='ocr_par' dir='ltr' id='par_1_72' title="bbox 530 3902 2071 3976">
     <span class='ocr_line' id='line_1_72' title="bbox 530 3902 2071 3976; baseline -0.005 -12"><span class='ocrx_word' id='word_1_567' title='bbox 530 3907 903 3976; x_wconf 76' lang='lat' dir='ltr'><strong><em>Dominusper</em></strong></span> <span class='ocrx_word' id='word_1_568' title='bbox 918 3919 1081 3976; x_wconf 83' lang='lat' dir='ltr'><strong><em>quem</em></strong></span> <span class='ocrx_word' id='word_1_569' title='bbox 1101 3902 1307 3969; x_wconf 81' lang='lat' dir='ltr'><strong><em>omnia,</em></strong></span> <span class='ocrx_word' id='word_1_570' title='bbox 1332 3916 1666 3973; x_wconf 86' lang='lat' dir='ltr'><strong><em>personarum</em></strong></span> <span class='ocrx_word' id='word_1_571' title='bbox 1692 3902 2071 3957; x_wconf 84' lang='lat' dir='ltr'><strong><em>distinctionem</em></strong></span> 
     </span>
    </p>
   </div>
   <div class='ocr_carea' id='block_1_73' title="bbox 531 3994 2071 4069">
    <p class='ocr_par' dir='ltr' id='par_1_73' title="bbox 531 3994 2071 4069">
     <span class='ocr_line' id='line_1_73' title="bbox 531 3994 2071 4069; baseline -0.005 -14"><span class='ocrx_word' id='word_1_572' title='bbox 531 4009 696 4066; x_wconf 86' lang='lat' dir='ltr'><strong><em>sonet,</em></strong></span> <span class='ocrx_word' id='word_1_573' title='bbox 726 3998 1004 4069; x_wconf 77' lang='lat' dir='ltr'><strong><em>e/ficicntitc</em></strong></span> <span class='ocrx_word' id='word_1_574' title='bbox 1040 4005 1229 4060; x_wconf 88' lang='lat' dir='ltr'><strong><em>tamen,</em></strong></span> <span class='ocrx_word' id='word_1_575' title='bbox 1276 3994 1475 4049; x_wconf 85' lang='lat' dir='ltr'><strong><em>virtutis</em></strong></span> <span class='ocrx_word' id='word_1_576' title='bbox 1504 4011 1565 4049; x_wconf 90' lang='lat' dir='ltr'><strong><em>ac</em></strong></span> <span class='ocrx_word' id='word_1_577' title='bbox 1589 4002 1789 4049; x_wconf 67' lang='lat' dir='ltr'><strong><em>natura!</em></strong></span> <span class='ocrx_word' id='word_1_578' title='bbox 1814 3995 2071 4067; x_wconf 79' lang='lat' dir='ltr'><strong><em>signiﬁcat</em></strong></span> 
     </span>
    </p>
   </div>
   <div class='ocr_carea' id='block_1_74' title="bbox 534 4085 2070 4159">
    <p class='ocr_par' dir='ltr' id='par_1_74' title="bbox 534 4085 2070 4159">
     <span class='ocr_line' id='line_1_74' title="bbox 534 4085 2070 4159; baseline -0.005 -11"><span class='ocrx_word' id='word_1_579' title='bbox 534 4095 814 4159; x_wconf 86' lang='lat' dir='ltr'><strong><em>unitatem;</em></strong></span> <span class='ocrx_word' id='word_1_580' title='bbox 839 4091 970 4145; x_wconf 89' lang='lat' dir='ltr'><strong><em>adeo</em></strong></span> <span class='ocrx_word' id='word_1_581' title='bbox 999 4097 1055 4144; x_wconf 80' lang='lat' dir='ltr'><strong><em>ut</em></strong></span> <span class='ocrx_word' id='word_1_582' title='bbox 1078 4089 1209 4143; x_wconf 88' lang='lat' dir='ltr'><strong><em>alias</em></strong></span> <span class='ocrx_word' id='word_1_583' title='bbox 1237 4088 1387 4143; x_wconf 90' lang='lat' dir='ltr'><strong><em>etiam</em></strong></span> <span class='ocrx_word' id='word_1_584' title='bbox 1420 4088 1484 4141; x_wconf 90' lang='lat' dir='ltr'><strong><em>de</em></strong></span> <span class='ocrx_word' id='word_1_585' title='bbox 1525 4085 1731 4143; x_wconf 81' lang='lat' dir='ltr'><strong><em>Christo</em></strong></span> <span class='ocrx_word' id='word_1_586' title='bbox 1760 4087 1897 4141; x_wconf 88' lang='lat' dir='ltr'><strong><em>dicat</em></strong></span> <span class='ocrx_word' id='word_1_587' title='bbox 1930 4088 2070 4158; x_wconf 79' lang='lat' dir='ltr'><strong><em>Apo-</em></strong></span> 
     </span>
    </p>
   </div>
   <div class='ocr_carea' id='block_1_75' title="bbox 535 4180 2067 4256">
    <p class='ocr_par' dir='ltr' id='par_1_75' title="bbox 535 4180 2067 4256">
     <span class='ocr_line' id='line_1_75' title="bbox 535 4180 2067 4256; baseline -0.005 -14"><span class='ocrx_word' id='word_1_588' title='bbox 535 4189 717 4252; x_wconf 88' lang='lat' dir='ltr'><strong><em>stolus,</em></strong></span> <span class='ocrx_word' id='word_1_589' title='bbox 749 4202 811 4241; x_wconf 77' lang='lat' dir='ltr'><strong><em>ex</em></strong></span> <span class='ocrx_word' id='word_1_590' title='bbox 850 4186 967 4256; x_wconf 88' lang='lat' dir='ltr'><strong><em>ipso</em></strong></span> <span class='ocrx_word' id='word_1_591' title='bbox 1003 4192 1057 4239; x_wconf 88' lang='lat' dir='ltr'><strong><em>et</em></strong></span> <span class='ocrx_word' id='word_1_592' title='bbox 1086 4198 1181 4252; x_wconf 87' lang='lat' dir='ltr'><strong><em>per</em></strong></span> <span class='ocrx_word' id='word_1_593' title='bbox 1213 4182 1386 4252; x_wconf 78' lang='lat' dir='ltr'><strong><em>ipsum</em></strong></span> <span class='ocrx_word' id='word_1_594' title='bbox 1417 4190 1470 4235; x_wconf 90' lang='lat' dir='ltr'><strong><em>et</em></strong></span> <span class='ocrx_word' id='word_1_595' title='bbox 1500 4181 1550 4235; x_wconf 90' lang='lat' dir='ltr'><strong><em>in</em></strong></span> <span class='ocrx_word' id='word_1_596' title='bbox 1593 4180 1711 4252; x_wconf 92' lang='lat' dir='ltr'><strong><em>ipso</em></strong></span> <span class='ocrx_word' id='word_1_597' title='bbox 1738 4198 1845 4236; x_wconf 89' lang='lat' dir='ltr'><strong><em>esse</em></strong></span> <span class='ocrx_word' id='word_1_598' title='bbox 1873 4181 2067 4236; x_wconf 91' lang='lat' dir='ltr'><strong><em>omnia.</em></strong></span> 
     </span>
    </p>
   </div>
   <div class='ocr_carea' id='block_1_76' title="bbox 540 4271 2074 4347">
    <p class='ocr_par' dir='ltr' id='par_1_76' title="bbox 540 4271 2074 4347">
     <span class='ocr_line' id='line_1_76' title="bbox 540 4271 2074 4347; baseline -0.005 -13"><span class='ocrx_word' id='word_1_599' title='bbox 540 4278 715 4345; x_wconf 78' lang='lat' dir='ltr'><strong><em>Nono,</em></strong></span> <span class='ocrx_word' id='word_1_600' title='bbox 757 4279 876 4347; x_wconf 80' lang='lat' dir='ltr'><strong><em>quia</em></strong></span> <span class='ocrx_word' id='word_1_601' title='bbox 914 4292 1029 4330; x_wconf 84' lang='lat' dir='ltr'><strong><em>cum</em></strong></span> <span class='ocrx_word' id='word_1_602' title='bbox 1068 4274 1222 4328; x_wconf 81' lang='lat' dir='ltr'><strong><em>vitam</em></strong></span> <span class='ocrx_word' id='word_1_603' title='bbox 1249 4271 1498 4343; x_wconf 84' lang='lat' dir='ltr'><strong><em>largiatur</em></strong></span> <span class='ocrx_word' id='word_1_604' title='bbox 1535 4281 1775 4327; x_wconf 68' lang='lat' dir='ltr'><strong><em>internum</em></strong></span> <span class='ocrx_word' id='word_1_605' title='bbox 1804 4284 2074 4345; x_wconf 80' lang='lat' dir='ltr'><strong><em>propterea</em></strong></span> 
     </span>
    </p>
   </div>
   <div class='ocr_carea' id='block_1_77' title="bbox 536 4364 2073 4441">
    <p class='ocr_par' dir='ltr' id='par_1_77' title="bbox 536 4364 2073 4441">
     <span class='ocr_line' id='line_1_77' title="bbox 536 4364 2073 4441; baseline -0.005 -15"><span class='ocrx_word' id='word_1_606' title='bbox 536 4372 675 4441; x_wconf 87' lang='lat' dir='ltr'><strong><em>quod</em></strong></span> <span class='ocrx_word' id='word_1_607' title='bbox 707 4371 879 4439; x_wconf 82' lang='lat' dir='ltr'><strong><em>ipsum</em></strong></span> <span class='ocrx_word' id='word_1_608' title='bbox 911 4367 1126 4438; x_wconf 81' lang='lat' dir='ltr'><strong><em>signavit</em></strong></span> <span class='ocrx_word' id='word_1_609' title='bbox 1156 4364 1349 4430; x_wconf 89' lang='lat' dir='ltr'><strong><em>Pater;</em></strong></span> <span class='ocrx_word' id='word_1_610' title='bbox 1376 4379 1580 4417; x_wconf 84' lang='lat' dir='ltr'><strong><em>necesse</em></strong></span> <span class='ocrx_word' id='word_1_611' title='bbox 1610 4374 1681 4418; x_wconf 86' lang='lat' dir='ltr'><strong><em>est</em></strong></span> <span class='ocrx_word' id='word_1_612' title='bbox 1725 4365 1790 4417; x_wconf 88' lang='lat' dir='ltr'><strong><em>sit</em></strong></span> <span class='ocrx_word' id='word_1_613' title='bbox 1830 4365 2073 4435; x_wconf 82' lang='lat' dir='ltr'><strong><em>signacu-</em></strong></span> 
     </span>
    </p>
   </div>
   <div class='ocr_carea' id='block_1_78' title="bbox 538 4458 2074 4532">
    <p class='ocr_par' dir='ltr' id='par_1_78' title="bbox 538 4458 2074 4532">
     <span class='ocr_line' id='line_1_78' title="bbox 538 4458 2074 4532; baseline -0.006 -10"><span class='ocrx_word' id='word_1_614' title='bbox 538 4468 644 4522; x_wconf 84' lang='lat' dir='ltr'><strong><em>lum</em></strong></span> <span class='ocrx_word' id='word_1_615' title='bbox 672 4464 813 4519; x_wconf 86' lang='lat' dir='ltr'><strong><em>illius</em></strong></span> <span class='ocrx_word' id='word_1_616' title='bbox 843 4463 1009 4517; x_wconf 85' lang='lat' dir='ltr'><strong><em>vivum</em></strong></span> <span class='ocrx_word' id='word_1_617' title='bbox 1032 4477 1092 4515; x_wconf 87' lang='lat' dir='ltr'><strong><em>ac</em></strong></span> <span class='ocrx_word' id='word_1_618' title='bbox 1128 4459 1359 4532; x_wconf 85' lang='lat' dir='ltr'><strong><em>plenum,</em></strong></span> <span class='ocrx_word' id='word_1_619' title='bbox 1388 4459 1537 4529; x_wconf 82' lang='lat' dir='ltr'><strong><em>cujus</em></strong></span> <span class='ocrx_word' id='word_1_620' title='bbox 1566 4458 1619 4512; x_wconf 89' lang='lat' dir='ltr'><strong><em>in</em></strong></span> <span class='ocrx_word' id='word_1_621' title='bbox 1657 4475 1711 4513; x_wconf 84' lang='lat' dir='ltr'><strong><em>se</em></strong></span> <span class='ocrx_word' id='word_1_622' title='bbox 1741 4474 1943 4514; x_wconf 87' lang='lat' dir='ltr'><strong><em>omnem</em></strong></span> <span class='ocrx_word' id='word_1_623' title='bbox 1982 4478 2074 4517; x_wconf 66' lang='lat' dir='ltr'><strong><em>ccc-</em></strong></span> 
     </span>
    </p>
   </div>
   <div class='ocr_carea' id='block_1_79' title="bbox 2172 3254 3781 3331">
    <p class='ocr_par' dir='ltr' id='par_1_79' title="bbox 2172 3254 3781 3331">
     <span class='ocr_line' id='line_1_79' title="bbox 2172 3254 3781 3331; baseline -0.002 -16"><span class='ocrx_word' id='word_1_624' title='bbox 2172 3267 2284 3315; x_wconf 85' lang='lat' dir='ltr'><strong><em>mat</em></strong></span> <span class='ocrx_word' id='word_1_625' title='bbox 2312 3259 2379 3314; x_wconf 89' lang='lat' dir='ltr'><strong><em>ad</em></strong></span> <span class='ocrx_word' id='word_1_626' title='bbox 2407 3258 2570 3315; x_wconf 78' lang='lat' dir='ltr'><strong><em>vitam</em></strong></span> <span class='ocrx_word' id='word_1_627' title='bbox 2589 3300 2603 3325; x_wconf 92' lang='lat'><strong><em>,</em></strong></span> <span class='ocrx_word' id='word_1_628' title='bbox 2635 3272 2814 3331; x_wconf 89' lang='lat' dir='ltr'><strong><em>neque</em></strong></span> <span class='ocrx_word' id='word_1_629' title='bbox 2834 3270 3049 3313; x_wconf 85' lang='lat' dir='ltr'><strong><em>rursum</em></strong></span> <span class='ocrx_word' id='word_1_630' title='bbox 3078 3268 3178 3329; x_wconf 83' lang='lat' dir='ltr'><strong><em>per</em></strong></span> <span class='ocrx_word' id='word_1_631' title='bbox 3199 3256 3462 3313; x_wconf 70' lang='lat' dir='ltr'><strong><em>doctrina:</em></strong></span> <span class='ocrx_word' id='word_1_632' title='bbox 3492 3254 3781 3312; x_wconf 83' lang='lat' dir='ltr'><strong><em>scientiam</em></strong></span> 
     </span>
    </p>
   </div>
   <div class='ocr_carea' id='block_1_80' title="bbox 2172 3347 3786 3426">
    <p class='ocr_par' dir='ltr' id='par_1_80' title="bbox 2172 3347 3786 3426">
     <span class='ocr_line' id='line_1_80' title="bbox 2172 3347 3786 3426; baseline -0.002 -16"><span class='ocrx_word' id='word_1_633' title='bbox 2172 3353 2404 3411; x_wconf 88' lang='lat' dir='ltr'><strong><em>scribam</em></strong></span> <span class='ocrx_word' id='word_1_634' title='bbox 2430 3352 2731 3426; x_wconf 64' lang='lat' dir='ltr'><strong><em>Synagogte</em></strong></span> <span class='ocrx_word' id='word_1_635' title='bbox 2759 3353 2989 3409; x_wconf 85' lang='lat' dir='ltr'><strong><em>instituit</em></strong></span> <span class='ocrx_word' id='word_1_636' title='bbox 3015 3350 3083 3406; x_wconf 86' lang='lat' dir='ltr'><strong><em>ad</em></strong></span> <span class='ocrx_word' id='word_1_637' title='bbox 3132 3351 3307 3423; x_wconf 81' lang='lat' dir='ltr'><strong><em>legem</em></strong></span> <span class='ocrx_word' id='word_1_638' title='bbox 3362 3368 3377 3405; x_wconf 88' lang='lat'><strong>:</strong></span> <span class='ocrx_word' id='word_1_639' title='bbox 3436 3348 3534 3406; x_wconf 86' lang='lat' dir='ltr'><strong><em>sed</em></strong></span> <span class='ocrx_word' id='word_1_640' title='bbox 3567 3347 3786 3421; x_wconf 76' lang='lat' dir='ltr'><strong><em>perfec-</em></strong></span> 
     </span>
    </p>
   </div>
   <div class='ocr_carea' id='block_1_81' title="bbox 2179 3440 3786 3516">
    <p class='ocr_par' dir='ltr' id='par_1_81' title="bbox 2179 3440 3786 3516">
     <span class='ocr_line' id='line_1_81' title="bbox 2179 3440 3786 3516; baseline -0.002 -14"><span class='ocrx_word' id='word_1_641' title='bbox 2179 3452 2292 3502; x_wconf 84' lang='lat' dir='ltr'><strong><em>tum</em></strong></span> <span class='ocrx_word' id='word_1_642' title='bbox 2317 3444 2570 3501; x_wconf 64' lang='lat' dir='ltr'><strong><em>Ecclesiae</em></strong></span> <span class='ocrx_word' id='word_1_643' title='bbox 2598 3445 2892 3516; x_wconf 88' lang='lat' dir='ltr'><strong><em>principem</em></strong></span> <span class='ocrx_word' id='word_1_644' title='bbox 2922 3443 3175 3515; x_wconf 82' lang='lat' dir='ltr'><strong><em>perlectis</em></strong></span> <span class='ocrx_word' id='word_1_645' title='bbox 3204 3443 3561 3498; x_wconf 77' lang='lat' dir='ltr'><strong><em>maximarum</em></strong></span> <span class='ocrx_word' id='word_1_646' title='bbox 3602 3440 3786 3499; x_wconf 80' lang='lat' dir='ltr'><strong><em>virtu-</em></strong></span> 
     </span>
    </p>
   </div>
   <div class='ocr_carea' id='block_1_82' title="bbox 2175 3535 3788 3612">
    <p class='ocr_par' dir='ltr' id='par_1_82' title="bbox 2175 3535 3788 3612">
     <span class='ocr_line' id='line_1_82' title="bbox 2175 3535 3788 3612; baseline -0.002 -16"><span class='ocrx_word' id='word_1_647' title='bbox 2175 3550 2287 3596; x_wconf 90' lang='lat' dir='ltr'><strong><em>tum</em></strong></span> <span class='ocrx_word' id='word_1_648' title='bbox 2311 3541 2467 3596; x_wconf 90' lang='lat' dir='ltr'><strong><em>bonis</em></strong></span> <span class='ocrx_word' id='word_1_649' title='bbox 2488 3536 2571 3612; x_wconf 74' lang='lat'><strong><em>(2)</em></strong></span> <span class='ocrx_word' id='word_1_650' title='bbox 2588 3540 2848 3605; x_wconf 88' lang='lat' dir='ltr'><strong><em>instituit,</em></strong></span> <span class='ocrx_word' id='word_1_651' title='bbox 2882 3546 2943 3594; x_wconf 90' lang='lat' dir='ltr'><strong><em>ut</em></strong></span> <span class='ocrx_word' id='word_1_652' title='bbox 2972 3547 3028 3594; x_wconf 91' lang='lat' dir='ltr'><strong><em>et</em></strong></span> <span class='ocrx_word' id='word_1_653' title='bbox 3058 3537 3166 3593; x_wconf 80' lang='lat' dir='ltr'><strong><em>vita</em></strong></span> <span class='ocrx_word' id='word_1_654' title='bbox 3192 3537 3309 3609; x_wconf 84' lang='lat' dir='ltr'><strong><em>ejus</em></strong></span> <span class='ocrx_word' id='word_1_655' title='bbox 3331 3544 3557 3593; x_wconf 81' lang='lat' dir='ltr'><strong><em>ornetur</em></strong></span> <span class='ocrx_word' id='word_1_656' title='bbox 3576 3535 3788 3593; x_wconf 80' lang='lat' dir='ltr'><strong><em>docen-</em></strong></span> 
     </span>
    </p>
   </div>
   <div class='ocr_carea' id='block_1_83' title="bbox 2174 3628 3789 3701">
    <p class='ocr_par' dir='ltr' id='par_1_83' title="bbox 2174 3628 3789 3701">
     <span class='ocr_line' id='line_1_83' title="bbox 2174 3628 3789 3701; baseline -0.002 -12"><span class='ocrx_word' id='word_1_657' title='bbox 2174 3634 2246 3689; x_wconf 88' lang='lat' dir='ltr'><strong><em>do</em></strong></span> <span class='ocrx_word' id='word_1_658' title='bbox 2267 3676 2281 3700; x_wconf 96' lang='lat'><strong><em>,</em></strong></span> <span class='ocrx_word' id='word_1_659' title='bbox 2308 3643 2361 3689; x_wconf 88' lang='lat' dir='ltr'><strong><em>ct</em></strong></span> <span class='ocrx_word' id='word_1_660' title='bbox 2382 3632 2629 3689; x_wconf 86' lang='lat' dir='ltr'><strong><em>doctrina</em></strong></span> <span class='ocrx_word' id='word_1_661' title='bbox 2658 3630 2910 3689; x_wconf 84' lang='lat' dir='ltr'><strong><em>vivendo.</em></strong></span> <span class='ocrx_word' id='word_1_662' title='bbox 2941 3628 3188 3701; x_wconf 86' lang='lat' dir='ltr'><strong><em>Denique</em></strong></span> <span class='ocrx_word' id='word_1_663' title='bbox 3244 3631 3420 3701; x_wconf 90' lang='lat' dir='ltr'><strong><em>ipsum</em></strong></span> <span class='ocrx_word' id='word_1_664' title='bbox 3468 3628 3618 3684; x_wconf 83' lang='lat' dir='ltr'><strong><em>illum</em></strong></span> <span class='ocrx_word' id='word_1_665' title='bbox 3641 3670 3657 3695; x_wconf 92' lang='lat'><strong><em>,</em></strong></span> <span class='ocrx_word' id='word_1_666' title='bbox 3714 3628 3789 3685; x_wconf 79' lang='lat' dir='ltr'><strong><em>ad</em></strong></span> 
     </span>
    </p>
   </div>
   <div class='ocr_carea' id='block_1_84' title="bbox 2176 3720 3781 3798">
    <p class='ocr_par' dir='ltr' id='par_1_84' title="bbox 2176 3720 3781 3798">
     <span class='ocr_line' id='line_1_84' title="bbox 2176 3720 3781 3798; baseline -0.002 -17"><span class='ocrx_word' id='word_1_667' title='bbox 2176 3741 2335 3798; x_wconf 87' lang='lat' dir='ltr'><strong><em>quem</em></strong></span> <span class='ocrx_word' id='word_1_668' title='bbox 2364 3727 2411 3783; x_wconf 88' lang='lat' dir='ltr'><strong><em>ei</em></strong></span> <span class='ocrx_word' id='word_1_669' title='bbox 2442 3740 2622 3782; x_wconf 89' lang='lat' dir='ltr'><strong><em>sermo</em></strong></span> <span class='ocrx_word' id='word_1_670' title='bbox 2647 3733 2799 3794; x_wconf 85' lang='lat' dir='ltr'><strong><em>erat,</em></strong></span> <span class='ocrx_word' id='word_1_671' title='bbox 2849 3720 3030 3780; x_wconf 83' lang='lat' dir='ltr'><strong><em>Titum</em></strong></span> <span class='ocrx_word' id='word_1_672' title='bbox 3074 3721 3151 3796; x_wconf 77' lang='grc' dir='ltr'><strong><em>(ά)</em></strong></span> <span class='ocrx_word' id='word_1_673' title='bbox 3200 3720 3505 3779; x_wconf 77' lang='lat' dir='ltr'><strong><em>iStiusmodi</em></strong></span> <span class='ocrx_word' id='word_1_674' title='bbox 3554 3720 3781 3777; x_wconf 82' lang='lat' dir='ltr'><strong><em>decreto</em></strong></span> 
     </span>
    </p>
   </div>
   <div class='ocr_carea' id='block_1_85' title="bbox 2176 3810 3792 3888">
    <p class='ocr_par' dir='ltr' id='par_1_85' title="bbox 2176 3810 3792 3888">
     <span class='ocr_line' id='line_1_85' title="bbox 2176 3810 3792 3888; baseline -0.005 -13"><span class='ocrx_word' id='word_1_675' title='bbox 2176 3818 2620 3875; x_wconf 71' lang='lat' dir='ltr'><strong><em>consummandaz</em></strong></span> <span class='ocrx_word' id='word_1_676' title='bbox 2647 3817 2921 3888; x_wconf 80' lang='lat' dir='ltr'><strong><em>religionis</em></strong></span> <span class='ocrx_word' id='word_1_677' title='bbox 2954 3816 3214 3871; x_wconf 78' lang='lat' dir='ltr'><strong><em>instruxit</em></strong></span> <span class='ocrx_word' id='word_1_678' title='bbox 3267 3830 3280 3867; x_wconf 92' lang='lat'><strong>:</strong></span> <span class='ocrx_word' id='word_1_679' title='bbox 3336 3810 3407 3868; x_wconf 73' lang='lat' dir='ltr'><strong><em>in</em></strong></span> <span class='ocrx_word' id='word_1_680' title='bbox 3454 3812 3689 3868; x_wconf 83' lang='lat' dir='ltr'><strong><em>omnibus</em></strong></span> <span class='ocrx_word' id='word_1_681' title='bbox 3740 3824 3792 3867; x_wconf 90' lang='lat' dir='ltr'><strong><em>te</em></strong></span> 
     </span>
    </p>
   </div>
   <div class='ocr_carea' id='block_1_86' title="bbox 2175 3906 3793 3984">
    <p class='ocr_par' dir='ltr' id='par_1_86' title="bbox 2175 3906 3793 3984">
     <span class='ocr_line' id='line_1_86' title="bbox 2175 3906 3793 3984; baseline -0.002 -18"><span class='ocrx_word' id='word_1_682' title='bbox 2175 3912 2345 3984; x_wconf 87' lang='lat' dir='ltr'><strong><em>ipsum</em></strong></span> <span class='ocrx_word' id='word_1_683' title='bbox 2370 3911 2619 3966; x_wconf 87' lang='lat' dir='ltr'><strong><em>bonorum</em></strong></span> <span class='ocrx_word' id='word_1_684' title='bbox 2646 3914 2900 3983; x_wconf 78' lang='lat' dir='ltr'><strong><em>factorum</em></strong></span> <span class='ocrx_word' id='word_1_685' title='bbox 2949 3909 3180 3980; x_wconf 66' lang='lat' dir='ltr'><strong><em>praebens</em></strong></span> <span class='ocrx_word' id='word_1_686' title='bbox 3202 3906 3493 3977; x_wconf 73' lang='lat' dir='ltr'><strong><em>exemplum</em></strong></span> <span class='ocrx_word' id='word_1_687' title='bbox 3520 3907 3793 3962; x_wconf 78' lang='lat' dir='ltr'><strong><em>docentem</em></strong></span> 
     </span>
    </p>
   </div>
   <div class='ocr_carea' id='block_1_87' title="bbox 2176 3996 3793 4069">
    <p class='ocr_par' dir='ltr' id='par_1_87' title="bbox 2176 3996 3793 4069">
     <span class='ocr_line' id='line_1_87' title="bbox 2176 3996 3793 4069; baseline -0.004 -11"><span class='ocrx_word' id='word_1_688' title='bbox 2176 4018 2293 4058; x_wconf 89' lang='lat' dir='ltr'><strong><em>cum</em></strong></span> <span class='ocrx_word' id='word_1_689' title='bbox 2315 4005 2633 4059; x_wconf 86' lang='lat' dir='ltr'><strong><em>veneratione</em></strong></span> <span class='ocrx_word' id='word_1_690' title='bbox 2652 4002 2861 4058; x_wconf 71' lang='lat' dir='ltr'><strong><em>verbum</em></strong></span> <span class='ocrx_word' id='word_1_691' title='bbox 2887 4016 3089 4069; x_wconf 84' lang='lat' dir='ltr'><strong><em>sanum,</em></strong></span> <span class='ocrx_word' id='word_1_692' title='bbox 3111 3998 3591 4069; x_wconf 83' lang='lat' dir='ltr'><strong><em>irreprehensibile;</em></strong></span> <span class='ocrx_word' id='word_1_693' title='bbox 3616 4006 3674 4053; x_wconf 84' lang='lat' dir='ltr'><strong><em>ut</em></strong></span> <span class='ocrx_word' id='word_1_694' title='bbox 3694 3996 3793 4051; x_wconf 88' lang='lat' dir='ltr'><strong><em>ad-</em></strong></span> 
     </span>
    </p>
   </div>
   <div class='ocr_carea' id='block_1_88' title="bbox 2177 4090 3791 4168">
    <p class='ocr_par' dir='ltr' id='par_1_88' title="bbox 2177 4090 3791 4168">
     <span class='ocr_line' id='line_1_88' title="bbox 2177 4090 3791 4168; baseline -0.004 -15"><span class='ocrx_word' id='word_1_695' title='bbox 2177 4099 2435 4153; x_wconf 77' lang='lat' dir='ltr'><strong><em>uersarius</em></strong></span> <span class='ocrx_word' id='word_1_696' title='bbox 2455 4108 2764 4163; x_wconf 84' lang='lat' dir='ltr'><strong><em>revereatur,</em></strong></span> <span class='ocrx_word' id='word_1_697' title='bbox 2793 4096 2922 4151; x_wconf 89' lang='lat' dir='ltr'><strong><em>nihil</em></strong></span> <span class='ocrx_word' id='word_1_698' title='bbox 2951 4095 3146 4151; x_wconf 85' lang='lat' dir='ltr'><strong><em>habens</em></strong></span> <span class='ocrx_word' id='word_1_699' title='bbox 3180 4103 3331 4168; x_wconf 84' lang='lat' dir='ltr'><strong><em>turpe</em></strong></span> <span class='ocrx_word' id='word_1_700' title='bbox 3358 4102 3450 4149; x_wconf 89' lang='lat' dir='ltr'><strong><em>aut</em></strong></span> <span class='ocrx_word' id='word_1_701' title='bbox 3476 4090 3672 4148; x_wconf 76' lang='lat' dir='ltr'><strong><em>malum</em></strong></span> <span class='ocrx_word' id='word_1_702' title='bbox 3723 4092 3791 4147; x_wconf 86' lang='lat' dir='ltr'><strong><em>de</em></strong></span> 
     </span>
    </p>
   </div>
   <div class='ocr_carea' id='block_1_89' title="bbox 2179 4186 3793 4266">
    <p class='ocr_par' dir='ltr' id='par_1_89' title="bbox 2179 4186 3793 4266">
     <span class='ocr_line' id='line_1_89' title="bbox 2179 4186 3793 4266; baseline -0.002 -21"><span class='ocrx_word' id='word_1_703' title='bbox 2179 4193 2325 4247; x_wconf 84' lang='lat' dir='ltr'><strong><em>nobis</em></strong></span> <span class='ocrx_word' id='word_1_704' title='bbox 2355 4190 2523 4247; x_wconf 82' lang='lat' dir='ltr'><strong><em>dicere</em></strong></span> <span class='ocrx_word' id='word_1_705' title='bbox 2548 4186 2674 4266; x_wconf 83' lang='lat' dir='ltr'><strong><em>(Tit.</em></strong></span> <span class='ocrx_word' id='word_1_706' title='bbox 2726 4208 2761 4247; x_wconf 82' lang='grc' dir='ltr'>ιι</span> <span class='ocrx_word' id='word_1_707' title='bbox 2787 4235 2801 4259; x_wconf 88' lang='grc'>,</span> <span class='ocrx_word' id='word_1_708' title='bbox 2836 4186 2892 4259; x_wconf 88' lang='grc'><strong><em>’7,</em></strong></span> <span class='ocrx_word' id='word_1_709' title='bbox 2946 4188 3024 4261; x_wconf 89' lang='lat'><strong><em>8).</em></strong></span> <span class='ocrx_word' id='word_1_710' title='bbox 3056 4189 3172 4245; x_wconf 84' lang='lat' dir='ltr'><strong><em>Non</em></strong></span> <span class='ocrx_word' id='word_1_711' title='bbox 3196 4190 3465 4261; x_wconf 77' lang='lat' dir='ltr'><strong><em>ignoravit</em></strong></span> <span class='ocrx_word' id='word_1_712' title='bbox 3490 4187 3681 4243; x_wconf 84' lang='lat' dir='ltr'><strong><em>doctor</em></strong></span> <span class='ocrx_word' id='word_1_713' title='bbox 3700 4186 3793 4242; x_wconf 79' lang='lat' dir='ltr'><strong><em>liic</em></strong></span> 
     </span>
    </p>
   </div>
   <div class='ocr_carea' id='block_1_90' title="bbox 2177 4279 3792 4356">
    <p class='ocr_par' dir='ltr' id='par_1_90' title="bbox 2177 4279 3792 4356">
     <span class='ocr_line' id='line_1_90' title="bbox 2177 4279 3792 4356; baseline -0.004 -15"><span class='ocrx_word' id='word_1_714' title='bbox 2177 4287 2419 4356; x_wconf 74' lang='lat' dir='ltr'><strong><em>gentium</em></strong></span> <span class='ocrx_word' id='word_1_715' title='bbox 2442 4326 2456 4350; x_wconf 89' lang='lat'><strong><em>,</em></strong></span> <span class='ocrx_word' id='word_1_716' title='bbox 2487 4294 2543 4340; x_wconf 89' lang='lat' dir='ltr'><strong><em>et</em></strong></span> <span class='ocrx_word' id='word_1_717' title='bbox 2566 4327 2580 4351; x_wconf 94' lang='lat'><strong><em>,</em></strong></span> <span class='ocrx_word' id='word_1_718' title='bbox 2606 4301 2671 4341; x_wconf 82' lang='lat' dir='ltr'><strong><em>cx</em></strong></span> <span class='ocrx_word' id='word_1_719' title='bbox 2727 4283 3058 4340; x_wconf 81' lang='lat' dir='ltr'><strong><em>conscientia</em></strong></span> <span class='ocrx_word' id='word_1_720' title='bbox 3092 4282 3362 4354; x_wconf 85' lang='lat' dir='ltr'><strong><em>loquentis</em></strong></span> <span class='ocrx_word' id='word_1_721' title='bbox 3412 4290 3575 4354; x_wconf 81' lang='lat' dir='ltr'><strong><em>atque</em></strong></span> <span class='ocrx_word' id='word_1_722' title='bbox 3625 4279 3792 4335; x_wconf 86' lang='lat' dir='ltr'><strong><em>babi-</em></strong></span> 
     </span>
    </p>
   </div>
   <div class='ocr_carea' id='block_1_91' title="bbox 2181 4375 3794 4446">
    <p class='ocr_par' dir='ltr' id='par_1_91' title="bbox 2181 4375 3794 4446">
     <span class='ocr_line' id='line_1_91' title="bbox 2181 4375 3794 4446; baseline -0.003 -12"><span class='ocrx_word' id='word_1_723' title='bbox 2181 4378 2344 4434; x_wconf 85' lang='lat' dir='ltr'><strong><em>tantis</em></strong></span> <span class='ocrx_word' id='word_1_724' title='bbox 2399 4379 2451 4432; x_wconf 91' lang='lat' dir='ltr'><strong><em>in</em></strong></span> <span class='ocrx_word' id='word_1_725' title='bbox 2503 4391 2563 4434; x_wconf 87' lang='lat' dir='ltr'><strong><em>se</em></strong></span> <span class='ocrx_word' id='word_1_726' title='bbox 2604 4377 2848 4446; x_wconf 83' lang='lat' dir='ltr'><strong><em>Christi,</em></strong></span> <span class='ocrx_word' id='word_1_727' title='bbox 2914 4377 3175 4433; x_wconf 66' lang='lat' dir='ltr'><strong><em>Ecclesiae</em></strong></span> <span class='ocrx_word' id='word_1_728' title='bbox 3239 4375 3445 4431; x_wconf 88' lang='lat' dir='ltr'><strong><em>electus</em></strong></span> <span class='ocrx_word' id='word_1_729' title='bbox 3503 4375 3794 4445; x_wconf 77' lang='lat' dir='ltr'><strong><em>magister,</em></strong></span> 
     </span>
    </p>
   </div>
   <div class='ocr_carea' id='block_1_92' title="bbox 2181 4463 3796 4540">
    <p class='ocr_par' dir='ltr' id='par_1_92' title="bbox 2181 4463 3796 4540">
     <span class='ocr_line' id='line_1_92' title="bbox 2181 4463 3796 4540; baseline -0.004 -15"><span class='ocrx_word' id='word_1_730' title='bbox 2181 4468 2415 4526; x_wconf 77' lang='lat' dir='ltr'><strong><em>morbidi</em></strong></span> <span class='ocrx_word' id='word_1_731' title='bbox 2446 4469 2647 4540; x_wconf 85' lang='lat' dir='ltr'><strong><em>eloquii</em></strong></span> <span class='ocrx_word' id='word_1_732' title='bbox 2672 4476 2984 4539; x_wconf 76' lang='lat' dir='ltr'><strong><em>grassatum</em></strong></span> <span class='ocrx_word' id='word_1_733' title='bbox 3006 4482 3128 4524; x_wconf 87' lang='lat' dir='ltr'><strong><em>esse</em></strong></span> <span class='ocrx_word' id='word_1_734' title='bbox 3171 4467 3417 4537; x_wconf 79' lang='lat' dir='ltr'><strong><em>contagia</em></strong></span> <span class='ocrx_word' id='word_1_735' title='bbox 3438 4508 3452 4532; x_wconf 96' lang='lat'><strong><em>,</em></strong></span> <span class='ocrx_word' id='word_1_736' title='bbox 3500 4474 3556 4520; x_wconf 89' lang='lat' dir='ltr'><strong><em>et</em></strong></span> <span class='ocrx_word' id='word_1_737' title='bbox 3593 4463 3796 4519; x_wconf 77' lang='lat' dir='ltr'><strong><em>adver-</em></strong></span> 
     </span>
    </p>
   </div>
   <div class='ocr_carea' id='block_1_93' title="bbox 540 4553 3797 4635">
    <p class='ocr_par' dir='ltr' id='par_1_93' title="bbox 540 4553 3797 4635">
     <span class='ocr_line' id='line_1_93' title="bbox 540 4553 3797 4635; baseline -0.005 -20"><span class='ocrx_word' id='word_1_738' title='bbox 540 4560 693 4635; x_wconf 81' lang='lat' dir='ltr'><strong><em>plicet</em></strong></span> <span class='ocrx_word' id='word_1_739' title='bbox 733 4562 971 4629; x_wconf 81' lang='lat' dir='ltr'><strong><em>formam,</em></strong></span> <span class='ocrx_word' id='word_1_740' title='bbox 1015 4565 1215 4610; x_wconf 84' lang='lat' dir='ltr'><strong><em>omnem</em></strong></span> <span class='ocrx_word' id='word_1_741' title='bbox 1248 4553 1485 4607; x_wconf 79' lang='lat' dir='ltr'><strong><em>virtutem</em></strong></span> <span class='ocrx_word' id='word_1_742' title='bbox 1515 4553 1790 4607; x_wconf 86' lang='lat' dir='ltr'><strong><em>contineat.</em></strong></span> <span class='ocrx_word' id='word_1_743' title='bbox 1840 4553 1925 4606; x_wconf 85' lang='lat' dir='ltr'><strong><em>Ita</em></strong></span> <span class='ocrx_word' id='word_1_744' title='bbox 1954 4571 2071 4609; x_wconf 88' lang='lat' dir='ltr'><strong><em>vero</em></strong></span> <span class='ocrx_word' id='word_1_745' title='bbox 2100 4566 2159 4635; x_wconf 76' lang='lat' dir='ltr'><strong>D</strong></span> <span class='ocrx_word' id='word_1_746' title='bbox 2183 4578 2303 4620; x_wconf 79' lang='lat' dir='ltr'><strong><em>sum</em></strong></span> <span class='ocrx_word' id='word_1_747' title='bbox 2334 4563 2618 4619; x_wconf 63' lang='lat' dir='ltr'><strong><em>sanitatem</em></strong></span> <span class='ocrx_word' id='word_1_748' title='bbox 2649 4563 2937 4617; x_wconf 72' lang='lat' dir='ltr'><strong><em>verborum</em></strong></span> <span class='ocrx_word' id='word_1_749' title='bbox 2968 4560 3208 4616; x_wconf 73' lang='lat' dir='ltr'><strong><em>ﬁdelium</em></strong></span> <span class='ocrx_word' id='word_1_750' title='bbox 3248 4558 3627 4614; x_wconf 58' lang='lat' dir='ltr'><strong><em>desmyimram</em></strong></span> <span class='ocrx_word' id='word_1_751' title='bbox 3659 4555 3797 4611; x_wconf 79' lang='lat' dir='ltr'><strong><em>doc.</em></strong></span> 
     </span>
    </p>
   </div>
   <div class='ocr_carea' id='block_1_94' title="bbox 541 4643 2073 4717">
    <p class='ocr_par' dir='ltr' id='par_1_94' title="bbox 541 4643 2073 4717">
     <span class='ocr_line' id='line_1_94' title="bbox 541 4643 2073 4717; baseline -0.003 -10"><span class='ocrx_word' id='word_1_752' title='bbox 541 4654 738 4707; x_wconf 54' lang='lat' dir='ltr'><strong><em>decimo</em></strong></span> <span class='ocrx_word' id='word_1_753' title='bbox 786 4664 981 4704; x_wconf 86' lang='lat' dir='ltr'><strong><em>onmem</em></strong></span> <span class='ocrx_word' id='word_1_754' title='bbox 1021 4646 1239 4717; x_wconf 70' lang='lat' dir='ltr'><strong><em>explicat</em></strong></span> <span class='ocrx_word' id='word_1_755' title='bbox 1282 4643 1458 4699; x_wconf 87' lang='lat' dir='ltr'><strong><em>Patris</em></strong></span> <span class='ocrx_word' id='word_1_756' title='bbox 1490 4645 1733 4714; x_wconf 75' lang='lat' dir='ltr'><strong><em>formam,</em></strong></span> <span class='ocrx_word' id='word_1_757' title='bbox 1776 4655 1830 4699; x_wconf 89' lang='lat' dir='ltr'><strong><em>ut</em></strong></span> <span class='ocrx_word' id='word_1_758' title='bbox 1874 4660 1987 4700; x_wconf 88' lang='lat' dir='ltr'><strong><em>eum</em></strong></span> <span class='ocrx_word' id='word_1_759' title='bbox 2020 4649 2073 4703; x_wconf 92' lang='lat' dir='ltr'><strong><em>in</em></strong></span> 
     </span>
    </p>
   </div>
   <div class='ocr_carea' id='block_1_95' title="bbox 540 4737 2076 4813">
    <p class='ocr_par' dir='ltr' id='par_1_95' title="bbox 540 4737 2076 4813">
     <span class='ocr_line' id='line_1_95' title="bbox 540 4737 2076 4813; baseline -0.003 -12"><span class='ocrx_word' id='word_1_760' title='bbox 540 4747 713 4801; x_wconf 84' lang='lat' dir='ltr'><strong><em>forma</em></strong></span> <span class='ocrx_word' id='word_1_761' title='bbox 756 4743 872 4810; x_wconf 79' lang='lat' dir='ltr'><strong><em>Dei,</em></strong></span> <span class='ocrx_word' id='word_1_762' title='bbox 913 4743 967 4796; x_wconf 91' lang='lat' dir='ltr'><strong><em>in</em></strong></span> <span class='ocrx_word' id='word_1_763' title='bbox 996 4757 1097 4813; x_wconf 86' lang='lat' dir='ltr'><strong><em>qua</em></strong></span> <span class='ocrx_word' id='word_1_764' title='bbox 1133 4737 1243 4795; x_wconf 91' lang='lat' dir='ltr'><strong><em>Deo</em></strong></span> <span class='ocrx_word' id='word_1_765' title='bbox 1273 4737 1484 4809; x_wconf 58' lang='lat' dir='ltr'><strong><em>aequalis</em></strong></span> <span class='ocrx_word' id='word_1_766' title='bbox 1524 4739 1610 4805; x_wconf 87' lang='lat' dir='ltr'><strong><em>sit,</em></strong></span> <span class='ocrx_word' id='word_1_767' title='bbox 1637 4739 1910 4809; x_wconf 82' lang='lat' dir='ltr'><strong><em>Apostolus</em></strong></span> <span class='ocrx_word' id='word_1_768' title='bbox 1939 4757 2076 4811; x_wconf 78' lang='lat' dir='ltr'><strong><em>pra:-</em></strong></span> 
     </span>
    </p>
   </div>
   <div class='ocr_carea' id='block_1_96' title="bbox 543 4831 2076 4905">
    <p class='ocr_par' dir='ltr' id='par_1_96' title="bbox 543 4831 2076 4905">
     <span class='ocr_line' id='line_1_96' title="bbox 543 4831 2076 4905; baseline -0.005 -10"><span class='ocrx_word' id='word_1_769' title='bbox 543 4841 695 4895; x_wconf 90' lang='lat' dir='ltr'><strong><em>dicet.</em></strong></span> <span class='ocrx_word' id='word_1_770' title='bbox 722 4836 1022 4902; x_wconf 86' lang='lat' dir='ltr'><strong><em>Undecimo,</em></strong></span> <span class='ocrx_word' id='word_1_771' title='bbox 1042 4835 1161 4903; x_wconf 87' lang='lat' dir='ltr'><strong><em>quia</em></strong></span> <span class='ocrx_word' id='word_1_772' title='bbox 1180 4833 1350 4904; x_wconf 88' lang='lat' dir='ltr'><strong><em>imago</em></strong></span> <span class='ocrx_word' id='word_1_773' title='bbox 1372 4842 1444 4886; x_wconf 86' lang='lat' dir='ltr'><strong><em>est</em></strong></span> <span class='ocrx_word' id='word_1_774' title='bbox 1465 4831 1563 4886; x_wconf 88' lang='lat' dir='ltr'><strong><em>Dei</em></strong></span> <span class='ocrx_word' id='word_1_775' title='bbox 1589 4831 1874 4897; x_wconf 85' lang='lat' dir='ltr'><strong><em>invisibilis,</em></strong></span> <span class='ocrx_word' id='word_1_776' title='bbox 1895 4834 2076 4905; x_wconf 85' lang='lat' dir='ltr'><strong><em>proin-</em></strong></span> 
     </span>
    </p>
   </div>
   <div class='ocr_carea' id='block_1_97' title="bbox 542 4923 2075 5003">
    <p class='ocr_par' dir='ltr' id='par_1_97' title="bbox 542 4923 2075 5003">
     <span class='ocr_line' id='line_1_97' title="bbox 542 4923 2075 5003; baseline -0.003 -16"><span class='ocrx_word' id='word_1_777' title='bbox 542 4933 701 5003; x_wconf 85' lang='lat' dir='ltr'><strong><em>deque</em></strong></span> <span class='ocrx_word' id='word_1_778' title='bbox 729 4944 819 4983; x_wconf 87' lang='lat' dir='ltr'><strong><em>nec</em></strong></span> <span class='ocrx_word' id='word_1_779' title='bbox 844 4928 1076 4992; x_wconf 82' lang='lat' dir='ltr'><strong><em>visibilis,</em></strong></span> <span class='ocrx_word' id='word_1_780' title='bbox 1106 4942 1198 4980; x_wconf 89' lang='lat' dir='ltr'><strong><em>nec</em></strong></span> <span class='ocrx_word' id='word_1_781' title='bbox 1218 4940 1514 4995; x_wconf 89' lang='lat' dir='ltr'><strong><em>corporeus,</em></strong></span> <span class='ocrx_word' id='word_1_782' title='bbox 1551 4938 1643 4979; x_wconf 91' lang='lat' dir='ltr'><strong><em>nec</em></strong></span> <span class='ocrx_word' id='word_1_783' title='bbox 1662 4924 1860 4993; x_wconf 79' lang='lat' dir='ltr'><strong><em>ﬁnitus.</em></strong></span> <span class='ocrx_word' id='word_1_784' title='bbox 1892 4923 2075 4997; x_wconf 85' lang='lat' dir='ltr'><strong><em>Neque</em></strong></span> 
     </span>
    </p>
   </div>
   <div class='ocr_carea' id='block_1_98' title="bbox 544 5019 2067 5099">
    <p class='ocr_par' dir='ltr' id='par_1_98' title="bbox 544 5019 2067 5099">
     <span class='ocr_line' id='line_1_98' title="bbox 544 5019 2067 5099; baseline -0.003 -17"><span class='ocrx_word' id='word_1_785' title='bbox 544 5034 706 5099; x_wconf 89' lang='lat' dir='ltr'><strong><em>potest</em></strong></span> <span class='ocrx_word' id='word_1_786' title='bbox 752 5024 854 5078; x_wconf 87' lang='lat' dir='ltr'><strong><em>dici</em></strong></span> <span class='ocrx_word' id='word_1_787' title='bbox 916 5023 1048 5078; x_wconf 87' lang='lat' dir='ltr'><strong><em>hanc</em></strong></span> <span class='ocrx_word' id='word_1_788' title='bbox 1107 5019 1349 5094; x_wconf 85' lang='lat' dir='ltr'><strong><em>imaginis</em></strong></span> <span class='ocrx_word' id='word_1_789' title='bbox 1413 5020 1665 5075; x_wconf 87' lang='lat' dir='ltr'><strong><em>rationem</em></strong></span> <span class='ocrx_word' id='word_1_790' title='bbox 1717 5020 1773 5074; x_wconf 89' lang='lat' dir='ltr'><strong><em>in</em></strong></span> <span class='ocrx_word' id='word_1_791' title='bbox 1819 5020 2067 5077; x_wconf 81' lang='lat' dir='ltr'><strong><em>invisibili</em></strong></span> 
     </span>
    </p>
   </div>
   <div class='ocr_carea' id='block_1_99' title="bbox 544 5164 857 5243">
    <p class='ocr_par' dir='ltr' id='par_1_99' title="bbox 544 5164 857 5243">
     <span class='ocr_line' id='line_1_99' title="bbox 544 5164 857 5243; baseline -0.019 -19"><span class='ocrx_word' id='word_1_792' title='bbox 544 5169 624 5243; x_wconf 89' lang='lat' dir='ltr'><strong><em>(i)</em></strong></span> <span class='ocrx_word' id='word_1_793' title='bbox 648 5164 857 5243; x_wconf 74' lang='lat' dir='ltr'><strong><em>igent.</em></strong></span> 
     </span>
    </p>
   </div>
   <div class='ocr_carea' id='block_1_100' title="bbox 536 5238 882 5315">
    <p class='ocr_par' dir='ltr' id='par_1_100' title="bbox 536 5238 882 5315">
     <span class='ocr_line' id='line_1_100' title="bbox 536 5238 882 5315; baseline -0.014 -20"><span class='ocrx_word' id='word_1_794' title='bbox 536 5238 616 5315; x_wconf 52' lang='lat'><strong><em>(&#39;2)</em></strong></span> <span class='ocrx_word' id='word_1_795' title='bbox 640 5238 882 5294; x_wconf 83' lang='lat' dir='ltr'><strong><em>Instruit.</em></strong></span> 
     </span>
    </p>
   </div>
   <div class='ocr_carea' id='block_1_101' title="bbox 561 5345 2056 5431">
    <p class='ocr_par' dir='ltr' id='par_1_101' title="bbox 561 5345 2056 5431">
     <span class='ocr_line' id='line_1_101' title="bbox 561 5345 2056 5431; baseline -0.005 -17"><span class='ocrx_word' id='word_1_796' title='bbox 561 5358 613 5431; x_wconf 79' lang='grc' dir='ltr'><strong><em>ᾳ)</em></strong></span> <span class='ocrx_word' id='word_1_797' title='bbox 646 5356 776 5431; x_wconf 28' lang='lat' dir='ltr'><strong><em>BadA.</em></strong></span> <span class='ocrx_word' id='word_1_798' title='bbox 811 5362 865 5409; x_wconf 90' lang='lat' dir='ltr'><strong><em>et</em></strong></span> <span class='ocrx_word' id='word_1_799' title='bbox 897 5352 986 5406; x_wconf 83' lang='lat' dir='ltr'><strong><em>Er.</em></strong></span> <span class='ocrx_word' id='word_1_800' title='bbox 1019 5363 1138 5431; x_wconf 75' lang='lat' dir='ltr'><strong><em>cum</em></strong></span> <span class='ocrx_word' id='word_1_801' title='bbox 1166 5347 1353 5431; x_wconf 64' lang='lat' dir='ltr'><strong><em>codice</em></strong></span> <span class='ocrx_word' id='word_1_802' title='bbox 1383 5346 1497 5403; x_wconf 90' lang='lat' dir='ltr'><strong><em>bas.</em></strong></span> <span class='ocrx_word' id='word_1_803' title='bbox 1533 5345 1651 5431; x_wconf 53' lang='grc' dir='ltr'><strong><em>γει.</em></strong></span> <span class='ocrx_word' id='word_1_804' title='bbox 1691 5363 1760 5405; x_wconf 86' lang='lat' dir='ltr'><strong><em>ac</em></strong></span> <span class='ocrx_word' id='word_1_805' title='bbox 1782 5350 2056 5431; x_wconf 85' lang='lat' dir='ltr'><strong><em>recentio-</em></strong></span> 
     </span>
    </p>
   </div>
   <div class='ocr_carea' id='block_1_102' title="bbox 460 5359 1815 5499">
    <p class='ocr_par' dir='ltr' id='par_1_102' title="bbox 460 5359 1815 5499">
     <span class='ocr_line' id='line_1_102' title="bbox 535 5359 1815 5484; baseline -0.015 -68"><span class='ocrx_word' id='word_1_806' title='bbox 535 5359 613 5484; x_wconf 45' lang='lat' dir='ltr'><strong><em>gl)</em></strong></span> <span class='ocrx_word' id='word_1_807' title='bbox 646 5359 776 5412; x_wconf 89' lang='lat' dir='ltr'><strong><em>Bad.</em></strong></span> <span class='ocrx_word' id='word_1_808' title='bbox 811 5362 865 5409; x_wconf 90' lang='lat' dir='ltr'><strong><em>et</em></strong></span> <span class='ocrx_word' id='word_1_809' title='bbox 897 5359 986 5406; x_wconf 75' lang='lat' dir='ltr'><strong><em>Er.</em></strong></span> <span class='ocrx_word' id='word_1_810' title='bbox 1019 5363 1138 5403; x_wconf 92' lang='lat' dir='ltr'><strong><em>cum</em></strong></span> <span class='ocrx_word' id='word_1_811' title='bbox 1166 5359 1353 5430; x_wconf 77' lang='lat' dir='ltr'><strong><em>codice</em></strong></span> <span class='ocrx_word' id='word_1_812' title='bbox 1384 5359 1497 5403; x_wconf 87' lang='lat' dir='ltr'><strong><em>nas.</em></strong></span> <span class='ocrx_word' id='word_1_813' title='bbox 1538 5359 1651 5402; x_wconf 79' lang='lat' dir='ltr'><strong><em>vat.</em></strong></span> <span class='ocrx_word' id='word_1_814' title='bbox 1691 5363 1760 5405; x_wconf 81' lang='lat' dir='ltr'><strong><em>ac</em></strong></span> <span class='ocrx_word' id='word_1_815' title='bbox 1787 5363 1815 5404; x_wconf 80' lang='grc' dir='ltr'><strong><em>ι·</em></strong></span> 
     </span>
     <span class='ocr_line' id='line_1_103' title="bbox 460 5417 1815 5499; baseline -0.013 -11"><span class='ocrx_word' id='word_1_816' title='bbox 460 5444 521 5487; x_wconf 80' lang='lat' dir='ltr'><strong><em>re</em></strong></span> <span class='ocrx_word' id='word_1_817' title='bbox 590 5430 695 5484; x_wconf 77' lang='lat' dir='ltr'><strong><em>alb.</em></strong></span> <span class='ocrx_word' id='word_1_818' title='bbox 730 5428 891 5499; x_wconf 78' lang='lat' dir='ltr'><strong><em>ﬁgens</em></strong></span> <span class='ocrx_word' id='word_1_819' title='bbox 916 5435 934 5476; x_wconf 90' lang='lat'><strong><em>:</em></strong></span> <span class='ocrx_word' id='word_1_820' title='bbox 952 5421 1102 5499; x_wconf 75' lang='lat' dir='ltr'><strong><em>_t]ll0(l</em></strong></span> <span class='ocrx_word' id='word_1_821' title='bbox 1123 5434 1295 5499; x_wconf 64' lang='lat' dir='ltr'><strong><em>prima</em></strong></span> <span class='ocrx_word' id='word_1_822' title='bbox 1319 5417 1494 5473; x_wconf 84' lang='lat' dir='ltr'><strong><em>fronte</em></strong></span> <span class='ocrx_word' id='word_1_823' title='bbox 1521 5419 1815 5499; x_wconf 74' lang='lat' dir='ltr'><strong><em>placuerat.</em></strong></span> 
     </span>
    </p>
   </div>
   <div class='ocr_carea' id='block_1_103' title="bbox 530 5491 1905 5571">
    <p class='ocr_par' dir='ltr' id='par_1_103' title="bbox 530 5491 1905 5571">
     <span class='ocr_line' id='line_1_104' title="bbox 530 5491 1905 5571; baseline -0.007 -16"><span class='ocrx_word' id='word_1_824' title='bbox 530 5501 607 5571; x_wconf 90' lang='lat' dir='ltr'><strong><em>(b)</em></strong></span> <span class='ocrx_word' id='word_1_825' title='bbox 642 5491 920 5571; x_wconf 59' lang='lat' dir='ltr'><strong><em>Mss.&#39;\lat.</em></strong></span> <span class='ocrx_word' id='word_1_826' title='bbox 950 5495 1152 5571; x_wconf 79' lang='lat' dir='ltr'><strong><em>bas._et</em></strong></span> <span class='ocrx_word' id='word_1_827' title='bbox 1182 5491 1905 5571; x_wconf 32' lang='lat' dir='ltr'><strong><em>Martuconsummanda‘rum.</em></strong></span> 
     </span>
    </p>
   </div>
   <div class='ocr_carea' id='block_1_104' title="bbox 530 5560 2047 5639">
    <p class='ocr_par' dir='ltr' id='par_1_104' title="bbox 530 5560 2047 5639">
     <span class='ocr_line' id='line_1_105' title="bbox 530 5560 2047 5639; baseline -0.005 -14"><span class='ocrx_word' id='word_1_828' title='bbox 530 5560 601 5639; x_wconf 63' lang='lat' dir='ltr'><strong><em>(cl</em></strong></span> <span class='ocrx_word' id='word_1_829' title='bbox 635 5570 953 5625; x_wconf 84' lang='lat' dir='ltr'><strong><em>Particulam</em></strong></span> <span class='ocrx_word' id='word_1_830' title='bbox 982 5573 1055 5639; x_wconf 84' lang='lat' dir='ltr'><strong><em>et_</em></strong></span> <span class='ocrx_word' id='word_1_831' title='bbox 1075 5564 1161 5639; x_wconf 90' lang='lat' dir='ltr'><strong><em>hi_c</em></strong></span> <span class='ocrx_word' id='word_1_832' title='bbox 1186 5571 1240 5639; x_wconf 79' lang='lat' dir='ltr'><strong><em>et</em></strong></span> <span class='ocrx_word' id='word_1_833' title='bbox 1280 5560 1415 5617; x_wconf 79' lang='lat' dir='ltr'><strong><em>infra</em></strong></span> <span class='ocrx_word' id='word_1_834' title='bbox 1459 5564 1718 5639; x_wconf 78' lang='lat' dir='ltr'><strong><em>expunxit</em></strong></span> <span class='ocrx_word' id='word_1_835' title='bbox 1751 5562 2008 5639; x_wconf 60' lang='lat' dir='ltr'><strong><em>Erasmus</em></strong></span> <span class='ocrx_word' id='word_1_836' title='bbox 2030 5605 2047 5630; x_wconf 93' lang='lat'><strong><em>,</em></strong></span> 
     </span>
    </p>
   </div>
   <div class='ocr_carea' id='block_1_105' title="bbox 450 5634 2049 5714">
    <p class='ocr_par' dir='ltr' id='par_1_105' title="bbox 450 5634 2049 5714">
     <span class='ocr_line' id='line_1_106' title="bbox 450 5634 2049 5714; baseline -0.004 -16"><span class='ocrx_word' id='word_1_837' title='bbox 450 5634 697 5714; x_wconf 78' lang='lat' dir='ltr'><strong><em>quamvis</em></strong></span> <span class='ocrx_word' id='word_1_838' title='bbox 724 5648 897 5696; x_wconf 78' lang='lat' dir='ltr'><strong><em>exstet</em></strong></span> <span class='ocrx_word' id='word_1_839' title='bbox 918 5636 1079 5706; x_wconf 85' lang='lat' dir='ltr'><strong><em>apud.</em></strong></span> <span class='ocrx_word' id='word_1_840' title='bbox 1108 5634 1238 5689; x_wconf 88' lang='lat' dir='ltr'><strong><em>Bad.</em></strong></span> <span class='ocrx_word' id='word_1_841' title='bbox 1272 5647 1371 5689; x_wconf 87' lang='lat' dir='ltr'><strong><em>nec</em></strong></span> <span class='ocrx_word' id='word_1_842' title='bbox 1400 5648 1505 5689; x_wconf 88' lang='lat' dir='ltr'><strong><em>non</em></strong></span> <span class='ocrx_word' id='word_1_843' title='bbox 1530 5636 1583 5689; x_wconf 89' lang='lat' dir='ltr'><strong><em>in</em></strong></span> <span class='ocrx_word' id='word_1_844' title='bbox 1617 5634 1869 5692; x_wconf 89' lang='lat' dir='ltr'><strong><em>omnibus</em></strong></span> <span class='ocrx_word' id='word_1_845' title='bbox 1906 5650 2049 5694; x_wconf 48' lang='lat' dir='ltr'><strong><em>mss.»</em></strong></span> 
     </span>
    </p>
   </div>
   <div class='ocr_carea' id='block_1_106' title="bbox 450 5717 1030 5783">
    <p class='ocr_par' dir='ltr' id='par_1_106' title="bbox 450 5717 1030 5783">
     <span class='ocr_line' id='line_1_107' title="bbox 450 5717 1030 5783; baseline -0.016 -14"><span class='ocrx_word' id='word_1_846' title='bbox 450 5725 510 5769; x_wconf 88' lang='lat' dir='ltr'><strong><em>ut</em></strong></span> <span class='ocrx_word' id='word_1_847' title='bbox 562 5717 611 5767; x_wconf 84' lang='lat' dir='ltr'><strong><em>in</em></strong></span> <span class='ocrx_word' id='word_1_848' title='bbox 658 5725 836 5783; x_wconf 79' lang='lat' dir='ltr'><strong><em>grch</em></strong></span> <span class='ocrx_word' id='word_1_849' title='bbox 861 5718 1030 5783; x_wconf 60' lang='lat' dir='ltr'><strong><em>textu.</em></strong></span> 
     </span>
    </p>
   </div>
   <div class='ocr_carea' id='block_1_107' title="bbox 520 5776 1617 5857">
    <p class='ocr_par' dir='ltr' id='par_1_107' title="bbox 520 5776 1617 5857">
     <span class='ocr_line' id='line_1_108' title="bbox 520 5776 1617 5857; baseline -0.005 -21"><span class='ocrx_word' id='word_1_850' title='bbox 520 5786 600 5857; x_wconf 76' lang='lat' dir='ltr'><strong><em>(tt)</em></strong></span> <span class='ocrx_word' id='word_1_851' title='bbox 626 5776 744 5839; x_wconf 67' lang='lat' dir='ltr'><strong><em>\&quot;at.</em></strong></span> <span class='ocrx_word' id='word_1_852' title='bbox 778 5782 892 5837; x_wconf 81' lang='lat' dir='ltr'><strong><em>bas.</em></strong></span> <span class='ocrx_word' id='word_1_853' title='bbox 922 5778 1089 5835; x_wconf 73' lang='lat' dir='ltr'><strong><em>codex</em></strong></span> <span class='ocrx_word' id='word_1_854' title='bbox 1112 5818 1128 5846; x_wconf 89' lang='lat'><strong><em>,</em></strong></span> <span class='ocrx_word' id='word_1_855' title='bbox 1154 5777 1442 5834; x_wconf 88' lang='lat' dir='ltr'><strong><em>istiusmodi</em></strong></span> <span class='ocrx_word' id='word_1_856' title='bbox 1462 5776 1617 5833; x_wconf 87' lang='lat' dir='ltr'><strong><em>dicto.</em></strong></span> 
     </span>
    </p>
   </div>
   <div class='ocr_carea' id='block_1_108' title="bbox 2188 4647 3797 4725">
    <p class='ocr_par' dir='ltr' id='par_1_108' title="bbox 2188 4647 3797 4725">
     <span class='ocr_line' id='line_1_109' title="bbox 2188 4647 3797 4725; baseline -0.006 -14"><span class='ocrx_word' id='word_1_857' title='bbox 2188 4657 2345 4712; x_wconf 74' lang='lat' dir='ltr'><strong><em>trina:</em></strong></span> <span class='ocrx_word' id='word_1_858' title='bbox 2368 4655 2639 4725; x_wconf 68' lang='lat' dir='ltr'><strong><em>pestifera:</em></strong></span> <span class='ocrx_word' id='word_1_859' title='bbox 2660 4653 3097 4724; x_wconf 68' lang='lat' dir='ltr'><strong><em>corruptionem,</em></strong></span> <span class='ocrx_word' id='word_1_860' title='bbox 3128 4666 3249 4723; x_wconf 68' lang='lat' dir='ltr'><strong><em>qum</em></strong></span> <span class='ocrx_word' id='word_1_861' title='bbox 3279 4652 3459 4721; x_wconf 64' lang='lat' dir='ltr'><strong><em>impia:</em></strong></span> <span class='ocrx_word' id='word_1_862' title='bbox 3484 4647 3797 4718; x_wconf 81' lang='lat' dir='ltr'><strong><em>intelligen-</em></strong></span> 
     </span>
    </p>
   </div>
   <div class='ocr_carea' id='block_1_109' title="bbox 2182 4742 3795 4822">
    <p class='ocr_par' dir='ltr' id='par_1_109' title="bbox 2182 4742 3795 4822">
     <span class='ocr_line' id='line_1_110' title="bbox 2182 4742 3795 4822; baseline -0.004 -16"><span class='ocrx_word' id='word_1_863' title='bbox 2182 4752 2277 4807; x_wconf 77' lang='lat' dir='ltr'><strong><em>tite</em></strong></span> <span class='ocrx_word' id='word_1_864' title='bbox 2305 4767 2415 4806; x_wconf 61' lang='lat' dir='ltr'><strong><em>suav</em></strong></span> <span class='ocrx_word' id='word_1_865' title='bbox 2435 4748 2508 4822; x_wconf 75' lang='lat' dir='ltr'><strong><em>(c)</em></strong></span> <span class='ocrx_word' id='word_1_866' title='bbox 2535 4749 2678 4805; x_wconf 84' lang='lat' dir='ltr'><strong><em>luem</em></strong></span> <span class='ocrx_word' id='word_1_867' title='bbox 2708 4763 2876 4820; x_wconf 88' lang='lat' dir='ltr'><strong><em>usque</em></strong></span> <span class='ocrx_word' id='word_1_868' title='bbox 2895 4747 2961 4803; x_wconf 90' lang='lat' dir='ltr'><strong><em>ad</em></strong></span> <span class='ocrx_word' id='word_1_869' title='bbox 2993 4749 3168 4818; x_wconf 88' lang='lat' dir='ltr'><strong><em>ipsam</em></strong></span> <span class='ocrx_word' id='word_1_870' title='bbox 3221 4746 3407 4802; x_wconf 87' lang='lat' dir='ltr'><strong><em>sedem</em></strong></span> <span class='ocrx_word' id='word_1_871' title='bbox 3453 4744 3649 4799; x_wconf 69' lang='lat' dir='ltr'><strong><em>anima:</em></strong></span> <span class='ocrx_word' id='word_1_872' title='bbox 3689 4742 3795 4799; x_wconf 75' lang='lat' dir='ltr'><strong><em>de-</em></strong></span> 
     </span>
    </p>
   </div>
   <div class='ocr_carea' id='block_1_110' title="bbox 2185 4837 3791 4916">
    <p class='ocr_par' dir='ltr' id='par_1_110' title="bbox 2185 4837 3791 4916">
     <span class='ocr_line' id='line_1_111' title="bbox 2185 4837 3791 4916; baseline -0.005 -16"><span class='ocrx_word' id='word_1_873' title='bbox 2185 4859 2440 4916; x_wconf 84' lang='lat' dir='ltr'><strong><em>mergens</em></strong></span> <span class='ocrx_word' id='word_1_874' title='bbox 2460 4885 2473 4910; x_wconf 93' lang='lat'><strong><em>,</em></strong></span> <span class='ocrx_word' id='word_1_875' title='bbox 2508 4842 2775 4914; x_wconf 84' lang='lat' dir='ltr'><strong><em>profundo</em></strong></span> <span class='ocrx_word' id='word_1_876' title='bbox 2799 4849 3045 4912; x_wconf 84' lang='lat' dir='ltr'><strong><em>serperet</em></strong></span> <span class='ocrx_word' id='word_1_877' title='bbox 3072 4840 3237 4895; x_wconf 85' lang='lat' dir='ltr'><strong><em>malo.</em></strong></span> <span class='ocrx_word' id='word_1_878' title='bbox 3269 4839 3344 4894; x_wconf 82' lang='lat' dir='ltr'><strong><em>Ex</em></strong></span> <span class='ocrx_word' id='word_1_879' title='bbox 3380 4838 3465 4892; x_wconf 89' lang='lat' dir='ltr'><strong><em>his</em></strong></span> <span class='ocrx_word' id='word_1_880' title='bbox 3494 4838 3639 4891; x_wconf 67' lang='lat' dir='ltr'><strong><em>enim</em></strong></span> <span class='ocrx_word' id='word_1_881' title='bbox 3665 4837 3744 4891; x_wconf 80' lang='lat' dir='ltr'><strong><em>ait</em></strong></span> <span class='ocrx_word' id='word_1_882' title='bbox 3774 4854 3791 4892; x_wconf 91' lang='lat'><strong>:</strong></span> 
     </span>
    </p>
   </div>
   <div class='ocr_carea' id='block_1_111' title="bbox 2188 4927 3794 5005">
    <p class='ocr_par' dir='ltr' id='par_1_111' title="bbox 2188 4927 3794 5005">
     <span class='ocr_line' id='line_1_112' title="bbox 2188 4927 3794 5005; baseline -0.004 -14"><span class='ocrx_word' id='word_1_883' title='bbox 2188 4938 2426 5004; x_wconf 81' lang='lat' dir='ltr'><strong><em>Quorum</em></strong></span> <span class='ocrx_word' id='word_1_884' title='bbox 2452 4950 2615 4991; x_wconf 87' lang='lat' dir='ltr'><strong><em>sermo</em></strong></span> <span class='ocrx_word' id='word_1_885' title='bbox 2638 4945 2691 4989; x_wconf 86' lang='lat' dir='ltr'><strong><em>ut</em></strong></span> <span class='ocrx_word' id='word_1_886' title='bbox 2714 4951 2896 4990; x_wconf 89' lang='lat' dir='ltr'><strong><em>cancer</em></strong></span> <span class='ocrx_word' id='word_1_887' title='bbox 2926 4934 3081 5004; x_wconf 77' lang='lat' dir='ltr'><strong><em>serpit</em></strong></span> <span class='ocrx_word' id='word_1_888' title='bbox 3103 4930 3172 5005; x_wconf 87' lang='lat' dir='ltr'><strong><em>(ll</em></strong></span> <span class='ocrx_word' id='word_1_889' title='bbox 3190 4929 3329 4987; x_wconf 89' lang='lat' dir='ltr'><strong><em>Tim.</em></strong></span> <span class='ocrx_word' id='word_1_890' title='bbox 3358 4930 3424 4998; x_wconf 85' lang='lat' dir='ltr'><strong><em>ll,</em></strong></span> <span class='ocrx_word' id='word_1_891' title='bbox 3454 4927 3567 5003; x_wconf 78' lang='lat' dir='ltr'><strong><em>i7),</em></strong></span> <span class='ocrx_word' id='word_1_892' title='bbox 3601 4929 3794 4986; x_wconf 86' lang='lat' dir='ltr'><strong><em>latenti</em></strong></span> 
     </span>
    </p>
   </div>
   <div class='ocr_carea' id='block_1_112' title="bbox 2182 5021 3795 5100">
    <p class='ocr_par' dir='ltr' id='par_1_112' title="bbox 2182 5021 3795 5100">
     <span class='ocr_line' id='line_1_113' title="bbox 2182 5021 3795 5100; baseline -0.01 -12"><span class='ocrx_word' id='word_1_893' title='bbox 2182 5044 2403 5100; x_wconf 77' lang='lat' dir='ltr'><strong><em>semper</em></strong></span> <span class='ocrx_word' id='word_1_894' title='bbox 2424 5029 2844 5100; x_wconf 85' lang='lat' dir='ltr'><strong><em>subrepentique</em></strong></span> <span class='ocrx_word' id='word_1_895' title='bbox 2871 5027 3123 5099; x_wconf 84' lang='lat' dir='ltr'><strong><em>ocntagio</em></strong></span> <span class='ocrx_word' id='word_1_896' title='bbox 3144 5027 3430 5083; x_wconf 83' lang='lat' dir='ltr'><strong><em>sanitatem</em></strong></span> <span class='ocrx_word' id='word_1_897' title='bbox 3459 5022 3543 5097; x_wconf 72' lang='grc' dir='ltr'><strong><em>(ὅ)</em></strong></span> <span class='ocrx_word' id='word_1_898' title='bbox 3566 5021 3639 5097; x_wconf 78' lang='grc' dir='ltr'><strong><em>(ι’)</em></strong></span> <span class='ocrx_word' id='word_1_899' title='bbox 3672 5034 3795 5097; x_wconf 73' lang='lat' dir='ltr'><strong><em>per.</em></strong></span> 
     </span>
    </p>
   </div>
   <div class='ocr_carea' id='block_1_113' title="bbox 2257 5166 2643 5243">
    <p class='ocr_par' dir='ltr' id='par_1_113' title="bbox 2257 5166 2643 5243">
     <span class='ocr_line' id='line_1_114' title="bbox 2257 5166 2643 5243; baseline -0.016 -15"><span class='ocrx_word' id='word_1_900' title='bbox 2257 5167 2339 5243; x_wconf 76' lang='lat'><strong><em>(3)</em></strong></span> <span class='ocrx_word' id='word_1_901' title='bbox 2363 5166 2643 5224; x_wconf 81' lang='lat' dir='ltr'><strong><em>Perverste.</em></strong></span> 
     </span>
    </p>
   </div>
   <div class='ocr_carea' id='block_1_114' title="bbox 2256 5343 3788 5423">
    <p class='ocr_par' dir='ltr' id='par_1_114' title="bbox 2256 5343 3788 5423">
     <span class='ocr_line' id='line_1_115' title="bbox 2256 5343 3788 5423; baseline -0.004 -19"><span class='ocrx_word' id='word_1_902' title='bbox 2256 5348 2327 5423; x_wconf 70' lang='grc' dir='ltr'><strong><em>(ε)</em></strong></span> <span class='ocrx_word' id='word_1_903' title='bbox 2363 5350 2515 5419; x_wconf 83' lang='lat' dir='ltr'><strong><em>Apud</em></strong></span> <span class='ocrx_word' id='word_1_904' title='bbox 2543 5348 2693 5421; x_wconf 86' lang='lat' dir='ltr'><strong><em>Lips.</em></strong></span> <span class='ocrx_word' id='word_1_905' title='bbox 2724 5348 3136 5423; x_wconf 64' lang='lat' dir='ltr'><strong><em>etPar._lucem.</em></strong></span> <span class='ocrx_word' id='word_1_906' title='bbox 3168 5345 3390 5423; x_wconf 45' lang='lat' dir='ltr'><strong><em>Rectius</em></strong></span> <span class='ocrx_word' id='word_1_907' title='bbox 3419 5345 3473 5400; x_wconf 87' lang='lat' dir='ltr'><strong><em>in</em></strong></span> <span class='ocrx_word' id='word_1_908' title='bbox 3515 5356 3654 5423; x_wconf 65' lang='lat' dir='ltr'><strong><em>mss.</em></strong></span> <span class='ocrx_word' id='word_1_909' title='bbox 3705 5343 3788 5398; x_wconf 68' lang='lat' dir='ltr'><strong><em>ln-</em></strong></span> 
     </span>
    </p>
   </div>
   <div class='ocr_carea' id='block_1_115' title="bbox 2175 5417 3791 5495">
    <p class='ocr_par' dir='ltr' id='par_1_115' title="bbox 2175 5417 3791 5495">
     <span class='ocr_line' id='line_1_116' title="bbox 2175 5417 3791 5495; baseline -0.003 -19"><span class='ocrx_word' id='word_1_910' title='bbox 2175 5417 2335 5476; x_wconf 81' lang='lat' dir='ltr'><strong><em>cem</em></strong></span> <span class='ocrx_word' id='word_1_911' title='bbox 2366 5417 2460 5492; x_wconf 74' lang='lat' dir='ltr'><strong><em>pro</em></strong></span> <span class='ocrx_word' id='word_1_912' title='bbox 2490 5438 2593 5493; x_wconf 84' lang='lat' dir='ltr'><strong><em>qua</em></strong></span> <span class='ocrx_word' id='word_1_913' title='bbox 2615 5417 2754 5478; x_wconf 44' lang='lat' dir='ltr'><strong><em>&#39;voce</em></strong></span> <span class='ocrx_word' id='word_1_914' title='bbox 2799 5421 2941 5495; x_wconf 90' lang='lat' dir='ltr'><strong><em>apud</em></strong></span> <span class='ocrx_word' id='word_1_915' title='bbox 2992 5419 3121 5475; x_wconf 84' lang='lat' dir='ltr'><strong><em>Bad.</em></strong></span> <span class='ocrx_word' id='word_1_916' title='bbox 3157 5427 3215 5474; x_wconf 86' lang='lat' dir='ltr'><strong><em>et</em></strong></span> <span class='ocrx_word' id='word_1_917' title='bbox 3263 5417 3359 5473; x_wconf 83' lang='lat' dir='ltr'><strong><em>Er.</em></strong></span> <span class='ocrx_word' id='word_1_918' title='bbox 3408 5417 3643 5488; x_wconf 82' lang='lat' dir='ltr'><strong><em>positum</em></strong></span> <span class='ocrx_word' id='word_1_919' title='bbox 3666 5423 3791 5471; x_wconf 82' lang='lat' dir='ltr'><strong><em>erat</em></strong></span> 
     </span>
    </p>
   </div>
   <div class='ocr_carea' id='block_1_116' title="bbox 2172 5508 2335 5549">
    <p class='ocr_par' dir='ltr' id='par_1_116' title="bbox 2172 5508 2335 5549">
     <span class='ocr_line' id='line_1_117' title="bbox 2172 5508 2335 5549; baseline 0 -2"><span class='ocrx_word' id='word_1_920' title='bbox 2172 5508 2335 5549; x_wconf 74' lang='grc' dir='ltr'><strong><em>υιναε.</em></strong></span> 
     </span>
    </p>
   </div>
   <div class='ocr_carea' id='block_1_117' title="bbox 2246 5557 3783 5640">
    <p class='ocr_par' dir='ltr' id='par_1_117' title="bbox 2246 5557 3783 5640">
     <span class='ocr_line' id='line_1_118' title="bbox 2246 5557 3783 5640; baseline -0.008 -18"><span class='ocrx_word' id='word_1_921' title='bbox 2246 5564 2321 5638; x_wconf 72' lang='grc' dir='ltr'><strong><em>(ι’)</em></strong></span> <span class='ocrx_word' id='word_1_922' title='bbox 2345 5565 2473 5623; x_wconf 84' lang='lat' dir='ltr'><strong><em>Mss.</em></strong></span> <span class='ocrx_word' id='word_1_923' title='bbox 2500 5561 3040 5640; x_wconf 66' lang='lat' dir='ltr'><strong><em>Vat.bas.etCaru.</em></strong></span> <span class='ocrx_word' id='word_1_924' title='bbox 3075 5577 3341 5640; x_wconf 55' lang='lat' dir='ltr'><strong><em>penei-sto.</em></strong></span> <span class='ocrx_word' id='word_1_925' title='bbox 3401 5560 3559 5640; x_wconf 57' lang='grc' dir='ltr'><strong><em>ἣξει-ι.</em></strong></span> 
     </span>
    </p>
   </div>
   <div class='ocr_carea' id='block_1_118' title="bbox 2168 5633 3787 5706">
    <p class='ocr_par' dir='ltr' id='par_1_118' title="bbox 2168 5633 3787 5706">
     <span class='ocr_line' id='line_1_119' title="bbox 2168 5633 3787 5706; baseline -0.001 -17"><span class='ocrx_word' id='word_1_926' title='bbox 2168 5633 2371 5706; x_wconf 68' lang='lat' dir='ltr'><strong><em>aliique</em></strong></span> <span class='ocrx_word' id='word_1_927' title='bbox 2396 5654 2517 5692; x_wconf 88' lang='lat' dir='ltr'><strong><em>cum</em></strong></span> <span class='ocrx_word' id='word_1_928' title='bbox 2546 5637 2678 5694; x_wconf 88' lang='lat' dir='ltr'><strong><em>edit.</em></strong></span> <span class='ocrx_word' id='word_1_929' title='bbox 2705 5637 2838 5692; x_wconf 83' lang='lat' dir='ltr'><strong><em>Bad.</em></strong></span> <span class='ocrx_word' id='word_1_930' title='bbox 2871 5650 3156 5706; x_wconf 65' lang='lat' dir='ltr'><strong><em>persuasa.</em></strong></span> <span class='ocrx_word' id='word_1_931' title='bbox 3182 5633 3550 5691; x_wconf 64' lang='lat' dir='ltr'><strong><em>{inlinendum</em></strong></span> <span class='ocrx_word' id='word_1_932' title='bbox 3602 5633 3787 5706; x_wconf 75' lang='lat' dir='ltr'><strong><em>omni-</em></strong></span> 
     </span>
    </p>
   </div>
   <div class='ocr_carea' id='block_1_119' title="bbox 2166 5702 3782 5780">
    <p class='ocr_par' dir='ltr' id='par_1_119' title="bbox 2166 5702 3782 5780">
     <span class='ocr_line' id='line_1_120' title="bbox 2166 5702 3782 5780; baseline -0.004 -18"><span class='ocrx_word' id='word_1_933' title='bbox 2166 5722 2244 5780; x_wconf 81' lang='lat' dir='ltr'><strong><em>no</em></strong></span> <span class='ocrx_word' id='word_1_934' title='bbox 2273 5702 2530 5780; x_wconf 70' lang='lat' dir='ltr'><strong><em>pervasis,</em></strong></span> <span class='ocrx_word' id='word_1_935' title='bbox 2559 5709 2702 5780; x_wconf 90' lang='lat' dir='ltr'><strong><em>quod</em></strong></span> <span class='ocrx_word' id='word_1_936' title='bbox 2756 5716 2837 5763; x_wconf 87' lang='lat' dir='ltr'><strong><em>est</em></strong></span> <span class='ocrx_word' id='word_1_937' title='bbox 2871 5702 3043 5763; x_wconf 59' lang='lat' dir='ltr'><strong><em>&#39;Colb.</em></strong></span> <span class='ocrx_word' id='word_1_938' title='bbox 3102 5705 3439 5779; x_wconf 86' lang='lat' dir='ltr'><strong><em>aliorumque</em></strong></span> <span class='ocrx_word' id='word_1_939' title='bbox 3492 5702 3782 5776; x_wconf 82' lang='lat' dir='ltr'><strong><em>quainplu-</em></strong></span> 
     </span>
    </p>
   </div>
   <div class='ocr_carea' id='block_1_120' title="bbox 2156 5779 2850 5851">
    <p class='ocr_par' dir='ltr' id='par_1_120' title="bbox 2156 5779 2850 5851">
     <span class='ocr_line' id='line_1_121' title="bbox 2156 5779 2850 5851; baseline 0 -17"><span class='ocrx_word' id='word_1_940' title='bbox 2156 5779 2309 5835; x_wconf 65' lang='grc' dir='ltr'><strong><em>τίθη]</em></strong></span> <span class='ocrx_word' id='word_1_941' title='bbox 2334 5782 2520 5851; x_wconf 84' lang='lat' dir='ltr'><strong><em>probae</em></strong></span> <span class='ocrx_word' id='word_1_942' title='bbox 2547 5779 2689 5837; x_wconf 70' lang='lat' dir='ltr'><strong><em>noun</em></strong></span> <span class='ocrx_word' id='word_1_943' title='bbox 2718 5790 2850 5837; x_wconf 85' lang='lat' dir='ltr'><strong><em>mss.</em></strong></span> 
     </span>
    </p>
   </div>
  </div>
