4094 6180
434 222 543 294 239

1658 214 1906 283 SANCTI
1935 216 2194 281 HlLARli
2232 210 2546 281 EPISCOPI

3636 216 3751 276 240

439 351 559 407 Jam
585 364 714 407 vero
767 346 857 406 hic
907 354 1101 421 quanta
1146 341 1421 403 saecularis
1487 342 1687 417 ingenii
1743 342 2040 398 subtilitate
2068 342 2119 404 A
2145 340 2276 411 ipsis
2304 339 2407 396 hoc
2433 338 2647 396 Domini
2670 334 2743 411 (ε)
2774 332 2943 395 nostri
2969 332 3397 407 professionibus
3426 332 3746 407 placuitos-

441 445 811 509 contendunt.
840 460 961 501 cum
985 443 1204 509 dicunt,
1237 437 1317 513 (a)
1352 439 1407 497 Si
1440 452 1580 495 unus
1624 446 1742 504 est,
1795 437 2039 509 quisquis

440 542 536 600 ille
565 543 701 598 alius
731 538 999 596 videbitur
1016 550 1168 604 esse,
1196 537 1307 605 jam
1339 549 1444 591 non
1462 533 1584 591 erit.
1613 531 1766 603 Quod
1808 533 1851 586 si
1902 531 2039 587 alius

442 644 528 692 est
548 635 689 705 ,jam
716 647 853 688 unus
885 630 971 687 hic
999 644 1106 685 non
1137 627 1242 685 erit
1274 647 1287 683 :
1315 643 1437 684 cum
1481 639 1667 683 natura
1712 642 1816 681 non
1860 626 2034 691 sinat,

439 737 503 782 ut
526 727 612 783 ubi
637 725 772 781 alius
796 734 875 781 cst
897 765 912 791 ,
946 723 1017 779 ibi
1047 739 1185 778 unus
1207 721 1316 777 sit:
1342 720 1431 795 (1)
1460 720 1539 795 (b)
1562 728 1654 776 aut
1673 719 1835 792 216
1858 717 1943 772 ubi
1971 716 2041 773 sit

442 834 606 888 unus,
629 818 717 873 ubi
740 817 878 872 alius
900 816 987 872 sit.
1010 814 1218 872 Dehine
1249 830 1370 870 cum
1428 813 1737 870 facilitatem
1769 811 2040 868 credentis

441 920 601 985 atque
625 909 894 966 audientis
912 951 927 977 ,
961 917 1078 965 arte
1105 908 1347 964 subdolm
1373 906 1530 979 hujus
1554 893 1868 963 assertionis
1896 912 1901 917 ‘
1925 904 2041 961 elu-

439 1006 646 1074 seriut,
670 1013 783 1061 tum
813 1004 863 1058 id
893 1002 966 1076 (c)
994 1011 1210 1075 aptant,
1234 1002 1378 1074 quod
1408 1012 1679 1074 tamquam
1702 1001 1812 1073 jam
1835 999 2042 1055 facilio-

441 1115 502 1156 re
529 1100 613 1155 via
633 1098 912 1155 obtineant
936 1139 950 1164 ,
976 1104 1035 1151 ut
1058 1096 1203 1151 Deus
1224 1096 1472 1152 Christus
1506 1111 1576 1151 ex
1623 1094 1843 1151 nomine
1865 1093 2041 1165 potius

438 1207 601 1264 quam
625 1207 689 1247 ex
722 1199 910 1245 natura
941 1188 1041 1256 sit;
1074 1187 1196 1261 quia
1228 1188 1481 1262 generale
1508 1187 1610 1244 hoc
1642 1189 1693 1243 in
1745 1202 1812 1244 eo
1843 1201 2039 1243 nomen

439 1286 496 1340 in
526 1285 674 1341 nullo
704 1300 821 1341 eam
847 1327 861 1351 ,
890 1299 1011 1356 qua:
1041 1298 1168 1339 vera
1197 1285 1314 1340 sola
1356 1292 1468 1352 est,
1517 1283 1676 1339 unius
1727 1281 1822 1339 Dei
1875 1281 2035 1338 fidem

440 1374 685 1433 destruat
715 1384 806 1432 :et
829 1391 922 1446 per
953 1374 1055 1430 hoc
1075 1374 1235 1430 Pater
1266 1374 1376 1430 filio
1406 1374 1580 1447 major
1608 1375 1678 1430 sit
1697 1415 1713 1442 ,
1737 1372 1859 1444 quia
1887 1373 2042 1430 diffe—

440 1475 597 1524 rente
623 1475 847 1533 natura,
871 1482 992 1522 emn
1025 1482 1131 1522 non
1163 1466 1267 1522 nisi
1318 1466 1460 1522 Deus
1504 1482 1641 1522 unus
1690 1474 1806 1532 est,
1868 1464 2041 1536 major

440 1558 601 1618 Pater
621 1560 690 1617 sit
721 1560 1051 1632 proprietate
1079 1570 1320 1627 naturae;
1352 1559 1423 1616 sit
1452 1577 1557 1633 quc
1586 1561 1676 1616 hic
1698 1568 2040 1631 nuncupatus

439 1653 582 1710 illius
601 1696 616 1720 ,
641 1665 695 1710 ct
719 1651 921 1710 creatio
948 1669 1014 1708 ex
1040 1653 1136 1709 Dei
1159 1654 1435 1710 voluntate
1465 1654 1767 1710 subsistens
1786 1694 1802 1721 ,
1833 1654 1956 1724 quia
1986 1659 2042 1708 et

2147 432 2327 500 tendi,
2359 432 2447 503 qui
2476 445 2597 487 eum
2620 430 2941 503 frequenter
2963 429 3085 485 fidei
3114 444 3177 484 ac
3198 429 3313 498 spei
3344 438 3545 485 nostra:
3571 428 3744 483 Deum

2149 541 2311 581 unum
2335 523 2661 591 intimasset,
2693 535 2752 579 ut
2779 532 3176 580 sacramentum
3199 521 3359 577 unius
3380 520 3477 575 Dei
3494 535 3557 576 se
3582 520 3743 592 217

2146 632 2360 690 quoque
2385 618 2497 673 Deo
2523 615 2770 688 professo
2795 614 3128 687 probatoque
3156 613 3400 670 firmaret
3423 611 3593 668 dixit:
3623 610 3744 684 Ego

2147 719 2196 766 et
2224 708 2383 765 Pater
2403 725 2563 764 unum
2590 724 2766 764 sumus
2792 723 2810 762 :
2834 716 2908 774 et,
2931 706 2993 763 Si
3010 706 3150 761 scitis
3166 721 3266 774 me,
3300 705 3443 760 scitis
3462 715 3511 759 et
3537 702 3747 758 Patrem

2147 817 2316 858 meum
2342 817 2362 858 :
2385 809 2467 869 et,
2504 801 2606 868 Qui
2630 816 2709 855 me
2730 800 2858 855 vidit
2884 842 2899 865 ,
2930 798 3055 854 vidit
3083 808 3129 854 et
3157 796 3367 853 Patrem
3401 811 3421 852 :
3444 807 3522 864 et,
3562 794 3743 862 Pater,

2147 896 2236 966 qui
2257 895 2312 949 in
2341 895 2781 963 memnnet,ipse
2828 893 2956 964 facit
2997 906 3157 962 opera
3186 906 3283 945 sua
3339 905 3359 945 :
3404 898 3490 955 et,
3545 886 3753 944 Credite

2146 986 2305 1054 mihi,
2338 987 2458 1057 quia
2489 986 2649 1041 Pater
2670 986 2724 1040 in
2748 1000 2859 1053 me,
2886 993 2935 1040 et
2962 1000 3060 1056 ego
3076 984 3130 1039 in
3162 981 3320 1038 Patre
3365 998 3386 1038 :
3439 983 3520 1037 sin
3576 990 3750 1037 autem
3788 1002 3797 1011 ο

2146 1081 2224 1135 vel
2248 1089 2456 1153 propter
2478 1096 2633 1153 opera
2652 1079 2768 1149 ipsa
2787 1077 2977 1133 credite
3020 1075 3201 1149 (Joan.
3231 1092 3266 1131 x
3287 1117 3303 1142 ,
3349 1076 3461 1142 30;
3514 1090 3633 1142 xw,
3682 1076 3749 1142 7;

2147 1169 2287 1226 Ibid.
2331 1171 2399 1240 9,
2434 1173 2540 1241 10,
2576 1174 2636 1229 ti
2674 1212 2689 1238 ,
2747 1172 2860 1243 12).
2897 1171 3415 1227 Nativitatcmsuam
3442 1170 3499 1225 in
3530 1169 3755 1226 nomine

2147 1264 2315 1335 patris
2354 1261 2762 1337 expressitym
2800 1264 3052 1335 cognosci
3097 1263 3313 1319 Patrem
3366 1262 3425 1318 in
3449 1277 3510 1318 se
3534 1261 3754 1333 cognito

2145 1356 2325 1437 docet.
2351 1357 2623 1415 Unitatem
2654 1367 2863 1413 natum
2888 1357 3107 1424 fatetur,
3130 1370 3253 1413 cum
3277 1355 3437 1412 Pater
3460 1355 3515 1412 in
3543 1370 3604 1412 se
3632 1355 3753 1413 viso

2145 1450 2377 1508 videtur.
2410 1451 2837 1525 lnseparabilem
2865 1465 2926 1508 se
2951 1467 2983 1507 a
3012 1450 3172 1508 Patre
3218 1457 3466 1517 testatur,
3517 1464 3645 1506 cum
3692 1450 3751 1507 in

2146 1556 2398 1609 manente
2421 1544 2499 1620 (g)
2522 1547 2574 1602 in
2596 1561 2657 1602 se
2687 1553 2871 1601 manet
2919 1544 3099 1600 Patre.
3144 1542 3426 1599 Fiduciam
3466 1542 3755 1600 conscien-

2145 1650 2234 1705 tiae
2265 1657 2440 1717 tenet,
2466 1662 2590 1703 eum
2621 1645 2707 1702 his
2736 1645 2896 1702 dictis
2918 1644 3030 1701 suis
3055 1641 3205 1700 credi
3255 1641 3492 1712 postulat
3521 1656 3585 1697 es
3614 1655 3753 1712 ope-

439 1745 618 1802 miuor
645 1746 800 1803 Patre
827 1746 934 1812 sit;
964 1755 1019 1801 et
1041 1745 1186 1803 Deus
1230 1763 1334 1801 non
1392 1746 1462 1803 sit
1482 1791 1496 1816 ,
1547 1748 1673 1817 quia
1709 1746 1853 1803 Deus
1906 1760 2043 1802 unus
2070 1743 2118 1805 B
2148 1741 2358 1798 ratione
2386 1739 2619 1797 virtutis.
2653 1739 2828 1810 Atque
2855 1738 2926 1793 ita
2955 1737 3011 1792 in
3042 1735 3142 1791 hac
3164 1734 3418 1806 perfecta:
3450 1735 3749 1791 nativitatis

437 1839 609 1895 Deum
636 1839 797 1894 alium
826 1853 947 1895 esse
969 1854 1074 1895 non
1105 1838 1326 1910 patitur,
1357 1847 1411 1895 et
1439 1838 1529 1911 qui
1554 1839 1736 1894 minor
1773 1848 1890 1905 est,
1939 1852 2036 1893 ne-

434 1947 591 1988 cesse
611 1941 692 1987 ρει
720 1941 778 1986 ιιι
805 1941 1009 1987 naturae
1033 1931 1100 1987 ab
1121 1948 1217 1999 eo,
1249 1932 1340 2004 qui
1374 1947 1432 1987 sc
1479 1941 1562 1987 est
1614 1931 1809 2002 major,
1842 1931 2040 1988 alientc

436 2024 529 2082 sit.
554 2024 625 2081 Et
654 2025 707 2080 hi
730 2025 944 2097 quidem
975 2040 1137 2098 quam
1191 2024 1404 2082 ridiculi
1434 2025 1485 2080 in
1510 2040 1576 2081 eo
1603 2034 1761 2091 Sunt,
1791 2025 2033 2096 prmscri-

435 2123 629 2182 bentes
660 2125 811 2192 Deo,
841 2140 966 2181 cum
999 2122 1079 2198 (ά)
1108 2132 1393 2191 asserunt,
1437 2140 1505 2179 ex
1553 2137 1660 2179 uno
1710 2122 1857 2179 nasci
1907 2122 2039 2179 nihil

435 2232 600 2288 posse
624 2260 640 2287 ,
666 2218 791 2288 quia
821 2218 1195 2274 universarum
1220 2234 1399 2274 rerum
1422 2233 1489 2274 ex
1511 2217 1740 2273 duorum
1772 2219 2037 2288 conjunc-

434 2309 584 2366 tione
629 2309 880 2367 nativitas
908 2322 991 2367 est
1053 2328 1066 2364 :
1124 2312 1291 2366 Deum
1358 2320 1537 2367 autem
1598 2309 2037 2366 indemutabilem

434 2404 640 2460 nullam
669 2420 735 2459 ex
764 2419 824 2460 se
866 2404 1208 2460 nativitatem
1258 2404 1498 2460 tribuere
1551 2419 1712 2474 posse
1758 2402 2036 2469 nascenti;

434 2494 560 2566 quia
582 2510 682 2551 nec
707 2495 1005 2550 accessioni
1038 2494 1089 2550 id
1110 2495 1250 2566 quod
1281 2510 1383 2550 nOn
1412 2495 1718 2550 tlcmutatur
1744 2495 2036 2551 obnoxium

433 2589 534 2654 sit,
564 2602 666 2644 nec
690 2587 911 2644 solitarii
940 2596 1099 2659 atque
1139 2586 1301 2644 unius
1331 2597 1521 2643 natura
1572 2587 1621 2642 id
1662 2586 1713 2642 in
1763 2602 1822 2644 sc
1845 2586 2042 2644 haheat

435 2680 762 2738 conditionis
787 2723 801 2748 ,
835 2691 897 2736 ut
923 2692 1167 2752 generet.

507 2775 561 2831 4.
591 2772 750 2830 Fides
775 2773 1027 2830 catholica
1051 2776 1295 2831 hactenus
1325 2786 1520 2832 asserta
1549 2786 1597 2832 et
1628 2794 1783 2834 sensu
1810 2794 2038 2833 commu-

437 2866 492 2921 ni
511 2877 560 2921 et
594 2866 802 2920 Domini
833 2866 981 2920 dictis
1012 2866 1367 2937 con/irritatur.
1393 2898 1464 2910 -—
1494 2868 1603 2925 Nos
1650 2879 1827 2925 autem
1869 2886 2035 2926 evan-

430 2957 658 3028 gelicum
679 2965 839 3027 atque
865 2956 1218 3027 apostolicam
1279 2958 1438 3013 fidem
1488 2959 1747 3015 doctrinis
1780 2960 2039 3029 spiritali-

435 3046 534 3103 bus
555 3048 818 3115 assecuti,
851 3056 907 3102 et
928 3048 1098 3105 beata:
1126 3051 1443 3106 aeternitatis
1491 3066 1642 3122 spem
1693 3051 1745 3106 in
1791 3051 1962 3107 Patris
1982 3061 2038 3108 et

2146 1834 2454 1892 beatissima
2486 1832 2617 1899 lide,
2646 1831 2835 1886 vitium
2865 1844 3027 1885 omne
3047 1870 3061 1896 ,
3087 1837 3142 1884 ct
3181 1826 3347 1884 duum
3396 1827 3623 1884 deorum
3644 1870 3661 1897 ,
3691 1836 3753 1885 et

2137 1927 2239 1983 Dei
2271 1925 2564 1998 singularis
2591 1923 2953 1995 exstinguitur
3009 1938 3025 1976 :
3066 1936 3188 1977 cum
3236 1921 3326 1991 qui
3374 1935 3538 1975 unum
3587 1930 3750 1988 sunt,

2144 2036 2249 2075 non
2274 2021 2344 2076 sit
2368 2033 2536 2087 unus;
2572 2027 2623 2075 et
2649 2018 2741 2089 qui
2770 2032 2875 2072 non
2900 2031 3039 2071 unus
3061 2021 3180 2084 est,
3214 2029 3321 2070 non
3357 2023 3537 2070 tamen
3565 2014 3635 2070 ab
3677 2028 3751 2071 eo

2143 2113 2372 2184 quiest,
2400 2112 2473 2167 ita
2500 2126 2568 2167 ex
2594 2110 2774 2182 aliquo
2821 2107 3067 2175 dilferat,
3094 2116 3152 2162 ut
3178 2115 3407 2178 uterque
3436 2120 3545 2162 non
3577 2122 3748 2164 unum

2142 2207 2271 2263 sint.

2215 2302 2267 2357 5.
2297 2299 2418 2357 Eoo
2439 2315 2508 2356 ετ
2537 2314 2713 2355 enen
2733 2312 2879 2354 usus:
2908 2311 3098 2364 sonus,
3150 2303 3412 2367 exponunt
3442 2294 3506 2349 de
3546 2293 3748 2349 unitate

2147 2409 2460 2460 consensus;
2514 2393 2695 2466 quibus
2741 2392 3077 2466 argumentis.
3107 2420 3179 2431 --
3209 2390 3337 2446 ιιωο
3398 2390 3562 2461 igitur
3616 2389 3746 2460 quia

2144 2487 2387 2544 hmrctici
2422 2501 2619 2558 negare
2646 2502 2754 2541 non
2785 2495 3032 2557 possunt,
3084 2484 3281 2556 quippe
3320 2495 3445 2539 cum
3495 2481 3606 2538 sint
3632 2492 3745 2539 tam

2141 2581 2388 2636 absolute
2446 2580 2590 2635 dicta
2642 2588 2803 2650 atque
2834 2578 3132 2646 intellecta,
3188 2586 3368 2631 tamen
3413 2574 3742 2631 stultissimo

2141 2673 2436 2745 impietatis
2479 2687 2592 2728 suze
2635 2671 2918 2728 mendacio
2941 2670 3024 2742 (Ιι)
3075 2668 3318 2741 neganda
3362 2677 3740 2740 corrumpunt.

2141 2766 2197 2823 Id
2229 2767 2374 2823 cnim
2406 2766 2548 2837 quod
2579 2767 2687 2820 ait:
2718 2763 2831 2837 Ego
2854 2773 2901 2819 et
2929 2762 3084 2819 Pater
3104 2779 3261 2817 unum
3284 2777 3459 2817 sumus
3482 2760 3660 2835 (Joan.
3682 2778 3741 2830 ιι,

2141 2862 2255 2933 50),
2286 2870 2492 2917 tentant
2518 2860 2585 2916 ad
2613 2860 2982 2915 unanimitatis
3037 2857 3243 2914 referre
3278 2871 3643 2923 consensum;
3685 2864 3746 2913 ut

2140 2954 2435 3008 voluntatis
2485 2953 2535 3008 in
2569 2951 2657 3006 his
2698 2952 2875 3007 unitas
2919 2952 3010 3015 sit,
3055 2965 3161 3006 non
3193 2960 3422 3017 naturai,
3464 2949 3516 3005 id
3546 2957 3650 3015 est,
3683 2956 3747 3006 ut

2140 3063 2248 3103 non
2276 3063 2374 3119 per
2398 3046 2447 3102 id
2473 3046 2615 3117 quod
2648 3043 2711 3118 (ἱ)
2743 3053 2890 3112 sunt,
2918 3044 3014 3101 sed
3063 3058 3160 3115 per
3188 3043 3241 3100 id
3297 3043 3439 3115 quod
3482 3042 3625 3100 idem
3649 3058 3748 3099 vo-

435 3138 552 3197 Filii
580 3141 919 3199 confessione
945 3152 1239 3212 sectantes,
1272 3143 1644 3200 demonstrato
1685 3145 1777 3201 Dei
1812 3151 1889 3201 ‘et
1941 3145 2037 3202 Dei
2068 3141 2113 3208 C
2144 3141 2280 3210 lunt,
2307 3156 2470 3195 unum
2501 3139 2628 3195 sint.
2662 3138 2729 3194 Et
2758 3138 2910 3204 illud,
2933 3137 3077 3209 quod
3097 3147 3181 3194 est
3224 3137 3280 3193 in
3328 3137 3553 3193 Actibus
3594 3136 3747 3208 Apo-

433 3247 499 3288 ex
533 3234 651 3305 lege
677 3244 1051 3301 sacramento,
1085 3250 1259 3305 neque
1289 3235 1446 3290 unius
1468 3235 1564 3291 Dei
1588 3235 1746 3290 fidem
1766 3235 2035 3292 exceden-

438 3334 555 3390 tes,
613 3340 787 3395 neque
831 3340 938 3380 non
994 3334 1047 3381 et
1098 3325 1267 3380 Deum
1311 3324 1585 3381 Christum
1631 3326 2022 3397 praedicantes,

428 3411 575 3470 hunc
599 3430 667 3470 ex
696 3415 1000 3487 Evangeliis
1028 3417 1397 3487 responsionis
1410 3417 1654 3474 ordinem
1683 3420 2035 3489 sumpsimus,

431 3515 493 3562 ut
520 3522 703 3562 veram
731 3522 796 3564 ex
816 3508 926 3563 Deo
946 3519 1097 3580 patre
1121 3510 1453 3565 nativitatem
1487 3510 1745 3582 unigeniti
1794 3512 1888 3567 Dei
1937 3511 2036 3567 do-

432 3614 716 3666 ceremus;
746 3601 868 3672 quia
889 3616 989 3673 per
1014 3616 1131 3657 eam
1155 3610 1209 3657 et
1233 3601 1377 3658 Deus
1407 3617 1570 3659 verus
1593 3612 1777 3671 esset,
1806 3618 1979 3675 neque
2005 3618 2037 3660 a

431 3704 624 3749 natura
653 3694 812 3750 unius
840 3694 940 3750 Dei
964 3695 1078 3752 veri
1106 3706 1250 3752 esset
1305 3695 1557 3762 alienus;
1610 3712 1672 3753 ac
1726 3698 1806 3754 sic
1861 3713 2037 3769 neque

430 3781 575 3841 Deus
602 3787 785 3857 negari
812 3797 1033 3857 posset,
1060 3803 1236 3858 neque
1265 3788 1380 3858 ipse
1397 3789 1540 3844 alius
1566 3789 1711 3845 Deus
1739 3788 1881 3856 dici;
1911 3790 2037 3861 quia

431 3885 487 3933 et
512 3877 683 3932 Deum
714 3877 950 3950 (supple,
974 3878 1117 3951 esse)
1136 3880 1390 3936 nativitas
1415 3889 1731 3952 praestaret,
1759 3891 1814 3938 et
1844 3891 2034 3939 natura

429 3969 485 4026 in
507 3986 573 4026 eo
601 3973 758 4028 unius
781 3970 873 4027 Dei
905 3989 968 4027 ex
1000 3973 1144 4043 Deo,
1169 3990 1292 4030 eum
1340 3974 1393 4030 in
1448 3975 1617 4031 Deum
1670 3976 1899 4032 alterum
1926 3992 2033 4033 non

432 4074 729 4135 separaret.
761 4066 823 4121 Et
853 4081 1182 4139 qttamquam
1210 4069 1275 4123 ad
1299 4068 1351 4124 id
1382 4084 1482 4126 nos
1508 4069 1818 4126 communis
1871 4068 2034 4126 intel-

432 4156 671 4229 ligentiac
697 4173 887 4214 sensus
913 4160 1252 4230 impelleret;
1285 4177 1353 4217 ne
1387 4161 1438 4216 in
1472 4173 1661 4218 natura
1690 4161 1880 4219 eadem
1938 4177 2035 4216 na-

435 4258 677 4306 turarum
712 4250 931 4306 nomina
953 4252 1330 4317 convenirent,
1380 4258 1568 4308 etnon
1619 4270 1784 4309 unum
1815 4263 2030 4324 essent,

432 4342 630 4414 quibus
656 4341 711 4396 id
738 4342 879 4412 quod
927 4353 1051 4398 sunt
1079 4359 1187 4399 non
1229 4343 1470 4400 dilfcrret
1495 4345 1546 4399 in
1571 4359 1810 4416 genere:
1849 4354 2030 4402 tamen

2141 3234 2401 3288 stolornm
2432 3231 2512 3305 (j)
2532 3271 2548 3299 ,
2574 3229 2700 3286 huic
2723 3229 3020 3286 defensioni
3051 3244 3164 3285 suae
3191 3238 3415 3300 aptant:
3446 3227 3747 3285 Multitudi-

2138 3324 2217 3378 nis
2247 3333 2414 3378 antcm
2454 3322 2768 3377 credentium
2797 3330 2903 3376 erat
2927 3319 3007 3393 (lt)
3037 3321 3212 3376 anima
3236 3330 3285 3377 et
3308 3336 3577 3376 cornuum
3597 3320 3741 3392 (Act.

2144 3431 2218 3483 tv,
2242 3416 2368 3487 '52);
2403 3424 2462 3471 ut
2493 3415 2794 3471 animarum
2817 3426 2869 3471 et
2898 3414 3142 3470 cordium
3191 3414 3497 3479 diversitas,
3548 3414 3605 3470 in
3646 3428 3747 3470 eor

2141 3525 2307 3566 unum
2356 3519 2519 3579 atque
2581 3509 2814 3563 animam
2873 3523 2972 3578 per
3018 3508 3451 3564 convenientiam
3499 3506 3746 3577 ejusdem

2142 3600 2433 3657 voluntatis
2456 3601 2518 3672 (ι)
2568 3600 2746 3656 unitas
2790 3600 2881 3656 sit.
2915 3599 3015 3657 Vel
3065 3600 3218 3667 illud,
3269 3600 3413 3672 quod
3452 3600 3519 3656 ad
3543 3600 3746 3656 Corin-

2140 3693 2284 3751 thios
2310 3694 2568 3751 scribitur
2593 3713 2606 3750 :
2641 3693 2743 3759 Qui
2771 3695 2973 3765 plantat
2998 3703 3188 3761 autem,
3220 3704 3269 3749 et
3297 3696 3385 3767 qui
3404 3694 3560 3767 rigat,
3580 3711 3746 3750 unum

2137 3797 2255 3845 sunt
2286 3787 2330 3858 (l
2360 3785 2481 3842 Cor.
2514 3802 2591 3855 nt,
2627 3785 2684 3858 8)
2717 3804 2729 3839 :
2762 3796 2949 3842 utnon
2992 3786 3281 3844 diﬁ‘erente
3326 3787 3629 3845 ministerio
3674 3787 3745 3845 ad

2140 3882 2372 3938 salutem
2402 3890 2455 3937 et
2481 3880 2535 3936 in
2559 3879 2804 3950 ejusdem
2833 3878 3161 3936 sacramenti
3194 3879 3521 3951 profectum,
3544 3880 3745 3937 volun-

2144 3976 2269 4033 tatis
2294 3974 2363 4031 sit
2393 3976 2571 4030 unitas
2595 3974 2651 4031 in
2682 3975 2915 4031 duobus.
2947 3974 3043 4031 Vel
3076 3974 3152 4044 id,
3181 3973 3322 4045 quod
3363 3973 3626 4031 Dominus
3658 3989 3748 4032 sa-

2140 4069 2307 4127 lutem
2331 4068 2732 4126 erediturarum
2759 4069 2812 4124 in
2837 4083 2896 4124 se
2921 4069 3161 4140 gentium
3184 4082 3214 4122 a
3242 4067 3401 4124 Patre
3441 4068 3742 4139 postulans,

2140 4161 2252 4219 ait:
2288 4163 2411 4218 Non
2441 4180 2534 4235 pro
2560 4164 2641 4218 liis
2668 4173 2840 4218 autem
2871 4179 2996 4234 rogo
3019 4172 3237 4231 tantum,
3285 4164 3378 4219 sed
3427 4172 3476 4219 et
3520 4180 3615 4233 pro
3662 4164 3747 4221 his

2140 4256 2225 4326 qui
2245 4255 2491 4310 credituri
2515 4264 2634 4309 sunt
2664 4272 2755 4325 per
2775 4255 2981 4312 verbum
2994 4272 3169 4311 eorum
3188 4257 3242 4311 in
3265 4273 3366 4323 tne,
3388 4267 3444 4313 ut
3465 4255 3744 4331 omnes(m)

2140 4362 2300 4403 unum
2324 4348 2425 4402 sint
2454 4347 2704 4417 sicut,tu,
2735 4347 2912 4416 Pater,
2929 4349 3095 4418 inme,
3125 4359 3174 4405 et
3199 4366 3291 4422 ego
3310 4352 3364 4406 in
3385 4360 3454 4417 te,
3485 4360 3541 4407 ut
3566 4360 3614 4406 et
3641 4352 3747 4424 ipsi

505 4482 588 4555 (1)
619 4482 719 4537 Aut
735 4481 808 4536 ibi
834 4481 898 4536 sit
925 4498 1058 4538 unus
1081 4524 1097 4552 ,
1129 4483 1216 4539 ubi
1238 4482 1372 4539 alius
1391 4484 1481 4539 sit.
1509 4481 1733 4552 Deinde,
1767 4493 1872 4542 etc.
1902 4484 2069 4544 Paulo
2096 4494 2249 4559 post,
2280 4497 2388 4543 tum
2405 4487 2460 4543 id
2482 4497 2724 4559 umquam
2733 4488 2850 4561 jam
2873 4488 3160 4562 faciliore»:
3191 4490 3323 4546 viam
3353 4489 3643 4549 obtineant.-

534 4672 585 4737 b)
616 4674 744 4728 Mss.
778 4683 866 4727 aut
891 4672 961 4728 ibi
984 4675 1050 4728 sit
1078 4690 1210 4729 unus
1230 4715 1245 4737 ,
1268 4674 1355 4728 ubi
1370 4672 1504 4729 alius
1522 4674 1606 4730 sit.

534 4678 563 4728 b
616 4678 744 4728 Mss.
778 4683 866 4727 aut
891 4678 961 4728 ibi
984 4678 1050 4728 sit
1078 4690 1210 4729 unus
1230 4715 1245 4737 ,
1268 4678 1355 4728 ubi
1370 4678 1504 4729 alius
1522 4678 1606 4730 sit.

534 4678 585 4817 ei
610 4743 846 4819 Verbum
870 4754 1078 4819 aptant,
1127 4760 1247 4800 cum
1297 4747 1553 4819 sequenti
1595 4745 1818 4803 relativo
1862 4746 2032 4819 quod,

439 4816 692 4872 omittunt
719 4816 916 4885 vulgati
942 4831 1006 4871 ac
1035 4818 1216 4885 plures
1242 4831 1372 4870 mss.
1403 4816 1673 4873 Exltibent
1697 4816 1883 4874 autem
1909 4834 2034 4874 cum

440 4888 626 4945 codice
655 4889 769 4941 has.
803 4887 900 4941 Vat
948 4889 1052 4942 duo
1074 4886 1229 4942 Colb.
1281 4895 1337 4942 ct
1387 4903 1527 4942 unus
1570 4888 1803 4944 Sorbon.
1853 4890 2036 4946 Malle-

442 4975 563 5014 tnus
592 4969 768 5013 tamen
786 4969 1001 5031 captant
1022 4974 1089 5031 eo
1110 4974 1271 5031 sensu
1290 4999 1306 5025 ,
1337 4974 1445 5029 quo
1490 4959 1837 5031 Ambrosius,
1870 4960 2031 5031 epist.

441 5045 586 5085 nunc
615 5045 741 5095 xxv,
772 5045 826 5085 n.
851 5029 909 5092 kl,
943 5030 1006 5085 ad
1040 5029 1287 5086 Studium
1312 5030 1527 5100 scripsit
1552 5049 1564 5085 :
1592 5032 1720 5086 Cum
1747 5029 2035 5087 adulterum

435 5102 739 5173 reperissent
760 5100 935 5155 Judtei
958 5118 973 5165 ;
997 5101 1287 5155 obtulerunt
1308 5117 1419 5155 eam
1470 5102 1760 5169 Saluatori,
1809 5113 2027 5173 captan-

438 5181 511 5227 tes
528 5184 587 5244 rut
616 5172 663 5227 si
688 5171 964 5244 absolveret
988 5188 1101 5227 eum
1120 5215 1134 5238 ,
1165 5172 1419 5226 videretur
1442 5174 1603 5244 legent
1630 5175 1840 5229 solvere.

513 5243 592 5313 (Δ)
625 5243 821 5298 Ilorum
850 5243 1012 5298 verba
1041 5246 1254 5311 propria
1285 5243 1518 5307 exstant,
1545 5244 1583 5300 1.
1614 5261 1691 5308 ιιι,
1724 5263 1778 5301 n.
1809 5245 2025 5312 8.Quod

439 5314 925 5388 antem__if3udosius
955 5330 1016 5369 ca
1043 5314 1112 5369 de
1138 5330 1197 5388 re
1225 5313 1381 5385 longe
1408 5316 1625 5372 crudius
1655 5317 1898 5388 protulit,
1933 5319 2027 5373 ha-

437 5383 595 5441 betur
625 5385 718 5441 lib.
749 5386 802 5441 in
826 5384 1013 5441 Const.
1042 5402 1096 5440 ιι.
1134 5386 1219 5441 15.
1322 5383 1336 5385 “
1656 5383 1668 5388 ⁷
1824 5422 1827 5425 .

511 5456 583 5528 (e)
605 5456 662 5512 In
687 5457 913 5528 vulgatis
938 5473 1072 5512 nunc
1101 5457 1220 5528 loco
1265 5458 1446 5513 nostri.

505 5527 573 5599 (’f)
606 5527 928 5599 Particulam
957 5545 1105 5599 cum,
1149 5527 1449 5585 faventibus
1473 5529 1683 5587 duobus
1709 5547 1837 5587 mss.
1872 5531 2024 5590 (lolb.

438 5597 528 5652 hic
556 5598 855 5674 addendam
882 5600 1058 5674 prima
1089 5598 1264 5655 fronte
1302 5603 1744 5674 conjectavimus.
1777 5618 1883 5674 qua
1914 5603 2029 5660 haec

434 5669 701 5725 sententia
731 5686 851 5726 cum
881 5669 1162 5742 superiore
1206 5669 1566 5742 copularetur.
1600 5673 1715 5729 Non
1764 5669 1905 5731 male
1950 5683 2029 5732 ta-

436 5755 561 5798 men
591 5748 819 5813 utraque
846 5741 1092 5800 absoluta
1123 5741 1460 5814 intelligitun,
1490 5754 1546 5800 ut
1579 5745 1749 5816 prima
1794 5761 2025 5819 respon-

535 4600 589 4675 a)
618 4600 676 4656 In
698 4614 829 4657 mss.
859 4600 1068 4686 ll-lartip.
1107 4601 1210 4657 Osi
1231 4617 1386 4685 unus.

509 4600 585 4819 la
610 4672 1051 4819 suamet:
1066 4690 1247 4809 uti;
1268 4677 1386 4815 “5.2.;

2061 4607 2116 4669 D
2140 4604 2265 4661 deat
2289 4605 2470 4662 verbis
2504 4624 2517 4660 :
2547 4605 2662 4677 Ego
2689 4617 2736 4662 et
2777 4605 2938 4664 Pater
2987 4625 3145 4665 unum
3190 4623 3385 4677 sumus,
3432 4611 3602 4668 altera
3654 4626 3744 4671 se-

2139 4677 2430 4748 quentibus
2454 4694 2466 4730 :
2498 4677 2560 4734 Si
2588 4680 2729 4734 scitis
2751 4696 2851 4745 me,
2877 4681 3016 4736 scitis
3042 4690 3088 4736 et
3114 4680 3342 4746 Patrem,
3370 4690 3475 4737 etc.

2206 4748 2288 4830 .(g)
2323 4747 2486 4818 Editi,
2514 4750 2568 4804 in
2596 4767 2650 4804 se
2674 4760 2842 4805 manet
2886 4750 3062 4819 Pater,
3113 4754 3473 4809 emendantur
3496 4769 3564 4812 ex
3604 4756 3745 4814 scri-

2145 4828 2270 4890 ptis.
2500 4877 2504 4880 ,

2213 4888 2291 4970 (Ιι)
2359 4890 2737 4970 lu__vt_ilgatis,
2783 4894 3019 4965 negando
3073 4911 3093 4951 :
3152 4896 3295 4970 quod
3351 4906 3553 4970 pugnat
3613 4914 3741 4957 cum

2140 4963 2384 5037 prexime
2410 4963 2589 5037 dictis.
2620 4982 2808 5037 negare
2837 4963 2937 5021 non
2972 4963 3205 5036 possunt.
3239 4963 3458 5025 Rectius
3509 4970 3559 5025 in
3602 4986 3737 5029 mss.

2139 5035 2391 5111 illiganda,
2419 5035 2522 5111 hoc
2548 5046 2652 5111 est,
2682 5035 2789 5111 quo
2815 5035 3045 5094 subinde
3074 5041 3281 5110 possint
3310 5057 3528 5111 negare.

2202 5105 2269 5176 (Ai),
2294 5105 2349 5159 In
2397 5106 2646 5176 vulgatis.
2682 5108 2816 5163 idem
2841 5120 2981 5165 siml.
3010 5105 3177 5166 Abest
3202 5112 3337 5166 idem
3358 5105 3550 5168 a'mss.

2205 5174 2281 5254 (ai)
2313 5176 2471 5254 bidui,
2496 5174 2730 5254 excepto
2763 5177 2883 5233 Par.
2916 5181 3034 5235 huic
3064 5182 3355 5254 di/j'initioni
3382 5200 3509 5239 sate.

2205 5245 2281 5326 (lt)
2307 5247 2398 5326 Sic
2426 5262 2553 5302 mss.
2585 5245 2821 5318 potiores
2859 5245 3171 5326 constanter
3194 5254 3346 5324 juxta
3376 5270 3635 5326 grzncum.
3665 5256 3739 5315 At

2132 5317 2290 5402 editi,
2311 5318 2483 5375 anima
2511 5317 2651 5376 una:
2680 5329 2738 5377 et
2775 5338 2923 5392 mox,
2956 5317 3499 5398 animam'unam'per
3547 5344 3737 5386 conve-

2131 5401 2396 5443 mentium.

2207 5460 2533 5537 (I)_Qn_idam
2575 5465 2905 5525 recentiores
2935 5481 3066 5523 mss.
3098 5468 3241 5523 unita
3261 5469 3348 5537 sit,
3380 5469 3542 5528 male.

2206 5534 2305 5604 (in)
2361 5534 2477 5590 Vat.
2523 5536 2641 5591 bas.
2696 5554 2799 5594 ms.
2846 5540 2901 5594 in
2927 5555 3006 5594 me
3031 5556 3190 5595 unum
3213 5534 3342 5596 sint.
3367 5541 3489 5598 Mox
3516 5542 3649 5599 Bad.
3680 5552 3739 5600 et

2135 5604 2227 5659 Er.
2280 5615 2422 5677 utet
2468 5605 2570 5677 ipsi
2617 5626 2779 5664 unum
2824 5612 2944 5665 sint.
2981 5610 3093 5666 Etsi
3125 5627 3231 5668 non
3264 5620 3440 5670 exstat
3486 5631 3646 5669 unum
3678 5614 3735 5671 in

2137 5690 2265 5752 mss.
2309 5676 2361 5733 id
2405 5676 2602 5752 tamen,
2638 5680 2860 5750 perinde
2886 5696 2949 5736 ac
2974 5683 3019 5737 si
3049 5693 3311 5752 exstaret,
3341 5684 3612 5743 intellexit
3640 5684 3737 5743 lli-

2136 5746 2324 5815 larius,
2348 5758 2410 5804 ut
2436 5749 2603 5821 liquet
2633 5746 2695 5807 es
2727 5767 2874 5808 num.
2913 5752 2997 5808 11.
