4094 6180
343 315 436 375 2H

1548 318 1636 375 ns
1677 317 2044 377 TRINITATE
2082 295 2283 378 Lmen
2327 319 2482 378 VIII.‘

3540 329 3650 388 2.42

343 437 438 492 sint
479 438 533 490 in
565 437 711 492 nobis
755 437 935 506 (Joau.
972 454 1101 505 S\'ll,
1133 439 1225 504 9.0,
1273 439 1404 512 2|):
1441 449 1498 495 ut
1535 441 1658 512 quia
1697 439 1945 496 homines
1973 441 2024 502 Α
2052 449 2211 510 rupto
2255 439 2520 496 dictorum
2579 453 2740 496 sensu
2786 438 2964 510 aliqua
3024 455 3092 497 ex
3141 441 3227 499 bis
3268 442 3336 515 (ί)
3381 446 3647 502 ementita

344 529 554 586 rcfundi
599 531 651 586 in
683 531 852 585 Deum
901 547 1008 587 non
1057 543 1302 602 possunt,
1334 531 1420 588 vel
1466 532 1564 603 ipsi
1609 533 1837 589 invicem
1883 532 1938 588 in

343 638 505 677 unum
553 632 719 693 atque
767 623 1121 680 imliscretum
1179 640 1430 681 acervum
1474 625 1644 693 coire,
1699 625 1751 680 id
1795 624 1938 694 quod

340 730 502 768 unum
536 723 682 776 sunt,
717 729 782 770 ex
818 716 1022 770 unitate
1052 717 1124 770 sit
1148 717 1462 783 voluntatis,
1503 731 1625 772 cum
1668 724 1724 773 et
1749 731 1937 774 omnes

343 806 450 861 Deo
480 805 677 874 placita
707 815 892 876 agant,
918 815 972 863 et
1002 808 1106 877 ipsi
1138 824 1246 863 nou
1280 809 1668 864 dissidentibus
1700 811 1840 865 inter
1875 825 1937 867 se

342 897 648 953 animorum
700 899 938 955 motibus
993 911 1217 967 coeant;
1261 903 1425 974 218
1447 911 1606 970 atque
1651 901 1724 957 ita
1773 917 1934 957 unum

343 1005 439 1048 eos
467 1007 592 1048 esse
621 1007 730 1048 non
758 1002 951 1049 natura
978 993 1200 1061 efﬁciat,
1231 997 1324 1051 sed
1351 996 1617 1052 voluntas.

411 1085 465 1140 6.
491 1085 804 1140 Arianorum
835 1087 1071 1141 stultitia.
1100 1116 1172 1129 -—-
1203 1087 1382 1143 Nescit
1410 1088 1570 1158 plane
1596 1103 1808 1159 sapere,
1847 1090 1936 1159 qui

343 1179 507 1235 Deum
535 1179 728 1236 nescit.
759 1181 826 1236 Et
870 1196 991 1238 cum
1023 1183 1284 1254 sapientia
1314 1181 1562 1238 Christus
1589 1183 1680 1246 sit,
1715 1198 1937 1240 necesse

338 1284 421 1330 est
450 1284 510 1330 ut
538 1284 688 1330 extra
720 1275 1042 1346 sapientiam
1087 1277 1178 1343 sit,
1214 1277 1307 1346 qui
1345 1275 1616 1334 Christum
1665 1288 1760 1333 aut
1787 1279 1937 1349 igno-

336 1377 443 1434 rat,
472 1378 565 1423 aut
594 1367 743 1423 audit
768 1385 782 1421 :
811 1377 870 1423 ut
901 1369 1010 1436 isti,
1054 1369 1142 1440 qui
1182 1368 1484 1440 maiestatis
1513 1371 1825 1436 Dominum,
1874 1379 1929 1428 et

335 1459 541 1530 Regem
587 1460 933 1526 szeculorum,
980 1469 1036 1518 et
1067 1462 1398 1533 unigenitum
1431 1461 1600 1518 Deum
1629 1474 1932 1520 creaturam

338 1551 432 1606 Dei
465 1553 650 1607 volunt
672 1553 854 1624 potius
883 1567 1004 1609 esse
1028 1569 1188 1624 quam
1235 1553 1400 1609 lilium
1443 1572 1457 1608 :
1503 1565 1556 1610 et
1603 1570 1725 1610 cum
1769 1556 1935 1612 stulte

335 1646 692 1712 mentiantur,
740 1645 960 1701 stultius
987 1655 1167 1701 tamen
1213 1647 1264 1702 iu
1312 1647 1630 1704 defensione
1665 1648 1931 1705 mendacii

335 1738 414 1792 sui
462 1738 705 1808 sapiunt.
747 1738 922 1793 Dilata
971 1739 1114 1794 enim
1146 1740 1417 1809 paululum
1457 1741 1618 1796 etiam
1665 1757 1805 1796 nunc
1845 1757 1930 1809 ea,

2045 532 2445 603 eompingimus
2471 549 2483 586 :
2513 530 2606 587 sed
2636 545 2781 586 sanae
2811 530 3072 588 doctrinae
3109 531 3337 590 formam
3372 543 3645 604 tenentes,

2041 640 2162 694 quae
2204 625 2414 680 sincera
2465 633 2591 679 sunt
2638 626 2902 693 sapimus,
2948 633 3000 680 et
3041 626 3423 696 prtedicamus.
3464 629 3641 688 Docet

2038 717 2182 772 enim
2215 716 2510 788 Apostolus
2539 732 2607 771 ex
2641 724 2832 771 natura
2856 727 3323 774 sacramentorum
3352 735 3474 776 esse
3503 721 3643 780 banc

2043 811 2278 867 ﬁdelium
2300 813 2582 875 unitatem,
2605 809 2670 864 ad
2690 809 2906 865 Galatas
2927 810 3168 866 scribens
3193 829 3206 866 :
3242 811 3498 879 Quotquot
3512 815 3649 870 enim

2039 905 2094 958 in
2123 902 2325 957 Christo
2352 902 2595 970 baptizati
2622 902 2760 968 estis,
2794 898 3055 955 Christum
3076 901 3332 957 induistis.
3371 903 3493 958 Non
3516 906 3649 961 inest

2039 996 2253 1053 Iudaeus
2301 1013 2460 1068 neque
2501 995 2733 1061 Caecus,
2784 1011 2883 1049 non
2933 995 3062 1050 inest
3091 1011 3262 1050 servus
3312 1013 3471 1065 neque
3498 997 3645 1065 liber,

2040 1107 2140 1145 non
2183 1091 2312 1144 inest
2340 1090 2596 1144 masculus
2643 1104 2800 1159 neque
2825 1088 3052 1159 (culina;
3084 1105 3257 1143 omnes
3304 1091 3470 1164 219
3506 1093 3643 1148 enim

2039 1202 2126 1241 vos
2171 1202 2328 1239 unum
2375 1185 2493 1239 estis
2538 1184 2591 1237 in
2635 1180 2838 1236 Christo
2879 1182 3007 1237 Jesu
3058 1181 3200 1255 (Gal.
3252 1199 3329 1246 tn,
3375 1184 3468 1251 27,
3517 1185 3646 1256 28).

2039 1281 2191 1351 Quod
2238 1295 2400 1334 unum
2449 1287 2574 1333 sunt
2623 1277 2675 1332 in
2723 1284 2871 1332 tanta
2917 1279 3183 1348 gentium,
3242 1279 3634 1349 conditionum,

2039 1390 2264 1432 sexuum
2293 1373 2643 1436 diversitate;
2675 1371 2934 1443 numquid
2983 1387 3049 1427 ex
3097 1385 3318 1427 assensu
3346 1373 3638 1430 voluntatis

2038 1477 2142 1532 est,
2173 1476 2264 1522 aut
2294 1483 2357 1521 ex
2389 1465 2716 1521 sacramenti
2745 1464 2966 1529 unitate,
3000 1465 3121 1536 quia
3152 1464 3233 1519 his
3263 1474 3316 1521 et
3365 1465 3631 1537 baptisma

2038 1559 2109 1616 sit
2156 1576 2344 1627 unum,
2394 1567 2448 1614 et
2491 1573 2657 1614 unum
2698 1555 2972 1614 Christum
3020 1557 3192 1613 induti
3240 1573 3430 1614 omnes
3476 1560 3636 1616 sunt?

2037 1651 2176 1721 Quid
2205 1667 2334 1722 ergo
2369 1651 2456 1706 hic
2495 1652 2799 1706 animorum
2845 1649 3132 1705 concordia
3165 1650 3343 1715 faciet,
3389 1666 3511 1707 cum
3543 1667 3638 1721 per

2039 1742 2091 1799 id
2132 1759 2292 1798 mium
2343 1743 2472 1808 sint,
2515 1742 2655 1814 quod
2698 1759 2802 1798 uno
2830 1741 3046 1798 Christo
3074 1756 3170 1812 per
3198 1752 3446 1799 naturam
3475 1744 3634 1800 unius

331 1844 455 1900 quae
493 1830 548 1884 in
598 1830 710 1885 Deo
758 1841 906 1900 patre
949 1840 1003 1886 ct
1051 1832 1103 1886 in
1143 1832 1254 1887 Deo
1285 1832 1394 1886 ﬁlio
1422 1843 1536 1901 est,
1571 1833 1790 1889 unitatis
1819 1849 1939 1903 pro-
1974 1839 2022 1901 B
2049 1836 2301 1906 baptismi
2335 1835 2662 1890 induantur?

331 1922 587 1993 prietate,
620 1940 686 1980 ex
717 1923 800 1979 bis
827 1925 958 1995 ipsis
985 1927 1180 1997 quibus
1213 1935 1434 1982 utuntur
1458 1927 1741 1983 refellendi
1787 1937 1937 1984 sunt.

398 2018 458 2073 7.
521 2017 800 2074 Naturalis
850 2031 924 2073 est
973 2020 1205 2090 ﬁdelium
1253 2037 1344 2091 per
1369 2023 1522 2076 unius
1551 2021 1673 2090 ﬁdei
1702 2031 1940 2076 naturam

327 2115 526 2168 unitas.
562 2111 775 2168 Fideles
803 2129 866 2168 ea:
919 2115 1114 2177 unitate
1142 2123 1580 2169 sacramentorum
1605 2125 1723 2169 sunt
1754 2132 1935 2172 unum.

325 2236 392 2248 —
427 2205 678 2278 Namque
728 2222 961 2278 quorum
1011 2206 1188 2262 anima
1253 2216 1308 2263 et
1336 2221 1432 2262 cor
1479 2223 1642 2262 unum
1677 2208 1752 2280 (a)
1798 2218 1936 2274 erat,

324 2314 515 2370 qumro
577 2311 756 2354 utrutn
819 2317 913 2367 per
970 2299 1128 2355 fidem
1193 2301 1284 2355 Dei
1332 2315 1494 2355 unum
1547 2307 1684 2356 erat.
1740 2299 1937 2372 Utique

324 2407 422 2462 per
475 2392 643 2448 fidem
698 2411 712 2448 :
776 2409 873 2464 per
919 2409 1036 2450 eam
1080 2394 1222 2449 enim
1267 2395 1442 2449 anima
1510 2402 1565 2450 et
1615 2410 1712 2451 cor
1768 2413 1931 2452 unum

325 2486 573 2540 omnium
647 2496 784 2542 erat.
851 2488 916 2543 Et
968 2487 1280 2561 interrogo,
1341 2498 1518 2545 utrum
1577 2491 1710 2548 fides
1774 2509 1878 2548 una
1913 2537 1928 2559 ,

323 2593 461 2633 anne
508 2579 680 2635 altera
732 2580 843 2635 sit?
900 2581 1012 2637 Una
1057 2591 1235 2648 certe,
1292 2583 1453 2637 etiam
1511 2583 1628 2654 ipso
1674 2586 1932 2656 Apostolo

323 2671 792 2743 auctore(la'phes.
823 2674 975 2740 ΝΑ,
1008 2673 1088 2746 5),
1129 2689 1288 2730 unam
1335 2675 1516 2745 ﬁdem,
1560 2677 1717 2733 sicuti
1765 2693 1931 2735 unum

325 2767 646 2837 Dominum,
687 2780 742 2826 et
768 2787 931 2828 unum
967 2772 1253 2842 baptisma,
1284 2780 1337 2828 et
1378 2788 1538 2828 unam
1569 2788 1719 2845 spem
1751 2774 1850 2847 (b),
1878 2784 1934 2831 et

327 2879 493 2918 unum
547 2864 718 2919 Deum
752 2865 1098 2934 medicante.
1132 2867 1186 2922 Si
1216 2882 1346 2939 ergo
1377 2884 1474 2939 per
1500 2867 1682 2933 ﬁdem,
1725 2867 1778 2923 id
1824 2877 1928 2936 est,

322 2969 414 3027 per
456 2957 626 3012 unius
670 2956 798 3013 ﬁdei
843 2968 1088 3014 naturam
1133 2975 1296 3016 unum
1326 2975 1519 3017 omnes
1558 2971 1742 3029 crant;
1790 2975 1929 3034 quo-

322 3049 482 3105 modo
514 3065 624 3104 non
658 3051 959 3107 naturalem
1011 3053 1063 3106 in
1091 3050 1176 3106 his
1208 3052 1463 3124 intelligis
1509 3054 1786 3117 unitatem,
1839 3053 1928 3124 qui

324 3159 418 3215 per
445 3153 702 3201 naturam
737 3145 893 3202 unius
924 3146 1046 3202 ﬁdei
1080 3162 1244 3202 unum
1275 3145 1660 3216 sunt?.0mnes
1679 3148 1927 3204 enimre-

2115 1931 2167 1986 9.
2207 1931 2308 1995 Qui
2338 1931 2538 2000 plantat
2583 1940 2629 1984 et
2657 1929 2744 1998 qui
2789 1929 2923 2000 rigat
2969 1936 3156 1983 natura
3198 1945 3358 1983 unum
3402 1938 3542 1986 sunt.
3570 1958 3645 1973 --

2044 2024 2153 2078 Aut
2176 2037 2297 2077 cum
2328 2023 2417 2092 qui
2451 2022 2677 2092 plantat,
2710 2029 2764 2075 et
2793 2021 2882 2092 qui
2915 2021 3071 2091 rigat,
3104 2036 3271 2076 unum
3295 2021 3440 2088 sint;
3487 2038 3647 2079 num-

2045 2117 2174 2188 quid
2220 2133 2327 2172 non
2373 2132 2469 2188 per
2517 2116 2617 2170 hoc
2663 2130 2826 2169 unum
2877 2126 3022 2181 sunt,
3053 2116 3176 2185 quia
3204 2113 3282 2188 (g)
3311 2115 3412 2187 ipsi
3453 2116 3506 2171 in
3538 2132 3649 2173 uno

2042 2209 2314 2280 baptismo
2361 2209 2531 2264 renati
2576 2223 2681 2264 una
2749 2207 2906 2263 unius
2956 2207 3330 2280 regenerantis
3391 2208 3648 2281 baptismi

2041 2301 2376 2373 dispensatio
2407 2302 2556 2356 sint?
2587 2301 2846 2372 numquid
2889 2315 2996 2356 non
3048 2300 3191 2357 idem
3239 2302 3439 2373 agunt?
3489 2319 3648 2359 num-

2039 2395 2168 2469 quid
2213 2411 2319 2451 non
2371 2397 2424 2450 in
2476 2411 2583 2450 uno
2629 2411 2797 2450 unum
2847 2395 3010 2450 sunt?
3057 2393 3244 2465 Itaque
3281 2394 3375 2467 qui
3407 2411 3502 2466 per
3528 2411 3645 2453 rem

2041 2488 2290 2544 eamdem
2324 2489 2490 2543 unum
2523 2497 2672 2554 sunt,
2704 2496 2894 2542 natura
2941 2485 3105 2543 etiam
3137 2501 3304 2542 unum
3347 2497 3497 2554 sunt,
3527 2503 3636 2543 non

2036 2590 2248 2638 tantum
2301 2583 2578 2637 voluntate
2625 2600 2638 2636 :
2687 2582 2810 2652 quia
2853 2591 2908 2636 et
2949 2581 3051 2652 ipsi
3097 2597 3186 2637 res
3231 2580 3420 2637 eadem
3469 2581 3649 2638 effecti

2035 2688 2180 2746 sunt,
2199 2677 2278 2749 (h)
2302 2687 2356 2732 et
2374 2677 2615 2747 ejusdem
2639 2677 2717 2732 rei
2744 2684 2904 2745 atque
2923 2675 3226 2732 efﬁcientia:
3243 2676 3352 2732 sint
3373 2676 3629 2732 ministri.

2111 2774 2198 2829 l0.
2234 2772 2470 2829 Stultitia
2493 2788 2546 2825 se
2571 2771 2685 2842 ipsa
2712 2771 2902 2842 prodit,
2941 2770 3063 2824 dum
3093 2770 3390 2825 adversatur
3415 2769 3640 2831 ueritati.

2037 2862 2189 2919 Fidei
2217 2879 2470 2936 peruersa!
2489 2879 2607 2933 spes
2629 2862 2794 2916 nulla.
2827 2862 3095 2933 Simplicis
3133 2862 3389 2917 meritum.
3415 2890 3486 2902 —
3509 2861 3645 2917 Pro-

2039 2957 2148 3013 ﬁeit
2173 2967 2352 3013 autem
2383 2972 2600 3028 semper
2625 2955 2984 3012 contradictio
3009 2955 3295 3011 stultorum
3344 2955 3409 3009 ad
3455 2954 3639 3010 stulti-

2041 3053 2128 3109 tiae
2154 3052 2674 3109 demonstrationem
2710 3069 2723 3106 :
2757 3051 2880 3121 quia
2917 3065 3039 3120 quae
3070 3048 3288 3122 ingenio
3336 3047 3640 3122 insipientis

2042 3156 2134 3203 aut
2174 3163 2442 3219 perversae
2472 3145 2841 3217 intelligentim
2866 3144 3124 3200 adversus
3153 3145 3434 3200 veritatem
3466 3159 3634 3214 coap—

323 3245 426 3299 nati
460 3244 537 3315 (c)
570 3244 814 3300 erantad
848 3245 1232 3310 innocentiam,
1266 3245 1332 3300 ad
1353 3245 1831 3315 immortalitatem,
1855 3247 1922 3304 ad

2032 3241 2370 3305 tantur,dum
2386 3241 2766 3297 etinconcussa
2787 3251 2842 3296 et
2864 3239 3151 3294 immobilis
3178 3247 3280 3304 est,
3311 3251 3534 3294 necesse
3551 3246 3636 3294 est

320 3342 690 3413 cognitionem
740 3341 855 3406 Dei,
902 3342 982 3416 (ά)
1023 3343 1086 3397 ad
1119 3344 1231 3413 spei
1263 3343 1443 3399 ﬁdem.
1491 3344 1556 3399 Et
1586 3345 1629 3398 si
1658 3344 1774 3400 lucc
1818 3359 1923 3399 non

321 3443 552 3504 possunt
599 3435 703 3490 sibi
743 3450 864 3491 esse
895 3436 1128 3502 diversa,
1162 3435 1286 3508 quia
1318 3445 1373 3492 et
1400 3451 1525 3508 spes
1571 3452 1673 3492 una
1718 3449 1821 3504 est,
1872 3446 1927 3494 et

320 3527 459 3586 Deus
491 3545 661 3599 unus,
693 3529 848 3586 sicuti
879 3539 936 3587 et
959 3531 1218 3586 Dominus
1261 3547 1400 3586 unus
1440 3541 1544 3598 est,
1577 3540 1629 3586 et
1661 3530 1923 3603 baptisma

319 3621 757 3691 regenerationis
807 3637 971 3677 unum
1024 3631 1107 3677 est
1155 3639 1168 3676 :
1219 3621 1263 3676 si
1313 3621 1431 3678 lucc
1473 3637 1700 3680 assensu
1749 3622 1925 3693 potius

319 3732 482 3772 unum
515 3727 665 3779 sunt.
699 3730 860 3788 quam
889 3724 1115 3782 natura;
1164 3715 1245 3771 bis
1292 3732 1526 3787 quoque,
1569 3717 1660 3788 qui
1710 3717 1762 3772 in
1811 3717 1927 3773 haec

319 3813 492 3868 renati
541 3819 691 3876 sunt,
736 3810 999 3865 unitatem
1045 3809 1336 3864 voluntatis
1380 3809 1649 3865 adscribe.
1697 3809 1753 3866 Si
1788 3824 1922 3865 vero

317 3905 625 3976 regenerati
659 3903 716 3958 in
744 3903 905 3958 unius
945 3903 1069 3958 vitae
1108 3911 1271 3973 atque
1312 3903 1639 3957 :eternitatis-
1674 3911 1920 3958 naturam

319 4009 460 4060 sunt,
493 4011 600 4067 per
632 3994 775 4066 quod
805 3995 984 4049 anima
1010 4009 1196 4049 eorum
1228 4003 1282 4048 et
1311 4007 1406 4048 cor
1438 4009 1602 4047 unum
1648 4002 1765 4059 est;
1807 4009 1925 4050 ces—

319 4099 400 4144 sat
449 4089 507 4145 in
554 4087 640 4143 his
682 4102 937 4143 assensus
981 4086 1191 4152 unitas,
1245 4086 1334 4157 qui
1384 4101 1546 4141 unum
1603 4095 1727 4141 sunt
1757 4087 1826 4159 (e)
1868 4088 1922 4143 in

320 4183 568 4252 ejusdem
599 4182 1013 4253 regeneratione
1043 4193 1266 4236 naturte.

383 4278 438 4333 8.
473 4275 645 4330 Pauli
682 4277 735 4328 in
784 4292 895 4329 eam
933 4291 1038 4328 rem
1081 4275 1346 4330 sententia.
1373 4305 1445 4315 —
1467 4273 1583 4330 Non
1613 4282 1796 4329 nostra
1837 4273 1921 4330 lo-

315 4371 562 4438 quimur,
597 4384 772 4439 neque
802 4367 868 4422 ad
911 4365 1218 4423 illudendas
1242 4367 1574 4423 audientium
1607 4381 1767 4424 aures
1794 4381 1918 4423 cor-

409 4485 463 4558 a)
496 4485 557 4558 in
591 4483 915 4558 soliseditis
946 4482 1031 4538 hic
1059 4482 1548 4558 addituromuium.

409 4485 463 4558 α)
496 4485 557 4540 in
591 4484 725 4539 solis
755 4484 915 4538 editis
946 4484 1031 4538 hic
1059 4484 1273 4538 additur
1301 4484 1548 4535 omnium.

384 4484 463 4632 ib)
491 4557 596 4612 Ms.
627 4556 788 4610 Corb.
824 4555 1022 4625 aliique
1053 4553 1297 4609 nonnulli
1328 4552 1416 4608 hic
1444 4553 1667 4620 addunt,
1696 4561 1742 4608 et
1764 4569 1922 4608 unum

315 4633 581 4700 spiritum.

387 4703 460 4773 (ο)
497 4701 767 4773 Antiquus
797 4699 966 4754 codex
991 4697 1302 4773 Colh._n_at_i.

383 4767 468 4843 ('d')
499 4772 575 4827 Ita
607 4767 928 4827 vetustiores
973 4787 1100 4826 mss.
1131 4770 1275 4824 Editi
1315 4784 1462 4836 vero,
1496 4768 1564 4822 ad
1593 4785 1736 4843 spem
1776 4767 1916 4843 ﬁdei.

313 4841 456 4900 Tum»
500 4843 886 4914 subjicicbant.
935 4855 981 4896 et
1029 4859 1126 4896 non
1172 4852 1383 4913 possunt
1428 4843 1557 4908 hac,
1607 4841 1807 4896 omisso
1851 4841 1918 4907 si,

313 4917 458 4985 quod
494 4924 673 4970 exstat
703 4915 756 4969 in
788 4915 1036 4970 omnibus
1064 4930 1194 4970 mss.

315 5007 464 5132 die)
519 5005 575 5061 ln
630 5021 763 5062 mss.
795 5005 918 5061 Vat.
949 5006 1062 5061 bas.
1107 5015 1161 5060 et
1189 5003 1404 5062 Martia.
1440 5003 1526 5060 hic
1570 5002 1822 5075 adjicitur
1868 5014 1924 5060 ut

353 5096 570 5132 trimus.

353 5096 570 5134 txtmus.

386 5174 456 5245 (ι’)
510 5172 566 5228 In
615 5172 805 5228 codice
837 5171 974 5245 Vat._
999 5172 1113 5227 bas.
1148 5173 1394 5228 ementiti.
1425 5171 1547 5228 Mox
1579 5173 1631 5230 in
1661 5173 1919 5244 vulgatis,

313 5242 560 5315 ﬁdelium
590 5245 705 5300 Dei.
738 5245 906 5300 Abest
936 5242 1034 5300 Dei
1063 5261 1092 5299 a
1117 5261 1248 5300 mss.

389 5341 473 5413 (g)
505 5341 666 5401 Editi.
699 5340 820 5413 quia
844 5339 974 5407 ipsis
1000 5340 1053 5394 in
1075 5355 1178 5394 uno
1217 5339 1470 5411 baptismo
1495 5343 1781 5396 renatis....
1811 5340 1920 5396 dis-

317 5412 556 5482 pensatio
593 5414 677 5467 sit.
713 5412 1035 5467 Restituitur
1063 5427 1128 5467 ex
1173 5427 1441 5467 consensu
1475 5428 1584 5467 mss
1614 5413 1807 5482 ipsi...
1838 5428 1920 5466 re-

314 5485 426 5537 nati
451 5501 472 5538 :
501 5500 569 5539 ex
587 5555 592 5556 ί
609 5482 926 5556 Colbertino
951 5493 1128 5538 autem
1157 5499 1221 5539 ac
1245 5483 1428 5540 Germ.
1462 5486 1774 5556 dispensatio
1794 5485 1917 5556 sint,

318 5571 429 5628 non
461 5557 551 5610 sit.
580 5555 731 5612 Unde
757 5554 1029 5626 duplicem
1061 5556 1150 5625 qui
1183 5557 1387 5626 plantat
1415 5566 1466 5610 et
1497 5554 1586 5628 qui
1635 5555 1774 5626 rigat
1796 5625 1806 5628 Α
1827 5555 1922 5609 ba-

318 5627 456 5683 bent
485 5629 772 5694 unitatem,
805 5625 1127 5682 sacramenti
1159 5625 1433 5695 nimirum,
1464 5625 1586 5696 quia
1643 5640 1749 5680 uno
1795 5625 1926 5697 bap-

328 5699 499 5754 tismo
550 5700 740 5762 renati,
806 5713 870 5752 ac
922 5707 1182 5770 prmterea
1233 5699 1576 5754 instrumenti
1627 5699 1678 5753 in
1733 5697 1923 5754 eodem

320 5783 668 5842 sacramento
733 5771 1115 5842 dispensando,
1175 5771 1508 5842 proindequc
1562 5786 1668 5827 non
1723 5784 1925 5842 meram

321 5837 1064 5900 voluntatisunanimitatcm.
1094 5837 1374 5915 Au‘gustini
1397 5837 1533 5900 Coll.
1563 5852 1682 5900 cum
1708 5841 1924 5898 Manum.

2028 3346 2088 3390 ut
2114 3350 2234 3405 qute
2263 3351 2294 3390 e
2320 3333 2540 3390 diverso
2561 3343 2705 3400 sunt,
2734 3342 2790 3388 et
2821 3333 2950 3388 falsa
2983 3331 3347 3403 intelligantur
3368 3341 3420 3387 et
3443 3332 3627 3388 stulta.

2031 3429 2362 3485 Laborantes
2396 3428 2538 3483 etiim
2573 3426 2808 3483 haeretici
2833 3427 3018 3482 fallere
3044 3442 3137 3495 per
3167 3426 3218 3481 id
3251 3425 3393 3496 quod
3423 3425 3628 3482 dictum

2030 3531 2116 3578 est
2145 3539 2157 3576 :
2190 3521 2302 3592 Ego
2332 3529 2378 3576 et
2404 3531 2547 3592 pater
2567 3537 2726 3575 unum
2753 3536 2931 3575 sumus
2957 3517 3139 3590 (Joan.
3170 3536 3226 3588 ι,
3253 3518 3368 3593 30),
3413 3535 3482 3574 ne
3528 3534 3624 3575 ua-

2034 3625 2169 3673 tura:
2196 3617 2249 3672 in
2279 3614 2362 3670 his
2395 3616 2570 3670 unitas
2599 3624 2652 3670 et
2693 3613 3006 3671 indifferens
3039 3614 3335 3670 divinitatis
3375 3615 3632 3671 substan-

2029 3709 2102 3765 tia
2133 3707 2470 3775 crederetur,
2503 3707 2600 3763 sed
2631 3722 2695 3764 ex
2719 3706 3011 3764 dilectione
3037 3716 3225 3762 mutua
3251 3715 3304 3762 et
3331 3721 3399 3762 ex
3430 3707 3624 3762 volun-

2030 3810 2199 3858 tatum
2245 3798 2536 3857 concordia
2583 3815 2748 3854 unum
2797 3809 3002 3866 essent,
3053 3799 3360 3870 exemplum
3411 3799 3633 3856 unitatis

2029 3895 2205 3961 istius,
2236 3902 2293 3949 ut
2315 3892 2562 3964 superius
2600 3891 3113 3958 demonstravimus,
3156 3892 3315 3947 etiam
3357 3907 3423 3947 ex
3471 3889 3633 3946 dictis

2027 3992 2316 4048 dominicis
2357 3991 2704 4062 protulerunt
2731 4010 2744 4046 :
2782 3989 2849 4046 Ut
2877 4007 3051 4046 omnes
3073 4007 3231 4044 unum
3260 3990 3380 4057 sint,
3413 3989 3545 4045 sicut
3574 3998 3632 4044 tu

2026 4086 2181 4142 Pater
2207 4088 2262 4142 in
2293 4103 2394 4152 me,
2428 4096 2474 4140 et
2495 4101 2587 4159 ego
2616 4086 2670 4139 in
2699 4095 2766 4151 te,
2792 4096 2847 4138 ut
2872 4094 2920 4139 et
2945 4085 3043 4152 ipsi
3072 4085 3172 4140 sint
3191 4084 3246 4138 in
3274 4083 3421 4137 nobis
3443 4083 3629 4152 (Joan.

2026 4179 2304 4253 xvn,2l).
2354 4179 2520 4235 Extra
2561 4178 2872 4249 evangeliea
2921 4177 3186 4248 promissa
3233 4185 3337 4244 est,
3385 4176 3631 4248 quisquis

2026 4283 2176 4332 extra
2224 4272 2384 4328 fidem
2416 4288 2605 4328 eorum
2636 4281 2721 4328 est.
2748 4289 2761 4326 :
2794 4280 2849 4327 et
2896 4271 3074 4342 impiae
3119 4268 3492 4341 intelligentia:
3515 4267 3628 4323 cri-

2026 4381 2148 4424 men
2178 4366 2242 4440 (i)
2275 4381 2428 4438 spem
2469 4365 2771 4437 simplicem
2816 4363 3070 4437 perdidit.
3117 4363 3284 4420 liabet
3329 4363 3474 4421 enim
3520 4377 3630 4420 non

1947 4483 2082 4544 Dn.
2117 4479 2207 4548 14,
2261 4481 2347 4538 ubi
2397 4479 2525 4536 illud
2576 4496 2673 4550 pro
2725 4490 2875 4536 certo
2920 4481 3112 4550 ponit:
3168 4478 3390 4545 Quando
3435 4479 3625 4533 dicitur

2028 4571 2189 4609 unum
2218 4564 2355 4619 sunt,
2387 4554 2481 4606 etsi
2501 4570 2602 4607 non
2628 4555 2826 4606 dicatur
2851 4552 2976 4622 quid
2989 4567 3169 4616 unum,
3191 4552 3492 4622 intelligitur
3516 4566 3624 4604 una

2025 4627 2332 4691 substantia,
2368 4626 2520 4680 unica
2557 4627 2670 4679 luce
2701 4635 2782 4678 εει
2817 4625 2883 4678 ad
2932 4626 3108 4679 locum
3147 4623 3363 4677 allatum
3398 4637 3624 4689 respon-

2026 4698 2149 4753 sio:
2185 4697 2446 4768 Legimus,
2498 4696 2600 4762 Qui
2646 4697 2840 4764 plantat
2882 4704 2928 4749 et
2964 4696 3050 4765 qui
3095 4695 3228 4768 rigat
3274 4709 3432 4768 unum
3461 4701 3624 4746 sunt:

2025 4768 2114 4822 sed
2151 4764 2300 4822 (inibo
2344 4767 2572 4821 homines
2611 4776 2773 4831 erant,
2800 4764 3029 4840 ejusdem
3059 4764 3360 4819 substantiae
3388 4767 3618 4835 fuerant,

2023 4857 2124 4894 non
2146 4841 2375 4894 diversae.
3566 4844 3568 4846 ’

2095 4910 2174 4984 (Ιι)
2217 4911 2270 4965 lu
2307 4926 2408 4965 ins.
2437 4908 2619 4984 caro._
2639 4919 2694 4962 ut
2725 4908 2975 4984 ejusdem,
3008 4906 3184 4984 minus
3215 4907 3351 4984 bene
3381 4924 3394 4959 :
3427 4921 3619 4984 quant-

2029 4979 2112 5054 vis
2157 4979 2424 5054 Sequatur
2463 4980 2657 5054 deinde
2701 4979 2862 5034 etiam
2905 4979 3204 5054 itiAczeteris
3234 4979 3335 5032 sint
3377 4979 3617 5054 ministri.

2028 5053 2142 5109 Hoc
2171 5049 2312 5108 enim
2346 5053 2548 5107 Hilario
2581 5052 2857 5115 usitatum,
2890 5061 2946 5104 ut
2974 5049 3026 5104 in
3075 5049 3284 5105 duabus
3329 5050 3617 5105 sententiis

2026 5125 2406 5196 conjunctione
2431 5133 2478 5178 et
2504 5122 2769 5196 copulatis
2799 5138 2904 5176 non
2926 5122 3174 5196 eumdem
3203 5122 3446 5196 retineat
3462 5120 3617 5178 verbi

2026 5193 2266 5253 modum.
2299 5195 2661 5252 Praeferebant
2687 5201 2866 5248 tamen
2894 5193 3041 5256 editi,
3079 5202 3199 5249 sunt
3225 5193 3468 5248 ministri.

2097 5270 2158 5342 (i)
2204 5270 2352 5342 Lips.
2379 5277 2436 5342 et
2478 5267 2601 5342 Par.
2649 5265 2861 5321 crimine
2893 5282 2912 5320 :
2943 5265 3296 5342 renitentibus
3331 5263 3472 5342 _l_3ad.
3516 5264 3613 5342 Er.

2025 5349 2083 5398 et
2106 5333 2418 5397 'mss.'lllud
2449 5340 2653 5394 crimen
2681 5347 2763 5394 est
2796 5352 3008 5404 eorum,
3049 5336 3138 5408 qui
3188 5333 3486 5408 simplicem
3533 5337 3617 5392 rei

2024 5413 2309 5470 eredendae
2355 5410 2762 5479 intelligentiam
2794 5407 3164 5476 corrumpunt,
3211 5408 3395 5462 falsam
3435 5407 3486 5463 ei
3517 5422 3616 5463 ne-

2027 5484 2658 5556 quiterisubstitueutes.
2687 5480 2821 5556 Tum
2871 5497 3026 5556 spem
3058 5479 3358 5556 simplicem,
3411 5479 3462 5534 id
3507 5489 3616 5556 est,

2028 5549 2178 5627 spem
2208 5555 2329 5612 ﬁdei
2356 5554 2617 5625 simplicis
2647 5566 2705 5608 et
2745 5549 2968 5627 scientia
2995 5549 3386 5627 destitutaaLde
3425 5566 3529 5620 qua
3561 5552 3616 5606 in

2029 5621 2171 5684 Psel.
2200 5643 2346 5692 cxnt,
2376 5621 2576 5693 litflO,
2619 5640 2769 5680 num.
2803 5623 2906 5686 l2,-
2929 5622 3189 5677 habemus
3216 5641 3229 5677 :
3269 5621 3404 5677 Plus
3432 5632 3501 5678 est
3523 5635 3620 5679 au-‘i

2032 5709 2132 5754 tem
2173 5701 2342 5755 nescio
2372 5698 2496 5759 quid
2521 5699 2574 5751 in
2621 5695 2930 5768 cognitione,
2962 5711 3115 5763 quam
3154 5694 3208 5747 in
3248 5695 3371 5766 ﬁde,-
3407 5696 3620 5764 operis,

2033 5772 2151 5840 quia
2181 5773 2308 5841 fides
2338 5771 2486 5826 habet
2515 5767 2816 5841 obedientite
2842 5768 3100 5841 meritum,
3143 5782 3243 5841 non
3275 5767 3422 5822 habet
3452 5773 3618 5841 autem

2034 5839 2254 5914 Cognita:
2299 5844 2520 5901 veritatis
2568 5840 2906 5911 ᾒιιπι·ἱ(ιηι..λ.
2941 5839 3042 5907 Qui
3070 5839 3251 5904 credit,
3293 5849 3453 5909 potest
3480 5839 3626 5907 igno-
