4094 6180
330 243 430 304 245

1529 235 1622 298 ΒΕ
1657 233 2039 298 TRINITATE
2075 237 2288 299 LIBER
2327 239 2458 298 Vill.

3516 245 3624 305 246

331 375 425 420 nor
449 357 608 416 datus
627 364 750 428 est;
781 371 960 430 neque
995 359 1068 420 ob
1094 358 1240 420 aliud
1283 359 1441 420 datus
1487 368 1596 428 est,
1644 374 1806 432 quam
1856 367 1918 418 ut
1942 363 1999 429 Α
2019 360 2136 436 23).
2162 361 2270 420 Eos
2297 376 2460 432 nunc,
2488 363 2580 435 qui
2605 363 2748 422 inter
2775 362 2996 423 Patrem
3021 371 3081 424 et
3105 364 3306 424 Filium
3324 367 3618 427 voluntatis

328 467 511 516 omnes
557 467 724 510 unum
767 462 974 510 essent.
1023 453 1094 510 Et
1132 468 1256 512 cum
1302 468 1401 526 per
1445 454 1708 514 honorem
1732 453 1917 512 datum

325 549 476 618 Filio,
509 557 566 605 et
585 562 620 604 a
647 545 793 605 Filio
815 546 1120 618 praestitum
1144 548 1514 616 credentibus,
1537 562 1728 606 omnes
1749 562 1916 604 unum

324 646 461 710 sint;
488 657 676 714 quaero
715 640 990 712 quomodo
1018 641 1188 700 Filius
1213 643 1411 700 diversi
1448 641 1670 700 honoris
1697 657 1730 698 a
1755 641 1918 700 Patre

323 739 408 803 sit,
435 752 557 794 cum
601 735 892 794 credentes
929 751 1121 792 omnes
1165 738 1337 794 honor
1367 737 1490 794 Filii
1536 736 1606 792 ad
1653 735 1912 795 unitatem

323 830 526 902 paterni
553 827 778 886 honoris
801 829 1092 886 assumat?
1135 828 1205 888 Et
1249 830 1487 886 insolens
1513 833 1676 903 222
1697 829 1913 900 quidem

322 922 408 978 hic
432 919 578 978 forte
603 919 856 977 humana:
882 921 998 992 spei
1025 921 1132 978 erit
1155 937 1357 989 sermo,
1381 923 1478 980 sed
1506 940 1613 979 non
1639 923 1744 980 erit
1785 923 1914 979 inli-

319 1016 448 1074 delis
494 1033 509 1072 :
555 1016 681 1087 quia
727 1016 980 1086 quamvis
1023 1019 1128 1074 hoc
1153 1032 1380 1088 sperare
1424 1019 1770 1074 temerarium
1819 1019 1908 1086 sit,

319 1121 490 1170 tamen
516 1126 626 1168 non
651 1111 951 1170 credidisse
989 1113 1350 1184 irreligiosum
1379 1122 1464 1170 est
1515 1112 1592 1184 (α)
1617 1128 1738 1170 cum
1768 1113 1909 1170 idem

315 1214 472 1276 atque
503 1217 650 1262 unus
681 1203 836 1260 nobis
883 1213 938 1260 et
967 1204 1082 1275 spei
1113 1215 1303 1261 auctor
1342 1205 1413 1260 sit
1457 1215 1512 1260 et
1537 1204 1685 1262 ﬁdei.
1732 1205 1800 1260 Et
1842 1203 1911 1260 de

313 1298 413 1354 hoc
433 1298 654 1370 quidem
685 1297 760 1369 (ὁ)
787 1297 1001 1368 planius
1027 1307 1084 1354 et
1111 1299 1383 1368 copiosius
1411 1312 1534 1364 suo,
1554 1308 1610 1354 ut
1637 1297 1906 1369 congruit,

313 1393 428 1449 loco
460 1393 829 1452 tractabimus.
879 1392 1100 1450 Interim
1145 1402 1324 1452 tamen
1363 1395 1524 1448 etiam
1556 1409 1624 1450 ex
1657 1391 1910 1462 praesenti

313 1500 562 1543 sermone
603 1500 782 1556 neque
827 1485 1028 1553 inanis,
1070 1500 1248 1556 neque
1287 1487 1577 1542 temeraria
1622 1500 1744 1542 esse
1791 1484 1908 1540 haec

311 1593 435 1648 spes
464 1589 650 1635 nostra
683 1579 1024 1650 intelligitur.
1072 1577 1180 1636 Per
1204 1587 1487 1651 acceptum
1522 1579 1682 1651 igitur
1709 1588 1768 1635 et
1805 1579 1905 1636 da-

313 1679 418 1726 tum
442 1669 714 1728 honorem
747 1687 915 1728 unum
943 1687 1132 1729 omnes
1159 1681 1307 1729 sunt.
1356 1672 1544 1728 Fidem
1595 1680 1774 1738 teneo,
1821 1682 1906 1730 at-

309 1777 410 1834 que
437 1777 663 1820 causam
697 1763 918 1820 unitatis
963 1764 1172 1836 accipio
1219 1783 1232 1819 :

315 1854 494 1913 bendo
518 1856 810 1925 rationem,
842 1857 1116 1928 quomodo
1143 1857 1302 1916 datus
1327 1859 1505 1916 honor
1526 1875 1691 1916 unum
1713 1873 1903 1918 omnes

303 1963 419 2006 esse
450 1948 724 2019 perﬁciat.

367 2045 455 2101 15.
487 2042 680 2100 Uuitas
701 2046 954 2102 naturalis
977 2046 1209 2116 ﬁdelium
1231 2047 1288 2104 in
1311 2045 1426 2106 Deo
1467 2059 1742 2121 praestatur
1781 2050 1902 2108 Ver-

300 2137 748 2205 biincarnutione,
778 2148 828 2194 et
857 2137 1208 2196 Eucharistia:
1233 2144 1767 2202 saeramento.—Sed
1793 2146 1902 2203 Do-

299 2229 471 2285 minus
497 2229 635 2286 nihil
661 2229 904 2288 lidelium
921 2231 1272 2290 conscientiae
1288 2233 1552 2294 incertum
1565 2237 1900 2308 relinquens,

296 2321 467 2392 ipsum
503 2322 655 2380 illum
683 2324 946 2382 naturalis
968 2323 1274 2382 efﬁcientia:
1303 2326 1486 2384 docuit
1506 2327 1784 2398 eﬂ‘ectum,
1815 2331 1902 2388 di-

294 2429 434 2482 cens,
471 2415 549 2473 Ut
576 2417 680 2474 sint
699 2434 882 2486 unum,
907 2421 1042 2474 sicut
1069 2435 1163 2476 nos
1191 2436 1566 2491 unumsumus,
1597 2439 1691 2494 ego
1711 2423 1766 2478 in
1795 2425 1896 2493 Itis,

292 2519 339 2566 et
356 2512 488 2566 tuin
516 2527 634 2579 me;
666 2519 720 2568 ut
747 2512 855 2569 sint
876 2512 1084 2584 per/esti
1116 2513 1172 2568 in
1193 2529 1352 2570 unum
1376 2513 1560 2586 (Joan.
1591 2531 1727 2582 xvn,
1750 2516 1823 2574 22
1844 2527 1901 2576 et

357 2690 430 2764 (a)
452 2691 631 2766 gius.
659 2700 716 2766 ct
762 2691 886 2766 Par.
937 2702 996 2748 ut
1024 2691 1162 2748 idem
1189 2709 1209 2748 :
1239 2693 1382 2752 male
1414 2702 1470 2752 ει
1509 2705 1705 2766 praeter
1732 2697 1892 2756 ﬁdem

295 2761 419 2838 mss;
447 2763 556 2820 Hic
582 2762 758 2818 obiter
779 2761 1135 2838 observamus
1163 2769 1409 2834 superius
1431 2761 1654 2822 verbum
1685 2785 1894 2838 sperare

294 2837 356 2892 de
380 2852 474 2904 spe
531 2845 584 2907 et
611 2834 1014 2907 exspectatione
1056 2838 1285 2892 humana
1317 2853 1382 2893 ac
1412 2839 1644 2894 naturali
1680 2834 1808 2907 dici,
1837 2851 1893 2896 at

292 2910 342 2964 in
368 2906 594 2978 reliquis
623 2906 884 2978 vocabulo
913 2908 1042 2978 spei,
1074 2908 1257 2978 etiam
1290 2911 1380 2965 tibi
1427 2911 1623 2966 dicitur
1651 2906 1892 2968 humana:

292 2981 392 3050 spei
418 2976 617 3052 sermo,
658 2976 1173 3052 ltominum‘quidetn
1206 2996 1380 3050 spem,
1414 2982 1508 3036 sed
1544 2983 1633 3038 Dei
1665 2986 1892 3052 promis-

292 3053 362 3107 sis
390 3068 503 3106 non
549 3049 1022 3124 humanarationc
1052 3049 1249 3124 fultam
1271 3052 1584 3124 signiﬁcari.
1620 3049 1754 3109 llinc
1781 3056 1888 3124 pri-

292 3139 428 3178 mum
454 3137 674 3193 sperare
701 3120 897 3175 dicitur
938 3123 1261 3177 temerarium
1284 3139 1303 3178 :
1326 3120 1389 3179 ac
1412 3122 1607 3180 deinde
1637 3140 1761 3196 spes
1784 3120 1890 3182 non

291 3195 582 3250 temeraria.

322 3265 432 3392 ἐὺ)
459 3265 562 3322 Sic
607 3278 743 3321 mss.
773 3279 895 3321 cum
934 3263 1068 3320 Bad.
1095 3273 1151 3322 et
1181 3264 1274 3322 Er.
1325 3266 1398 3322 At
1437 3265 1702 3325 editiones
1732 3268 1885 3338 alim,

365 3355 511 3392 usus.

289 3355 511 3408 premas.

355 3413 428 3482 (e)
459 3410 864 3482 Argumentum
903 3406 992 3464 hic
1035 3407 1230 3478 duplex
1280 3408 1332 3464 in
1376 3427 1540 3466 unum
1581 3411 1882 3482 conﬂatur,

286 3479 520 3550 primum
547 3497 614 3535 ex
633 3479 832 3534 Christi
851 3481 1230 3552 corporalione
1249 3485 1495 3552 petitum,
1512 3499 1616 3552 qua
1646 3479 1884 3541 nostram

286 3553 372 3608 ille
409 3564 670 3612 naturam
701 3566 828 3608 vere
856 3553 1126 3620 suscepit;
1172 3555 1400 3610 alterum
1431 3569 1494 3609 ex
1531 3555 1886 3612 Eucharistiac

281 3635 646 3696 sacramento,
681 3639 788 3696 quo
821 3639 1003 3679 veram
1025 3623 1168 3680 illius
1190 3639 1415 3696 carnem
1443 3641 1570 3696 vere
1595 3628 1881 3684 sumimus.

347 3696 426 3768 (ά)
462 3695 540 3768 Idi
563 3703 667 3768 est,
703 3694 790 3768 ad
815 3703 1058 3768 naturam
1093 3695 1404 3753 divinitatis.
1437 3695 1527 3754 Sic
1551 3696 1766 3766 Fragm.
1793 3700 1882 3768 ll,

282 3784 335 3824 n.
357 3766 449 3836 3:2,
480 3767 583 3824 ubi
607 3767 680 3822 ait
712 3766 942 3821 llilarius
972 3767 1044 3822 ita
1073 3767 1458 3824 immutabilem
1491 3784 1611 3826 esse
1641 3770 1834 3825 Filium
1867 3766 1882 3838 ,

277 3851 333 3896 ut
379 3841 431 3896 in
473 3839 1087 3914 {assumptione/tonum}
1124 3840 1636 3914 corruptionipotius
1664 3843 1883 3914 gloriam

2018 454 2273 526 ingemat
2313 453 2608 524 unitatem,
2657 455 2933 528 interrogo
2977 466 3233 516 utrumne
3273 474 3370 530 per
3413 469 3621 520 naturae

2019 546 2306 604 veritatem
2337 545 2497 604 hodie
2521 545 2770 606 Christus
2790 549 2846 606 in
2876 550 3034 608 nobis
3053 551 3144 618 sit,
3174 566 3244 607 an
3277 567 3373 624 per
3391 567 3622 612 concor-

2017 641 2160 705 diam
2190 641 2524 698 voluntatis?
2553 640 2624 715 (ο)
2647 641 2705 700 Si
2733 645 2876 700 enim
2903 660 3030 704 vere
3059 645 3296 704 Verbum
3325 663 3456 708 caro
3503 649 3617 708 lac-

2018 744 2132 792 tum
2174 743 2280 800 est,
2306 742 2364 792 et
2391 749 2518 791 vere
2556 750 2656 792 nos
2679 734 2917 792 Verbum
2949 751 3170 794 carnem
3194 738 3318 794 cibo
3341 739 3616 798 dominico

2016 827 2312 892 sumimus;
2342 827 2616 896 quomodo
2651 843 2760 883 non
2784 830 3100 888 naturaliter
3127 846 3348 890 manere
3378 833 3430 888 in
3460 836 3617 892 nobis

2015 917 2408 974 existimandus
2449 928 2554 985 est,
2587 920 2678 990 qui
2707 930 2762 976 et
2787 929 3036 978 naturam
3071 925 3252 980 carnis
3281 936 3483 982 nostra:
3501 927 3616 998 jam

2015 1011 2431 1080 inseparabilem
2453 1011 2557 1068 sibi
2585 1012 2748 1068 homo
2768 1023 2925 1070 natus
2951 1017 3269 1086 assumpsit,
3287 1028 3342 1074 et
3367 1029 3614 1076 naturam

2014 1107 2193 1162 carnis
2217 1121 2330 1162 suae
2354 1106 2423 1161 ad
2445 1114 2689 1163 naturam
2719 1106 2799 1180 (ά)
2819 1109 3136 1166 aeternitatis
3151 1112 3253 1166 sub
3274 1127 3615 1172 sacramento

2015 1200 2177 1273 223
2231 1198 2388 1256 nobis
2434 1201 2900 1258 communicanda
2942 1203 3126 1259 carnis
3174 1204 3498 1264 admiscuit?
3537 1210 3612 1266 ita

2012 1294 2158 1348 enim
2203 1305 2394 1346 omnes
2441 1307 2606 1348 unum
2654 1306 2865 1358 sumus,
2894 1293 3016 1364 quia
3043 1303 3102 1350 et
3124 1293 3177 1350 in
3208 1295 3425 1355 Christo
3455 1300 3614 1358 Pater

2011 1391 2116 1449 est,
2149 1393 2206 1439 et
2227 1383 2476 1440 Christus
2508 1385 2563 1440 in
2607 1385 2766 1441 nobis
2789 1393 2890 1441 est.
2917 1387 3170 1458 Quisquis
3191 1403 3323 1461 ergo
3350 1393 3612 1450 naturali-

2012 1488 2094 1534 ter
2113 1476 2332 1534 Patrem
2371 1477 2425 1533 in
2450 1476 2664 1534 Christo
2691 1478 2928 1549 negabit,
2958 1489 3116 1550 neget
3145 1482 3295 1551 prius
3321 1499 3429 1540 non
3461 1495 3617 1544 natu-

2013 1571 2202 1626 raliter
2231 1571 2304 1642 (e)
2329 1570 2417 1627 vel
2442 1586 2502 1628 sc
2531 1571 2586 1628 in
2611 1571 2849 1638 Christo,
2873 1572 2958 1630 vel
2988 1571 3267 1632 Christum
3289 1577 3390 1634 sibi
3408 1578 3610 1648 inesse;

2009 1667 2135 1736 quia
2161 1667 2217 1722 in
2245 1665 2461 1723 Christo
2488 1666 2670 1733 Pater,
2713 1677 2768 1723 et
2793 1666 3042 1724 Christus
3071 1670 3126 1724 in
3148 1669 3328 1738 nobis,
3360 1688 3527 1729 unum
3556 1675 3610 1730 in

1279 1764 1378 1822 sed
1425 1763 1664 1822 nondum
1708 1780 1901 1836 appre-
1931 1759 1981 1822 Β
2009 1760 2094 1817 his
2116 1774 2238 1817 esse
2269 1773 2368 1816 nos
2397 1758 2619 1816 faciunt.
2677 1757 2736 1816 Si
2773 1773 2902 1815 vere
2932 1758 3095 1830 igitur
3117 1775 3335 1818 carnem
3364 1767 3611 1836 corporis

2005 1852 2178 1909 nostri
2219 1849 2466 1908 Christus
2491 1853 2803 1923 assumpsit,
2834 1859 2892 1908 et
2918 1867 3047 1910 vere
3075 1852 3242 1910 homo
3274 1855 3386 1922 ille,
3417 1857 3492 1930 (f)
3517 1859 3610 1930 qui

2005 1961 2074 2004 ex
2117 1944 2288 2001 Maria
2335 1955 2496 2002 natus
2538 1943 2659 2013 luit,
2685 1942 2935 2002 Christus
2974 1953 3092 2016 est,
3122 1962 3328 2018 nosque
3351 1965 3482 2008 vere
3506 1953 3607 2009 sub

2005 2039 2269 2112 mysterio
2297 2036 2374 2112 (g)
2403 2051 2626 2094 carnem
2655 2037 2900 2107 corporis
2940 2037 3026 2094 sui
3075 2039 3340 2097 sumimus
3384 2039 3464 2113 (et
3511 2059 3608 2116 per

2007 2132 2113 2189 hoc
2137 2146 2302 2188 unum
2333 2131 2559 2197 erimus,
2579 2131 2706 2201 quia
2733 2129 2892 2188 Pater
2923 2131 2978 2188 in
3007 2145 3077 2188 eo
3102 2141 3206 2200 est,
3239 2142 3294 2190 et
3311 2133 3405 2192 ille
3425 2135 3481 2192 in
3502 2153 3604 2194 no-

2006 2225 2136 2300 bis)
2167 2242 2183 2294 ;
2211 2223 2482 2296 quomodo
2503 2223 2797 2280 voluntatis
2826 2223 3006 2280 unitas
3043 2225 3326 2295 asseritur,
3353 2241 3476 2284 cum
3509 2244 3606 2286 na-

2005 2320 2194 2380 turalis
2215 2333 2312 2390 per
2337 2328 2735 2374 sacramentum
2772 2313 2852 2389 (lt)
2876 2317 3205 2389 proprietas,
3228 2317 3486 2390 perfecta:
3514 2337 3603 2379 sa-

2003 2424 2341 2474 cramentum
2364 2413 2436 2469 sit
2457 2409 2701 2468 unitatis.

2077 2517 2167 2574 14.
2202 2513 2392 2570 Verum
2422 2505 2617 2564 Christi
2645 2519 2834 2576 corpus
2862 2502 2920 2559 in
2951 2502 3049 2560 hoc
3077 2504 3416 2566 Sacramenta
3436 2510 3605 2582 perci-

2003 2704 2171 2768 mento
2198 2691 2341 2748 nobis
2365 2683 2804 2768 commmtigandw
2829 2683 3327 2768 carnis’adntiscuit,
3367 2709 3566 2768 respon
3582 2730 3598 2742 .

1991 2753 2086 2826 'del
2115 2767 2273 2822 alteri
2303 2758 2579 2816 membro:
2613 2753 2683 2810 Et
2723 2771 2816 2808 nos
2841 2769 2954 2826 vere
2988 2753 3212 2812 Verbum
3239 2753 3597 2824 carnem'ciso

1998 2824 2256 2895 dominico
2285 2832 2554 2888 sumimus.
2579 2827 2647 2910 Et
2672 2826 2810 2910 hanc
2830 2824 3046 2908 quidem
3078 2839 3285 2910 partem
3311 2834 3376 2888 ad
3395 2849 3598 2910 ηιγειθ,

1997 2913 2136 2967 rium
2161 2918 2450 2974 assumpue
2474 2901 2655 2974 carnis
2673 2897 2875 2974 referri
2905 2912 3013 2953 non
3049 2897 3210 2970 posse
3236 2904 3402 2974 liquet
3433 2897 3594 2968 {cum

1997 2984 2240 3038 Christus
2254 2971 2469 3034 carnem
2485 2971 2810 3038 suscipiens,
2829 2984 2936 3024 non
2952 2981 3196 3026 naturam
3211 2971 3512 3037 carnissua:
3524 2984 3593 3039 ad

1998 3064 2243 3110 naturam
2261 3047 2498 3104 divinam
2515 3042 2612 3098 sed
2625 3043 2656 3096 d
2667 3043 2858 3096 tvinam
2875 3041 3054 3110 potius
3067 3041 3133 3097 ad
3149 3054 3396 3106 naturam
3415 3056 3594 3112 cumis

1997 3134 2196 3181 nostrae
2225 3116 2770 3194 admiscuerit,quam
2793 3122 2849 3194 et
2873 3125 3026 3194 suam
3058 3123 3167 3168 tum
3199 3114 3377 3194 facere
3406 3127 3590 3194 οωρίι,

1914 3169 1960 3233 C
1991 3169 2532 3254 liiii'itweftéiiiiistim
2553 3169 3154 3258 sacramentonaturam
3179 3169 3590 3258 carui—svsuazttid

1993 3253 2228 3326 divinam
2251 3263 2534 3322 admiscet,
2552 3265 2610 3310 ut
2626 3270 2844 3310 carnem
2866 3253 3015 3310 illam
3030 3272 3150 3312 cum
3165 3259 3442 3322 divinitate
3455 3253 3591 3324 con-

1987 3337 2232 3412 junctam
2260 3332 2638 3412 suscipientes,
2664 3343 2726 3382 ea
2753 3329 3232 3412 carne-inediante,
3259 3349 3382 3390 cum
3407 3339 3588 3412 divina

1991 3398 2191 3468 Christi
2240 3398 2536 3465 substantia
2559 3443 2573 3468 ,
2606 3413 2727 3471 qua:
2761 3413 2882 3453 cum
2915 3398 3144 3458 Paterna
3173 3398 3275 3458 una
3311 3417 3366 3462 et
3394 3411 3585 3469 eadem

1989 3495 2095 3553 est,
2145 3485 2426 3547 uniamur;
2471 3479 2614 3549 quod
2660 3478 2993 3554 probandum
3027 3481 3264 3554 suscepit
3305 3482 3585 3541 Hilarius:

1989 3559 2082 3628 qui
2105 3558 2246 3612 velut
2273 3563 2480 3611 certum
2501 3563 2556 3609 et
2585 3553 2941 3628 indubitatum
2965 3557 3138 3624 ponit,
3168 3553 3267 3612 nos
3296 3557 3348 3611 in
3375 3560 3476 3614 hoc
3497 3572 3586 3615 sa-

1989 3626 2266 3684 cramento
2290 3637 2526 3682 naturam
2552 3629 2723 3682 carnis
2749 3626 2946 3682 Christi
2976 3637 3028 3681 et
3051 3628 3354 3694 veritatem,
3383 3645 3490 3685 non
3517 3630 3584 3686 li-

1988 3714 2174 3770 gurem
2206 3703 2469 3770 accipere.
2499 3695 2734 3770 Carnem
2766 3703 2942 3770 autem
2974 3695 3178 3754 Christi
3207 3700 3262 3755 in
3294 3700 3583 3756 Eucharis-

1991 3767 2060 3826 iia
2089 3767 2355 3826 divinitati
2387 3767 2982 3840 conjunctamﬂdixerit
3033 3786 3140 3826 non
3185 3771 3296 3826 sola
3351 3771 3580 3827 rationis

1988 3842 2106 3898 luce
2139 3843 2454 3902 illustratus.
2485 3839 2628 3910 quod
2675 3839 2797 3896 scil.
2844 3854 2970 3895 caro
3001 3841 3142 3896 illius
3171 3855 3292 3896 cum
3335 3857 3367 3896 a
3400 3842 3580 3898 Verbo

280 3911 510 3967 intulerit
531 3953 547 3979 ,
581 3909 738 3986 quam
789 3909 953 3964 labem
1001 3909 1304 3986 tulerititati';
1335 3909 1750 3986 quid'corrup'tio
1781 3914 1883 3970 nisi
1981 3915 2091 3986 jam
2125 3914 2496 3986 inseparabilis
2518 3911 2628 3986 sit,
2661 3912 2798 3986 tradi
2839 3911 2995 3986 nobis
3023 3920 3254 3983 nequeat
3290 3913 3420 3986 sine,
3451 3915 3579 3980 illo;

283 3992 528 4041 naturam
582 3981 909 4048 humanam,
953 3982 1076 4048 quid
1111 3983 1210 4038 nisi
1245 3981 1478 4038 divinam
1511 3981 1768 4039 aeternitas
1795 4000 1884 4040 so-

281 4056 405 4126 nat?
430 4057 506 4112 Ea
529 4054 698 4126 huius
719 4053 862 4126 vocis
891 4061 1126 4126 potestas
1159 4056 1435 4126 perspicua
1467 4065 1550 4126 est
1569 4057 1802 4126 cap.3l.
1826 4057 1878 4111 in

281 4125 496 4197 Matth”
523 4143 585 4182 n.
626 4124 679 4192 l,
709 4123 796 4179 ubi
826 4125 999 4196 arguit
1027 4123 1332 4197 hmreticos,
1365 4127 1454 4197 qui
1482 4123 1651 4197 ipsam
1677 4125 1882 4184 Christi

281 4196 618 4254 divinitatem
653 4211 862 4264 passam
890 4195 1010 4250 esse
1041 4195 1316 4264 volebant,
1340 4195 1413 4252 At:
1441 4199 1485 4252 si
1504 4195 1760 4254 lutei-nitas
1784 4216 1879 4253 na.

283 4279 444 4324 turam
476 4267 783 4342 fragilitatis
815 4268 1089 4342 acceperit.
1117 4269 1426 4342 Curantem
1461 4270 1756 4326 (sterilitatis
1783 4287 1880 4326 vo-

279 4339 530 4396 cabulum
564 4346 792 4409 usurpet
822 4340 886 4392 ad
918 4339 1326 4410 Signiﬁcandam
1359 4343 1689 4397 divinitatem
1719 4384 1732 4407 ,
1764 4342 1881 4410 pla-

276 4427 400 4468 num
431 4422 522 4470 est
551 4427 618 4466 ex
651 4427 773 4480 cap.
810 4410 902 4476 25,
936 4428 990 4466 n.
1027 4410 1082 4466 5.
1112 4410 1228 4466 Jam
1256 4413 1324 4467 ab
1350 4413 1434 4468 Itis
1457 4411 1634 4468 verbis
1659 4410 1879 4469 cludere

277 4481 474 4540 frustra
507 4490 686 4540 tentat
714 4481 984 4540 Scultetus
1010 4483 1323 4552 praeclarum
1354 4483 1538 4539 llilarii
1567 4484 1634 4539 de
1668 4483 1876 4540 Eucha-

274 4555 424 4614 ristia
453 4554 851 4627 testimonium.
879 4554 1061 4624 Neque
1081 4570 1216 4627 vero
1237 4555 1336 4627 sibi
1359 4564 1590 4622 constat,
1612 4555 1738 4611 dum
1761 4555 1875 4627 pri-

275 4641 362 4682 mo
385 4628 527 4694 vult,
556 4626 649 4682 hic
675 4636 878 4682 tantum
909 4641 1030 4682 esse
1051 4626 1427 4696 repetitionem
1459 4626 1776 4696 argumenti
1790 4643 1880 4682 su-

274 4698 532 4768 periuris,
559 4699 662 4754 hoc
687 4706 792 4761 est,
821 4713 938 4753 eam
966 4705 1172 4752 tantum
1192 4697 1564 4768 demonstrari
1595 4699 1877 4766 unitatem,

273 4767 431 4844 quam
465 4785 571 4844 per
598 4767 1397 4844 consortium_gloria:__Cliristi_
1428 4769 1735 4844 obtinemus
1769 4788 1782 4823 :
1815 4786 1880 4827 ac

275 4839 520 4912 tandem,
556 4840 709 4912 quasi
729 4840 914 4912 procul
945 4839 1068 4912 hinc
1094 4841 1328 4894 llilarius
1349 4840 1605 4912 dixisset:
1637 4839 1763 4896 Vere
1789 4859 1880 4896 nos

279 4909 508 4968 Verbum
541 4909 747 4967 carnem
769 4910 878 4966 cibo
907 4911 1162 4966 dominico
1189 4913 1455 4977 sumimus,
1489 4911 1604 4967 hch
1627 4913 1786 4968 verba
1811 4912 1879 4967 de

273 4979 437 5042 Carna
467 4999 628 5040 sacra
658 4986 1063 5052 interpretatur.
1085 4981 1246 5038 Certe
1271 4999 1338 5039 cx
1359 4983 1804 5042 antecedentibus
1825 4994 1879 5040 et

271 5055 742 5126 consequentibus
787 5055 988 5125 liquido
1033 5064 1266 5119 constat,
1299 5070 1604 5111 sermonem
1635 5053 1724 5110 hic
1763 5054 1877 5126 jam

273 5125 542 5208 non_e3s_e
571 5127 638 5208 die
662 5127 835 5208 gloria
881 5127 1076 5182 Christi
1123 5125 1279 5184 nobis
1308 5128 1700 5208 cnnuutnticata
1721 5125 1878 5208 used

271 5197 338 5256 de
369 5197 738 5254 Eucharistize
778 5209 1150 5254 sacramento:
1183 5215 1303 5252 cum
1339 5197 1440 5254 ltoc
1471 5199 1754 5254 bimembri
1796 5214 1884 5252 ar-

271 5280 540 5340 gumento
569 5271 950 5340 comprobetur
991 5269 1264 5325 Christum
1307 5285 1431 5326 vere
1470 5279 1524 5325 et
1568 5269 1882 5324 naturaliter

271 5355 396 5398 esse
422 5341 480 5398 in
520 5342 711 5408 nobis,
743 5343 866 5408 quia
896 5341 1013 5396 scil.
1043 5341 1174 5397 etin
1205 5341 1588 5398 lncarnationis
1620 5342 1882 5411 mysterio

273 5426 402 5470 caro
433 5421 622 5468 nostra
667 5419 750 5468 est
779 5413 831 5468 iu
875 5428 960 5476 eo,
992 5425 1042 5468 et
1073 5413 1124 5467 in
1156 5411 1510 5468 Eucharistize
1541 5426 1880 5470 sacramento

272 5499 402 5539 caro
443 5484 596 5554 illius
617 5491 704 5540 est
739 5483 793 5539 in
819 5485 994 5538 nobis.
1030 5483 1093 5538 Et
1115 5483 1252 5540 sicut
1284 5485 1457 5554 primo
1491 5484 1562 5538 illi
1595 5485 1840 5538 membro
1861 5525 1878 5548 ,

273 5555 338 5614 Si
367 5573 491 5610 uere
514 5553 750 5626 Verbum
773 5572 893 5609 caro
909 5559 1098 5626 [uetant
1125 5563 1222 5621 est,
1248 5553 1538 5625 respondet
1561 5555 1676 5608 haec
1695 5569 1890 5626 propo-

279 5629 440 5699 sitio:
479 5625 589 5694 Qui
615 5637 663 5682 et
693 5625 934 5682 naturam
963 5627 1131 5681 carnis
1160 5638 1346 5682 nostra:
1362 5628 1476 5699 jam
1498 5625 1891 5699 inseparabilth

280 5697 376 5756 sibi
407 5701 579 5752 homo
605 5707 756 5756 natus
786 5699 1098 5768 assumpsit;
1126 5699 1194 5754 ita
1219 5708 1273 5754 et
1301 5697 1634 5768 subsequens
1657 5697 1747 5751 illa
1782 5716 1794 5750 :
1825 5697 1893 5753 Et

284 5781 544 5829 naturam
575 5771 748 5828 carnis
777 5786 887 5830 sum
911 5771 980 5827 ad
1011 5779 1249 5827 naturam
1281 5770 1578 5828 aeternitatis
1607 5768 1699 5827 sub
1723 5785 1896 5828 sacra-

1904 4596 1959 4657 D

1985 3983 2080 4042 sed
2125 3997 2177 4056 et
2215 3983 2390 4040 uictus
2423 3983 2587 4056 divini
2616 3983 3133 4056 verbiauctoritate,
3168 3985 3291 4054 quia
3317 3985 3580 4056 scriptum

1986 4065 2104 4112 est:
2132 4055 2266 4112 Caro
2294 4073 2397 4111 non
2428 4055 2634 4124 prodest
2658 4053 2957 4127 quidquam,
2990 4053 3218 4127 Spiritus
3243 4063 3320 4110 est
3335 4053 3582 4126 qui'uivi-

1984 4129 2107 4254 {ictu
2137 4145 2156 4183 :
2183 4144 2305 4185 nam
2333 4128 2560 4198 Spiritus
2588 4125 2846 4182 vocabulo
2871 4125 3202 4182 divinitatem
3230 4127 3298 4181 ab
3325 4142 3391 4181 eo
3413 4127 3579 4184 intel.

2010 4199 2080 4254 iai
2109 4201 2303 4254 solere.
2329 4201 2431 4254 iam
2459 4198 2656 4254 saepius
2681 4208 2763 4252 est
2787 4197 3454 4254 observatutn..\lidendus
3476 4197 3579 4254 Cv-

2010 4199 2080 4270 igi
2109 4201 2303 4272 solere,
2323 4197 2665 4272 jaingsaepiusi
2681 4208 2763 4272 est
2787 4197 3454 4272 observatum..Videndus
3476 4197 3582 4272 Cy:-

1983 4269 2136 4328 rillus
2163 4269 2577 4338 Alexandrinus,
2611 4270 2744 4324 Dial.
2777 4286 2794 4324 ι
2819 4311 2835 4337 ,
2863 4269 2930 4324 de
2955 4269 3174 4335 'l‘rinit.,
3195 4284 3319 4341 pag.
3339 4270 3466 4335 l07,
3493 4269 3588 4327 ubi

1984 4357 2082 4397 nos
2113 4357 2234 4398 cum
2270 4341 2489 4398 Christo
2530 4358 2638 4397 non
2668 4342 2782 4396 sola
2821 4341 3152 4397 voluntatum
3183 4343 3577 4412 consensione,

1982 4413 2079 4469 sed
2103 4426 2297 4485 natura
2329 4431 2493 4470 unum
2520 4429 2641 4472 esse
2664 4414 2864 4485 pariter
2890 4413 3125 4470 ostendit
3143 4429 3208 4470 ex
3241 4424 3581 4474 sacramento

1983 4483 2359 4542 Eucharistiae.
2664 4483 2678 4485 ⁷
3503 4485 3514 4498 “

2057 4555 2128 4630 (e)
2152 4557 2480 4613 Naturaliter
2495 4573 2682 4630 sumus
2705 4557 2758 4630 in
2783 4555 3018 4622 Christo,
3043 4565 3309 4627 quatenus
3339 4565 3577 4630 nostram

1981 4628 2200 4684 carnem
2245 4628 2572 4698 assumpsit,
2625 4638 2684 4684 ut
2723 4629 2814 4684 ille
2853 4630 3168 4684 naturaliter
3201 4630 3338 4686 inest
3375 4629 3529 4684 nobis
3555 4669 3572 4698 ,

1982 4700 2197 4770 quando
2221 4716 2438 4755 carnem
2469 4701 2610 4754 illius
2639 4699 2950 4769 accipimus.
3086 4769 3095 4770 ί
3174 4769 3180 4770 γ
3433 4710 3452 4731 ⁸

2057 4769 2125 4844 (Ι)
2157 4771 2397 4844 Pessime
2441 4770 2578 4839 apud
2626 4770 2748 4844 Par.
2779 4771 2901 4840 quia
2931 4786 2994 4824 ea:
3041 4769 3218 4844 Maria
3243 4785 3262 4824 :
3293 4783 3414 4825 cum
3445 4769 3578 4826 sub-

1979 4839 2115 4898 inde
2142 4843 2202 4898 τὸ
2229 4839 2463 4896 Christus
2492 4851 2564 4895 est
2589 4882 2603 4904 ,
2655 4839 2797 4896 idem
2826 4851 2982 4896 sonet
3032 4855 3096 4894 ac
3133 4840 3273 4895 Deus
3296 4851 3394 4904 est,
3429 4851 3482 4896 ut
3513 4858 3581 4899 cx

1981 4914 2098 4969 his:
2124 4913 2182 4970 Si
2210 4913 2362 4966 homo
2384 4913 2492 4976 ille,
2517 4913 2600 4982 qui
2625 4928 2687 4966 ea:
2711 4911 2882 4966 Maria
2905 4922 3056 4967 natus
3069 4923 3162 4980 est,
3186 4927 3300 4967 uere
3321 4911 3462 4969 Deus
3485 4924 3578 4983 est,

1980 4994 2236 5055 sequatur
2265 4985 2476 5040 Patrem
2508 4998 2627 5039 esse
2658 4983 2710 5055 in
2739 4998 2824 5038 eo.

2058 5053 2137 5130 (g)
2171 5056 2226 5130 id
2255 5066 2358 5122 est,
2387 5055 2488 5111 sub
2516 5053 2755 5130 mysticis
2782 5053 3344 5130 speciebusvelatam,
3387 5054 3584 5130 Nescio

1984 5125 2254 5198 quomodo
2283 5143 2342 5183 se
2373 5135 2522 5199 putet
2551 5125 2828 5199 Scultc‘tus’
2864 5125 2948 5182 his
2973 5126 3152 5183 verbis
3195 5127 3424 5199 elusisse
3469 5129 3580 5184 vim

1983 5195 2323 5269 superiorum
2349 5195 2389 5262 ,⁷
2425 5197 2550 5252 Vere
2576 5214 2668 5251 nos
2703 5195 2924 5252 Verbum
2955 5215 3163 5254 carnem
3186 5198 3296 5253 cibo
3323 5199 3580 5254 dominico

1985 5273 2238 5325 suminus.
2263 5269 2398 5338 Quid
2427 5271 2568 5325 enim
2596 5269 2729 5325 illud
2757 5270 2850 5325 sub
2878 5271 3119 5342 mysterio
3140 5270 3459 5325 adversatur
3479 5270 3584 5328 Ec—

1983 5342 2184 5404 clesim,
2217 5359 2338 5411 qua:
2371 5356 2660 5410 numquam
2707 5343 2758 5394 in
2809 5342 2909 5396 hoc
2936 5351 3278 5398 sacramento
3325 5343 3583 5398 manifes-

1985 5424 2092 5470 tam
2121 5413 2321 5470 Christi
2347 5429 2564 5468 carnem
2591 5411 2855 5468 credidit?
2880 5413 3017 5480 Quid
3049 5429 3176 5468 vero
3199 5413 3355 5482 juvat
3377 5412 3586 5470 Sculte-

1991 5492 2130 5552 tum,
2163 5483 2304 5555 quod
2330 5487 2400 5538 ita
2429 5481 2753 5554 praedicatur
2782 5484 2874 5538 sub
2905 5485 3164 5554 mysterio,
3193 5481 3250 5540 ut
3272 5493 3452 5540 tamen
3475 5501 3590 5544 vere

1995 5573 2202 5614 carnem
2239 5558 2470 5623 corporis
2499 5555 2698 5610 Christi
2726 5557 3039 5610 sumamus?
3078 5555 3214 5622 Quid
3245 5566 3328 5612 cst
3355 5573 3451 5612 cur
3479 5567 3586 5612 tam

1995 5629 2221 5685 sollicite
2254 5628 2490 5682 llilarius
2517 5643 2699 5696 supra.
2727 5627 2834 5695 hic,
2869 5627 3002 5682 inira
3027 5627 3156 5683 illud
3182 5643 3293 5683 vere
3321 5628 3586 5684 inculcat?

2069 5698 2154 5767 (It)
2180 5699 2306 5754 llmc
2334 5699 2569 5769 pressius
2595 5697 2736 5752 dicta
2759 5700 2836 5753 sic
2863 5699 2990 5756 licet
3017 5698 3288 5770 explicare
3315 5719 3327 5757 :
3351 5716 3472 5756 cum
3499 5717 3590 5756 na-

1997 5771 2186 5828 turalis
2213 5771 2517 5844 proprietas
2539 5771 2717 5828 carnis
2737 5776 2848 5830 tum
2871 5785 2902 5828 a
2927 5771 3080 5830 nobis
3106 5781 3370 5844 suscepta:
3399 5787 3496 5844 per
3511 5787 3590 5828 sa-
