4094 6180
452 263 556 325 917

1654 253 1897 312 SANCTI
1936 252 2195 312 HlLABll
2232 249 2543 311 EPISCOPI

3650 247 3759 307 2&8

456 378 842 456 pimus.-Non
868 388 954 438 est
971 381 1209 437 humano
1237 385 1329 433 aut
1353 374 1539 431 saeculi
1564 388 1726 431 sensu
1756 374 1807 429 in
1840 373 1933 429 Dei
1966 387 2056 428 re-
2083 372 2138 433 A
2162 372 2319 442 etc.).
2349 371 2406 428 Si
2451 370 2741 428 voluntatis
2770 378 2976 426 tantum
3009 369 3269 426 unitatem
3301 368 3525 440 intelligi
3557 368 3757 425 vellet:

453 477 558 533 bus
579 475 907 548 loquendum
933 474 1028 546 (V.
1057 475 1144 528 lib.
1169 489 1241 538 tv,
1272 489 1329 526 n.
1363 469 1456 541 14)
1483 489 1495 523 :
1518 483 1693 540 neque
1714 469 1791 543 (α)
1820 483 1915 540 per
1939 467 2060 524 vio-

454 571 657 627 lentam
702 568 788 638 (l)
817 577 977 639 atque
1006 565 1406 637 imprudentem
1438 562 1914 635 praedicationem;
1947 574 2060 617 cm-

457 664 674 720 lestium
708 663 973 717 dictorum
1004 658 1242 725 sanitati,
1274 658 1465 713 alienae
1491 666 1653 727 atque
1683 655 1862 725 impiae
1903 653 2063 708 intel-

456 755 692 827 ligentia:
719 752 1088 824 extorquenda
1115 751 1191 825 (b)
1224 750 1557 823 perversitas
1577 760 1679 804 est.
1710 748 1840 817 Quae
1862 747 2060 816 scripta

458 858 586 903 sunt
613 848 873 918 legamus,
901 856 954 902 et
979 862 1097 917 quae
1125 844 1414 916 legerimus
1444 843 1806 913 intelligamus
1830 859 1843 894 :
1872 851 1924 895 et
1948 850 2059 895 tum

458 940 715 1015 perfectae
744 941 865 996 lidei
896 941 1078 995 ollicio
1119 941 1425 1009 iungentur.
1460 938 1535 993 De
1573 936 1804 991 naturali
1831 934 1975 990 enim
2008 935 2061 989 in

460 1036 617 1091 nobis
646 1033 847 1091 Christi
871 1033 1100 1088 veritate
1138 1047 1258 1103 qua:
1279 1031 1529 1096 dicimus,
1558 1030 1656 1085 nisi
1692 1029 1762 1084 ab
1786 1043 1854 1084 eo
1874 1026 2065 1082 didici-

459 1144 603 1195 mus,
636 1126 799 1183 stulte
831 1135 989 1195 atque
1017 1124 1179 1195 impie
1200 1122 1451 1179 dicimus.
1492 1124 1609 1193 Ipse
1635 1123 1776 1177 enitn
1809 1121 1902 1189 ait,
1929 1118 2063 1174 Caro

461 1238 572 1276 utea
603 1236 716 1275 vere
762 1228 835 1273 est
869 1235 1003 1284 esea,
1031 1226 1077 1273 et
1107 1219 1318 1285 sanguis
1347 1233 1488 1272 mens
1517 1232 1630 1270 vere
1656 1225 1729 1271 est
1759 1226 1929 1288 potus.
1963 1213 2065 1281 Qui

461 1315 567 1367 edit
607 1329 813 1368 carnem
843 1328 1010 1365 meam
1034 1352 1048 1377 ,
1090 1320 1135 1365 et
1167 1310 1290 1364 bibit
1320 1310 1622 1381 sanguinem
1654 1325 1822 1362 meum
1844 1349 1858 1372 ,
1908 1308 1961 1361 in
1987 1322 2065 1360 me

460 1415 653 1472 manet,
698 1415 745 1459 et
786 1421 880 1476 ego
923 1405 979 1458 in
1022 1420 1081 1458 eo
1107 1402 1287 1475 (Joan.
1323 1419 1396 1469 vt,
1440 1402 1535 1468 56,
1592 1402 1706 1470 57;.
1742 1402 1815 1457 De
1838 1403 2068 1456 veritate

464 1497 648 1553 carnis
675 1505 729 1552 et
756 1498 1034 1567 sanguinis
1060 1512 1167 1552 non
1196 1496 1422 1551 relictus
1446 1503 1532 1551 est
1561 1494 1865 1564 ambigendi
1894 1494 2065 1550 locus.

462 1588 620 1645 Nunc
644 1589 787 1643 enim
820 1598 877 1643 et
904 1586 974 1661 (e)
998 1587 1168 1657 ipsius
1215 1587 1425 1641 Domini
1469 1585 1807 1655 professione
1828 1627 1843 1653 ,
1881 1594 1935 1640 et
1964 1584 2069 1640 fide

463 1690 647 1737 nostra
671 1696 801 1737 vere
825 1696 954 1737 caro
978 1690 1082 1747 est,
1112 1690 1167 1736 et
1196 1697 1324 1736 vere
1352 1681 1572 1752 sanguis
1608 1690 1711 1737 est.
1746 1681 1811 1736 Et
1839 1682 1954 1737 haec
1979 1695 2070 1736 ac-

2161 479 2257 520 cur
2279 464 2501 535 gradum
2540 462 2828 535 quemdam
2859 472 3021 534 atque
3046 461 3293 519 ordinem
3317 461 3761 519 consummauda

2161 558 2381 613 unitatis
2407 558 2658 628 exposuit
2686 575 2698 611 :
2730 558 2831 612 nisi
2856 564 2916 612 ut
2940 573 3061 612 cum
3099 556 3188 612 ille
3213 554 3268 611 in
3289 554 3450 611 Patre
3483 570 3579 625 per
3597 565 3760 611 natu-

2165 668 2277 708 ram
2306 653 2599 708 divinitatis
2625 661 2797 717 esset;
2826 667 2925 707 nos
2944 660 3133 706 contra
3162 650 3214 704 in
3247 664 3313 705 eo
3346 664 3440 720 per
3460 648 3532 723 (e)
3564 664 3763 721 corpo—

2163 747 2330 803 ralem
2362 745 2482 816 ejus
2526 747 2883 810 nativitatem,
2914 755 2969 799 et
2999 743 3090 798 ille
3131 757 3346 798 rursum
3398 743 3452 797 in
3479 743 3638 798 nobis
3665 758 3764 814 per

2164 846 2627 897 sacramentorum
2658 840 2834 895 inesse
2865 838 3185 909 mysterium
3202 836 3521 892 crederetur
3551 854 3564 891 :
3595 851 3661 891 ac
3682 836 3764 892 sic

2165 931 2402 1005 perfecta
2427 947 2521 1002 per
2552 930 2898 987 Mediatorem
2924 931 3104 985 unitas
3126 929 3429 993 doceretur,
3457 944 3578 983 cum
3608 929 3765 984 nobis

2166 1026 2219 1081 in
2242 1040 2302 1081 se
2333 1024 2674 1079 manentibus
2703 1024 2819 1094 ipse
2860 1030 3106 1077 maneret
3125 1022 3177 1075 in
3204 1020 3361 1075 Patre
3382 1062 3397 1086 ,
3441 1020 3573 1075 etin
3602 1020 3765 1077 Patre

2167 1135 2393 1177 manens
2424 1127 2670 1176 maneret
2699 1118 2752 1173 in
2787 1117 2976 1183 nobis;
3010 1125 3066 1172 et
3100 1117 3171 1171 ita
3202 1115 3266 1171 ad
3296 1115 3559 1172 unitatem
3585 1114 3766 1170 Patris

2166 1215 2584 1287 proliceremus,
2614 1211 2818 1286 (neum
2844 1212 3006 1283 quiin
3036 1224 3101 1267 eo
3128 1211 3445 1267 naturaliter
3466 1210 3766 1267 secundum

2170 1290 2502 1363 nativitatem
2535 1308 2696 1373 inest,
2727 1321 2825 1361 nos
2852 1320 3068 1377 quoque
3097 1305 3149 1360 in
3175 1319 3243 1361 eo
3274 1304 3595 1361 naturaliter
3625 1305 3773 1362 ines-

2168 1417 2373 1464 semus,
2408 1403 2524 1472 ipso
2553 1402 2607 1456 in
2636 1400 2787 1456 nobis
2818 1399 3139 1455 naturaliter
3162 1400 3554 1468 permanente?

2243 1498 2332 1554 16.
2372 1495 2556 1552 Unitas
2586 1496 2696 1550 licet:
2732 1511 2886 1566 quam
2926 1494 3202 1552 naturalis.
3254 1492 3438 1549 Unitas
3483 1490 3612 1547 Filii
3653 1508 3774 1547 euut

2173 1590 2352 1645 Patre.
2381 1620 2454 1632 ——
2481 1588 2652 1657 Quam
2668 1578 2850 1643 autem
2875 1586 3133 1642 naturalis
3160 1586 3214 1641 in
3256 1586 3412 1641 nobis
3445 1585 3561 1640 htrc
3595 1583 3775 1640 unitas

2170 1684 2261 1749 sit,
2289 1683 2403 1754 ipse
2447 1682 2517 1737 ita
2560 1689 2789 1738 testatus
2817 1688 2902 1735 est
2928 1697 2943 1736 :
2974 1679 3076 1747 Qui
3106 1679 3209 1735 edit
3253 1694 3460 1734 carnem
3497 1694 3663 1733 meam
3684 1720 3701 1745 ,
3729 1686 3779 1733 et

461 1787 615 1845 cepta
662 1785 822 1847 atque
852 1776 1039 1830 hausta
1072 1774 1123 1829 id
1152 1775 1395 1830 ciliciuut
1420 1817 1433 1840 ,
1485 1774 1651 1849 224
1687 1785 1744 1830 ut
1772 1786 1823 1830 et
1871 1790 1970 1830 nos
2011 1776 2063 1830 in
2095 1770 2145 1833 B
2172 1776 2294 1832 bibit
2322 1776 2619 1847 sanguinem
2648 1790 2833 1839 nteant,
2857 1774 3007 1829 inme
3031 1782 3220 1840 manet,
3241 1782 3288 1825 et
3313 1788 3407 1845 ego
3437 1772 3491 1825 in
3513 1786 3571 1825 eo
3592 1768 3777 1841 (Joan.

463 1868 685 1925 Christo
708 1910 722 1934 ,
769 1878 826 1925 et
859 1866 1109 1923 Christus
1138 1869 1190 1923 in
1221 1868 1376 1924 nobis
1406 1868 1495 1922 sit.
1526 1874 1697 1923 Anne
1729 1869 1831 1925 hoc
1872 1869 2071 1924 veritas

466 1977 573 2019 non
602 1962 718 2016 est?
748 1961 1037 2032 Contingat
1073 1960 1228 2031 plane
1275 1960 1359 2016 his
1388 1975 1574 2015 verum
1619 1976 1725 2015 non
1760 1975 1883 2016 esse
1908 2003 1924 2029 ,
1978 1961 2070 2031 qui

469 2056 745 2112 Christum
773 2055 961 2112 Jesum
992 2070 1176 2111 verum
1205 2068 1326 2110 esse
1359 2054 1525 2110 Deum
1548 2054 1837 2127 denegant.
1867 2054 1963 2109 Est
1984 2069 2074 2109 er-

469 2165 541 2221 go
590 2151 643 2204 in
675 2148 830 2204 nobis
860 2149 977 2220 ipse
1005 2163 1100 2219 per
1126 2162 1367 2215 carnem,
1393 2156 1447 2203 et
1485 2162 1672 2203 sumus
1714 2146 1766 2201 in
1807 2161 1874 2202 eo
1904 2165 1917 2202 :
1948 2146 2076 2202 dum

474 2243 554 2315 (ά)
579 2256 764 2298 secum
789 2242 911 2310 hoc,
938 2240 1081 2312 quod
1113 2255 1214 2297 nos
1241 2256 1450 2307 sumus,
1482 2241 1536 2296 in
1565 2240 1676 2299 Deo
1699 2249 1804 2298 est.

546 2336 634 2391 15.
660 2335 902 2407 Perfecta
936 2336 1105 2403 nobis,
1128 2335 1334 2391 Christo
1363 2334 1649 2400 mediante,
1680 2350 1798 2389 eum
1826 2336 1936 2391 Deo
1960 2336 2083 2391 uni-

475 2428 824 2499 tas.—-Quam
852 2438 1032 2486 autem
1062 2430 1114 2484 in
1136 2444 1211 2509 eo
1235 2444 1331 2499 per
1356 2441 1750 2485 sacramentum
1781 2432 2083 2487 communi-

475 2531 613 2578 catae
642 2524 823 2578 carnis
851 2533 907 2578 et
933 2524 1214 2594 sanguinis
1244 2522 1435 2584 simus.
1466 2523 1584 2593 ipse
1607 2532 1836 2578 testatur
1861 2523 2081 2595 dicens,

474 2615 548 2671 Et
573 2618 657 2671 hic
685 2618 907 2671 mundus
935 2629 1017 2669 me
1027 2616 1144 2685 jam
1167 2632 1268 2669 non
1290 2615 1458 2682 videt;
1487 2631 1575 2670 vos
1601 2626 1770 2670 autent
1793 2632 1874 2670 me
1898 2617 2087 2671 videbi-

475 2711 542 2766 tis
564 2752 580 2778 ,
627 2713 868 2781 quoniam
913 2727 1005 2782 ego
1030 2711 1142 2765 vivo
1159 2750 1174 2777 ,
1207 2719 1253 2764 et
1282 2726 1369 2765 vos
1396 2710 1606 2779 vivetis;
1636 2712 1880 2783 quoniam
1908 2728 2001 2782 ego
2030 2713 2087 2768 in

476 2805 641 2864 Patre
670 2824 804 2875 meo,
822 2816 870 2863 et
891 2822 978 2862 vos
1010 2806 1063 2861 in
1084 2815 1180 2872 me,
1207 2816 1254 2861 et
1276 2806 1445 2879 egojn
1474 2804 1614 2862 vobis
1640 2804 1824 2879 (Joan.
1856 2822 1971 2877 XIV,
1993 2806 2082 2875 19,

472 2990 478 3016 ε
576 2948 626 3018 1)
655 2950 818 3018 Atque
843 2946 1201 3020 impudentem.

574 3020 610 3074 2
662 3018 803 3080 Ipse.

547 2949 632 3165 is;
668 3089 928 3147 Vivamus.

662 3018 803 3080 Ipse.

576 3024 610 3074 2
662 3024 803 3080 Ipse.

576 3024 632 3163 δὲ
668 3089 928 3147 Vivamus.

476 3243 815 3293 cramentum
861 3229 1251 3286 Incarnationis
1274 3271 1289 3293 ,
1338 3238 1449 3284 tum
1477 3230 1633 3286 nobis
1664 3231 2074 3289 communicatae
2102 3235 2150 3299 C

479 3321 579 3379 per
605 3313 1001 3379 sacramentum
1051 3299 1437 3379 Eucharistim,
1469 3306 1538 3356 sit
1577 3314 1973 3379 sacramentum
2022 3314 2079 3361 et

482 3372 757 3433 vinculum
789 3372 1039 3443 perfecta:
1070 3372 1292 3427 unitatis
1316 3380 1516 3445 postne
1550 3375 1782 3445 primum
1812 3389 1876 3429 ac
1902 3391 1998 3445 per
2024 3392 2085 3432 se

482 3465 606 3506 cum
631 3445 869 3507 Christo,
902 3460 969 3499 eo
998 3454 1176 3498 autem
1212 3443 1478 3498 mediante
1500 3460 1623 3500 ettm
1644 3444 1824 3499 Patre.

559 3518 634 3590 (α)
662 3515 909 3573 Nonnulli
942 3531 1071 3590 mss.
1105 3533 1194 3590 per
1220 3515 1512 3590 violentiam
1539 3532 1558 3569 :
1584 3525 1638 3571 et
1664 3515 1889 3590 deinde,
1931 3527 2084 3587 atque

456 3586 829 3654 ‘impudentem
864 3604 882 3641 :
913 3587 1055 3656 qttod
1084 3587 1245 3641 etiam
1290 3586 1588 3655 praeferunt
1616 3588 1838 3651 excusi,
1888 3586 2083 3644 subse-

485 3664 776 3734 quentibus
804 3661 872 3713 ita
925 3660 1236 3734 perturbate
1274 3658 1604 3734 exp_rc~sis_._
1649 3667 1706 3710 ut
1759 3660 2081 3734 vocabulum

482 3728 668 3791 alienae
695 3732 959 3788 referatur
986 3732 1051 3785 ad
1073 3729 1303 3784 sanitati.
1333 3728 1429 3783 llic
1451 3729 1771 3799 sugillautur
1801 3729 2078 3798 haeretici,

484 3808 573 3876 qui
600 3819 813 3861 errores
836 3817 963 3876 suos
988 3813 1080 3876 aut
1109 3803 1354 3876 humanis
1389 3800 1703 3856 ratiunculis
1730 3812 1823 3856 aut
1853 3802 2082 3861 detortis

484 3873 553 3934 ad
576 3877 625 3946 pl
647 3879 766 3930 trita
794 3875 1086 3944 Scripturis
1109 3873 1243 3946 tueri
1274 3880 1559 3946 conantur.

563 3943 637 4012 (b)
665 3948 825 4004 Solus
847 3946 1014 4002 codex
1039 3945 1158 3998 Vat.
1192 3944 1305 3998 bas.
1331 3943 1597 3999 diversitas
1629 3961 1648 3999 :
1678 3946 1835 3999 male.
1866 3944 2082 4002 Perver-

486 4023 611 4078 sitas
670 4020 957 4088 opponitur
1006 4016 1234 4071 sanitati.
1266 4015 1366 4081 Qui
1419 4017 1696 4088 exemplar
1744 4017 2082 4075 Carnutense

488 4086 793 4148 emendavit
823 4132 836 4153 ,
890 4089 974 4144 hic
1004 4088 1070 4142 ad
1110 4088 1404 4157 marginem
1444 4086 1752 4157 adscripsit,
1788 4088 1892 4143 Per
1920 4099 2082 4143 totum

488 4166 586 4219 hoc
606 4162 889 4230 capitulum
910 4159 1155 4229 Corporis
1180 4168 1226 4213 et
1252 4157 1534 4227 Sanguinis
1555 4159 1801 4213 dominici
1823 4161 2083 4214 veritatem

488 4234 802 4304 exsequitur.
839 4234 904 4285 At
944 4247 1074 4304 vero
1118 4239 1230 4283 tum
1257 4244 1321 4304 ex
1362 4231 1628 4304 scriptura
1661 4230 1913 4304 secundae
1938 4233 2081 4287 illius

487 4300 703 4364 manus.
735 4315 845 4358 tum
861 4319 924 4355 ex
947 4301 1360 4369 antiquocndice
1380 4300 1510 4353 alias
1535 4300 1914 4366 Floriaeensis,
1939 4318 2083 4360 nunc

488 4375 811 4432 Colhertitlm
834 4372 1193 4433 bibliothecae,
1210 4381 1322 4444 nol.
1350 4369 1613 4444 1194011ιὶ
1637 4374 1690 4425 in
1705 4383 1909 4440 septem
1931 4374 2076 4444 ιπἰο⁴

486 4449 642 4503 ribus
664 4447 814 4501 libris
837 4446 907 4497 ita
933 4443 999 4499 ad
1028 4444 1186 4497 fidem
1211 4442 1561 4497 Carnutensis
1583 4457 1873 4509 expressus
1893 4442 1995 4504 est.
2025 4454 2083 4500 ut

488 4533 678 4575 omnes
709 4532 771 4570 ac
791 4516 934 4571 solas
965 4516 1223 4570 lectiones
1247 4512 1516 4582 praeferat,
1541 4529 1661 4582 qua:
1683 4513 1734 4567 in
1766 4515 1858 4568 illo
1889 4529 2084 4570 secun-

487 4592 572 4646 dis
598 4590 743 4645 curis
786 4587 1008 4656 adjecta:
1047 4583 1229 4653 sunt),
1282 4583 1437 4638 facile
1483 4585 1741 4656 probatur
1767 4586 2079 4655 praedictum

487 4678 592 4718 ms.
618 4670 744 4715 ante
764 4654 937 4713 annos
967 4656 1091 4719 700.
1128 4656 1291 4710 luisse
1322 4654 1688 4710 emendatum.

560 4732 633 4805 (e)
655 4731 792 4805 Quid
814 4737 897 4805 est
913 4729 1094 4805 ipsius
1115 4727 1318 4805 [lumini
1344 4728 1684 4805 professione,
1716 4727 1814 4805 nisi
1838 4729 2081 4805 ipsismet

487 4798 697 4859 Christi
716 4798 1096 4869 verbisiQuitl
1125 4798 1321 4853 deinde
1347 4808 1392 4851 et
1414 4798 1517 4867 ﬁde
1544 4810 1736 4859 nostra.
1762 4799 1861 4853 nisi
1886 4817 1950 4854 ex
1975 4801 2080 4855 title

487 4876 772 4941 Ecclesiae,
822 4873 1034 4927 Domini
1067 4871 1229 4927 verba
1257 4881 1307 4924 ttt
1341 4883 1535 4925 sonant
1567 4871 1951 4940 iutelligentis?
1998 4872 2079 4929 Ex

486 4963 594 5018 quo
623 4944 1079 5018 liquetllilariutn
1107 4942 1341 5018 sensisse
1373 4942 1531 5018 tidem
1567 4952 1802 5018 nostram
1826 4942 2075 5018 peiso‘r-

487 5013 573 5074 his
599 5013 751 5072 inniti
783 5016 1013 5080 debere,
1062 5016 1156 5069 Dei
1183 5026 1363 5068 autem
1397 5014 1557 5069 verba
1586 5030 1649 5070 ex
1683 5013 1789 5067 ﬁde
1821 5014 2077 5069 Ecclesia:

484 5090 840 5158 explicanda;
870 5101 1030 5156 atque
1056 5101 1120 5141 ex
1144 5094 1369 5158 utroque
1390 5085 1482 5158 illo
1511 5087 1685 5155 capite
1723 5084 2031 5140 confirmari
2055 5127 2071 5151 ,

486 5157 588 5217 nos
618 5161 670 5213 in
700 5158 1031 5214 Eucharisﬁa
1062 5172 1244 5213 veram
1285 5157 1489 5211 Christi
1524 5172 1744 5212 carnem
1783 5171 2078 5222 verumque

485 5231 799 5302 sanguinem
840 5230 1106 5302 accipere.
1137 5228 1443 5296 Quamlibet
1469 5229 1627 5283 aliam
1675 5226 2080 5302 interpretatio-

484 5298 611 5358 ιιθηῖ
635 5302 919 5357 verborum
954 5298 972 5355 εί
1000 5298 1134 5355 Caro
1165 5314 1279 5353 mea
1304 5316 1417 5354 vere
1449 5312 1524 5354 est
1552 5316 1689 5368 esca,
1719 5306 1851 5366 etc.,
1879 5299 2075 5354 violen-

482 5385 585 5430 tam
612 5388 732 5429 esse
761 5385 1057 5443 praemonet
1076 5381 1225 5443 atque
1244 5372 1635 5443 imprudentem.

557 5445 638 5516 (ά)
664 5441 789 5516 Mss.
822 5444 946 5501 Vat.
976 5446 1089 5499 bas.
1117 5442 1331 5498 Martin.
1359 5441 1523 5516 Carn.
1557 5443 1885 5502 Sorbonicus
1910 5460 2070 5513 unus,

486 5532 551 5573 ac
569 5515 686 5571 duo
714 5515 1031 5579 Colbt-rtini,
1079 5530 1185 5570 non
1208 5521 1388 5571 tamen
1418 5515 1707 5585 antiquior,
1737 5518 1861 5572 dum
1885 5534 2072 5572 secun-

489 5589 612 5643 dum
654 5590 749 5641 hoc
774 5604 794 5641 :
825 5603 929 5642 non
958 5587 1207 5642 videntur
1233 5586 1352 5643 aliis
1400 5587 1549 5643 libris
1581 5587 1899 5657 prmierendi
1925 5631 1941 5657 ,
1974 5588 2071 5645 sed

488 5660 603 5714 htrc
648 5659 718 5712 ita
748 5658 1091 5723 intelligenda
1126 5677 1139 5711 :
1170 5658 1296 5713 dum
1351 5658 1509 5713 simul
1553 5675 1674 5713 cum
1714 5659 1949 5723 Christo.
1983 5662 2070 5717 cui

481 5730 752 5811 conjuncti
791 5744 1025 5811 sumus“,
1078 5731 1180 5784 hoc
1225 5731 1369 5811 quod
1417 5743 1515 5790 nos
1556 5745 1742 5791 sumus
1767 5742 1851 5792 est
1875 5734 1929 5791 in
1960 5731 2071 5793 Deo

480 5800 653 5875 patre;
680 5809 803 5860 eum
829 5800 936 5873 quo
962 5800 1053 5859 ille
1082 5811 1246 5857 unum
1275 5801 1376 5860 eat.

2108 4629 2159 4689 D

2176 1889 2253 1940 Vl,
2282 1870 2396 1943 57).
2422 1870 2539 1926 Non
2561 1870 2705 1926 enim
2733 1869 2853 1940 quis
2882 1867 2935 1922 in
2953 1883 3020 1923 eo
3042 1867 3164 1931 erit,
3190 1866 3293 1921 nisi
3317 1867 3368 1920 in
3392 1881 3497 1936 quo
3525 1865 3639 1932 ipse
3658 1865 3781 1920 l'ue-

2179 1969 2244 2024 rit
2268 1988 2283 2022 :
2313 1968 2431 2036 ejus
2460 1972 2663 2020 tantum
2691 1963 2769 2035 (9.)
2796 1964 2847 2018 in
2879 1978 2937 2018 se
2953 1973 3287 2033 assumptam
3311 1959 3516 2017 habens
3535 1973 3779 2027 carnem,

2181 2064 2269 2134 qui
2298 2076 2450 2116 suam
2493 2059 2800 2130 sumpserit.
2851 2054 3112 2113 Perfectze
3157 2064 3338 2110 autem
3371 2052 3530 2122 hujus
3558 2050 3786 2108 unitatis

2183 2155 2345 2229 225
2381 2162 2779 2209 sacramentum
2808 2148 2887 2222 (g)
2927 2146 3177 2219 superius
3220 2147 3329 2218 jam
3363 2145 3656 2210 docuerat,
3701 2142 3787 2199 di-

2182 2263 2347 2304 cens:
2373 2245 2520 2302 Sicut
2544 2243 2683 2297 misit
2710 2258 2791 2296 me
2815 2242 2986 2296 vivens
3016 2239 3192 2304 Pater,
3221 2248 3268 2293 et
3298 2255 3391 2313 ego
3424 2239 3537 2293 vivo
3556 2254 3646 2310 per
3676 2234 3791 2291 Pa-

2185 2354 2353 2399 trem:
2383 2351 2432 2397 et
2469 2342 2557 2412 qui
2584 2337 2965 2393 manducauerit
2990 2350 3155 2389 meam
3182 2349 3407 2399 carnem,
3449 2341 3495 2388 et
3524 2333 3632 2404 ipse
3658 2330 3790 2385 vivet

2183 2452 2275 2511 per
2303 2451 2383 2489 me
2420 2432 2583 2507 (Ibid.
2616 2428 2731 2502 58).
2778 2428 2920 2484 Vivit
2963 2442 3097 2498 ergo
3138 2441 3233 2496 per
3281 2426 3494 2481 Patrem
3524 2442 3539 2480 :
3569 2432 3626 2479 et
3676 2436 3791 2495 quo

2190 2530 2352 2590 modo
2380 2543 2474 2601 per
2494 2528 2710 2583 Patrem
2735 2523 2887 2589 vivit,
2916 2521 3110 2577 eodem
3130 2519 3293 2575 modo
3315 2533 3415 2573 nos
3442 2531 3537 2587 per
3563 2529 3789 2572 carnem

2188 2626 2309 2695 ejus
2338 2621 2418 2695 (ὅ)
2448 2620 2697 2691 vivimus.
2727 2614 2920 2672 Omnis
2962 2613 3106 2669 enim
3136 2608 3470 2681 comparatio
3494 2607 3561 2663 ad
3583 2607 3789 2663 intelli-

2189 2717 2381 2791 gentia:
2411 2717 2635 2768 lormam
2667 2708 3010 2781 praesumitur
3038 2724 3051 2760 :
3083 2714 3142 2761 ut
3184 2703 3235 2759 id
3258 2745 3273 2768 ,
3305 2704 3374 2759 de
3408 2718 3516 2774 quo
3565 2701 3744 2772 agitur
3771 2742 3789 2768 ,

2190 2808 2489 2868 secundum
2538 2804 2874 2878 propositum
2927 2796 3234 2868 exemplum
3285 2795 3363 2869 (4)
3412 2807 3786 2866 assequamur.

2263 2947 2344 3022 (4)
2397 2947 2554 3022 Prius
2591 2942 2914 3013 legebatur,
2968 2944 3285 3008 assequatur.
3344 2932 3564 2993 Rectius
3615 2931 3795 2991 codex

2189 3019 2543 3084 Veronensis,
2583 3026 2930 3086 assequamur.

2251 3229 2322 3301 (e)
2353 3228 2410 3284 Id
2439 3234 2539 3301 est,
2556 3238 2680 3301 per
2694 3235 2892 3301 corpus
2917 3218 3059 3290 quod
3086 3234 3149 3273 ex
3182 3216 3345 3272 Maria
3368 3215 3641 3301 nascendo
3665 3232 3793 3274 sus-

2186 3295 2330 3371 cepit
2356 3317 2419 3356 ex
2446 3296 2621 3371 nobis.
2647 3295 2852 3371 Deinde
2873 3300 3061 3371 autem
3079 3308 3170 3371 per
3194 3300 3631 3346 sacramentorum
3657 3306 3795 3361 mys-

2188 3363 2372 3429 terium
2390 3364 3063 3433 Eucharistiamdesignari
3092 3363 3308 3432 planum
3331 3371 3434 3421 est.
3459 3370 3520 3416 ut
3534 3373 3795 3418 consun-

2186 3455 2271 3501 ter
2297 3449 2650 3514 prosequatur
2694 3432 2939 3493 Hilarius
2957 3448 3114 3490 suum
3156 3432 3455 3489 bimembre
3492 3447 3791 3505 argumen-

2187 3526 2322 3573 tum.

2259 3589 2339 3661 (ι’)
2361 3583 2600 3661 Hoc_sibi
2640 3582 2748 3637 vult
2772 3597 2787 3634 :
2816 3595 2936 3661 cum
2963 3579 3014 3633 iu
3045 3577 3285 3661 Christo,
3313 3575 3409 3661 qui
3432 3575 3484 3631 iu
3504 3576 3665 3634 Patre
3692 3593 3791 3634 na-

2188 3652 2429 3715 turaliter
2476 3657 2616 3712 inest
2658 3652 2955 3709 secundum
2984 3652 3319 3711 nativitatem
3346 3659 3640 3715 aeternam,
3686 3665 3790 3706 nos

2187 3732 2389 3803 pariter
2419 3730 2719 3803 incssemus
2751 3739 2847 3803 per
2874 3732 3179 3803 susceptam
3221 3721 3290 3803 a'b
3316 3735 3382 3776 eo
3412 3735 3629 3803 carnem
3656 3737 3787 3803 nos-

2186 3792 2344 3865 iram.
2379 3801 2569 3856 eodem
2616 3799 2735 3867 ipso
2752 3792 2976 3849 Christo
3006 3808 3219 3847 rursum
3235 3792 3299 3867 in
3340 3793 3497 3847 nobis
3525 3794 3788 3867 naturali-

2186 3885 2269 3931 ter
2302 3863 2652 3944 permanente
2686 3883 2779 3940 per
2808 3866 3077 3938 impertita
3101 3865 3278 3921 carnis
3304 3871 3358 3919 et
3386 3863 3667 3935 sanguinis
3698 3865 3784 3923 sui

2186 3953 2544 4003 sacramenta.

2258 4019 2335 4091 (ῃ)
2366 4016 2682 4091 Cutn__locus
2716 4012 2990 4091 subjectus
3033 4011 3084 4065 in
3126 4006 3422 4091 Evangelia
3460 4007 3683 4091 inferior
3713 4011 3786 4091 sit

2186 4080 2432 4156 proxime
2461 4086 2625 4142 allato
2647 4100 2711 4140 ex
2740 4080 2895 4156 .loan.
2934 4098 3007 4150 vi,
3040 4097 3159 4156 nou_
3179 4080 3339 4156 hujus
3368 4089 3614 4156 respectu
3638 4122 3656 4149 ,
3685 4083 3784 4138 sed

2186 4151 2435 4230 respectu
2461 4158 2683 4214 alterius
2709 4171 2776 4211 ex
2806 4154 2965 4210 Joan.
2998 4169 3106 4230 xiv.
3139 4154 3227 4218 19,
3252 4151 3337 4230 hic
3365 4153 3614 4230 superior
3636 4171 3781 4209 nun-

2185 4223 2447 4302 cupatur;
2484 4229 2601 4283 Mox
2644 4243 2674 4302 9
2702 4243 2831 4302 "‘55'
2880 4227 3212 4302 msmuimus
3254 4228 3395 4302 vi?!“
3433 4223 3595 4279 Pam
3621 4267 3637 4291 ’
3680 4242 3783 4302 Pro

2186 4296 2377 4358 vivens.
2408 4300 2545 4355 Tum
2567 4298 2734 4353 codex
2761 4297 2879 4351 Vat.
2918 4298 3034 4352 bas.
3066 4307 3112 4350 et
3141 4312 3232 4365 ego
3271 4296 3381 4349 vivo
3426 4307 3633 4365 propter
3676 4299 3785 4353 Pa-

2187 4385 2333 4427 trem.
2369 4371 2573 4427 Deinde
2600 4370 2652 4424 in
2694 4368 2917 4424 Joannis
2953 4367 3353 4438 exemplaribus
3397 4367 3586 4437 graecis
3613 4378 3669 4423 et
3698 4370 3781 4424 la-

2187 4445 2314 4500 tinis
2343 4457 2484 4498 nunc
2514 4439 2911 4504 circumlertur,
2941 4451 2989 4495 et
3010 4440 3094 4508 qui
3120 4437 3401 4493 manducet
3427 4455 3526 4501 me,
3556 4455 3687 4506 non,
3732 4452 3784 4497 et

2185 4519 2274 4585 qui
2296 4514 2674 4569 mandttcarerit
2694 4528 2897 4585 carnem
2936 4528 3121 4566 meam.
3173 4509 3399 4585 Quibus
3416 4511 3701 4585 subjicitur
3725 4513 3780 4568 in

2188 4582 2289 4643 ius.
2323 4586 2536 4641 Martin.
2571 4594 2617 4639 et
2643 4586 2751 4653 ipse
2788 4584 2901 4638 vivit
2938 4585 2993 4637 in
3022 4600 3119 4646 me,
3150 4598 3280 4642 non.
3310 4590 3357 4634 et
3382 4582 3491 4645 ipse
3527 4583 3656 4639 viret
3689 4601 3784 4653 per

2185 4676 2283 4714 me.
2335 4658 2487 4725 Quod
2530 4673 2597 4712 ex
2638 4656 2738 4709 hoc
2768 4655 3043 4725 Evangelii
3093 4654 3211 4709 loco
3254 4653 3473 4725 coniicit
3502 4654 3777 4725 llilarius,

2186 4724 2605 4784 Sacraiueutarii
2635 4727 2800 4797 probe
2827 4724 3131 4797 expendant
3157 4726 3335 4797 velim.
3383 4724 3473 4782 Sic
3512 4726 3657 4781 enim
3690 4724 3783 4784 ra?-

2185 4801 2504 4857 tiociuatur:
2561 4796 2647 4854 lta’
2679 4796 2929 4870 Christus
2967 4797 3098 4852 vivit
3145 4811 3240 4865 per
3270 4796 3497 4870 Patrem
3554 4809 3780 4870 accepta

2184 4873 2327 4928 illius
2360 4883 2569 4938 natura,
2598 4872 2737 4925 sicut
2767 4884 2865 4923 nos
2887 4869 3115 4924 vivimus
3143 4883 3239 4938 per
3258 4866 3531 4924 Christum
3553 4866 3778 4940 accepta

2183 4944 2355 5014 ipsius
2383 4960 2565 4999 carne.
2598 4942 2732 4997 Tum
2762 4942 2925 5014 sumit
2943 4942 3095 5014 quasi
3125 4954 3240 5014 rem
3267 4941 3439 5014 magis
3464 4950 3677 5014 nolam,
3706 4942 3780 5000 de

2182 5012 2287 5083 qua
2319 5017 2538 5070 minime
2567 5012 2957 5069 contenderent
2983 5012 3185 5084 Ariani
3213 5030 3224 5065 :
3259 5013 3401 5081 atqui
3426 5012 3656 5069 vivimus
3678 5029 3780 5084 per

2181 5085 2453 5141 Christum
2483 5095 2726 5139 naturam
2757 5085 2897 5138 illius
2921 5088 3100 5155 carnis
3127 5083 3304 5154 adepti
3332 5098 3348 5146 ;
3394 5084 3531 5138 adeo
3578 5094 3636 5139 ut
3677 5083 3778 5155 per

2183 5158 2362 5212 carnis
2402 5158 2543 5212 illius
2572 5155 3035 5210 manducationem
3064 5154 3337 5210 Christum
3368 5155 3419 5209 in
3450 5154 3607 5211 nobis
3649 5171 3776 5212 car-

2182 5230 2395 5284 nalibus
2431 5227 2719 5284 carnaliter
2749 5237 3054 5281 manentem
3089 5226 3400 5281 habeamus.
3447 5227 3525 5282 Ac
3551 5227 3772 5285 demum

2181 5301 2443 5355 adversus
2469 5299 2698 5355 Arianos
2724 5312 2840 5353 rem
2866 5340 2880 5363 ,
2923 5298 3063 5352 unde
3094 5298 3376 5369 litigabant
3399 5340 3413 5361 ,
3455 5298 3769 5358 concludit:

2182 5370 2327 5442 Ergo
2353 5382 2402 5427 et
2427 5369 2673 5426 Christus
2698 5369 2841 5442 vivit
2855 5384 2951 5439 per
2983 5369 3217 5433 Patrem,
3246 5379 3465 5442 accepta
3488 5372 3773 5441 ipsiusmet

2181 5440 2373 5499 natura
2398 5442 2574 5497 divina
2601 5459 2615 5509 ;
2645 5442 2716 5496 ita
2746 5452 2796 5495 ut
2826 5440 2986 5513 Pater
3006 5442 3301 5513 secundum
3330 5440 3592 5513 Spiritum
3621 5485 3635 5507 ,
3667 5443 3770 5502 hoc

2176 5524 2278 5579 est,
2313 5515 2605 5571 secundum
2630 5523 2876 5568 naturam
2902 5512 3136 5567 divinam
3158 5512 3207 5567 ei
3228 5512 3430 5580 datam,
3453 5515 3769 5573 naturaliter

2175 5586 2228 5641 in
2258 5604 2323 5642 eo
2352 5596 2585 5642 maneat.
2634 5585 2733 5655 Qui
2764 5595 3075 5654 argumenta
3121 5593 3226 5639 tatu
3272 5588 3418 5641 clara
3448 5586 3553 5641 alio
3581 5585 3766 5642 detor-

2173 5672 2338 5726 quere
2363 5674 2647 5719 conantur.
2677 5656 2914 5711 indicant
2942 5656 3024 5710 vel
3053 5670 3112 5709 se
3163 5656 3303 5710 mala
3332 5658 3438 5712 title
3465 5672 3644 5727 agere,
3675 5660 3762 5715 vel

2170 5731 2359 5803 saltem
2401 5742 2661 5803 quantum
2707 5728 2847 5799 apud
2888 5727 3136 5786 homines
3163 5730 3372 5801 possint
3400 5728 3763 5803 prtejudicatae

2171 5802 2369 5859 tuentis
2394 5802 2695 5874 dpltliou'es;
