4094 6180
286 275 386 337 ειςι
449 335 463 347 .
1452 281 1538 339 DE
1576 282 1949 341 TRINITATE
1990 283 2193 342 LIBER
2240 286 2369 342 \‘lll.
3465 293 3580 357 250

287 396 406 452 Hac
432 409 566 467 ergo
594 393 718 450 vitm
744 403 946 452 nostrae
970 409 1132 453 causa
1158 404 1274 465 est,
1301 397 1444 469 quod
1475 398 1526 453 in
1571 398 1727 454 nobis
1755 414 1874 455 car-
1898 402 1955 464 Α
1979 399 2030 465 7,
2065 400 2120 467 9,
2151 400 2239 467 10,
2272 400 2384 474 12).
2416 401 2528 458 Hoc
2554 403 2629 474 (ὁ)
2659 415 2765 459 non
2796 414 3017 475 praestat
3040 416 3309 473 creatura,
3346 407 3441 464 sed
3479 424 3575 465 na-

285 488 494 546 ualibus
533 497 840 544 manentem
868 504 967 560 per
1002 504 1224 546 carnem
1249 487 1521 546 Christum
1571 490 1868 548 habemus:

286 581 501 638 victuris
529 581 686 637 nabis
725 597 820 651 per
858 597 980 636 eum
1012 598 1074 637 ea
1099 583 1406 639 conditione
1430 625 1444 651 ,
1487 599 1590 656 qua
1624 585 1748 639 vivit
1778 584 1871 642 ille

283 690 376 747 per
405 674 638 729 Patrem.
671 672 729 729 Si
772 688 902 745 ergo
932 690 1031 730 nos
1070 676 1385 732 naturaliter
1413 678 1710 733 secundum
1751 693 1871 735 car-

282 783 399 824 nem
428 782 524 838 per
551 782 674 822 eum
712 767 944 823 vivimus
968 807 985 833 ,
1033 766 1086 822 id
1118 777 1232 834 est,
1264 779 1508 825 naturam
1545 772 1726 826 carnis
1757 788 1872 828 suae

280 861 459 930 adepti
493 859 806 930 :quomodo
847 875 955 917 non
1005 862 1324 922 naturaliter
1368 863 1664 919 secundum
1708 865 1873 935 Spiri-

280 962 387 1010 tum
410 953 465 1008 in
495 968 554 1008 se
576 952 791 1009 Patrem
815 952 1039 1023 habeat,
1057 969 1180 1010 cum
1200 955 1346 1011 vivat
1366 957 1483 1027 ipse
1500 973 1597 1028 per
1614 958 1871 1013 Patrem?

280 1046 376 1102 Per
406 1045 616 1101 Patrem
647 1054 828 1101 autem
856 1048 1008 1115 vivit,
1042 1047 1169 1105 dum
1212 1050 1462 1106 nativitas
1491 1068 1598 1107 non
1637 1052 1868 1109 alienam

227 1164 235 1173 ν
276 1142 322 1197 ei
349 1141 531 1196 intulit
552 1139 932 1213 diversamque
962 1151 1232 1211 naturam,
1264 1144 1390 1199 dum
1419 1144 1564 1215 quod
1593 1154 1697 1212 est,
1727 1147 1869 1203 etab

275 1248 335 1290 eo
357 1245 461 1298 est,
498 1249 599 1290 nec
633 1245 810 1291 tamen
839 1236 907 1291 ab
932 1250 999 1292 eo
1025 1252 1119 1306 per
1148 1237 1381 1308 aliquam
1414 1237 1747 1295 incidentem
1770 1255 1868 1295 na-

274 1338 400 1384 turae
429 1327 925 1385 dissimilitudinem
958 1338 1259 1401 separatur;
1290 1332 1418 1387 dum
1445 1333 1496 1387 in
1526 1347 1586 1388 se
1613 1348 1711 1405 per
1728 1334 1869 1390 nati-

270 1423 485 1480 vitatem
510 1423 672 1479 habet
698 1423 912 1479 Patrem
935 1422 990 1477 in
1022 1423 1221 1480 virtute
1246 1434 1472 1479 naturte.

340 1517 429 1571 i7.
462 1514 727 1587 Epilogus.
763 1515 893 1572 Haec
917 1524 1099 1571 autem
1129 1515 1332 1573 idcirco
1373 1531 1403 1571 a
1433 1517 1591 1573 nobis
1620 1533 1864 1576 comme-

267 1619 473 1665 morata
522 1618 690 1676 sunt,
736 1609 858 1680 quia
889 1609 1186 1665 voluntatis
1228 1618 1434 1665 tantum
1482 1610 1624 1666 inter
1647 1611 1862 1668 Patrem

267 1658 473 1665 ----_-“
522 1658 690 1676 -_---,
739 1658 858 1680 -,_._
900 1658 1184 1665 ---π-τ---
1229 1658 1434 1665 .--η-η-
1647 1658 1860 1668 -_-.-...

233 1658 318 1761 (et
337 1704 534 1760 Filium
558 1704 817 1759 unitatem
848 1702 1090 1761 bmretici
1124 1704 1468 1771 mentientes,
1497 1707 1720 1763 unitatis
1759 1724 1860 1764 no-

1978 492 2195 560 tivitas;
2240 508 2350 550 non
2379 494 2544 552 ellieit
2570 495 2858 566 voluntas,
2887 498 2983 555 sed
3018 509 3295 571 potestas;
3346 515 3453 557 non
3494 500 3576 557 lo—

1973 585 2159 656 quitur
2188 587 2518 643 unauimitas
2544 630 2560 655 ,
2592 588 2668 661 (c)
2696 591 2794 645 sed
2830 599 3052 647 natura:
3100 593 3224 662 quia
3267 607 3375 649 non
3405 606 3571 650 unum

1974 686 2059 731 est
2086 678 2293 746 creari,
2327 688 2381 734 et
2418 682 2601 748 nasci;
2635 696 2809 752 neque
2839 682 2976 739 velle
2996 682 3049 738 id
3081 684 3254 755 ipsum
3283 693 3397 752 est,
3427 684 3571 757 quod

1974 779 2031 826 et
2056 786 2213 842 posse
2237 788 2252 838 ;
2286 788 2462 845 neque
2484 775 2822 831 concordare
2849 776 2989 830 idem
3015 784 3121 839 est,
3150 778 3293 849 quod
3325 792 3566 834 manere.

2047 865 2138 921 19.
2189 863 2516 921 Unantmitas
2542 884 2643 921 non
2671 878 2884 939 negatur
2902 912 2917 936 ,
2952 872 3075 924 dum
3100 870 3347 926 asaeritur
3376 871 3567 926 unitas.

1973 953 2054 1011 De
2098 956 2269 1012 Patris
2306 966 2354 1011 et
2403 956 2529 1013 Filii
2565 959 2758 1015 unitate
2796 971 3034 1032 apertum
3080 963 3444 1017 testimonium.
3495 990 3569 1005 —-

1972 1047 2089 1104 Non
2122 1064 2383 1121 negamus
2428 1050 2592 1123 igitur
2623 1051 3031 1109 unanimitatem
3076 1054 3215 1110 inter
3258 1055 3472 1110 Patrem
3514 1064 3572 1111 et

1972 1140 2201 1198 Filium:
2244 1157 2369 1196 nam
2416 1142 2516 1198 hoc
2560 1143 2739 1200 solent
2771 1145 3012 1202 haeretici
3040 1147 3299 1216 mentiri,
3340 1156 3401 1202 ut
3444 1163 3567 1204 cum

1969 1234 2142 1291 solam
2187 1235 2530 1291 concordiam
2575 1236 2655 1310 (ά)
2696 1236 2762 1293 ad
2792 1239 3055 1295 unitatem
3086 1255 3192 1296 non
3238 1242 3524 1312 recipimus
3549 1283 3564 1308 ,

1970 1328 2249 1386 discordes
2288 1345 2383 1386 eos
2421 1346 2449 1384 a
2480 1331 2637 1387 nobis
2664 1332 2924 1389 aitirmari
2970 1334 3277 1407 loquantur.
3332 1336 3439 1393 Sed
3468 1351 3568 1391 au-

1969 1422 2119 1478 diant
2146 1439 2307 1494 quam
2330 1439 2360 1480 a
2392 1424 2544 1479 nobis
2571 1425 2901 1481 unanimitas
2942 1441 3048 1482 non
3088 1437 3333 1498 negetur.
3387 1427 3566 1485 Unum

1967 1528 2094 1573 sunt
2121 1518 2279 1574 Pater
2303 1528 2359 1575 et
2391 1518 2559 1574 Filius
2599 1526 2787 1574 natura
2816 1560 2832 1587 ,
2882 1519 3087 1576 honore
3111 1562 3126 1586 ,
3154 1522 3356 1577 virtute
3403 1539 3416 1575 :
3467 1536 3567 1579 nec

1968 1620 2160 1666 natura
2184 1612 2373 1668 eadem
2408 1621 2591 1683 potest
2617 1612 2757 1668 velle
2779 1613 3015 1668 diversa.
3054 1613 3122 1669 Et
3146 1615 3369 1670 audiant
3388 1614 3567 1673 adhuc

1967 1714 2173 1761 naturae
2212 1706 2312 1761 sibi
2344 1721 2464 1761 cum
2507 1705 2669 1761 Patre
2714 1705 2975 1762 unitatem
3005 1706 3201 1762 Filium
3232 1716 3560 1774 testantem;

264 1808 385 1855 stra:
411 1798 479 1854 ad
512 1799 677 1855 Deum
706 1798 999 1855 utebantur
1040 1800 1290 1870 exemplo
1314 1841 1330 1868 ,
1384 1811 1654 1873 tamquam
1707 1803 1863 1860 nobis
1892 1806 1939 1869 B
1967 1800 2042 1854 ait
2062 1800 2204 1856 enim
2225 1818 2239 1855 :
2263 1799 2389 1855 Cum
2414 1802 2600 1857 venerit
2627 1800 2905 1857 advocatus
2924 1802 3030 1871 ille,
3065 1820 3214 1875 quem
3244 1820 3335 1874 ego
3359 1810 3565 1860 mittam

264 1893 325 1949 ad
349 1893 551 1950 Filium
582 1936 597 1957 ,
630 1902 685 1949 et
715 1908 812 1965 per
833 1893 1027 1949 Filium
1057 1894 1123 1949 ad
1165 1893 1381 1950 Patrem
1407 1937 1423 1963 ,
1453 1897 1713 1968 obsequio
1744 1905 1865 1953 tan-

267 1995 366 2043 tum
395 2002 463 2042 ac
489 1988 769 2042 voluntate
798 1986 1080 2057 religionis
1105 1988 1270 2043 unitis
1295 2029 1309 2052 ,
1359 1988 1504 2043 milia
1547 2005 1643 2060 per
1684 2006 1864 2046 sacra-

265 2091 500 2137 mentum
546 2080 729 2135 carnis
770 2088 824 2135 et
861 2079 1140 2151 sanguinis
1172 2081 1435 2138 naturalis
1462 2082 1862 2139 communionis

264 2175 564 2246 proprietas
594 2174 993 2245 indulgeretur:
1043 2188 1164 2230 cum
1207 2185 1259 2230 et
1287 2190 1385 2246 per
1415 2174 1677 2231 honorem
1706 2177 1862 2234 nobis

266 2267 435 2322 datum
462 2265 612 2329 Filii,
641 2277 696 2322 et
726 2281 820 2337 per
844 2277 1153 2324 manentem
1184 2267 1238 2323 in
1269 2269 1424 2323 nobis
1461 2270 1539 2341 (a)
1570 2271 1863 2327 carnaliter

265 2360 475 2429 Filium,
510 2372 567 2418 et
596 2361 652 2417 in
680 2376 749 2417 eo
777 2363 932 2419 nobis
962 2363 1319 2433 corporaliter
1348 2373 1399 2418 et
1431 2364 1864 2435 inseparabiliter

230 2480 239 2541 ι
267 2457 439 2524 unitis,
469 2456 794 2530 mysterium
824 2471 971 2513 verae
1001 2470 1065 2512 ac
1087 2457 1349 2513 naturalis
1376 2457 1596 2513 unitatis
1623 2458 1694 2514 sit
1724 2474 1861 2529 prae-

265 2550 573 2607 dicandum.

330 2645 412 2701 is.
454 2643 648 2700 (initas
683 2642 808 2698 Filii
837 2652 884 2699 et
925 2642 1101 2698 Patris
1146 2644 1336 2698 diserte
1372 2644 1428 2698 in
1460 2643 1745 2716 Scripturis
1771 2661 1860 2700 as-

263 2747 403 2792 serta.
432 2766 508 2778 --
539 2735 881 2806 Responsura
917 2736 1080 2806 igitur
1118 2752 1149 2791 a
1182 2736 1338 2792 nobis
1376 2746 1459 2793 est
1497 2737 1735 2793 stultitiae
1782 2738 1863 2792 fu-

264 2830 514 2894 rentium,
544 2828 613 2884 ad
634 2827 1154 2885 demonstrationem
1184 2838 1392 2884 tantum
1425 2829 1603 2885 inanis
1639 2828 1863 2886 menda-

263 2922 357 2979 cii:
404 2937 477 2979 ne
528 2922 812 2992 imperitos
860 2921 1110 2977 fallerent
1142 2936 1294 2978 vanae
1322 2936 1384 2977 ac
1413 2922 1652 2978 ridiculae
1679 2937 1858 2978 asser-

265 3014 413 3073 tiouis
463 3028 677 3071 errore.
731 3013 1001 3071 Castorum
1041 3013 1176 3071 fides
1212 3016 1526 3087 evangelica
1552 3016 1859 3088 responsio-

262 3106 337 3162 nis
362 3116 569 3163 uestrae
598 3107 923 3163 necessitate
953 3122 1060 3162 non
1097 3108 1261 3179 eguit.
1313 3107 1586 3165 Unitatem
1618 3119 1856 3165 nostram

1969 1892 2105 1948 vobis
2129 1910 2162 1947 a
2195 1892 2370 1959 Patre,
2406 1892 2660 1967 Spiritum
2682 1895 2925 1961 veritatis,
2957 1896 3044 1964 qui
3066 1913 3097 1949 a
3122 1893 3284 1950 Patre
3309 1911 3419 1950 meo
3438 1912 3563 1968 pro-

1964 1985 2118 2050 cedit,
2148 1987 2254 2057 ipse
2284 1987 2637 2056 testiﬁcabitur
2667 1986 2729 2041 de
2750 2003 2833 2042 me
2854 1986 2871 2057 (
2894 1985 3052 2041 Joan.
3085 2003 3177 2055 xv,
3203 1985 3337 2059 26).
3383 1986 3565 2044 Advo-

1964 2089 2116 2135 catus
2145 2079 2359 2146 veniet,
2392 2091 2443 2136 et
2477 2082 2618 2136 hunc
2642 2082 2821 2136 mittet
2840 2079 3007 2136 Filius
3030 2096 3060 2135 a
3093 2080 3273 2150 Patre,
3316 2089 3372 2137 et
3395 2081 3565 2152 Spiri-

1966 2180 2050 2227 tus
2079 2172 2321 2228 veritatis
2342 2184 2444 2239 est,
2479 2175 2569 2244 qui
2600 2188 2631 2228 a
2658 2174 2817 2231 Patre
2851 2173 3110 2244 procedit.
3147 2174 3395 2230 Excutiat
3420 2173 3567 2245 iuge-

1964 2265 2039 2320 nii
2066 2269 2146 2322 sui
2169 2266 2385 2322 aculeos
2408 2268 2586 2322 omnis
2611 2267 2993 2323 hmreticorum
3023 2268 3211 2323 schola
3236 2285 3250 2321 :
3280 2276 3335 2322 et
3357 2277 3565 2338 quaerat

1963 2376 2108 2416 nunc
2132 2403 2148 2428 ,
2195 2360 2341 2432 quod
2375 2362 2456 2418 vel
2487 2361 2707 2418 mentiri
2746 2359 2819 2435 (ε)
2852 2362 3225 2433 ignorantibus
3254 2361 3464 2433 possit,
3508 2369 3565 2418 et

1965 2453 2158 2510 doceat
2187 2455 2312 2526 quid
2344 2455 2416 2509 sit
2458 2454 2561 2509 hoc
2590 2454 2733 2526 quod
2762 2454 2935 2530 Filius
2975 2455 3139 2511 mittit
3164 2470 3194 2509 a
3226 2454 3407 2510 Patre.
3459 2453 3564 2523 Qui

1965 2547 2167 2609 mittit,
2222 2554 2545 2616 potestatem
2574 2561 2724 2601 suam
2759 2546 2811 2600 in
2839 2561 2906 2601 eo
2932 2545 3077 2617 quod
3108 2546 3274 2603 mittit
3298 2546 3561 2603 ostendit.

1964 2640 2070 2698 Sed
2102 2640 2245 2712 quod
2273 2654 2301 2693 a
2334 2640 2491 2695 Patre
2519 2640 2720 2705 mittit,
2770 2639 2898 2710 quid
2946 2639 3310 2710 intelligemus
3335 2680 3350 2704 ,
3380 2648 3561 2696 utrum

1964 2745 2273 2806 acceptum,
2305 2744 2396 2791 aut
2422 2735 2704 2790 dimissum
2730 2774 2745 2801 ,
2788 2743 2882 2789 aut
2909 2732 3187 2803 genitum?
3218 2748 3342 2788 nam
3369 2733 3562 2790 borum

1964 2843 2190 2885 necesse
2217 2837 2302 2883 est
2331 2843 2495 2883 unum
2542 2826 2744 2897 aliquid
2790 2825 3095 2896 signiticet,
3147 2825 3290 2895 quod
3333 2840 3363 2880 a
3400 2825 3563 2883 Patre

1963 2922 2231 2978 missurus
2262 2928 2365 2977 est.
2413 2920 2481 2976 Et
2508 2920 2775 2975 missurus
2799 2934 2827 2973 a
2854 2919 3015 2974 Patre
3040 2927 3125 2975 est
3148 2933 3270 2974 eum
3300 2917 3559 2989 Spiritum
3635 2954 3639 2958 -

1962 3013 2210 3069 veritatis
2236 3055 2251 3081 ,
2299 3013 2445 3085 quia
2478 3012 2640 3068 Patre
2668 3011 2946 3082 procedit:
2987 3011 3097 3080 jam
3150 3025 3282 3083 ergo
3320 3023 3432 3067 non
3477 3018 3561 3067 est

1963 3108 2209 3177 acceptio
2235 3149 2248 3173 ,
2296 3106 2390 3163 ubi
2418 3106 2786 3163 demonstrata
2821 3104 3096 3175 processio
3145 3113 3248 3159 εει.
3301 3104 3561 3175 Superest

261 3202 320 3257 ad
349 3204 518 3258 Deum
544 3202 807 3258 Dominus
830 3218 927 3273 pro
951 3202 1108 3258 nobis
1135 3213 1384 3273 precatus
1406 3215 1520 3260 est:
1554 3218 1705 3259 suam
1731 3220 1857 3260 vero
1883 3203 1930 3267 C
1962 3211 2022 3259 ut
2068 3201 2455 3259 confit-menius
2505 3201 2557 3255 in
2605 3215 2672 3257 eo
2702 3200 3025 3257 sententiam
3064 3206 3303 3254 nostram
3329 3238 3345 3266 ,
3394 3198 3555 3271 227

260 3297 412 3369 226
439 3296 655 3351 obtinet
676 3295 787 3360 ille,
813 3306 866 3352 et
895 3296 949 3351 in
970 3311 1032 3352 ea
1064 3305 1264 3354 manet.
1298 3296 1410 3353 Nec
1434 3314 1528 3367 per
1545 3314 1857 3355 sacramen-

261 3398 361 3443 tum
389 3388 820 3459 dispensationis
846 3404 1010 3443 unmn
1047 3400 1204 3457 sunt,
1235 3390 1328 3445 sed
1352 3405 1450 3462 per
1481 3400 1686 3447 natura:
1717 3394 1854 3448 nati-

258 3483 470 3538 vitatem
503 3523 520 3549 ,
570 3482 701 3538 dum
744 3481 877 3537 nihil
906 3483 958 3539 in
992 3498 1059 3539 eo
1083 3500 1145 3539 ex
1174 3499 1234 3540 se
1262 3485 1405 3541 Deus
1430 3500 1551 3540 eum
1583 3488 1852 3558 gignendo

259 3575 564 3647 degenerat.
610 3574 787 3631 Unum
817 3585 942 3629 sunt
968 3617 982 3641 ,
1007 3576 1132 3631 dum
1165 3591 1285 3648 qum
1316 3577 1384 3633 de
1412 3594 1575 3634 manu
1602 3581 1718 3650 ejus
1742 3594 1849 3635 non

254 3670 535 3738 rapiuntur
556 3710 572 3735 ,
608 3682 715 3723 non
748 3668 1032 3738 rapiuntur
1060 3668 1129 3724 de
1158 3685 1321 3724 manu
1350 3670 1527 3726 Patris
1557 3672 1576 3741 (
1598 3670 1755 3727 Joan.
1789 3688 1846 3742 x,

254 3761 395 3832 28);
442 3762 607 3829 dum.
629 3777 695 3817 eo
735 3764 951 3832 cognito
984 3762 1141 3818 Pater
1164 3764 1413 3834 cognitus
1445 3774 1565 3833 est;
1613 3765 1739 3821 dum
1785 3781 1852 3822 eo

257 3854 365 3909 viso
395 3854 564 3909 Pater
592 3854 740 3908 visus
768 3865 888 3918 est;
918 3853 1043 3908 dum
1073 3870 1192 3924 quae
1233 3855 1493 3927 loquitur,
1540 3872 1766 3913 manens
1798 3859 1850 3913 in

254 3962 307 4003 se
330 3949 491 4003 Pater
524 3947 765 4019 loquitur
790 3962 805 4012 ;
853 3945 980 4001 dum
1018 3946 1069 4001 in
1099 3956 1358 4017 operante
1386 3964 1444 4006 se
1471 3958 1725 4018 operatur
1753 3949 1852 4005 Pa-

253 4050 358 4111 ter;
377 4044 511 4099 dum
531 4042 647 4114 ipse
664 4040 719 4095 in
736 4039 1010 4107 Patreest,
1029 4041 1153 4097 etin
1173 4054 1239 4097 eo
1255 4040 1414 4097 Pater
1430 4052 1513 4099 est
1534 4042 1588 4114 (.1
1596 4059 1718 4098 oau.
1738 4059 1847 4113 xiv,

313 4187 391 4261 (Ι)
416 4186 489 4240 In
516 4184 745 4258 ejusdem
770 4183 1088 4240 consistentis
1114 4186 1476 4258 egressionem.

313 4324 387 4398 (ε)
411 4324 574 4394 Quod
603 4325 869 4398 superiori
899 4337 1125 4378 numero
1151 4322 1351 4398 dictum
1374 4331 1477 4385 est.
1510 4337 1608 4378 nos
1632 4322 1844 4379 Eucha-

250 4394 406 4468 τίειῘώ
440 4397 711 4451 beneﬁt-io
738 4399 793 4451 in
818 4397 962 4452 nobis
991 4394 1286 4468 carnalibus
1304 4406 1587 4449 manentem
1608 4412 1698 4468 per
1728 4412 1842 4450 car-

248 4483 351 4521 nem
373 4467 644 4524 Christum
665 4468 867 4525 habere
892 4511 907 4531 ,
940 4484 1080 4522 llllltc
1106 4467 1361 4522 disertius
1386 4467 1697 4522 enuntiatur
1729 4483 1842 4523 ma-

250 4554 369 4595 nere
395 4543 447 4595 in
476 4542 638 4596 nobis
659 4541 932 4596 carnaliter
965 4538 1181 4594 Filium.

1960 3305 2139 3351 utrum
2170 3296 2223 3349 in
2255 3294 2357 3349 hoc
2400 3292 2480 3367 (i)
2511 3293 2581 3365 (f)
2624 3294 2973 3348 c0nsisteutis
3017 3292 3388 3365 egressionem
3418 3332 3433 3357 ,
3485 3305 3557 3348 an

1958 3391 2126 3463 geniti
2155 3390 2561 3460 processionem
2587 3388 2983 3443 existimemus.

2027 3483 2119 3539 20.
2154 3483 2385 3553 Spiritus
2411 3492 2617 3537 sanctus
2641 3499 2673 3536 a
2710 3497 2810 3552 quo
2839 3481 2902 3534 sit
2931 3496 3034 3535 non
3077 3482 3352 3535 incertum.
3404 3478 3557 3547 Quod

1954 3593 1987 3632 α
2015 3575 2155 3631 Filio
2176 3576 2362 3646 accipit
2392 3618 2405 3642 ,
2437 3576 2623 3646 accipit
2645 3585 2742 3629 ειη
2775 3573 2955 3627 Patre.
3014 3572 3153 3627 Hinc
3179 3589 3339 3627 unum
3367 3581 3556 3628 natura

1952 3682 2070 3726 sunt
2089 3669 2247 3725 Pater
2269 3680 2313 3725 et
2338 3669 2528 3724 Filius.
2560 3696 2633 3710 --
2662 3668 2847 3739 Neque
2878 3668 2931 3722 in
2957 3667 3061 3722 hoc
3091 3682 3234 3721 nunc
3255 3665 3557 3721 calumnior

1955 3762 2032 3836 (g)
2056 3763 2291 3820 libertati
2316 3763 2705 3833 intelligentiae,
2730 3772 2908 3816 utrum
2932 3776 2996 3815 ex
3018 3760 3201 3825 Patre,
3227 3775 3294 3814 an
3321 3774 3388 3814 ex
3417 3758 3554 3814 Filio

1955 3856 2039 3929 (2)
2084 3856 2344 3927 Spiritum
2390 3852 2717 3927 paraclctuui
2763 3862 2955 3927 putent
2984 3868 3128 3909 esse.
3178 3852 3293 3907 Non
3322 3851 3463 3907 enim
3499 3850 3550 3905 in

1954 3951 2162 4008 incerto
2217 3952 2476 4007 Dominus
2522 3950 2741 4020 reliquit
2784 3969 2797 4005 :
2845 3963 2967 4003 nam
3006 3947 3108 4002 sub
3156 3944 3349 4001 iisdem
3394 3942 3552 3999 dictis

1954 4045 2072 4101 haec
2101 4047 2172 4101 ita
2202 4048 2415 4101 locutus
2443 4054 2527 4101 est
2550 4062 2565 4100 :
2607 4042 2791 4099 Adhuc
2818 4041 2982 4096 multa
3012 4039 3171 4096 habeo
3195 4038 3334 4096 vobis
3359 4038 3551 4107 dicere,

2020 4186 2099 4261 (Ξ)
2128 4187 2387 4257 Spiritum
2409 4195 2661 4241 sanctum.

1950 4323 2035 4378 nis
2067 4323 2342 4393 proprium
2375 4334 2481 4389 est,
2512 4332 2569 4378 ut
2598 4322 2802 4377 nullum
2837 4321 3181 4393 procedentis
3211 4320 3424 4378 initium
3454 4337 3549 4379 so-

1947 4392 2249 4451 net.’Unde
2272 4396 2525 4458 Hilarius,
2551 4396 2644 4450 lib.
2666 4411 2739 4459 ιν,
2772 4411 2825 4451 n.
2853 4395 2941 4455 5|,
2975 4392 3091 4448 Filii
3117 4392 3453 4450 nativitatem
3483 4410 3550 4451 eo

1947 4468 2210 4522 vocabulo
2237 4478 2362 4532 apte
2390 4482 2702 4537 expressam
2726 4467 2968 4521 dixerat:
3014 4466 3135 4534 quia
3174 4480 3279 4519 non
3323 4475 3382 4519 ut
3422 4476 3551 4522 esset

1946 4539 2096 4620 erepit
2122 4556 2185 4594 ea:
2207 4538 2393 4620 nihilo,
2418 4539 2506 4620 sed
2534 4540 2654 4620 exiit
2672 4558 2715 4620 ιι.
2732 4548 2966 4592 utanente
2989 4552 3008 4601 ,°
3044 4546 3093 4590 et
3114 4537 3549 4620 .exiissesigniﬁ-

311 4611 384 4681 (b)
418 4612 478 4700 In
509 4612 857 4700 inSLMartin.
886 4611 1038 4677 Ιιωε;
1080 4610 1223 4695 qund
1255 4626 1377 4700 ulla:
1404 4609 1547 4665 dicta
1585 4609 1840 4700 disertius
1868 4639 1923 4700 Ι)
1945 4612 2195 4700 cntionem
2221 4611 2370 4665 habet
2394 4612 2673 4700 natiuitatis
2700 4616 2838 4700 (lse'u
2889 4610 3252 4700 processionis
3278 4608 3546 4700 distincta:

245 4683 656 4766 comprehendit
682 4699 808 4766 :nac_
833 4698 1017 4766 postica
1060 4691 1117 4736 ut
1159 4683 1213 4739 in
1260 4681 1381 4737 aliis
1409 4682 1800 4739 vetustioribus
1825 4724 1839 4748 ,

246 4756 599 4820 umanimitas,
630 4756 1054 4811 unianimitatem.

1949 4684 2017 4737 ab
2041 4697 2106 4737 eo
2131 4699 2160 4738 a
2190 4699 2296 4752 quo
2325 4679 2555 4753 exitur),
2591 4698 2693 4736 non
2725 4680 2875 4734 habet
2909 4679 3267 4753 inchoationis.
3307 4679 3421 4733 Non
3449 4679 3547 4753 de-

1948 4754 2119 4808 clarat
2148 4750 2363 4824 quidem
2396 4755 2479 4807 hic
2504 4750 2737 4808 Hilarius
2762 4769 2827 4805 an
2854 4752 3012 4824 geniti
3035 4750 3543 4824 praecisionemexi—

309 4825 378 4900 (c)
407 4826 534 4883 Vat.
565 4828 682 4882 bas.
713 4841 813 4883 ms.
872 4830 962 4883 sed
1004 4826 1260 4893 nativitas,
1304 4825 1460 4881 nobis
1506 4841 1610 4880 non
1652 4824 1847 4895 proba-
1945 4820 2179 4880 stimare'
2209 4824 2522 4900 debeamus.
2578 4825 2649 4885 At
2677 4839 2797 4878 cum
2830 4823 2933 4900 li_b__
2960 4820 3042 4885 ιι,
3072 4840 3125 4875 ιι.
3177 4822 3227 4883 1,
3278 4820 3541 4900 Spiritum

246 4905 344 4954 tur.

306 4969 387 5042 (d)
415 4970 545 5026 Par.
576 4978 701 5040 post
731 4968 971 5042 Lipsium
995 5012 1010 5036 ,
1055 4970 1125 5024 ad
1150 4969 1539 5042 unanimitatem
1574 4984 1593 5042 ξ
1621 4970 1760 5042 male
1789 4979 1844 5042 et

241 5040 433 5110 prater
469 5042 630 5097 [idem
658 5058 792 5096 mss.
841 5041 976 5098 Nam
1005 5042 1130 5097 illud
1163 5041 1229 5094 ad
1274 5042 1517 5095 unitatem
1538 5082 1553 5107 ,
1585 5040 1636 5095 id
1668 5049 1749 5093 est
1774 5040 1841 5094 ad

242 5115 587 5184 explicandus
618 5114 789 5181 lucos,
824 5113 874 5167 in
898 5114 1090 5184 quibus
1120 5114 1294 5167 unitas
1318 5112 1745 5166 cummendatur.

308 5186 380 5257 (e)
410 5183 471 5239 In
504 5184 751 5257 vulgatis,
782 5185 845 5239 ab
874 5183 1248 5257 ignorantibus;
1276 5185 1554 5257 rectittsin
1589 5197 1719 5257 mss.
1753 5183 1834 5253 ig-

239 5255 557 5327 norantibus,
590 5255 695 5311 hoc
721 5267 824 5322 est,
854 5257 991 5327 apud
1022 5256 1327 5324 ignorantes
1355 5271 1415 5309 ac
1446 5255 1738 5327 simplices.

307 5328 376 5398 (f)
412 5326 551 5382 Cum
580 5325 900 5399 vocabulum
933 5329 1157 5399 egressio
1183 5369 1197 5388 ,
1242 5327 1360 5397 ejus
1400 5328 1489 5394 qui
1522 5328 1634 5381 exit
1661 5325 1741 5399 ab,
1771 5340 1837 5381 eo

236 5403 378 5471 unde
404 5402 522 5455 exit
547 5398 1244 5471 distinctionem'signiilcet
1268 5442 1280 5465 ,
1308 5408 1464 5454 caute
1502 5401 1565 5471 ei
1589 5398 1841 5467 adjicitur

238 5470 469 5526 verbum
506 5472 824 5526 consistentis
848 5514 862 5535 ,
909 5487 1017 5543 quo
1040 5470 1252 5526 naturae
1282 5472 1458 5525 unitas
1482 5470 1661 5543 eidem
1688 5483 1837 5524 asse—

237 5554 403 5615 ratur.
430 5543 584 5615 Quod
612 5540 1120 5615 illustratur'verbis
1136 5542 1342 5615 Cyrilli,
1367 5543 1403 5598 l.
1431 5557 1488 5597 ιι.
1515 5541 1566 5596 in
1594 5540 1830 5615 .loau._e.

235 5612 308 5668 ὃς
343 5612 526 5669 Exirit
543 5616 677 5670 enim
698 5631 763 5670 ea:
792 5612 950 5670 Patre
984 5616 1039 5668 in
1066 5610 1327 5685 propriam
1363 5614 1724 5685 exsistentiant
1743 5610 1838 5665 Fi-

235 5685 337 5760 lius
362 5726 377 5748 ,
426 5686 597 5760 eisiin
624 5688 738 5760 ipsa
767 5697 838 5740 est
863 5683 1139 5760 secundum
1163 5683 1438 5760 naturam.
1488 5685 1554 5760 Ιζι
1591 5683 1725 5753 quod
1739 5685 1835 5760 _ibi

233 5758 422 5835 egisse,
448 5755 675 5835 “ipsum
699 5755 789 5835 hic
814 5759 1026 5835 missunt
1046 5774 1173 5835 esse_
1195 5758 1468 5835 signiﬁcat.
1515 5756 1699 5827 Itaque
1730 5755 1834 5835 Cy-

235 5822 356 5887 riito
385 5826 502 5887 non
520 5822 847 5892 dilict'trxire
875 5830 1108 5907 et_mitt.‘.
1141 5822 1409 5888 [δι’ιῦιείοε
1443 5830 1543 5888 hoc
1569 5822 1834 5900 eg'rchio‘l

1947 4902 2190 4950 sanctum
2216 4896 2405 4949 donum
2436 4904 2707 4965 nuncupat
2733 4936 2747 4959 ,
2796 4892 2872 4965 uti
2902 4893 3025 4965 licet
3055 4892 3405 4965 responsione
3428 4892 3543 4947 Au-

1947 4968 2166 5037 gustini,
2200 4968 2293 5023 lib.
2323 4983 2354 5022 v
2385 4966 2452 5021 de
2482 4962 2676 5021 Trinit.
2710 4982 2757 5019 ε.
2790 4964 2860 5020 M
2890 4983 2902 5018 :
2932 4962 3077 5018 Exiit
3097 4964 3249 5037 enim,
3276 4979 3385 5037 non
3408 4979 3540 5037 quo-

1944 5034 2097 5110 modo
2125 5050 2275 5093 natus
2300 5080 2315 5104 ,
2353 5038 2444 5094 sed
2479 5038 2736 5110 quomodo
2760 5038 2943 5110 datus;
2990 5046 3035 5090 et
3081 5036 3192 5089 ideo
3219 5034 3542 5110 nan__dicitur

1948 5107 2138 5164 Filius.
2171 5110 2276 5166 Sed
2299 5105 2587 5179 aperta'est
2614 5109 2799 5165 Hilarii
2820 5108 2989 5178 ipsius
3005 5106 3293 5172 sententia,
3320 5105 3413 5160 lib.
3440 5122 3535 5171 xu,

1941 5195 1997 5234 n.
2027 5182 2115 5244 54,
2147 5181 2373 5236 dicentis
2399 5199 2410 5233 :
2449 5180 2775 5253 Uuigenitum
2805 5196 2866 5235 ea:
2894 5192 2941 5234 te
2961 5187 3137 5253 natum
3166 5179 3328 5253 sciens
3355 5219 3370 5244 ,
3399 5181 3539 5248 geni-

1942 5262 2048 5326 tum
2071 5262 2242 5326 tamen
2270 5252 2521 5326 Spiritum
2539 5251 2778 5326 sanctum
2803 5268 2902 5305 non
2931 5252 3162 5326 dicturus
3178 5251 3294 5304 sim.

2012 5325 2089 5395 (g)
2118 5325 2206 5395 Sic
2233 5321 2364 5381 mss.
2398 5329 2466 5379 At
2488 5324 2637 5389 editi,
2669 5323 2969 5377 libertatem.
3000 5321 3079 5395 Ex
3114 5321 3196 5375 his
3226 5334 3287 5375 ac
3309 5334 3539 5390 sequen-

1942 5392 2081 5450 tibus
2116 5392 2304 5450 Hilarii
2334 5396 2491 5452 dictis
2534 5395 2705 5450 videri
2752 5404 2974 5465 posset,
3022 5393 3130 5461 jam
3179 5402 3289 5446 tum
3334 5401 3537 5465 motam

1941 5482 2066 5523 esse
2111 5468 2181 5523 de
2222 5469 2454 5539 Spiritus
2481 5468 2653 5522 sancti
2698 5464 3050 5539 processioue
3088 5464 3534 5539 controversiam.

1940 5539 2151 5610 Quippe
2173 5537 2359 5609 aperte
2390 5540 2589 5595 indicat
2614 5538 2836 5610 minime
2863 5538 2963 5593 sibi
3005 5537 3268 5610 incertum
3297 5578 3312 5600 ,
3344 5537 3475 5610 quin
3505 5552 3536 5593 a

1942 5607 2105 5667 Patre
2135 5623 2185 5666 et
2211 5607 2349 5667 Filio
2377 5613 2468 5675 sit,
2501 5613 2749 5682 quamvis
2774 5609 2839 5663 de
2868 5607 3120 5677 loquendi
3150 5608 3358 5662 ratinne
3386 5608 3536 5682 plus-

1938 5682 2119 5738 culum
2150 5684 2357 5754 litigare
2387 5680 2541 5739 nulit‘.
2566 5682 2686 5754 Jam
2713 5697 2839 5736 vero
2862 5682 3202 5734 observatum
3221 5693 3344 5754 εει,
3360 5680 3450 5737 lib.
3472 5695 3533 5748 tt,

1938 5768 2087 5808 num.
2145 5753 2198 5818 4,
2235 5751 2368 5810 ἰιοι.
2424 5753 2904 5829 Fitium__Spiritus
2931 5754 3101 5809 sancti
3129 5758 3184 5809 et
3212 5751 3530 5825 largitorem,

1937 5834 1991 5883 et
2019 5837 2277 5884 auctorem
2302 5829 2371 5887 ab
2396 5841 2462 5886 eo
2483 5825 2835 5900 appellatum,

3602 5878 3629 5903 ί
