4094 6180
510 265 615 322 251

1697 253 1946 313 SANCTI
1987 249 2242 308 IllLARll
2281 250 2593 308 EPISCOPI

3719 253 3828 308 ‘239

514 381 606 436 sed
647 393 752 433 non
795 377 1012 448 potestis
1037 385 1242 447 portare
1267 373 1362 428 illa
1404 373 1580 437 modo.
1633 373 1762 427 Cum
1800 370 1988 426 venerit
2032 368 2124 422 ille
2151 369 2204 428 Α
2229 377 2501 439 talemque
2530 367 2828 426 divinitatis
2863 365 3190 440 signiﬁcatio
3234 375 3355 423 est:
3408 381 3534 422 cum
3577 367 3632 422 id
3679 371 3826 440 quod

513 473 748 545 Spiritus
767 471 1030 536 veritatis,
1063 469 1248 540 diriget
1273 483 1360 522 vos
1388 465 1472 538 (1)
1504 466 1584 539 (α)
1616 466 1671 521 in
1700 481 1901 521 omnem
1936 463 2123 518 verita-

523 578 646 623 tem.
681 566 803 621 Non
831 565 968 620 enim
1001 563 1236 630 loquetur
1267 579 1299 616 a
1327 563 1600 632 semetipso
1627 602 1642 627 ,
1685 560 1774 615 sed
1797 575 2126 632 quwcumque

514 666 738 722 audierit
765 665 998 732 loquetur
1020 701 1036 727 ,
1066 670 1112 716 et
1155 664 1334 731 futura
1365 657 1683 712 annuntiabit
1710 657 1870 711 vobis.
1915 654 2016 709 Ille
2045 669 2124 708 me

516 758 915 828 honori/icabit;
945 754 1188 822 quoniam
1215 756 1278 808 de
1309 769 1422 806 meo
1455 751 1693 820 accipiet,
1730 760 1774 804 et
1798 746 2123 803 annuntiabit

516 851 676 905 vobis.
736 848 927 902 Omnia
968 861 1300 917 quaecumque
1347 843 1498 897 habet
1552 841 1746 907 Pater,
1800 856 1913 894 mea
1960 848 2122 894 sunt:

517 952 788 1015 propterea
813 941 923 995 dixi
949 980 964 1002 ,
995 938 1072 992 De
1102 955 1214 993 meo
1238 937 1491 1005 accipiet,
1537 946 1584 991 et
1618 933 1941 989 annuntiabit
1986 932 2123 986 vobis

515 1038 697 1107 (Joan.
717 1050 825 1099 xvr,
860 1034 950 1102 ﬂ,
979 1031 1164 1103 seqq).
1199 1033 1239 1087 Δ
1272 1029 1408 1086 Filio
1437 1029 1594 1099 igitur
1621 1027 1838 1098 accipit,
1861 1027 1952 1098 qui
1974 1035 2028 1082 et
2055 1024 2122 1080 ab

515 1147 582 1188 eo
612 1131 864 1195 mittitur,
896 1137 951 1181 et
971 1142 1001 1180 a
1027 1127 1184 1180 Patre
1214 1124 1474 1194 procedit.
1507 1124 1574 1177 Et
1603 1124 1901 1193 interrogo,
1931 1130 2110 1175 utrum

515 1224 569 1281 id
599 1224 773 1294 ipsum
799 1223 871 1275 sit
896 1235 925 1274 a
950 1219 1094 1274 Filio
1122 1219 1372 1288 accipere
1397 1257 1411 1278 ,
1465 1214 1610 1286 quod
1651 1229 1680 1268 a
1723 1215 1882 1268 Patre
1934 1227 2122 1282 proeeo

515 1321 668 1375 dere.
725 1317 880 1386 Quod
926 1317 972 1370 si
1013 1315 1090 1384 (b)
1127 1313 1349 1368 diﬂerre
1398 1310 1654 1366 credetur
1699 1311 1840 1364 inter
1875 1308 2122 1376 accipere

515 1428 546 1468 a
579 1411 720 1467 Fille
743 1453 758 1477 ,
790 1419 846 1465 et
873 1426 900 1463 a
929 1408 1091 1463 Patre
1125 1404 1460 1476 procedere;
1494 1410 1641 1458 certe
1674 1401 1724 1455 id
1757 1402 1928 1470 ipsum
1961 1407 2122 1466 atque

517 1522 686 1560 unum
715 1499 1298 1564 esse'existimabitur,
1325 1513 1355 1552 a
1384 1497 1525 1553 Filio
1554 1497 1802 1563 accipere
1826 1533 1842 1560 ,
1875 1490 1949 1565 (ι)
1979 1492 2121 1562 quod

518 1599 591 1653 sit
632 1597 885 1667 accipere
910 1611 938 1648 a
970 1594 1148 1649 Patre.
1203 1589 1324 1661 Ipse
1353 1590 1500 1644 enim
1526 1587 1790 1643 Dominus
1821 1587 1926 1640 ait:
1976 1585 2119 1654 Quo-

519 1690 658 1743 niam
679 1689 743 1740 de
771 1703 883 1740 meo
905 1685 1144 1755 accipiet,
1175 1692 1221 1737 et
1241 1681 1566 1736 annuntiabit
1587 1681 1746 1734 vobis.
1773 1678 1962 1732 Omnia
1984 1693 2120 1746 qua:-

2228 462 2458 531 accipiet
2485 475 2516 517 a
2545 461 2710 518 Patre
2739 461 2971 532 Spiritus
2996 459 3238 515 veritatis
3260 500 3275 524 ,
3307 458 3360 514 id
3389 458 3560 514 Filius
3588 458 3826 518 dandum

2227 573 2257 612 a
2288 571 2348 613 se
2371 572 2493 614 esse
2517 556 2769 612 fateatur.
2811 555 2927 612 Non
2958 554 3319 626 permittenda
3348 553 3528 623 itaque
3551 553 3618 608 ad
3647 555 3830 623 impiae

2229 651 2601 722 intelligentia
2647 649 2950 706 libertatem
3009 649 3266 703 haeretica
3326 647 3655 716 perversitas
3703 658 3827 705 est:

2227 754 2285 800 ut
2308 744 2512 799 dictum
2545 743 2647 798 hoc
2675 741 2910 808 Domini,
2942 741 3083 810 quod
3114 741 3237 811 quia
3279 739 3461 794 omnia
3488 755 3609 808 qua:
3644 739 3830 794 Patris

2226 849 2372 906 sunt,
2416 854 2512 893 sua
2544 847 2705 902 sunt,
2746 837 2950 891 idcirco
2977 850 3006 888 a
3032 849 3091 890 se
3117 833 3348 904 accipiet
3375 831 3607 902 Spiritus
3632 833 3832 888 verita-

2226 934 2333 994 tis,
2387 946 2494 987 non
2537 931 2604 986 ad
2654 929 2917 986 unitatem
2959 927 3284 984 conﬁteatur
3330 923 3678 980 referendum
3708 941 3829 981 esse

2225 1036 2448 1080 [λειω-ω.

2295 1123 2385 1177 Si.
2441 1121 2536 1177 Dei
2579 1132 2625 1176 et
2663 1120 2859 1176 Christi
2886 1137 3016 1174 unus
3056 1128 3131 1174 est
3175 1119 3424 1190 Spiritus.
3451 1147 3524 1160 --
3552 1117 3831 1188 Loquatur

2223 1216 2368 1273 enim
2398 1215 2486 1269 ille
2512 1255 2528 1280 ,
2557 1214 2650 1284 qui
2679 1214 2962 1270 electionis
2987 1221 3073 1268 est
3103 1228 3196 1267 vas
3227 1223 3281 1267 et
3324 1211 3566 1280 gentinrn
3599 1210 3829 1273 doctor,

2223 1307 2518 1363 secundum
2553 1307 2794 1362 veritatis
2842 1304 3252 1375 intelligentiam
3285 1304 3390 1361 ﬁde
3419 1305 3679 1359 Romanae
3710 1303 3830 1371 ple-

2223 1402 2308 1460 bis
2350 1411 2474 1456 ante
2524 1400 2756 1455 landata.
2808 1400 3008 1456 Volens
3054 1401 3200 1455 enim
3245 1411 3453 1454 natura:
3483 1399 3744 1453 unitatem
3777 1399 3830 1452 in

2225 1496 2386 1551 Patre
2415 1503 2469 1550 et
2493 1494 2631 1550 Filio
2668 1493 2885 1560 docere,
2910 1494 2980 1547 ita
3005 1492 3079 1547 ait
3111 1492 3288 1562 (Rom.
3338 1508 3456 1557 vui,
3507 1491 3564 1558 9,
3618 1489 3831 1561 seqq):

2235 1585 2336 1642 Vos
2365 1597 2532 1642 autem
2556 1603 2655 1641 non
2681 1587 2798 1641 estis
2826 1587 2878 1640 in
2907 1601 3062 1640 carne
3087 1626 3102 1652 ,
3138 1584 3228 1639 sed
3252 1585 3304 1638 in
3347 1584 3549 1653 Spiritu
3577 1582 3654 1653 (5)
3690 1582 3760 1653 (ι’)
3788 1583 3832 1637 si

2225 1679 2432 1750 quidem
2463 1678 2694 1747 Spiritus
2719 1677 2816 1732 Dei
2830 1678 2882 1732 in
2896 1677 3035 1732 vobis
3057 1686 3149 1732 est.
3177 1677 3237 1733 Si
3255 1678 3366 1748 quis
3382 1685 3552 1730 autem
3570 1675 3832 1744 Spiritum

517 1799 732 1852 cumque
759 1780 909 1834 habet
939 1778 1114 1843 Pater,
1136 1791 1250 1831 mea
1277 1785 1396 1830 sunt
1421 1791 1437 1831 :
1466 1782 1734 1846 prOpterea
1756 1770 1884 1836 dixi,
1909 1769 1988 1825 De
2013 1786 2123 1825 meo
2151 1760 2199 1822 Β
2228 1770 2420 1827 Christi
2451 1787 2551 1826 non
2575 1770 2744 1836 habet,
2774 1771 2857 1824 ltic
2874 1787 2978 1824 non
2997 1779 3068 1824 est
3095 1773 3228 1844 ejus.
3249 1769 3312 1825 Si
3332 1779 3502 1823 autem
3523 1768 3758 1828 Christus
3779 1768 3834 1821 in

517 1878 735 1944 accipiet
763 1917 776 1940 ,
817 1883 863 1929 et
909 1870 1237 1926 annuntiabit
1263 1869 1401 1923 vobis
1433 1867 1451 1938 (
1477 1866 1616 1922 Ibid.
1652 1865 1719 1920 M
1747 1875 1796 1920 et
1824 1865 1892 1921 15
1913 1864 1953 1937 ).
2011 1864 2124 1920 Hoc

518 1967 662 2039 quod
715 1965 944 2034 accipiet
991 1961 1144 2032 (sive
1185 1970 1426 2032 potestas
1466 1970 1546 2014 est
1573 2001 1589 2026 ,
1623 1961 1736 2013 sive
1767 1959 1936 2012 virtus
1963 1999 1977 2023 ,
2010 1956 2125 2013 sive

523 2060 770 2115 doctrina
797 2057 926 2126 est),
957 2055 1128 2111 Filius
1157 2069 1185 2108 a
1215 2068 1276 2109 se
1304 2051 1678 2122 accipiendum
1707 2063 1829 2104 esse
1857 2049 1993 2104 dixit
2017 2066 2030 2103 :
2071 2058 2127 2104 et

521 2164 736 2205 rursum
783 2147 884 2202 hoc
925 2145 1102 2216 ipsum
1149 2144 1422 2215 signiﬁcat
1456 2141 1833 2210 accipiendum
1879 2155 2001 2196 esse
2058 2140 2126 2196 de

522 2243 706 2298 Patre.
754 2240 890 2296 Cum
917 2239 1063 2294 enim
1095 2237 1210 2302 ait,
1243 2235 1424 2292 omnia
1455 2247 1809 2304 quaecumque
1836 2231 1998 2286 habet
2025 2231 2122 2286 Pa-

522 2346 605 2393 ter
633 2377 648 2400 ,
673 2351 767 2391 sua
794 2349 921 2390 esse
945 2373 961 2398 ,
1006 2342 1063 2389 et
1085 2331 1289 2387 idcirco
1320 2328 1524 2383 dixisse
1552 2342 1612 2382 se
1633 2327 1700 2382 de
1729 2341 1828 2380 suo
1856 2325 2126 2395 accipien-

520 2431 648 2488 dum
677 2445 830 2486 esse:
872 2427 1034 2482 docet
1062 2425 1226 2481 etiam
1251 2437 1280 2477 a
1311 2422 1470 2476 Patre
1503 2418 1815 2492 accipienda
1843 2460 1858 2484 ,
1901 2435 1931 2474 a
1959 2433 2019 2474 se
2047 2428 2125 2473 ta-

523 2541 648 2582 men
676 2523 888 2594 accipi;
934 2521 1057 2591 quia
1087 2519 1269 2574 omnia
1296 2533 1415 2586 qua:
1445 2516 1619 2571 Patris
1649 2523 1772 2568 sunt
1798 2554 1814 2581 ,
1861 2527 1956 2568 sua
1994 2513 2122 2568 sint.

521 2618 638 2674 Non
673 2617 838 2672 habet
859 2615 976 2670 luec
1004 2613 1183 2666 unitas
1205 2609 1610 2666 diversitatem:
1641 2620 1742 2662 nec
1763 2604 1944 2661 diﬁ'ert
1965 2621 1994 2660 a
2017 2621 2126 2676 quo

520 2721 804 2784 acceptum
837 2710 911 2765 sit
935 2749 951 2775 ,
977 2705 1119 2776 quod
1150 2704 1338 2760 datum
1363 2718 1392 2756 a
1419 2701 1578 2758 Patre
1599 2742 1614 2767 ,
1646 2700 1829 2756 datum
1862 2698 2126 2755 referatur

524 2821 551 2861 a
584 2805 745 2861 Filio.
795 2799 1064 2870 Numquid
1095 2808 1151 2855 et
1178 2798 1267 2854 hic
1305 2795 1600 2852 voluntatis
1631 2795 1807 2850 unitas
1837 2792 2126 2849 niteretur?

522 2900 714 2955 Omnia
760 2913 878 2966 quae
912 2894 1076 2949 habet
1107 2893 1305 2956 Pater,
1336 2889 1459 2944 Filii
1485 2899 1645 2944 sunt:
1690 2897 1744 2943 et
1786 2888 1967 2942 omnia
2005 2902 2126 2957 qua:

531 2991 656 3049 Filii
682 2990 849 3062 228
873 2996 1020 3051 sunt,
1048 2984 1225 3040 Patris
1252 2994 1400 3039 sunt.
1430 2981 1549 3052 ipse
1578 2982 1722 3036 enim
1753 2980 1827 3036 ait
1853 2999 1865 3033 ε
1918 2979 1986 3034 Et
2016 2996 2127 3033 mea

523 3084 698 3138 omnia
718 3093 811 3137 tua
831 3090 974 3144 sunt,
1007 3089 1055 3134 et
1085 3089 1172 3133 tua
1193 3094 1306 3132 mea
1333 3075 1515 3148 (Joan.
1547 3091 1679 3140 xvu,
1716 3076 1826 3145 10).
1877 3073 2125 3129 Nondum

2227 1863 2365 1918 vobis
2387 1873 2480 1927 est,
2511 1879 2694 1934 corpus
2721 1862 2924 1934 quidem
2941 1872 3199 1916 mortuum
3227 1871 3301 1915 est
3323 1859 3403 1935 (g)
3429 1879 3519 1930 per
3535 1869 3830 1927 peccatum,

2227 1955 2437 2028 spiritus
2464 1964 2633 2010 autem
2659 1955 2762 2009 vita
2791 1965 2862 2009 est
2889 1954 2965 2025 (4)
2991 1971 3080 2024 per
3091 1954 3369 2028 justitiam.
3414 1953 3476 2008 Si
3506 1963 3676 2008 autent
3705 1952 3834 2022 Spi-

2226 2052 2356 2106 ritus
2367 2055 2501 2124 ejus,
2515 2051 2601 2119 qui
2616 2050 2877 2104 suscitavit
2890 2047 3359 2113 Jesumumortuis,
3380 2047 3568 2104 habitat
3589 2049 3640 2102 in
3653 2049 3795 2102 vobis
3812 2065 3831 2115 ;

2225 2144 2316 2215 qui
2326 2144 2589 2197 suscitavit
2605 2142 2945 2212 (h)Cltristum
2957 2143 3233 2207 amortuis,
3249 2143 3521 2212 vivificabit
3533 2153 3578 2196 et
3591 2145 3834 2197 mortalia

2223 2253 2445 2307 corpora
2473 2245 2641 2292 vestra
2660 2247 2868 2307 prapter
2887 2237 3053 2308 229
3073 2235 3326 2306 Spiritum
3343 2252 3515 2304 suum,
3534 2238 3619 2302 qui
3635 2237 3832 2290 habitat

2227 2331 2281 2384 in
2311 2329 2470 2384 vobis.
2526 2327 2807 2398 Spiritales
2848 2342 3040 2384 omnes
3078 2344 3268 2384 sumus
3293 2369 3310 2394 ,
3357 2329 3402 2383 si
3450 2330 3503 2383 in
3552 2330 3709 2384 nobis
3748 2339 3834 2384 est

2225 2421 2464 2492 Spiritus
2491 2421 2612 2477 Dei.
2661 2421 2768 2477 Sed
2799 2421 2886 2476 hic
2929 2420 3164 2492 Spiritus
3211 2422 3346 2488 Dei,
3385 2421 3452 2492 (i)
3501 2433 3557 2478 et
3595 2421 3834 2491 Spiritus

2225 2513 2425 2571 Christi
2449 2523 2551 2570 est.
2606 2516 2670 2569 Et
2699 2530 2822 2570 cum
2859 2515 3059 2570 Christi
3091 2515 3324 2586 Spiritus
3358 2515 3430 2591 (j)
3465 2517 3516 2570 in
3550 2517 3708 2572 nobis
3739 2519 3833 2582 sit,

2227 2607 2345 2678 ejus
2378 2617 2558 2661 tamen
2583 2607 2818 2676 Spiritus
2842 2608 2896 2661 in
2926 2606 3082 2662 nobis
3107 2618 3190 2664 est
3213 2650 3230 2675 ,
3277 2609 3366 2679 qui
3397 2608 3674 2665 Christum
3702 2626 3835 2665 sus-

2226 2699 2412 2754 citavit
2437 2713 2466 2755 a
2494 2700 2721 2755 mortuis
2749 2717 2762 2754 :
2799 2710 2853 2754 et
2879 2701 2967 2770 qui
2996 2701 3278 2756 suscitavit
3320 2701 3592 2756 Christum
3625 2717 3655 2756 a
3687 2718 3840 2758 mor-

2229 2793 2375 2859 tuis,
2443 2808 2669 2862 corpora
2734 2808 2948 2864 quoque
2997 2803 3180 2850 nostra
3228 2795 3474 2850 mortalia
3535 2795 3837 2850 viviﬁcabit

2226 2896 2446 2958 propter
2492 2887 2821 2942 habitantem
2877 2887 3134 2956 Spiritum
3184 2887 3302 2958 ejus
3347 2889 3398 2943 in
3453 2890 3628 2944 nobis.
3683 2890 3835 2943 Vivi-

2227 2982 2453 3038 ﬁcamur
2477 2997 2607 3052 ergo
2631 3021 2647 3048 ,
2684 2993 2904 3052 propter
2932 2983 3263 3040 habitantem
3297 2984 3349 3038 in
3381 2985 3536 3040 nobis
3568 2985 3835 3054 Spiritum

2231 3073 2455 3140 ChriSIi,
2491 3089 2586 3144 per
2615 3089 2738 3129 eum
2762 3075 2851 3145 qui
2880 3071 3154 3131 Christum
3187 3079 3469 3133 suscitavit
3513 3093 3546 3132 a
3573 3081 3833 3134 mortuis.

523 3177 630 3232 loci
661 3183 747 3231 est
774 3215 790 3239 ,
824 3183 884 3229 ut
915 3174 1284 3228 demonstrem
1312 3209 1328 3236 ,
1361 3185 1460 3224 cur
1488 3168 1560 3222 ita
1587 3168 1817 3222 dixerit:
1870 3167 2123 3233 Quoniam
2155 3149 2201 3214 C
2235 3166 2303 3222 Et
2332 3182 2453 3220 cum
2482 3171 2599 3237 ejus
2627 3207 2642 3232 ,
2674 3167 2762 3235 qui
2790 3168 3070 3223 suscitavit
3094 3167 3367 3225 Christum
3397 3186 3424 3226 a
3458 3172 3686 3226 mortuis
3711 3213 3726 3236 ,
3781 3175 3837 3228 in

523 3268 588 3322 de
610 3283 719 3321 meo
746 3265 995 3335 accipiet:
1028 3263 1188 3317 futuri
1217 3261 1362 3316 enim
1395 3259 1656 3327 temporis
1680 3258 2002 3328 signiﬁcatio
2019 3269 2122 3323 est,

523 3362 612 3417 ubi
637 3367 957 3430 accepturus
987 3355 1311 3412 ostenditur.
1367 3355 1519 3410 Nunc
1550 3363 1699 3409 certe
1739 3352 1862 3408 ideo
1889 3367 1917 3406 a
1942 3367 2003 3408 se
2032 3368 2120 3408 ac-

525 3463 810 3524 ceptnrum
839 3451 932 3513 ait,
963 3451 1089 3520 quia
1119 3448 1300 3502 ornnia
1331 3447 1506 3501 Patris
1528 3460 1620 3500 sua
1654 3454 1857 3501 essent.
1907 3444 2126 3500 Disseca

528 3558 735 3602 natura:
768 3544 926 3614 hujus
953 3584 968 3606 ,
997 3540 1044 3597 si
1074 3551 1252 3612 potes,
1276 3540 1540 3595 unitatem
1565 3556 1577 3591 :
1621 3547 1676 3594 et
1701 3537 1934 3607 aliquam
1963 3538 2125 3592 dissi-

525 3640 850 3699 militudinis
883 3638 1020 3693 inter
1051 3637 1428 3693 necessitatem
1457 3677 1472 3699 ,
1505 3650 1598 3705 per
1629 3649 1787 3704 quam
1822 3632 1988 3688 Filius
2018 3651 2124 3688 non

523 3736 595 3790 sit
623 3734 676 3788 in
711 3732 916 3787 unitate
947 3739 1178 3786 naturte.
1232 3731 1269 3783 A
1303 3729 1462 3783 Patre
1486 3728 1629 3781 enim
1666 3724 1909 3796 procedit
1955 3725 2126 3794 Spiri-

530 3839 617 3884 tus
644 3826 887 3884 verilatis
913 3843 926 3879 :
953 3825 1047 3881 sed
1078 3825 1159 3893 (d)
1187 3839 1213 3877 a
1238 3823 1380 3879 Filio
1402 3837 1432 3876 a
1465 3821 1624 3877 Patre
1655 3819 1902 3875 tnittitur.
1933 3817 2125 3875 Omnia

522 3941 641 3995 qua:
675 3925 847 3978 Patris
876 3929 1041 3986 sunt,
1076 3919 1201 3975 Filii
1231 3929 1391 3975 sunt:
1431 3926 1486 3973 et
1513 3918 1712 3972 idcirco
1743 3915 2001 3986 quidquid
2030 3931 2124 3971 ac-

522 4016 720 4084 cipiet,
767 4031 797 4070 a
841 4012 980 4068 Filio
1003 4010 1086 4085 (2)
1117 4009 1184 4081 (ε)
1217 4011 1442 4080 accipiet
1484 4009 1575 4064 ille
1608 4009 1902 4065 mittendus
1927 4050 1942 4074 ,
2001 4011 2123 4077 quia

523 4107 644 4162 Filii
693 4117 819 4161 sunt
864 4105 1116 4160 universa
1143 4119 1263 4173 qua:
1291 4102 1471 4157 Patris
1500 4111 1646 4156 sunt.
1697 4101 1899 4156 Natura
1940 4101 2125 4175 itaque

523 4202 578 4256 in
607 4200 860 4256 omnibus
891 4210 1034 4255 tenet
1059 4214 1209 4253 suam
1243 4198 1418 4267 legem
1446 4237 1461 4263 ,
1507 4206 1560 4251 et
1590 4194 1732 4267 quod
1767 4212 1933 4250 unum
1964 4197 2125 4252 ambo

522 4305 649 4351 sunt
675 4335 689 4360 ,
741 4294 986 4362 ejusdem
1011 4293 1062 4348 in
1096 4303 1327 4362 utroque
1356 4305 1451 4360 per
1476 4290 1883 4361 generationem
1933 4290 2128 4346 nativi-

594 4433 674 4502 (l)
709 4433 774 4488 In
796 4435 934 4488 omni
959 4434 1184 4488 veritate.
1213 4431 1358 4499 Mox,
1389 4429 1634 4501 loquitur.
1672 4430 1887 4501 Postea,
1920 4451 2127 4490 annun-

522 4509 664 4563 tiabit
691 4510 808 4561 sine
833 4504 992 4560 vobis.

596 4577 677 4652 (‘2)
702 4578 923 4648 Accipit.

2231 3261 2388 3316 nobis
2414 3269 2497 3316 est
2521 3261 2788 3330 Spiritus;
2815 3273 2868 3317 et
2896 3261 3128 3332 Spiritus
3159 3263 3236 3334 (h’)
3277 3276 3455 3320 tamen
3485 3266 3538 3320 in
3572 3267 3728 3321 nobis
3753 3278 3841 3322 est

2231 3355 2452 3421 Christi,
2485 3373 2584 3412 nec
2607 3366 2785 3411 tamen
2810 3371 2913 3411 non
2944 3356 3039 3412 Dei
3066 3366 3150 3412 est
3169 3358 3403 3427 Spiritus
3423 3401 3438 3425 ,
3469 3360 3555 3428 qui
3589 3359 3643 3414 in
3674 3361 3841 3416 nobis

2231 3458 2332 3504 est.
2385 3450 2640 3506 Discerne
2680 3451 2840 3521 igitur
2863 3492 2878 3516 ,
2910 3465 2942 3504 ο
2974 3450 3223 3505 hmretiee
3247 3493 3261 3516 ,
3316 3450 3575 3519 Spiritum
3625 3452 3839 3509 Christi

2233 3558 2262 3596 a
2288 3542 2488 3613 Spiritu
2516 3543 2610 3599 Dei
2637 3588 2652 3613 ,
2695 3553 2754 3600 et
2779 3543 2998 3600 excitati
3029 3558 3060 3599 a
3087 3544 3316 3600 mortuis
3341 3545 3602 3616 Spiritum
3629 3548 3842 3605 Christi

2229 3636 2299 3692 ab
2331 3638 2533 3708 Spiritu
2561 3638 2655 3693 Dei
2687 3637 2961 3692 Christum
3005 3655 3036 3692 a
3080 3639 3308 3694 mortuis
3337 3640 3659 3705 excitantis;
3712 3657 3842 3698 cum

2229 3731 2546 3787 inhabitans
2577 3732 2632 3786 in
2661 3732 2817 3787 nobis
2846 3733 3080 3800 Spiritus
3101 3732 3325 3795 Christi,
3359 3734 3707 3806 SpiritusDei
3732 3738 3840 3801 sit;

2229 3833 2281 3881 et
2313 3841 2434 3880 cum
2464 3826 2694 3894 Spiritus
2725 3825 2922 3880 Christi
2957 3842 2986 3880 a
3020 3827 3248 3882 mortuis
3280 3828 3499 3883 excitati
3531 3870 3544 3891 ,
3597 3828 3843 3898 Spiritus

2229 3925 2408 3972 tamen
2435 3917 2532 3972 Dei
2560 3917 2631 3972 sit
2659 3916 2931 3972 Christum
2964 3934 2991 3971 a
3022 3919 3251 3974 mortuis
3278 3921 3584 3976 excitantis.

2300 4010 2391 4067 2‘2.
2419 4010 2646 4082 Spiritus
2686 4009 2782 4065 Dei
2809 4029 2878 4067 an
2927 4024 3136 4077 natura,
3183 4031 3251 4068 an
3295 4031 3376 4068 res
3408 4026 3628 4072 naturtr.
3655 4047 3730 4057 —
3769 4017 3843 4073 Et

2231 4120 2416 4176 quer
2446 4119 2585 4158 nunc
2615 4105 2666 4158 in
2696 4101 2898 4173 Spiritu
2960 4105 3051 4160 Dei
3101 4114 3278 4160 utrum
3327 4116 3596 4172 naturam,
3624 4125 3689 4163 an
3721 4126 3838 4163 rem

2230 4209 2438 4253 natura:
2461 4196 2812 4268 signiﬁcatam
2836 4197 3139 4254 existimes.
3170 4197 3288 4252 Non
3318 4199 3457 4253 idem
3479 4209 3558 4255 est
3583 4199 3646 4272 (Ι)
3689 4201 3839 4258 enim

2235 4301 2450 4362 natura,
2475 4291 2618 4363 quod
2642 4301 2848 4348 natura:
2880 4308 2968 4348 res
2994 4311 3008 4350 ε
3036 4293 3194 4350 sicuti
3225 4309 3329 4350 non
3357 4294 3498 4351 idem
3522 4304 3606 4351 est
3646 4295 3838 4362 homo,

2309 4437 2388 4507 (5)
2422 4435 2483 4491 Si
2524 4435 2729 4507 quidem
2758 4435 2986 4506 Spiritus
3026 4433 3123 4492 Dei
3162 4435 3356 4490 habitat
3385 4436 3439 4491 in
3476 4435 3614 4492 vobis
3636 4476 3652 4503 ,
3680 4435 3842 4506 juxta

2234 4523 2472 4579 grmcum
2507 4517 2731 4562 textum.

2303 4579 2383 4654 (4)
2421 4578 2638 4652 Propter
2651 4579 3100 4652 justiﬁcationem.

593 4716 669 4790 (a)
698 4715 953 4790 Itajuxta
979 4727 1214 4790 grmcum
1245 4709 1416 4766 codex
1438 4708 1715 4790 _Vat_._bas.
1740 4723 1869 4790 cum
1896 4708 2118 4790 _h_iartin.
2153 4711 2202 4772 D
2300 4710 2374 4790 (c)
2402 4712 2533 4790 _M_ss.
2565 4711 2772 4790 accipit:

525 4779 759 4850 cm‘teris,
779 4779 876 4842 lib.
905 4803 962 4848 ιι,
984 4779 1050 4840 ii.
1084 4785 1175 4851 55,
1207 4783 1669 4839 consentientibus
1697 4800 1708 4836 :
1740 4782 1792 4836 in
1820 4779 2014 4854 quibus
2044 4793 2123 4838 ta-

522 4878 646 4919 men
679 4862 764 4913 hic
792 4869 970 4914 exstat
993 4859 1048 4912 in
1071 4857 1209 4910 omni
1240 4856 1466 4911 veritate.
1612 4915 1617 4920 ,

594 4932 671 5006 (b)
701 4929 1052 5006 IIIAVIIigaiiS,
1098 4926 1228 5006 nihil
1259 4925 1486 5006 diﬂ'erre.
1534 4925 1757 5006 ﬂectitis
1797 4924 1952 5006 abest
1991 4924 2124 4980 nihil

524 5021 554 5060 a
586 4997 717 5059 mss.
751 4997 1078 5057 Conceditur
1103 4999 1428 5054 adversariis
1457 4997 1715 5069 quidquid
1741 4997 2026 5062 Voluerint,
2067 5006 2125 5052 ut

526 5075 915 5134 ittvincibiliter
939 5073 1304 5130 revincuntur.

598 5148 670 5214 (c)
703 5147 831 5202 Mss.
863 5147 977 5200 bas.
1013 5144 1159 5210 Vat.,
1188 5141 1425 5207 Martim,
1454 5141 1616 5197 Carn.
1645 5140 1844 5214 aliique
1867 5183 1880 5205 ,
1904 5139 2040 5209 quod
2061 5141 2127 5194 sit

525 5239 558 5275 a
593 5213 744 5272 Patre
772 5216 1059 5286 procedere.
1123 5215 1420 5269 Retinenda
1463 5214 1624 5268 lectio
1660 5213 1870 5281 vulgata
1897 5251 1912 5276 ,
1957 5228 2119 5282 quam

525 5307 647 5346 cum
669 5293 874 5352 optimo
903 5288 1055 5341 Colb.
1086 5286 1344 5340 exhibent
1371 5295 1421 5339 et
1455 5286 1636 5353 plures
1667 5299 1799 5338 mss.

599 5362 679 5432 (ά)
708 5362 761 5432 ln
790 5361 1040 5430 vulgatis,
1085 5375 1116 5432 ᾳ
1151 5356 1289 5410 Filio
1318 5357 1535 5432 mittitur
1563 5365 1609 5432 et
1638 5373 1683 5432 a_
1704 5353 1979 5432 Patreihln
2014 5373 2116 5432 ms.

534 5425 826 5495 bas.'V:tt.,
858 5425 965 5486 tino
995 5429 1226 5484 Sorbon.
1277 5437 1328 5481 et
1371 5429 1540 5483 altero
1571 5427 1724 5483 Coll).
1759 5444 1789 5480 a
1825 5425 1959 5480 Filio
1981 5428 2116 5482 acci-

530 5506 653 5574 piet.
685 5523 716 5558 α
747 5504 902 5558 Patre
927 5503 1180 5567 mittitur;
1227 5499 1283 5574 ln
1309 5499 1520 5574 Martia.
1565 5498 1778 5574 aLFilio
1811 5500 1992 5574 a_cc_ipit
2023 5511 2068 5574 e_t
2095 5516 2128 5553 a

539 5569 702 5630 Patre
731 5577 969 5629 mittitur.
1007 5574 1195 5630 Verius
1226 5573 1277 5626 in
1302 5572 1541 5640 pluribus
1568 5570 1711 5636 aliis,
1740 5588 1772 5624 a
1803 5569 1940 5626 Filio
1964 5589 1994 5624 a
2023 5570 2128 5625 Pa~

543 5658 619 5700 tre
642 5648 898 5710 mittitur;
934 5662 1054 5701 cum
1089 5645 1227 5700 haud
1257 5643 1417 5698 dubie
1444 5643 1768 5708 reSpiciatur
1794 5642 1952 5700 illud.
1986 5659 2132 5706 quem

548 5735 642 5789 ego
669 5719 864 5789 mittam
894 5719 1028 5772 vobis
1058 5735 1087 5769 a
1129 5717 1308 5771 Putre.
1352 5716 1676 5789 Scrupulose
1721 5714 1856 5789 adeo
1883 5715 2139 5789 ‘llilarins

546 5785 732 5848 omnia
757 5788 826 5846 de
851 5790 1052 5860 Spiritu
1084 5799 1270 5846 sancto
1292 5787 1455 5846 verba
1476 5803 1571 5845 sua
1586 5802 1615 5843 e
1636 5785 1928 5858 Scripturis
1951 5787 2138 5860 exigit.

2301 4781 2369 4857 (ί)
2401 4785 2516 4841 Lib.
2552 4801 2624 4849 ιι,
2657 4781 2711 4839 n.
2741 4781 2811 4840 29
2837 4825 2850 4850 ,
2891 4799 3013 4840 cum
3063 4781 3308 4855 pluribus
3337 4796 3467 4838 mss.
3495 4791 3552 4839 et
3581 4782 3840 4838 omnibus

2227 4855 2357 4912 edit;
2389 4858 2581 4928 legitur
2602 4857 2646 4909 si
2673 4865 2863 4928 tamen.

2302 4927 2378 5002 (9)
2420 4927 2643 5002 Carum.
2695 4927 2862 4983 codex
2895 4968 2911 4995 ,
2960 4937 3170 5000 propter
3217 4940 3528 5000 peccatum:
3559 4935 3613 4980 et
3659 4941 3788 4982 mox
3818 4969 3836 4995 ,

2231 5001 2438 5074 propter
2451 5001 2729 5074 justitiam.

2306 5067 2385 5142 (h)
2418 5067 2574 5132 Editi,
2609 5070 2869 5126 suscitavit
2911 5069 3122 5125 Jesum:
3168 5067 3553 5142 dissidentibus
3597 5084 3729 5142 mss.
3783 5077 3842 5125 it

2228 5141 2408 5214 grteco
2441 5153 2587 5196 textu
2614 5184 2627 5214 ,
2661 5154 2716 5194 ιιι
2737 5143 2847 5214 jam
2876 5153 3114 5197 notatum
3144 5142 3237 5195 lib.
3265 5156 3336 5204 tt,
3381 5159 3434 5194 n.
3464 5141 3554 5196 29.
3600 5141 3724 5196 Mox
3779 5143 3833 5195 in

2226 5211 2432 5287 vetere
2451 5229 2553 5267 ms.
2587 5213 2740 5287 Colb.
2764 5211 3005 5287 spiritum
3035 5217 3168 5287 ejus,
3203 5229 3502 5287 nonsuum.

2300 5285 2371 5367 (ἱ).
2419 5285 2536 5338 Par.
2595 5284 2836 5367 seduliic
2898 5283 3170 5367 Spiriitg.’_
3202 5283 3386 5367 Melius
3441 5284 3532 5339 alii
3587 5283 3734 5350 libri,
3785 5295 3840 5337 et

2227 5356 2481 5430 Spiritus,
2513 5356 2666 5426 quasi
2694 5356 2827 5416 idem
2857 5373 3058 5430 quoque,
3077 5356 3326 5430 Spiritus.

2265 5426 2376 5510 "(j)
2399 5427 2489 5510 Sic
2537 5444 2670 5482 mss.
2703 5430 2771 5482 At
2799 5429 3012 5496 excusi,
3046 5429 3099 5483 in
3145 5428 3289 5482 nobis
3312 5435 3410 5496 est,
3435 5429 3545 5502 ejus
3569 5437 3675 5481 tum
3713 5426 3846 5498 Spi-

2231 5508 2382 5560 ritus.
2415 5508 2519 5556 etc.

2315 5570 2394 5640 (h)
2421 5572 2654 5627 Rursum
2686 5571 2739 5626 in
2771 5571 2857 5628 hic
2879 5571 3091 5627 exctisis
3121 5587 3225 5626 tum
3260 5587 3357 5641 pro
3388 5582 3555 5626 tamen
3587 5579 3724 5625 erat.

2325 5639 2385 5716 (ι)
2414 5644 2580 5716 Abest.
2627 5643 2760 5716 enim
2788 5660 2815 5697 a
2874 5639 3271 5698 vetustioribus
3298 5660 3429 5716 mss.
3455 5642 3724 5710 Quaeritur
3747 5639 3842 5696 hic

2243 5713 2419 5771 utrum
2446 5715 2674 5786 Spiritus
2703 5713 2798 5768 Dei
2829 5716 3046 5770 nomine
3075 5717 3341 5786 propriam
3364 5715 3538 5770 Patris
3563 5722 3840 5781 naturam,

2244 5803 2314 5846 an
2347 5802 2466 5845 rem
2493 5785 2662 5847 illius
2700 5787 2916 5860 quidem
2948 5785 3243 5864 pr0priatn,
3269 5786 3367 5848 sed
3405 5786 3476 5846 ab
3511 5786 3628 5861 ipso
3656 5795 3846 5845 tamen
