4094 6180
232 305 328 362 253

1423 310 1510 367 DE
1547 305 1919 367 TRINI’I‘ATE
1958 309 2159 367 LIBER
2207 311 2335 371 Vill.

3403 316 3505 374 2’35

234 432 285 480 rt
325 421 463 496 quod
504 418 743 481 hominis
772 431 876 494 est,
906 439 1009 482 nec
1062 425 1201 482 idem
1257 432 1341 483 est
1396 426 1556 500 ignis,
1593 432 1649 486 et
1673 427 1816 502 quod
1843 429 1900 491 Α
1922 428 2023 486 rali
2048 428 2229 499 modo,
2253 443 2373 486 cum
2401 428 2601 487 alicubi
2632 426 2778 500 insit,
2810 445 2915 487 non
2947 438 3001 488 et
3030 432 3226 505 ubique
3254 448 3373 489 esse
3397 450 3516 491 cre-

235 517 363 590 ignis
388 517 554 589 ipsius
574 528 689 576 est:
712 526 767 575 et
793 518 1089 575 secundum
1117 518 1222 578 hoc
1242 534 1350 578 non
1376 520 1517 578 idem
1545 531 1626 579 est
1648 521 1811 592 Deus,

234 617 285 667 et
308 610 443 683 quod
483 610 574 667 Dei
603 618 707 668 est.

298 705 383 759 25.
415 700 571 760 Modo
595 698 825 771 Patrem,
850 705 1002 761 modo
1021 706 1188 779 filium
1216 707 1568 781 signiﬁcat.—-
1594 704 1811 766 Memini

234 799 365 855 enim
394 799 443 853 in
490 798 694 870 Spiritu
748 799 841 855 Dei
888 799 958 854 ita
992 800 1159 856 ﬁlium
1208 802 1302 857 Dei
1348 803 1658 874 signiﬁcari,
1680 812 1737 858 ιιι
1758 803 1812 859 in

233 904 293 947 eo
317 890 386 962 (α)
418 891 559 948 Deus
609 899 763 962 pater
790 890 1192 948 demonstratus
1218 908 1339 950 esse
1378 892 1727 967 intelligatur,
1760 903 1816 951 et

234 982 292 1039 ad
320 984 555 1055 cujusvis
582 983 1100 1041 demonstrationem
1146 1001 1306 1057 posse
1333 986 1691 1059 signiﬁcatum
1718 987 1814 1044 Dei

234 1076 473 1149 Spiritum
510 1078 780 1148 pertinere
803 1095 816 1133 :
839 1093 1013 1150 neque
1033 1084 1237 1134 tantum
1265 1080 1367 1134 hoc
1390 1095 1454 1135 ex
1480 1080 1811 1151 pr0pltetica,

233 1170 318 1230 sed
347 1184 409 1228 ex
448 1172 757 1243 evangelica
788 1174 1110 1229 auctoritate
1158 1175 1471 1242 monstrari,
1525 1190 1646 1230 cum
1678 1174 1812 1231 dici-

231 1274 334 1321 tur:
354 1264 579 1339 Spiritus
598 1260 805 1321 Domini
818 1281 975 1335 super
994 1282 1096 1334 me,
1110 1276 1379 1339 propterea
1399 1269 1639 1324 unxitme
1658 1268 1809 1341 (Luc.

228 1355 435 1430 tv,18);
463 1364 522 1414 et
548 1372 763 1414 rursum
794 1356 1033 1428 (Mattlt.,
1069 1375 1165 1428 ιιι,
1195 1359 1283 1433 18)
1320 1376 1333 1415 :
1368 1359 1496 1415 Ecce
1527 1376 1653 1426 puer
1675 1378 1816 1416 meus

226 1469 360 1523 quem
377 1450 525 1524 elegi,
544 1450 759 1506 dilectus
775 1468 915 1507 meus
937 1454 989 1507 in
1008 1469 1106 1524 quo
1133 1456 1441 1523 complacuit
1466 1457 1653 1511 animte
1670 1472 1810 1523 ntere,

225 1560 401 1617 ponam
428 1558 582 1615 super
601 1559 715 1598 eum
746 1540 998 1617 Spiritum
1021 1544 1184 1619 230
1211 1560 1378 1601 meum
1402 1558 1491 1614 ;et
1514 1548 1631 1619 ipsn
1660 1546 1729 1604 de
1756 1564 1815 1605 se

226 1637 437 1694 Domino
469 1646 708 1696 testante
736 1654 751 1694 :
776 1638 838 1696 Si
880 1648 1048 1695 autem
1077 1642 1133 1695 in
1183 1640 1387 1709 Spiritu
1408 1638 1505 1698 Dei
1532 1659 1624 1715 ego
1663 1643 1816 1718 ejicio

222 1730 484 1800 dwmonia,
516 1732 692 1804 utique
714 1734 1040 1806 appropiavit
1075 1735 1128 1788 in
1158 1733 1298 1789 vobis
1324 1752 1537 1810 regnum
1560 1734 1655 1791 Dei
1681 1734 1813 1811 lb.,

1916 523 2115 581 datur:
2145 540 2267 581 cum
2302 540 2399 594 per
2424 541 2519 582 sua
2568 524 2622 582 lu
2670 526 2920 581 omnibus
2959 542 3082 584 esse
3123 544 3230 583 non
3259 527 3468 584 desinat
3499 546 3513 593 ;

1916 635 2024 675 non
2056 618 2200 675 aliud
2247 630 2425 676 autem
2475 618 2604 684 sint,
2651 635 2812 691 quam
2863 619 3005 693 quod
3059 626 3141 676 est
3185 622 3300 690 ipse
3328 663 3341 686 ,
3395 637 3516 692 qua:

1920 729 2015 769 sua
2044 721 2189 769 sunt.
2244 708 2310 772 Et
2334 712 2450 771 haec
2491 712 2705 786 quidem
2738 712 2803 770 ad
2853 724 3061 770 natura:
3106 712 3514 788 intelligentiam

1917 808 2057 865 dicta
2088 819 2232 865 sunt.

1987 901 2080 959 25.
2114 898 2181 958 In
2223 900 2426 974 Spiritu
2479 899 2578 957 Dei
2623 901 2945 975 signiﬁcatur
2971 896 3145 956 Pater.
3173 901 3509 977 Signiﬁcatur

1918 995 2110 1052 Filius.
2143 996 2482 1068 Signiﬁcatur
2528 1007 2575 1050 et
2623 990 2850 1063 Spiritus
2889 995 3253 1050 sanctus.——ln
3304 995 3506 1065 Spiritu

1919 1098 2099 1146 autem
2150 1092 2241 1147 Dei
2275 1088 2347 1163 (ε)
2374 1103 2578 1160 patrem
2629 1090 2794 1145 Deum
2823 1087 3138 1160 signiﬁcari,
3164 1088 3233 1143 ita
3265 1091 3517 1145 existimo

1919 1186 2147 1257 intelligi
2190 1196 2463 1257 Oportere,
2496 1182 2635 1256 quod
2688 1184 2945 1253 Spiritum
2986 1182 3196 1238 Domini
3245 1196 3408 1252 super
3456 1197 3516 1238 se

1917 1296 2038 1336 esse
2084 1279 2342 1334 Dominus
2377 1274 2538 1335 Jesus
2565 1278 2813 1334 Christus
2856 1276 3133 1349 professus
3176 1279 3267 1341 sit,
3297 1284 3516 1348 pr0ptcr

1918 1369 2062 1443 quod
2094 1386 2218 1426 eum
2249 1379 2434 1440 ungat,
2464 1382 2516 1425 et
2548 1370 2724 1425 mittat
2763 1368 2832 1424 ad
2883 1366 3382 1439 evangelizandum.
3416 1366 3515 1423 Pa~

1920 1474 2087 1521 terna:
2115 1462 2258 1520 enim
2290 1473 2497 1519 natura:
2514 1463 2686 1519 virtus
2710 1464 2762 1518 in
2782 1480 2846 1519 eo
2871 1462 3282 1529 manifestatur;
3313 1471 3518 1517 natura:

1925 1573 2037 1613 sure
2064 1556 2503 1627 commuttionem
2556 1557 2608 1613 in
2640 1556 2780 1612 Filio
2808 1554 2966 1612 ctiam
2997 1556 3067 1630 (ί)
3101 1557 3153 1612 in
3198 1572 3362 1613 carne
3392 1565 3519 1611 nato

1920 1668 2017 1724 per
2038 1662 2433 1707 sacramentum
2460 1652 2723 1721 spiritalis
2748 1650 2904 1722 ltnjus
2929 1650 3199 1706 unctionis
3226 1649 3519 1707 ostendens

1925 1742 2170 1820 (Matth,
2199 1760 2277 1811 ttt,
2308 1742 2424 1809 17),
2458 1759 2578 1799 cum
2612 1751 2732 1814 post
2768 1743 3123 1799 consummati
3146 1741 3395 1812 baptismi
3425 1758 3521 1797 na-

226 1822 314 1897 23)
340 1842 353 1878 ε
379 1826 497 1881 hac
518 1826 664 1881 enim
695 1825 950 1881 Videntur
979 1822 1053 1899 (ὁ)
1081 1836 1186 1882 hOIl
1218 1826 1467 1899 ambigue
1488 1826 1570 1883 vel
1599 1828 1811 1884 Palrem
1844 1832 1893 1893 B
1921 1836 2182 1894 tivitatem
2204 1846 2312 1892 tum
2344 1837 2461 1892 haec
2483 1835 2561 1910 (g)
2590 1851 2804 1908 quoque
2827 1834 3168 1906 proprietatis
3194 1834 3516 1905 signiﬁcatio

222 1914 534 1991 signiﬁcare,
574 1922 658 1977 vel
706 1918 897 1990 ﬁlium,
954 1924 1203 1978 virtutem
1236 1929 1415 1979 tamen
1461 1926 1664 1980 naturae
1694 1940 1812 1980 ma-

224 2012 517 2072 nifestantia
544 2010 650 2089 (1).

281 2107 365 2164 24.
388 2100 499 2163 Cur
527 2114 740 2181 uterque
789 2107 957 2165 dictus
986 2106 1051 2165 sit
1083 2108 1406 2183 Spiritus.—
1437 2109 1683 2182 Namque
1726 2110 1811 2167 ιιι.

223 2202 350 2257 circo
372 2201 580 2258 dictum
609 2203 867 2259 existimo
893 2202 948 2259 in
978 2210 1205 2274 utroque
1230 2202 1302 2275 (c)
1328 2202 1557 2274 Spiritus
1591 2201 1715 2269 Dei,
1744 2217 1814 2258 ne

224 2297 502 2353 secundum
535 2298 851 2370 corporales
877 2294 1071 2355 modos
1102 2301 1170 2355 ita
1209 2300 1387 2356 inesse
1412 2298 1609 2355 Filium
1631 2297 1683 2353 in
1710 2299 1812 2355 Pa-

224 2390 293 2444 tre
316 2389 393 2445 vel
436 2380 664 2445 Patrem
694 2390 747 2445 in
778 2384 917 2447 Filio
947 2390 1293 2447 crederemus
1323 2410 1335 2446 :
1361 2391 1567 2448 scilicet
1597 2408 1664 2448 ne
1693 2392 1814 2447 loco

226 2482 349 2539 Deus
371 2500 626 2550 manens,
648 2500 913 2556 nusquam
935 2484 1066 2542 alibi
1085 2495 1302 2543 exstare
1322 2485 1595 2544 videretur
1615 2502 1643 2541 a
1668 2502 1809 2543 sesc.

224 2574 376 2634 llomo
400 2574 581 2643 enim,
614 2586 707 2634 aut
734 2578 938 2651 aliquid
984 2579 1133 2637 aliud
1164 2574 1214 2637 ei
1245 2581 1442 2648 simile,
1466 2595 1588 2637 cum
1618 2580 1814 2637 alicubi

226 2671 332 2738 erit,
359 2672 545 2728 tamen
578 2668 705 2730 alibi
756 2689 862 2728 non
910 2671 1058 2730 erit:
1092 2674 1217 2743 quia
1249 2672 1326 2739 id,
1356 2673 1499 2745 quod
1552 2684 1634 2729 est
1680 2674 1812 2743 illic,

224 2764 519 2822 continetur
546 2766 635 2821 ubi
689 2764 848 2822 fuerit
875 2783 891 2835 ξ
919 2766 1001 2836 (d)
1033 2767 1246 2823 inllrma
1276 2764 1422 2823 adid
1453 2776 1643 2824 natura
1672 2764 1812 2839 ejus,

226 2862 275 2913 tit
298 2857 488 2930 ubique
521 2859 618 2927 sit,
646 2859 736 2929 qui
768 2854 1027 2915 insistens
1073 2859 1267 2916 alicubi
1324 2859 1414 2916 sit.
1469 2859 1607 2916 Deus
1632 2871 1812 2918 autem

225 2951 481 3009 immensae
515 2953 736 3009 virtutis
759 2954 947 3010 vivens
983 2962 1243 3026 potestas,
1269 2969 1389 3026 quae
1413 2970 1673 3027 nusquam
1708 2972 1812 3012 non

226 3042 361 3111 adsit,
389 3061 496 3103 nec
530 3044 674 3104 desit
703 3062 950 3119 usquam,
984 3061 1043 3103 se
1073 3062 1289 3104 omnem
1317 3058 1417 3119 per
1463 3062 1562 3103 sua
1600 3047 1813 3117 edocet,

223 3142 271 3191 et
292 3153 374 3192 sua
399 3155 518 3195 non
546 3136 690 3194 aliud
721 3155 884 3212 quam
916 3154 974 3196 se
1006 3154 1139 3215 esse
1179 3139 1447 3213 signiﬁcat
1475 3156 1488 3195 :
1516 3136 1598 3215 (‘2)
1630 3146 1689 3197 ut
1726 3140 1816 3199 ubi

1917 1931 2095 1988 audita
2125 1941 2228 1999 est,
2262 1944 2393 1987 voce
2425 1939 2657 1985 testante
2696 1928 2764 1985 de
2794 1928 2931 1984 creto
2959 1946 2977 1984 :
3002 1926 3171 1983 Filius
3198 1942 3339 1981 meus
3363 1943 3414 1981 es
3441 1934 3515 1994 tu,

1918 2042 2009 2100 ego
2038 2020 2189 2079 hodie
2213 2021 2365 2095 genui
2394 2033 2441 2077 te
2469 2020 2587 2096 (Ps.
2609 2037 2669 2090 tt,
2694 2019 2772 2093 7).
2792 2020 2905 2075 Non
2933 2019 3074 2076 enim
3106 2019 3188 2073 vel
3217 2018 3331 2090 ipse
3358 2034 3521 2085 super

1916 2133 1977 2173 se
2007 2130 2149 2183 esse,
2181 2114 2261 2171 vel
2305 2112 2410 2169 sibi
2436 2112 2504 2170 de
2529 2112 2682 2169 caelis
2722 2112 2932 2175 adesse,
2958 2110 3045 2167 vel
3069 2111 3242 2182 ipsum
3271 2125 3329 2165 se
3358 2106 3517 2185 231

1915 2209 2331 2283 cognominasse
2348 2206 2450 2264 sibi
2480 2206 2642 2263 ﬁlium
2668 2204 3050 2279 intelligendus
3078 2214 3196 2261 est:
3228 2204 3322 2259 sed
3345 2205 3520 2259 omnis

1914 2303 2032 2359 haec
2057 2302 2179 2358 lidei
2225 2312 2425 2357 nostra:
2455 2298 2551 2355 fuit
2592 2300 3004 2365 demonstratio,
3040 2307 3095 2353 ut
3124 2296 3224 2352 sub
3256 2293 3518 2366 perfectae

1916 2413 1979 2453 ac
2008 2408 2150 2452 verte
2179 2388 2471 2450 nativitatis
2501 2402 2863 2460 sacramento,
2911 2390 3172 2446 unitatem
3206 2387 3286 2462 (h)
3313 2399 3521 2445 naturae

1916 2489 2185 2544 manentis
2207 2488 2261 2542 in
2292 2482 2447 2550 Filio,
2468 2482 2556 2557 qui
2580 2484 2742 2540 etiam
2769 2483 2932 2539 homo
2958 2498 3081 2539 esse
3103 2488 3365 2554 coeperat,
3396 2496 3524 2537 nos-

1916 2597 2188 2642 ceremus.
2217 2580 2283 2636 Et
2305 2574 2519 2636 Putrem
2544 2580 2760 2651 quidem
2813 2578 2862 2633 itt
2898 2576 2989 2633 Dci
3018 2576 3223 2647 Spiritu
3254 2577 3326 2631 ita
3354 2574 3523 2646 signi-

1916 2675 2065 2733 ﬁcari
2096 2682 2373 2746 repertum
2399 2682 2502 2729 est.
2546 2668 2739 2727 Filium
2772 2684 2900 2724 vero
2931 2667 3032 2723 hoc
3061 2666 3223 2722 modo
3267 2666 3523 2722 demons-

1917 2780 2117 2827 tratum
2166 2763 2550 2836 intelligimus,
2578 2774 2701 2818 cum
2746 2759 2876 2816 dicit
2917 2775 2931 2815 :
2966 2758 3119 2826 Quod
3159 2760 3206 2813 si
3235 2758 3289 2812 in
3317 2756 3521 2826 Spiritu

1918 2860 2017 2918 Dei
2037 2875 2129 2933 ego
2155 2857 2302 2929 ejicio
2326 2856 2603 2921 daemones,
2634 2854 2811 2922 utique
2836 2851 3160 2926 appropiuuit
3186 2849 3239 2905 in
3269 2848 3408 2904 vobis
3437 2864 3521 2903 re-

1918 2969 2077 3030 gnum
2109 2940 2247 3007 Dei:
2277 2964 2335 3005 se
2361 2948 2586 3013 scilicet,
2618 2945 2670 3001 id
2725 2955 2829 3012 est,
2862 2953 3067 2999 natura:
3115 2956 3227 2999 suae
3256 2949 3520 3012 potestate

1918 3047 2193 3104 dzeniones
2219 3043 2418 3117 ejicere
2447 3041 2849 3105 demonstrans,
2877 3040 2966 3109 qui
2997 3051 3103 3093 non
3137 3030 3237 3092 nisi
3273 3034 3364 3090 Dei
3388 3032 3515 3104 Spls

1916 3142 2023 3199 ritu
2065 3139 2188 3212 ejici
2242 3136 2472 3211 possint.
2523 3132 2618 3190 Est
2652 3141 2830 3189 autem
2881 3143 2935 3189 et
2962 3131 3018 3187 in
3045 3129 3248 3201 Spiritu
3279 3127 3372 3183 Dei
3398 3124 3521 3198 Spi-

224 3243 303 3284 sua
329 3232 519 3299 insint,
550 3231 671 3302 ipse
712 3246 835 3289 esse
882 3232 1237 3307 intelligatur.
1272 3230 1388 3291 Non
1417 3240 1596 3293 autem
1622 3249 1817 3308 corpo-
1842 3220 1887 3292 C
1921 3235 2058 3292 ritus
2106 3228 2365 3306 paracleti
2419 3226 2781 3303 signiﬁcatio;
2830 3238 3008 3297 neque
3052 3222 3227 3280 solum
3282 3218 3519 3296 prophe-

282 3395 354 3468 (1)
393 3392 768 3466 Manifestum.

224 3560 519 3615 distinctam
568 3556 747 3613 velint
775 3553 1090 3628 signiﬁcari.
1124 3553 1198 3611 Ita
1232 3554 1328 3610 lib.
1357 3570 1415 3622 tt,
1440 3568 1494 3611 ιι.
1526 3556 1615 3620 52,
1640 3555 1814 3628 Spiri-

227 3644 295 3686 tus
322 3641 549 3686 sanctus
593 3644 623 3684 a
658 3628 887 3684 Domino
913 3626 1202 3697 distinctus
1233 3631 1486 3694 docetur,
1508 3627 1630 3697 quia
1672 3626 1811 3683 alius

225 3716 293 3787 est
315 3700 748 3789 Spiritnsgalius
777 3697 933 3789 cuius
961 3705 1043 3752 est
1071 3696 1324 3781 Spiritus.
1360 3700 1427 3789 .At
1457 3714 1583 3753 vero
1606 3708 1811 3754 utrum-

226 3777 297 3830 vis
310 3769 531 3837 eligant,
548 3770 719 3829 Pater
742 3778 797 3826 et
814 3769 991 3825 Filius
1013 3773 1173 3824 unius
1186 3770 1545 3825 ostenduntur
1565 3780 1770 3825 natura!
1792 3786 1808 3825 :

225 3859 331 3902 cum
347 3839 545 3902 Cbristi
579 3843 868 3912 Patrisque
891 3856 1031 3897 unus
1055 3850 1110 3897 et
1132 3839 1275 3896 idem
1298 3842 1369 3897 sit
1399 3840 1655 3910 Spiritus,
1684 3857 1810 3911 pro-

228 3918 434 3987 indeque
461 3925 664 3987 natura
695 3931 710 3977 ;
740 3924 796 3972 et
840 3912 1072 3984 Spiritus
1097 3927 1317 3987 sanctus
1343 3923 1397 3967 ut
1434 3912 1628 3978 Patris,
1660 3913 1728 3968 ita
1758 3923 1813 3968 et

228 3985 402 4045 Christi
427 3991 521 4052 sit,
553 3985 806 4054 adquue
821 4000 910 4041 res
934 3994 1139 4040 naturae
1161 3985 1338 4053 unius,
1364 3999 1460 4040 seu
1476 3999 1662 4040 eorum
1683 3999 1814 4055 quo-

229 4075 330 4116 rum
352 4072 543 4116 natura
581 4073 689 4112 una
720 4058 811 4112 sit.

306 4134 356 4199 s)
379 4132 655 4189 Nimirum
677 4127 948 4199 vocabulo
973 4126 1204 4199 Spiritus
1230 4125 1350 4183 Dei.

311 4196 360 4268 ὸ)
386 4202 443 4259 ln
470 4200 670 4261 codice
716 4203 833 4255 bas.
874 4196 993 4254 Vat.
1021 4196 1173 4253 nobis
1221 4214 1319 4268 pro
1363 4215 1488 4265 non,
1520 4212 1583 4255 ac
1629 4206 1816 4268 postea

226 4268 573 4330 cuin'Martin.
608 4273 942 4342 manifestam
965 4286 1062 4342 pro
1088 4271 1475 4342 manifestantia
1498 4274 1517 4325 ὲ
1547 4268 1704 4324 male.
1732 4268 1819 4325 lu-

227 4347 412 4430 stitutai
442 4340 1021 4430 qn‘mstioni‘primun't‘
1053 4341 1139 4430 ltic
1185 4340 1422 4430 habetur
1472 4356 1817 4430 responsum,

225 4424 334 4485 puta
378 4411 627 4488 Spiritus
670 4414 934 4488 vocabulo
983 4413 1158 4488 Patris
1200 4422 1251 4488 et
1303 4411 1427 4469 Filii
1460 4413 1735 4488 virtutem,
1765 4422 1821 4469 et

225 4480 437 4558 perinde
464 4496 722 4543 naturam
751 4480 1090 4558 signiﬁcari;
1116 4483 1250 4549 Quia
1274 4488 1474 4558 uaturtg
1495 4480 1821 4558 uirtusprte-

225 4554 313 4628 ιω
342 4561 638 4628 ceritatem,
669 4566 727 4611 ut
755 4558 1005 4628 legimus.
1037 4556 1131 4611 lib.
1166 4571 1222 4619 v,
1253 4572 1312 4628 n.
1348 4555 1404 4613 5.
1433 4554 1566 4628 Tum
1594 4556 1821 4628 subinde

224 4627 431 4688 docetur
462 4624 565 4687 Dei
620 4624 863 4684 naturain
917 4627 1141 4697 spiritus
1172 4627 1390 4683 nomine
1437 4625 1560 4681 ideo
1602 4626 1817 4697 donari,

226 4701 334 4770 quia
369 4716 593 4759 summe
621 4696 852 4767 simplex
878 4690 985 4767 esi,
1018 4705 1072 4755 et
1126 4713 1194 4755 ne
1223 4697 1290 4755 de
1319 4697 1432 4754 Deo
1477 4697 1544 4753 ad
1597 4690 1819 4754 modum
1845 4690 1901 4752 D
1925 4699 2026 4770 s_ita
2083 4707 2188 4756 est.
2235 4697 2305 4752 Se

226 4785 499 4844 corporum
532 4773 859 4844 cogitemus.

284 4866 355 4940 (c)
384 4869 462 4925 Ita
497 4874 637 4940 mss.
652 4863 872 4940 Martio.
887 4860 1068 4940 Com,
1089 4863 1300 4940 ςῖιιιιιιι2
1316 4874 1528 4940 necnon
1552 4860 1713 4919 Corb.
1733 4877 1823 4919 se-

223 4933 396 4994 cuiulls
424 4939 603 4995 euris.
634 4936 704 4992 At
731 4935 957 5006 vulgati,
986 4937 1225 5005 spiritum
1247 4933 1368 5006 Dei.

283 5010 362 5079 (ll
394 5010 513 5067 Hoc
543 5018 651 5073 est,
685 5003 981 5077 impniente
1007 5003 1073 5062 ad
1111 5006 1162 5062 id
1196 5016 1253 5060 ut
1277 5004 1474 5079 ubique
1501 5004 1591 5061 sit.
1637 5003 1821 5079 Neque

223 5076 462 5138 audiendi
493 5076 838 5137 recentiores
868 5093 999 5135 mss.
1029 5079 1081 5135 in
1109 5079 1306 5150 quibus
1329 5076 1578 5145 habetur,
1618 5085 1675 5132 ιιι
1708 5078 1823 5131 κοι-

220 5167 433 5221 qletton
462 5154 561 5209 sit.

285 5244 355 5316 (c)
384 5246 440 5301 td
474 5254 589 5311 est,
612 5245 668 5300 in
699 5243 883 5316 verbis
910 5240 1227 5316 EsaMALU,
1257 5243 1306 5308 1,
1334 5240 1475 5316 apud
1506 5240 1706 5297 Lucam
1728 5250 1818 5296 re.

222 5312 355 5388 latis,
388 5317 593 5388 quibus
635 5318 711 5372 ait
746 5314 1032 5388 Dominus,
1075 5312 1336 5388 Spiritum
1382 5313 1479 5369 Del
1527 5328 1708 5388 super
1735 5327 1816 5382 se,

222 5380 447 5458 ideoque
469 5404 536 5458 se
584 5398 804 5444 unctum
836 5396 890 5442 et
936 5380 1162 5458 missum
1192 5380 1278 5458 ad,
1311 5380 1814 5458 evnitgelizantlum,

221 5456 435 5516 tuomlue
457 5456 698 5528 Spiritus
721 5458 820 5513 Dei
848 5467 975 5529 puto
990 5456 1282 5529 signiﬁcari
1310 5456 1480 5512 Deum
1510 5466 1742 5527 patrem.

284 5548 349 5675 (ρ
378 5550 472 5608 Sic
528 5552 770 5623 potiores
828 5564 960 5605 mss.
1004 5546 1110 5604 Alii
1156 5558 1287 5605 vero
1337 5549 1476 5613 libri,
1530 5550 1815 5603 incantato.

284 5640 323 5675 ιιι
349 5638 383 5675 ο
408 5632 545 5675 ante
584 5620 643 5675 in
686 5636 789 5675 ms.
819 5623 938 5675 Vat.
971 5619 1086 5675 bas.
1116 5622 1435 5675 manifestari
1462 5622 1679 5675 videtur.
1708 5630 1813 5675 non

222 5618 383 5695 Paulo
408 5618 550 5678 ante
584 5620 643 5679 in
686 5636 789 5678 ms.
819 5623 938 5677 Vat.
971 5619 1086 5676 bas.
1116 5622 1435 5695 manifestari
1462 5622 1679 5695 videtur,
1708 5630 1813 5675 non

220 5694 632 5767 manifestatur;
652 5702 703 5767 et
728 5699 854 5767 post
880 5706 1069 5763 pauca,
1093 5690 1667 5767 consuiumatqmglnco
1692 5705 1815 5745 con-

218 5761 478 5821 summati.
513 5762 649 5820 little
677 5761 798 5822 loco
840 5761 1010 5821 lucem
1039 5761 1486 5836 priestntsitnilis
1517 5762 1609 5818 lib.
1630 5777 1721 5836 AXI,
1754 5778 1810 5820 n.

222 5835 305 5904 18,
338 5837 435 5898 ubi
463 5851 641 5909 prope
676 5838 912 5912 idipsutu
954 5834 1078 5895 aliis
1133 5835 1315 5895 Verbis
1356 5836 1432 5895 ita
1456 5834 1808 5896 enuntiatur:

1988 3394 2072 3469 (9)
2093 3392 2162 3450 Et
2185 3393 2294 3450 ubi.
2318 3392 2441 3450 Mox
2468 3391 2793 3462 intelligitur.

1920 3553 2362 3625 Quemadmodum
2398 3551 2601 3624 Spiritu
2646 3549 2742 3606 Dei
2783 3558 2829 3625 et
2857 3548 3042 3604 uirtute
3061 3549 3126 3625 sit
3176 3555 3392 3625 unctus,
3416 3563 3519 3602 nou

1915 3616 2211 3700 ambiguum
2239 3616 2463 3700 calatum
2490 3622 2938 3700 cttntttscendeute
2967 3636 3023 3674 eo
3051 3620 3114 3675 de
3161 3616 3397 3700 lor-dune
3417 3634 3514 3700 vos;-

1920 3697 2019 3754 Dei
2045 3686 2206 3768 patris
2227 3686 2404 3749 audita
2432 3703 2523 3755 est.
2557 3686 2602 3746 Ρ
2606 3693 2725 3768 ilius
2746 3708 2886 3746 meus
2908 3706 2958 3768 es
2970 3700 3062 3768 ‘tu,
3085 3706 3174 3768 ego
3201 3690 3354 3743 hodie
3365 3690 3518 3768 gen-ui

1917 3779 1969 3825 te
1994 3788 2013 3825 :
2044 3761 2104 3825 ut
2132 3782 2239 3841 per
2261 3768 2359 3841 hoc
2389 3766 2732 3841 testimonium
2787 3761 3124 3841 sanctiﬁcatio
3150 3764 3210 3841 in_
3232 3776 3292 3841 eo
3321 3761 3515 3825 carnis,

1917 3842 2094 3897 unctio
2115 3833 2364 3913 spiritalis
2386 3838 2587 3913 uirtutis
2612 3833 3168 3913 cognosceretur._Qt_to
3200 3834 3251 3885 itt
3283 3833 3400 3886 loco
3420 3847 3518 3885 uu-

1916 3914 2017 3969 ctio
2042 3903 2290 3983 spiritalis
2312 3910 2509 3967 virtutis
2546 3903 2872 3980 appellatur,
2900 3906 3042 3975 quod
3076 3903 3161 3958 hic
3186 3913 3385 3958 naturw
3410 3917 3519 3956 sure

1917 4001 2224 4040 communio.

1991 4055 2068 4129 (g)
2095 4055 2251 4110 Bad..
2296 4051 2396 4129 _Er._
2424 4061 2480 4107 et
2508 4050 2657 4121 Lips.
2701 4048 2958 4129 omittunt
2985 4062 3202 4129 quoque,
3236 4055 3300 4129 et
3316 4060 3520 4115 prmce.

1918 4112 2140 4183 deii’t'em
2175 4123 2489 4193 particulam
2540 4112 2655 4176 cum
2682 4136 2701 4176 :
2729 4119 2885 4193 cujus
2916 4112 3034 4193 loco
3063 4112 3203 4188 apud
3260 4112 3383 4193 res...
3421 4132 3520 4193 po-

1918 4199 2080 4254 situm
2108 4187 2376 4253 eratcum.
2406 4193 2610 4251 Deinde
2633 4187 3076 4261 praprietatisvox
3104 4187 3397 4261 opponitur
3424 4188 3521 4243 ad-

1922 4270 2150 4337 optiuni.
2183 4269 2308 4324 Sive
2352 4268 2534 4321 autem
2564 4254 2781 4320 Cbristo
2814 4254 3309 4337 baptizato‘di‘t'terit
3332 4254 3516 4337 Pater,

1934 4328 2039 4395 Hic
2064 4350 2139 4395 est
2159 4341 2300 4410 ﬁlius
2321 4353 2485 4407 meus,
2504 4350 2636 4410 etc”
2657 4328 2929 4406 quomodo
2951 4333 3074 4404 legit
3092 4328 3516 4410 liilarluslib.t‘t,

1924 4428 1978 4467 η.
1998 4411 2091 4479 23;
2111 4405 2224 4466 sive
2245 4405 2476 4479 dixerit,
2492 4408 2659 4465 Filius
2679 4405 2895 4479 menses
2916 4414 2969 4460 tu
2986 4449 2995 4467 .
3010 4422 3100 4477 ego
3118 4405 3269 4479 hodie
3285 4406 3517 4479 genuite,

1923 4468 2197 4555 quomodo
2225 4482 2333 4547 hic,
2358 4468 2464 4555 libi
2493 4497 2565 4546 vr,
2596 4498 2648 4536 ιι.
2678 4478 2788 4555 Si,
2822 4474 2923 4555 lib.
2951 4468 3197 4555 x1,'n._l8
3227 4468 3518 4555 in_'M:tttb.,

1923 4546 1973 4612 ὁ.
2007 4571 2065 4625 ιι,
2098 4571 2155 4612 ιι.
2190 4555 2244 4619 6,
2278 4546 2331 4610 et
2357 4554 2407 4607 in
2432 4570 2512 4624 ps.
2538 4570 2598 4619 tt,
2622 4569 2676 4607 ιι.
2704 4549 2797 4625 29,
2822 4548 2993 4625 ipsius
3020 4546 3391 4625 verba_re_l‘ert,
3416 4554 3523 4601 stat

1922 4616 2112 4683 eadem
2142 4616 3115 4695 visargum'enti,qumgittgvocabulis
3161 4616 3334 4695 Filius
3376 4632 3520 4695 meus

2389 4708 2442 4751 et
2487 4688 2683 4752 Paulus
2735 4690 2870 4749 Heb.
2902 4709 2942 4759 ι,
2971 4693 3027 4759 5,
3060 4691 3224 4747 verba
3272 4688 3464 4743 Psaltni
3500 4727 3515 4752 ,

1925 4767 2100 4825 Filius
2129 4786 2269 4840 meus
2301 4784 2351 4840 es
2377 4776 2454 4840 tu,
2483 4785 2576 4840 ego
2622 4764 2781 4840 hodie
2798 4765 2951 4837 genui
2999 4775 3064 4826 te,
3099 4768 3152 4840 et
3196 4760 3368 4840 Patris
3395 4772 3518 4840 esse

1923 4841 2106 4905 tradit,
2139 4851 2194 4896 et
2217 4830 2353 4895 Filio
2380 4830 2449 4893 ita
2485 4830 2704 4909 proprie
2733 4830 2896 4902 dicta,
2931 4844 3079 4891 utne
3110 4835 3162 4889 itt
3190 4832 3358 4888 ullutn
3391 4830 3513 4901 qui-

1924 4911 2045 4983 dem
2060 4912 2385 4983 angelorum
2400 4910 2749 4966 conveniant.

1998 4981 2076 5057 (It)
2102 4974 2265 5051 Editi,
2289 4992 2489 5057 natura:
2509 4992 2756 5057 paterntc.
2782 4974 2949 5057 _Ab_est
2965 4987 3244 5057 paternae}
3273 4989 3402 5057 mss.
3430 4974 3517 5057 li;

1924 5046 2029 5109 hoc
2058 5046 2177 5110 loco
2209 5046 2354 5123 patet
2392 5046 2651 5108 Hilarium
2675 5049 2807 5107 illud
2830 5046 3017 5107 Matth.
3052 5066 3129 5123 ιιι,
3163 5048 3228 5104 16
3253 5063 3272 5102 :
3301 5046 3367 5102 Et
3393 5047 3519 5123 vidit

1930 5124 2184 5198 Spiritum
2211 5118 2306 5180 Dei
2339 5125 2734 5198 descendentem
2761 5124 2891 5198 sicut
2921 5121 3290 5198 columbant_et_
3314 5118 3517 5198 uenien-

1930 5190 2029 5252 tem
2049 5214 2202 5269 super
2221 5213 2293 5265 se,
2337 5196 2409 5252 ita
2432 5197 2797 5269 interpretari.
2812 5205 2892 5269 gul
2916 5192 3172 5269 Spiritum
3199 5190 3290 5269 Dei
3316 5190 3514 5269 uitelli-

1926 5279 2016 5339 gat
2048 5260 2258 5323 Patrem
2280 5260 2306 5322 ἐ
2341 5268 2429 5338 qui
2451 5260 2788 5324 ltinc'contra
2808 5260 3142 5339 Sabcl'lianos
3164 5265 3350 5339 aliusa
3379 5260 3516 5316 Filio

1926 5336 2253 5412 defenditur,
2300 5336 2441 5412 quod
2470 5356 2633 5412 super
2659 5339 2807 5394 illum
2850 5338 2941 5404 sit,
2993 5336 3093 5412 ipsi
3147 5337 3306 5412 adsit,
3339 5336 3512 5412 ipsum

1925 5408 2119 5467 Filium
2139 5406 2503 5483 cogitomittet.
2530 5406 2599 5467 Ᾰι
2624 5420 2772 5483 certe
2794 5426 2901 5466 non
2927 5406 3314 5483 existimandus
3337 5413 3418 5459 est
3442 5406 3511 5459 ita

1922 5494 1992 5538 eo
2039 5478 2256 5539 nomine
2279 5481 2491 5538 Patrem
2522 5482 2871 5547 intellexisse,
2902 5489 2957 5535 ut
2984 5478 3237 5548 Spiritum
3267 5484 3509 5548 sanctum

1925 5552 2404 5626 pariler_iutelligi
2453 5569 2611 5625 posse
2663 5555 2982 5626 negaverit:
3003 5547 3387 5626 ettm_snbintle
3414 5547 3511 5601 de-

1922 5620 2116 5688 claret,
2145 5623 2263 5680 ilth
2285 5620 2434 5681 sede
2454 5620 2666 5682 diversa
2692 5620 2839 5680 vocis
2868 5622 3095 5691 Spiritus
3127 5620 3223 5677 Dei
3250 5626 3513 5690 potest:th

1921 5696 2319 5771 demonstrare,
2354 5706 2546 5771 titqqno
2594 5715 2701 5771 quo
2744 5715 2803 5755 se
2844 5702 3057 5771 vertant
3104 5692 3367 5771 hzeretici,
3399 5691 3508 5771 vim

1918 5769 2188 5833 veritatis,
2224 5760 2323 5839 qua
2360 5760 2553 5829 Filium
2579 5760 2741 5836 unum
2763 5786 2884 5832 cum
2910 5767 3066 5831 Pall‘e
3094 5767 3385 5832 οιριιίιιιυε-
3417 5762 3508 5833 «4ου

1915 5839 2121 5902 clinare
2148 5857 2257 5901 non
2285 5842 2515 5915 possint.
