4094 6180
412 257 632 331 ⁵255

1729 251 1977 312 SANCTI
2015 253 2274 311 HILARII
2314 254 2622 314 EPISCOPI

3729 254 3843 313 9.53

528 375 659 445 tica,
690 373 769 449 (l)
794 372 888 431 sed
917 373 1215 447 apostolica
1239 369 1584 439 auctoritate,
1609 384 1733 427 cum
1755 369 1953 426 dicitur
1982 388 1996 425 :
2030 369 2138 427 Sed
2162 374 2213 434 Α
2240 373 2417 447 diliget
2468 390 2605 435 eum,
2635 384 2682 430 et
2708 374 2777 428 ad
2815 390 2930 430 eum
2958 374 3234 439 veniemus,
3267 381 3316 429 et
3341 373 3660 430 mansionem
3703 374 3848 445 apud

528 469 629 524 hoc
655 478 750 537 est,
781 468 921 540 quod
935 468 1129 522 dictum
1149 478 1221 521 est
1253 481 1342 535 per
1371 464 1697 536 prophetam,
1719 462 1829 518 Erit
1851 463 1905 517 in
1924 462 2143 517 novissi-

529 565 629 619 mis
650 562 850 631 diebus,
884 562 1010 616 dicit
1050 560 1325 627 Dominus,
1354 559 1620 627 eﬂundam
1642 558 1704 613 de
1726 558 1929 628 Spiritu
1948 574 2061 614 meo
2089 558 2144 613 in

532 671 734 710 omnem
777 670 1003 716 carnem,
1029 664 1075 709 et
1117 652 1486 726 prophetabunt
1514 652 1613 724 ﬁlii
1640 668 1818 707 eorum
1839 660 1885 706 et
1913 651 2038 722 ﬁlia:
2059 666 2146 706 eo-

530 767 647 805 rum
696 749 833 819 (Act.
867 764 927 817 tt,
958 747 1046 815 16,
1082 746 1245 819 seqq.)
1290 748 1356 803 Et
1382 755 1811 802 consummatum
1840 744 1944 801 hoc
1972 755 2141 800 totum

531 844 697 900 fuisse
728 843 783 897 in
821 839 1098 911 Apostolis
1123 840 1365 907 docetur,
1384 856 1505 896 cum
1533 842 1702 897 misso
1729 838 1935 911 Spiritu
1953 847 2143 896 sancto

533 951 724 994 omnes
744 936 823 1009 (a)
845 935 1041 1006 linguis
1066 935 1307 1013 gentium
1336 944 1461 991 sunt
1485 934 1671 990 locuti.

602 1029 695 1085 ‘26.
728 1027 793 1084 In
818 1029 964 1084 nobis
992 1038 1068 1084 est
1109 1028 1272 1089 Deus,
1293 1046 1409 1083 cum
1455 1026 1689 1084 Christus
1715 1044 1735 1094 ;
1757 1046 1873 1083 cum
1915 1028 2143 1098 Spiritus

533 1120 746 1189 Christi,
772 1120 1003 1192 Spiritus
1035 1120 1150 1175 Dei.
1181 1117 1311 1175 Filii
1340 1130 1387 1175 et
1416 1119 1590 1175 Patris
1608 1133 1794 1175 natura
1814 1119 2144 1175 una.-—-Hazc

532 1224 715 1270 autem
773 1213 976 1269 idcirco
1029 1221 1157 1267 sunt
1209 1211 1577 1268 demonstrata
1642 1211 1970 1280 necessario,
1998 1218 2059 1266 ut
2088 1212 2142 1267 in

536 1321 937 1377 quamcumque
967 1321 1025 1389 se
1053 1305 1184 1361 licet
1216 1318 1419 1376 partem
1446 1305 1699 1361 hmretica
1723 1305 1927 1360 falsitas
1954 1315 2145 1362 contu-

538 1401 713 1467 lisset,
744 1399 939 1456 finibus
968 1382 1146 1455 tamen
1177 1408 1339 1470 atque
1369 1399 1683 1471 prtescripto
1709 1400 1951 1454 veritatis
1974 1414 2140 1455 evan-

536 1494 724 1566 geliea:
748 1492 1188 1548 concluderetur.
1214 1491 1428 1548 Habitat
1448 1492 1594 1546 enim
1618 1491 1670 1545 in
1697 1492 1855 1547 nobis
1876 1491 2141 1548 Christus:

535 1598 593 1644 et
622 1586 897 1643 habitante
926 1586 1165 1654 Christo,
1200 1586 1404 1643 habitat
1432 1586 1594 1641 Deus.
1625 1584 1693 1640 Et
1714 1601 1833 1640 cum
1866 1584 2071 1641 habitat
2091 1587 2144 1641 in

536 1684 695 1740 nobis
717 1684 950 1756 Spiritus
972 1682 1172 1738 Christi
1203 1700 1218 1749 ;
1248 1683 1525 1739 habitante
1554 1692 1738 1739 tamen
1761 1683 1813 1737 in
1843 1683 1998 1738 nobis
2018 1681 2143 1753 Spi-

2246 481 2361 519 eum
2401 465 2648 536 faciemus
2678 463 2885 538 (Joan.,
2923 482 3036 533 xxv,
3064 464 3181 539 25).
3218 466 3319 522 Per
3347 466 3398 521 id
3427 466 3593 533 enim,
3633 466 3843 538 Spiritu

2243 555 2446 613 Christi
2478 558 2534 613 in
2566 558 2724 614 nobis
2757 568 3031 624 manente,
3058 560 3152 615 Dei
3180 559 3439 630 Spiritum
3471 560 3522 614 in
3552 560 3708 616 nobis
3731 576 3854 618 ma-

2245 664 2375 706 nere
2406 658 2634 707 testatus
2664 661 2769 713 est,
2800 668 2901 707 nec
2945 652 3216 707 diversum
3261 668 3292 707 a
3346 668 3406 708 se
3435 667 3557 709 esse
3585 654 3849 724 Spiritum

2244 757 2275 797 a
2300 745 2525 799 mortuis
2552 743 2634 815 (3)
2664 744 2879 800 excitati
2903 743 2975 820 (c)
3007 753 3063 802 et
3089 744 3351 816 Spiritum
3388 761 3418 801 a
3446 745 3674 804 mortuis
3703 747 3857 805 exci-

2247 838 2672 894 tantis.Veniunt
2698 839 2864 905 enim,
2892 850 3053 909 atque
3076 838 3317 895 habitant
3337 840 3388 895 in
3414 839 3567 895 nobis
3593 856 3607 892 :
3631 850 3687 896 et
3715 855 3852 913 rogo

2246 942 2423 987 utrum
2448 928 2526 1003 (4)
2560 929 2638 1004 (ά)
2669 933 2923 987 comitatu
2950 931 3318 987 diversitatum
3345 932 3578 999 venient,
3611 934 3854 990 mansio-

2246 1042 2477 1097 nemque
2503 1026 2720 1089 facient,
2751 1041 2816 1080 an
2850 1025 3054 1081 unitate
3084 1026 3315 1081 natura}?
3336 1025 3441 1082 Sed
3468 1025 3730 1082 obnititur
3754 1026 3861 1083 do-

2246 1128 2363 1174 ctor
2390 1117 2651 1188 gentium,
2688 1133 2795 1173 non
2821 1117 2957 1172 duos
2986 1117 3231 1189 spiritus,
3264 1118 3361 1173 Dei
3390 1118 3598 1176 scilicet
3620 1128 3675 1175 et
3692 1118 3857 1177 Chri-

2245 1213 2335 1279 sli,
2371 1212 2470 1272 sed
2497 1214 2756 1284 Spiritum
2791 1214 3015 1282 Christi,
3045 1215 3135 1286 qui
3175 1222 3229 1269 et
3253 1214 3485 1285 Spiritus
3513 1214 3606 1270 Dei
3635 1223 3739 1281 est,
3769 1214 3856 1270 in-

2247 1322 2367 1364 esse
2390 1307 2765 1365 credentibus.
2798 1307 2919 1364 Non
2968 1318 3051 1363 est
3094 1307 3447 1373 cohabitatio,
3472 1307 3565 1364 sed
3596 1306 3862 1365 habitatio

2248 1409 2332 1455 est
2360 1418 2371 1452 :
2404 1399 2503 1453 sub
2524 1408 2863 1456 sacramento
2908 1410 3085 1455 tamen
3127 1398 3544 1455 cohabitationis
3572 1398 3860 1469 habitatio,

2247 1494 2375 1550 dum
2420 1510 2597 1567 neque
2627 1495 2734 1550 duo
2764 1494 2834 1566 (e)
2869 1495 3133 1562 habitant,
3168 1510 3344 1566 neque
3373 1494 3442 1550 ab
3467 1494 3573 1551 alio
3599 1484 3857 1552 diversus

2248 1587 2523 1644 habitator
2538 1596 2641 1643 est.
2672 1587 2770 1644 Est
2798 1588 2943 1643 enim
2974 1590 3026 1643 in
3058 1588 3215 1644 nobis
3242 1588 3478 1660 Spiritus
3504 1589 3622 1656 Dei,
3646 1587 3742 1645 sed
3769 1596 3862 1646 est

2250 1679 2303 1735 in
2336 1679 2493 1736 nobis
2518 1680 2752 1752 Spiritus
2779 1678 2985 1736 Christi
3018 1698 3030 1734 :
3059 1690 3114 1737 et
3141 1696 3260 1736 cum
3290 1681 3525 1753 Spiritus
3545 1678 3744 1736 Christi
3776 1680 3865 1736 iu-

535 1775 644 1831 ritu
671 1774 868 1831 Christi
903 1817 918 1842 ,
954 1790 1061 1831 non
1107 1775 1253 1831 alius
1282 1785 1460 1830 tamen
1490 1774 1709 1845 spiritus
1737 1774 1962 1841 habitat,
1987 1791 2147 1847 quam
2179 1775 2227 1837 B
2254 1786 2356 1839 est,
2386 1776 2527 1833 inest
2554 1776 2791 1847 Spiritus
2810 1776 2927 1832 Dei.
2955 1775 3031 1831 ita
3063 1791 3186 1830 cum
3209 1775 3350 1846 quod
3376 1774 3472 1831 Dei
3496 1782 3598 1840 est,
3622 1783 3675 1830 et
3699 1775 3865 1830 Chri-

543 1866 778 1939 Spiritus
806 1868 923 1923 Dei.
944 1867 1095 1936 Quod
1140 1867 1186 1923 si
1214 1882 1309 1937 per
1337 1867 1594 1936 Spiritum
1627 1875 1873 1922 sanctum
1901 1866 2148 1923 Christus

535 1958 591 2014 in
622 1961 778 2015 nobis
810 1974 932 2016 esse
984 1960 1319 2033 intelligitur,
1353 1961 1493 2015 hunc
1536 1970 1716 2017 tamen
1770 1961 1843 2016 ita
1886 1959 2146 2032 Spiritum

536 2052 656 2119 Dei,
678 2063 736 2109 ut
757 2052 1023 2121 Spiritum
1050 2053 1251 2110 Christi
1280 2068 1402 2111 esse
1420 2056 1751 2110 noscendum
1778 2064 1882 2111 est.
1908 2053 2144 2125 Etcum,

541 2144 619 2217 (2)
655 2145 728 2219 (b)
761 2161 857 2218 per
881 2156 1126 2202 naturam
1160 2148 1237 2203 rei
1283 2157 1473 2203 natura
1502 2148 1613 2217 ipsa
1638 2148 1843 2203 habitet
1874 2149 1924 2202 in
1950 2149 2143 2218 nobis;

538 2237 855 2295 indifferens
883 2248 1077 2295 natura
1122 2238 1248 2297 Filii
1294 2255 1419 2297 esse
1470 2240 1722 2297 credetur
1750 2257 1780 2295 a
1810 2241 1993 2309 Patre,
2023 2257 2145 2298 cum

538 2332 777 2405 Spiritus
828 2343 1078 2403 sanctus,
1108 2337 1199 2408 qui
1230 2343 1286 2391 et
1337 2334 1570 2405 Spiritus
1607 2334 1808 2391 Christi
1835 2344 1888 2391 et
1915 2335 2147 2405 Spiritus

539 2424 637 2483 Dei
665 2434 770 2495 est,
799 2442 889 2484 res
932 2435 1140 2483 naturae
1167 2442 1290 2485 esse
1316 2428 1718 2485 demonstretur
1745 2428 1922 2484 unius.
1951 2428 2146 2499 Quaero

541 2533 683 2574 nunc
711 2519 889 2590 igitur,
921 2518 1197 2591 quomodo
1227 2537 1335 2576 non
1364 2536 1430 2578 ex
1475 2531 1668 2578 natura
1710 2538 1873 2579 unum
1901 2523 2071 2579 sunt?
2100 2523 2143 2578 A

541 2621 695 2685 patre
733 2613 976 2684 procedit
1018 2614 1251 2685 Spiritus
1280 2618 1523 2673 veritatis
1551 2635 1564 2671 :
1597 2632 1627 2673 a
1652 2617 1791 2673 Filio
1820 2618 2067 2685 mittitur,
2091 2628 2148 2676 et

539 2706 739 2763 aFiIio
767 2708 982 2779 accipit.
1035 2708 1142 2766 Sed
1196 2713 1400 2779 omnia,
1452 2727 1573 2783 qua:
1626 2711 1788 2768 habet
1814 2711 1992 2778 Pater,
2026 2712 2145 2769 Filii

540 2811 668 2858 sunt
687 2819 700 2857 :
718 2803 986 2861 etidcirco
999 2804 1087 2875 qui
1102 2803 1171 2861 ab
1183 2820 1249 2861 eo
1267 2806 1483 2878 accipit,
1504 2805 1600 2863 Dei
1618 2807 1848 2878 Spiritus
1866 2807 2027 2881 232
2040 2818 2143 2872 est,

539 2897 636 2954 sed
671 2898 810 2955 idem
833 2908 888 2955 et
915 2898 1152 2970 Spiritus
1168 2899 1368 2956 Christi
1396 2909 1497 2958 est.
1531 2902 1638 2958 lies
1663 2910 1869 2961 natura:
1896 2900 2017 2957 Filii
2062 2912 2146 2958 est

537 2988 763 3065 (supple,
795 2991 1076 3064 Spiritus),
1094 2992 1186 3050 sed
1201 2992 1388 3050 eadem
1412 3008 1501 3051 res
1529 3003 1585 3049 et
1615 3003 1821 3050 natura:
1845 2994 2018 3050 Patris
2039 3006 2140 3051 est.

536 3080 838 3141 Excitantis
859 3084 1134 3143 Christttm
1165 3102 1192 3140 a
1221 3091 1450 3143 mortuis
1469 3088 1702 3158 Spiritus
1729 3095 1813 3143 est
1837 3104 1853 3153 ;
1877 3088 1972 3145 sed
2000 3087 2141 3143 idem

2252 1870 2319 1925 sti
2347 1879 2471 1938 est;
2503 1881 2558 1925 et
2586 1883 2707 1925 cum
2735 1868 2877 1939 quod
2907 1866 3111 1924 Christi
3142 1878 3245 1934 est,
3277 1868 3373 1924 Dei
3401 1877 3522 1922 est:
3552 1884 3655 1922 non
3679 1876 3866 1939 potest

2253 1963 2396 2019 aliud
2419 1964 2545 2034 quid
2575 1963 2847 2019 diversum
2874 1961 2942 2035 (f)
2971 1963 3216 2018 Christus
3236 1976 3377 2027 esse,
3407 1975 3565 2032 quam
3591 1960 3734 2016 Deus
3751 1968 3861 2016 est.

2253 2058 2395 2114 Deus
2422 2058 2583 2128 igitur
2605 2055 2852 2112 Christus
2874 2053 3050 2129 est(5)
3067 2054 3149 2129 (g)
3169 2068 3307 2109 unus
3322 2067 3445 2107 cum
3466 2051 3576 2106 Deo
3600 2050 3859 2122 Spiritus.

2322 2151 2413 2208 28.
2447 2152 2630 2206 Ariani
2654 2168 2687 2205 a
2712 2149 2918 2219 Spiritu
2960 2157 3139 2203 sancto
3189 2147 3347 2201 alieni
3386 2145 3647 2201 Christum
3695 2143 3864 2198 Deum

2251 2255 2459 2320 negant,
2487 2253 2533 2299 et
2551 2256 2719 2300 tamen
2744 2243 3019 2297 colunt.——
3047 2241 3117 2296 Et
3146 2239 3280 2296 illud
3311 2238 3679 2310 evangelicum
3704 2254 3716 2290 :
3743 2234 3864 2309 Ego

2251 2347 2295 2392 et
2326 2335 2482 2391 Pater
2507 2354 2664 2392 unum
2698 2352 2878 2390 sumus
2906 2333 3115 2406 (Joan.,
3146 2350 3204 2399 χ,
3233 2331 3349 2405 50),
3379 2331 3540 2387 docet
3568 2330 3865 2401 Apostolus

2256 2430 2518 2485 unitatem
2546 2444 2667 2485 esse
2695 2437 2924 2497 naturae,
2948 2442 3055 2481 non
3079 2424 3433 2483 solitudinem
3458 2423 3694 2490 unionis,
3717 2423 3864 2478 scri-

2252 2522 2394 2578 bens
2423 2520 2719 2577 Corinthiis
2750 2539 2763 2575 :
2792 2518 3015 2590 Propter
3037 2519 3174 2590 quod
3198 2528 3369 2573 notum
3393 2518 3529 2593 facio
3551 2517 3712 2585 vobis,
3735 2518 3865 2589 quia

2252 2633 2402 2671 nemo
2458 2616 2511 2669 in
2545 2616 2748 2686 Spiritu
2781 2614 2873 2670 Dei
2929 2615 3011 2686 (h)
3064 2614 3187 2669 dicit
3241 2613 3515 2670 anathema
3539 2612 3620 2687 (6)
3651 2613 3860 2669 .lesum.

2253 2707 2443 2765 Scisne
2472 2724 2634 2772 nunc.
2665 2707 2941 2775 hmretice,
2976 2708 3029 2762 in
3082 2721 3189 2778 quo
3241 2706 3434 2778 spiritu
3487 2705 3634 2763 dicas
3686 2705 3854 2763 Chri-

2250 2814 2393 2860 stum
2432 2813 2735 2859 creaturam
2757 2802 2799 2876 (l
2831 2802 2976 2868 Cor.,
3002 2818 3099 2868 xu,
3122 2800 3178 2874 5)
3209 2801 3232 2857 ?
3259 2801 3393 2858 Cum
3437 2801 3580 2857 enim
3619 2802 3675 2857 in
3718 2816 3857 2857 ana-

2251 2897 2490 2954 themate
2512 2898 2638 2965 sint,
2671 2897 2762 2968 qui
2784 2895 3090 2953 servierunt
3119 2904 3380 2953 creaturae
3399 2895 3557 2970 233
3590 2895 3655 2971 (i)
3677 2897 3861 2969 potius

2249 3008 2411 3066 quam
2433 2992 2674 3050 Creatori
2699 2991 2902 3063 (Ilom.,
2924 3006 2963 3059 ι,
2986 2990 3102 3061 25);
3117 2988 3390 3046 Christum
3405 2996 3707 3045 creaturam
3725 3006 3864 3047 con-

2250 3086 2434 3155 fitens,
2458 3085 2586 3158 quid
2612 3085 2687 3142 sis
2710 3085 2972 3155 intellige,
3006 3085 3096 3157 qui
3126 3100 3232 3140 non
3263 3084 3478 3155 ignores
3501 3082 3629 3149 quin
3651 3084 3705 3139 in
3736 3100 3860 3141 ma-

537 3176 772 3248 Spiritus
799 3179 997 3236 ChriSIi
1031 3186 1116 3236 est
1140 3194 1170 3233 a
1217 3180 1449 3236 mortuis
1475 3179 1715 3236 excitati.
1746 3181 1802 3235 In
1833 3180 2013 3252 aliquo
2036 3180 2137 3236 dif-
2165 3181 2211 3245 C
2242 3178 2440 3236 ledicto
2495 3180 2567 3234 sit
2616 3177 2807 3249 religio
2856 3188 3140 3233 creaturae.
3173 3175 3241 3231 Et
3279 3176 3404 3248 quid
3444 3184 3703 3248 sequatur
3754 3176 3859 3231 ad-

510 3268 679 3332 ‘ferat
704 3272 909 3329 Christi
939 3282 992 3328 et
1018 3273 1116 3328 Dei
1143 3281 1355 3339 natura,
1378 3290 1447 3328 ne
1476 3273 1667 3330 eadem
1698 3275 1802 3341 sit;
1827 3275 1872 3330 si
1900 3278 2143 3345 przesmri

541 3375 725 3439 potest
750 3377 806 3420 ut
832 3364 1087 3436 Spiritus,
1119 3364 1210 3436 qui
1240 3366 1338 3421 Dei
1366 3375 1472 3430 est,
1497 3384 1604 3422 non
1635 3369 1706 3424 sit
1732 3378 1787 3423 et
1810 3367 2033 3425 Christi.

605 3458 699 3513 27.
733 3456 861 3513 Filii
907 3467 956 3514 et
1007 3455 1183 3512 Patris
1226 3474 1330 3512 una
1366 3460 1508 3529 apud
1530 3476 1621 3517 nos
1669 3461 2018 3517 habitutio.-—-
2036 3463 2142 3520 Sed

539 3559 615 3620 te,
648 3551 926 3617 hmretice,
978 3549 1274 3617 furentem,
1302 3560 1357 3607 et
1404 3552 1594 3622 spiritu
1648 3553 1909 3611 doctrina:
1955 3558 2144 3611 morti-

536 3646 667 3704 fera:
696 3646 1084 3702 circumactum
1115 3653 1263 3700 tenet
1293 3653 1349 3700 et
1367 3654 1608 3702 coarctat
1631 3645 1950 3718 Apostolus,
1980 3649 2138 3705 Chri-

534 3748 679 3797 stum
711 3738 868 3796 nobis
897 3738 1303 3795 fundamentum
1355 3753 1563 3808 ponens
1614 3738 1740 3796 fidei
1795 3740 1839 3811 (1
1863 3739 2010 3809 Cor.,
2052 3757 2140 3808 ιιι,

536 3832 653 3905 11),
680 3831 810 3888 dicti
853 3830 1015 3902 hujus
1043 3844 1261 3902 quoque
1297 3829 1554 3886 dominici
1615 3847 1719 3887 non
1778 3834 2030 3888 nescius:
2082 3836 2143 3891 Si

539 3926 653 3997 quis
682 3925 849 3997 diligit
873 3941 970 3991 me,
1002 3933 1048 3979 et
1075 3924 1280 3978 uerbum
1292 3939 1461 3979 meum
1477 3924 1694 3981 servabit
1721 3941 1741 3982 :
1769 3935 1816 3981 et
1834 3935 1978 3998 pater
2000 3942 2144 3983 meus

637 4071 693 4137 1)
726 4068 834 4124 Sed
862 4077 912 4123 et
933 4070 1237 4136 apostolica.

631 4139 689 4196 2)
722 4138 829 4196 Per
855 4147 1096 4194 naturam
1116 4137 1236 4193 Dei.

638 4209 691 4281 5)
722 4209 1116 4266 Excitatilesu.
1150 4211 1297 4281 Mox,
1328 4212 1595 4270 excitantis
1612 4209 1813 4270 Iesum.

632 4280 690 4339 4)
717 4280 976 4339 Comitatu
1004 4283 1214 4339 diversi.

634 4420 687 4492 a)
716 4420 882 4492 Editi,
914 4428 1145 4492 excepto
1174 4420 1327 4487 Par.,
1359 4435 1540 4476 omnes
1576 4422 1801 4492 linguas.

634 4440 664 4474 ll
719 4440 882 4488 hall],
914 4440 1145 4492 ειεεριο
1177 4440 1327 4487 rar.,
1359 4440 1540 4476 omnes
1576 4440 1648 4476 ιιιι
1689 4440 1801 4479 uas.

633 4440 687 4563 ὁ)
713 4491 1056 4570 Praeferimus
1082 4507 1208 4570 cum
1230 4499 1414 4548 vetere
1438 4508 1542 4547 ms.
1564 4440 1720 4549 Colgb.
1749 4502 1805 4550 et
1831 4493 2020 4553 Germ.
2050 4516 2141 4570 per

536 4575 779 4620 nonnum
808 4563 902 4636 rei,
952 4563 1183 4619 inversis
1212 4573 1413 4627 tamen,
1449 4574 1504 4617 ut
1535 4580 1679 4635 saepe
1706 4580 1807 4622 usu
1844 4570 2010 4636 venit,
2047 4563 2143 4627 vo-

536 4635 745 4691 cabulis
772 4635 892 4689 scil.
921 4650 1041 4706 pro,
1068 4651 1159 4706 per
1179 4643 1377 4706 natura:
1404 4636 1606 4691 rem.ln
1637 4636 1790 4693 libris
1818 4639 1939 4696 aliis
1970 4635 2137 4698 habe-

538 4717 625 4763 tur
652 4724 742 4778 per
772 4703 1014 4761 naturam
1050 4703 1299 4778 Dei.Ab
1331 4706 1456 4762 hinc
1488 4722 1806 4778 responsum
1836 4712 1888 4767 in
1928 4727 2022 4769 eos
2050 4730 2142 4771 ac-

536 4778 937 4906 fommodatur,
969 4777 1061 4851 qui
1110 4777 1373 4849 Spiritum
1400 4779 1497 4836 Dei
1521 4777 1637 4836 rem
1659 4789 1867 4838 natura:
1894 4797 2017 4842 esse
2046 4802 2142 4843 vo-

559 4860 672 4906 cut.

559 4860 672 4906 cut.

612 4921 687 4996 (c)
712 4922 846 4979 Hinc
875 4936 1061 4996 vocem
1112 4919 1263 4987 Iesu,
1292 4937 1505 4979 necnon
1534 4922 1714 4979 Iesum
1761 4936 1884 4995 post
1913 4927 2139 4985 verbum

536 4994 831 5061 excitantis,
865 4994 1182 5050 susmlimus
1205 4997 1526 5066 auctoritate
1548 4994 1811 5066 potiorum
1838 5014 1969 5054 mss.

609 5067 690 5137 (ά)
720 5066 1069 5141 Martinianus
1119 5065 1313 5141 codex,
1364 5065 1603 5141 comitatu
1636 5069 1840 5123 diversi.
1895 5072 2140 5141 Amplius

540 5142 726 5193 nescio
748 5140 874 5207 quid
904 5138 1339 5210 habetcomitatu
1370 5140 1741 5206 diversitatum,
1776 5151 1924 5210 puta,
1956 5138 2024 5198 an
2052 5160 2141 5199 ra-

540 5210 615 5264 tio
641 5210 802 5264 simul
858 5207 1108 5282 veniendi
1157 5210 1259 5264 sita
1298 5209 1369 5263 sit
1394 5212 1448 5282 in
1486 5213 1717 5282 quadam
1763 5207 2137 5272 diversitatum

536 5284 812 5352 congerie,
837 5296 904 5336 au
934 5281 987 5335 in
1019 5280 1226 5352 unitate
1252 5280 1497 5337 natut’ae?

613 5348 684 5429 (ἐ)
716 5354 915 5425 Supple
936 5394 950 5418 ,
1001 5348 1234 5429 Spiritus
1261 5369 1280 5407 :
1313 5354 1457 5429 alias
1495 5352 1913 5429 cohabitationis
1958 5372 2137 5415 saera-

539 5422 780 5485 mentum
798 5422 915 5483 non
938 5424 1060 5487 erit,
1080 5422 1181 5477 nisi
1204 5423 1312 5479 duo
1338 5425 1582 5482 habitent
1613 5429 1855 5495 persmtis
1871 5428 2135 5489 distincti.

537 5498 674 5555 Tum
704 5502 756 5556 in
788 5515 891 5555 ms.
923 5495 1047 5552 Vat.
1076 5495 1190 5568 bas.
1226 5512 1384 5568 neque
1425 5498 1487 5553 ab
1517 5500 1620 5556 alio
1650 5501 1880 5559 diversus
1905 5519 1962 5557 co
1988 5502 2132 5559 habi-

539 5577 925 5699 tltlztoiieposset
974 5566 1102 5625 ferri
1155 5566 1386 5625 diversus
1414 5571 1759 5637 cohabitator.
1803 5574 1947 5649 quod
1975 5574 2139 5637 habet

594 5662 652 5699 ar
678 5660 907 5699 mutnus.

594 5646 907 5699 artinianus.

617 5715 683 5789 (ί)
708 5715 830 5771 Vat.
862 5715 976 5793 bas.
1001 5719 1173 5793 codex
1195 5716 1487 5793 ethlartiu.
1521 5716 1716 5777 Christi
1740 5736 1848 5778 esse
1871 5736 2026 5793 quam
2038 5720 2137 5779 Dei

543 5782 795 5845 esiYuon
828 5790 953 5843 sunt.
984 5782 1299 5853 recipiendi.

2167 4433 2224 4496 D

2250 3284 2404 3331 verte
2440 3290 2453 3328 :
2483 3272 2552 3328 Et
2574 3288 2721 3328 nemo
2751 3281 2917 3345 potest
2942 3270 3110 3325 dicere
3137 3267 3417 3325 Dominum
3442 3268 3646 3333 desum,
3676 3272 3779 3326 nisi
3801 3270 3859 3326 in

2249 3366 2453 3437 Spiritu
2505 3375 2682 3419 sancto
2705 3364 2748 3435 (l
2773 3361 2916 3431 Cor.,
2954 3379 3048 3430 xu,
3078 3361 3157 3434 5).
3204 3360 3455 3418 Sentisne
3480 3362 3608 3433 quid
3637 3363 3733 3418 tibi
3756 3363 3859 3420 de-

2244 3458 2334 3525 sit,
2373 3459 2442 3532 (j)
2470 3456 2689 3513 Christo
2716 3455 2962 3529 negando
2987 3453 3131 3527 quod
3160 3469 3317 3509 suum
3332 3465 3414 3509 est
3436 3455 3458 3509 ?
3484 3454 3541 3510 Si
3571 3470 3666 3526 per
3691 3464 3859 3511 natu-

2246 3567 2362 3609 ram
2415 3552 2507 3607 Dei
2554 3548 2803 3606 Christus
2832 3548 2927 3604 tibi
2955 3548 3216 3603 Dominus
3255 3559 3361 3614 est,
3394 3545 3561 3602 habes
3588 3547 3858 3617 Spiritum

2247 3654 2492 3700 sanctum
2520 3661 2532 3697 :
2562 3642 2608 3699 si
2638 3658 2766 3698 vero
2789 3657 2884 3713 per
2907 3640 3217 3712 adoptivum
3246 3654 3445 3696 nomen
3475 3639 3562 3695 hic
3599 3639 3858 3698 dominus

2248 3738 2577 3809 est-,Spiritu
2619 3748 2810 3793 sancto
2839 3750 3056 3803 carens,
3095 3732 3289 3805 spiritu
3317 3732 3522 3790 erroris
3549 3734 3809 3790 auimaris
3838 3752 3855 3790 :

2249 3834 2375 3904 quia
2431 3845 2594 3887 nemo
2645 3830 2747 3886 nisi
2776 3830 2829 3886 in
2874 3827 3078 3900 Spiritu
3106 3837 3295 3884 sancto
3336 3826 3620 3882 Dominum
3663 3826 3857 3885 Iesum

2254 3925 2658 3999 potestdicere.
2709 3923 2777 3979 Et
2819 3931 2872 3979 tu
2928 3932 3235 3980 creaturam
3291 3935 3413 3978 eum
3463 3922 3640 3992 potius
3687 3937 3855 3994 quam

2347 4070 2403 4143 5)
2437 4070 2605 4128 Unius
2635 4084 2734 4141 pro
2762 4069 3011 4143 ejusdem.

2347 4072 2403 4143 5)
2437 4072 2605 4128 Unius
2635 4084 2734 4141 pro
2764 4072 3011 4138 ejusdem.

2322 4072 2407 4216 i6)
2428 4143 2578 4210 Iesu,
2612 4158 2718 4198 non
2748 4139 2947 4210 Iesum,
2971 4140 3024 4196 in
3052 4146 3238 4197 nostro
3267 4137 3474 4197 codice.
3520 4138 3664 4207 Mox,
3696 4135 3856 4208 dicis,

2248 4215 2356 4274 non
2379 4215 2543 4271 dicas.

2279 4428 2634 4555 1.(g)lu_mss.
2660 4425 2875 4483 Martio.
2919 4425 3113 4493 Carm,
3139 4422 3330 4494 Corb.,
3354 4421 3500 4480 Prat.
3546 4429 3600 4480 et
3639 4422 3862 4496 aliquot

2302 4518 2388 4555 IIS.
2411 4517 2585 4555 umus.

2245 4515 2388 4558 aliis.
2411 4517 2585 4557 umus.

2317 4541 2669 4644 ih’)""’.ei'butu
2698 4573 2909 4644 loquens
2937 4569 3023 4625 hie
3051 4567 3257 4644 addunt
3281 4562 3432 4644 editi,
3452 4567 3725 4644 quodnon
3753 4567 3860 4637 hav

2244 4640 2400 4709 bent,
2431 4646 2526 4700 lib.
2557 4660 2619 4711 ιι,
2653 4661 2707 4699 ιι.
2736 4640 2828 4709 54,
2862 4657 3034 4709 neque
3073 4640 3159 4695 hic
3184 4640 3488 4710 reperimus
3520 4641 3618 4695 uisi
3645 4640 3697 4694 in
3739 4656 3855 4698 uno

2243 4718 2553 4771 recentiore
2580 4733 2681 4770 ms.
2705 4714 2860 4771 Colb.
2893 4714 3017 4769 Mox
3048 4715 3101 4768 in
3128 4712 3342 4769 Martia.
3367 4719 3422 4767 et
3453 4711 3578 4775 aliis
3603 4714 3849 4769 nonnul-

2244 4787 2337 4853 lis,
2355 4786 2505 4851 Jesu,
2538 4803 2642 4843 non
2668 4787 2869 4843 Iesum.

2317 4852 2583 4933 (ilSimiIi
2623 4859 2830 4933 ratione
2849 4856 3167 4915 Ambrosius
3190 4898 3208 4925 ,
3238 4856 3336 4933 lib.
3360 4870 3379 4911 ι
3405 4855 3474 4912 de
3495 4852 3650 4922 Fide,
3673 4855 3853 4933 ςεβϐ,

2243 4947 2300 4986 ιι.
2328 4927 2444 4987 ’104
2474 4949 2486 4985 :
2515 4930 2541 4984 Ι
2548 4947 2636 5002 pse
2678 4930 2891 5002 Paulus
2916 4939 3163 5002 creatur-te
3207 4930 3396 5002 seruire
3432 4944 3537 5002 nos
3566 4927 3804 4997 prohibes
3835 4944 3860 4984 :

2281 4999 2675 5057 nemodmodum
2710 5017 2829 5073 ergo
2855 5001 3057 5056 Christo
3077 4999 3453 5073 ipsegserviret.
3492 4999 3541 5073 si
3558 5007 3856 5073 creaturam

2281 5019 2675 5057 uemaamoaum
2710 5019 2829 5073 ergo
2855 5019 3057 5056 onusto
3077 5019 3187 5071 ipse
3226 5019 3453 5061 serviret.
3492 5019 3536 5053 st
3558 5019 3855 5055 creaturam

2241 5019 2505 5129 Zhristum
2535 5074 2773 5140 putaret?
2830 5072 2906 5127 Ex
2931 5087 3038 5141 quo
3058 5071 3331 5126 concludit
3354 5088 3369 5124 :
3396 5071 3499 5125 Aut
3524 5070 3681 5141 igitur
3703 5070 3855 5126 deti-

2243 5146 2555 5200 nantcolere
2582 5162 2729 5214 quem
2772 5153 3061 5199 creaturam
3099 5144 3381 5214 appellant.
3405 5151 3495 5196 aut
3534 5142 3854 5198 desinant...

2243 5218 2412 5272 dicere
2449 5226 2736 5272 creaturam
2762 5234 2776 5269 :
2799 5225 2854 5271 et
2881 5230 2934 5271 c.
2960 5216 3047 5280 11,
3081 5233 3135 5272 ιι.
3160 5214 3230 5271 b9
3263 5233 3276 5268 :
3316 5215 3378 5271 Si
3406 5215 3633 5268 alienum
3659 5224 3855 5284 putant

2242 5288 2448 5353 Deum,
2485 5305 2579 5342 cur
2628 5288 2845 5343 adorant
2885 5288 3173 5341 eum?cum
3208 5285 3460 5354 scriptum
3501 5285 3567 5339 sit
3606 5301 3628 5340 :
3661 5283 3854 5354 Neque

2243 5359 2482 5416 adorabis
2524 5359 2688 5414 Deum
2736 5359 2983 5414 alienum.
3033 5357 3180 5413 Idem
3223 5364 3599 5428 argumentum
3646 5355 3851 5428 adver-

2241 5447 2337 5488 sus
2359 5431 2590 5488 Arianos
2622 5442 2680 5489 ut
2702 5442 2968 5487 creaturae
3006 5430 3242 5485 cultores
3280 5428 3574 5485 conficiunt
3598 5427 3852 5485 Athana-

2241 5504 2376 5570 sius,
2407 5504 2424 5538 '
2454 5505 2658 5570 uilius,
2685 5502 2978 5574 Gregorius
2995 5502 3180 5574 Nyss.,
3209 5512 3315 5574 etc_.

2312 5576 2388 5652 (j)
2438 5576 2567 5634 Mss.
2595 5571 2990 5652 Cartt.,'Co_lb.,
3039 5571 3845 5652 G_erttt._Christumnnegando.

2239 5643 2464 5705 Plawn'um
2494 5658 2576 5706 est
2603 5648 2847 5718 proxima
2869 5644 3113 5718 Apostoli
3142 5645 3305 5702 verba
3326 5644 3404 5718 sic
3431 5645 3499 5718 ab
3522 5643 3732 5718 AHilariu
3754 5646 3848 5701 iu-

2240 5721 2492 5791 tettecta:
2523 5714 2692 5776 Neirio
2718 5728 2883 5791 potest
2918 5714 3091 5778 dicere
3133 5724 3190 5777 et
3231 5716 3478 5780 conﬁteri
3504 5714 3690 5776 lesum
3730 5726 3850 5777 esse

2240 5784 2539 5865 Dominum,
2564 5810 2594 5847 ιι
2604 5792 2684 5864 isi,
2715 5784 2821 5850 etc.
