4094 6180
216 262 319 324 257

1462 246 1550 309 DE
1591 238 1964 308 TRlNlTATE
2005 233 2212 302 LIBER
2249 236 2386 300 Vill.

3415 225 3524 291 238

218 380 383 435 Deum
415 376 626 445 dicens.
656 370 935 430 άοηιίηυητ
982 368 1107 430 "cei
1160 383 1497 442 “uncupanso
1527 370 1811 426 Dominum
1841 367 1895 429 Α
1917 383 2136 438 audistis
2162 382 2225 437 de
2250 397 2337 437 ore
2363 396 2496 444 meo,
2522 375 2775 447 quoniam
2794 370 3025 431 Joannes
3052 369 3331 447 baptizavit
3360 384 3519 436 aqua,

218 484 396 529 tamen
452 485 575 526 esse
624 484 736 524 non
788 467 1119 538 dicis;qoia
1167 465 1261 523 tibi
1315 462 1392 540 (η)
1441 481 1505 521 ex
1551 463 1823 521 communi

216 578 416 636 genere
445 562 627 633 potius
656 569 711 617 et
756 559 1009 614 familiari
1058 559 1296 628 nomine,
1330 572 1488 628 quam
1536 573 1603 613 ex
1634 569 1823 613 natura

217 656 285 714 sit
314 655 603 711 Dominus.
628 652 735 710 Sed
770 651 849 726 (ὁ)
876 667 905 706 a
935 652 1103 708 Paulo
1131 651 1280 708 disce
1305 658 1573 707 naturam.

286 751 378 808 29.
415 750 714 807 Gratiarum
752 748 1052 805 divisiones.
1076 782 1147 792 —
1170 748 1425 821 Sequitur
1461 748 1605 805 enim
1634 766 1646 802 :
1681 747 1826 803 Divi-

216 845 387 900 siones
413 856 587 900 autem
619 845 874 899 donorum
914 854 1053 912 sunt,
1085 843 1219 897 idem
1248 853 1415 898 autent
1443 841 1670 912 Spiritus
1709 850 1824 909 est;

219 947 268 994 et
297 938 575 993 divisiones
605 937 1007 991 ministeriorum
1037 946 1176 1003 sunt,
1201 946 1247 991 et
1270 937 1402 990 idem
1419 937 1524 1007 ipse
1542 934 1823 1002 Dominus;

222 1039 273 1088 et
300 1032 576 1086 divisiones
610 1031 965 1101 Operatiottum
1004 1038 1122 1084 sunt
1142 1072 1156 1095 ,
1201 1028 1336 1084 idem
1367 1039 1536 1083 autem
1560 1028 1715 1094 Deus,
1739 1029 1827 1098 qui

221 1134 462 1195 operatur
482 1123 655 1178 omnia
692 1123 744 1177 in
765 1123 1019 1177 omnibus.
1049 1119 1334 1194 Unicuique
1362 1131 1528 1177 autem
1550 1121 1701 1175 datur
1716 1139 1826 1176 ma-

220 1216 482 1289 uifestatio
515 1215 744 1289 Spiritus
768 1214 864 1289 (e),
889 1216 958 1269 ad
985 1216 1040 1270 id
1068 1217 1204 1287 quod
1247 1217 1371 1272 utile
1411 1227 1482 1272 est
1507 1215 1669 1289 (Ibid.
1694 1218 1751 1283 4,
1777 1227 1826 1272 et

223 1313 412 1382 seqq.).
454 1308 514 1364 lo
547 1309 799 1380 [inescati
832 1323 1085 1365 sermone
1113 1308 1463 1380 quadrimoda
1503 1309 1825 1380 signiﬁcatio

223 1402 563 1475 intelligitur,
595 1418 718 1458 cum
749 1403 800 1458 in
835 1402 1101 1458 divisione
1131 1403 1394 1459 donorum
1424 1402 1565 1459 idem
1591 1403 1826 1475 Spiritus

222 1504 328 1563 est,
356 1506 417 1552 et
436 1496 490 1550 in
522 1495 789 1551 divisione
819 1495 1240 1552 ministeriorum
1263 1496 1403 1552 idem
1429 1498 1543 1568 ipse
1564 1496 1825 1553 Dominus

221 1598 331 1656 est,
363 1598 421 1647 et
447 1588 500 1645 in
530 1588 795 1645 divisione
822 1591 1194 1662 Operationum
1226 1589 1367 1645 idem
1400 1591 1545 1646 Deus
1565 1599 1670 1656 est,
1694 1589 1824 1646 etin

222 1682 472 1738 utilitatis
503 1682 724 1738 datione
760 1682 1127 1739 manilestatio
1152 1683 1408 1754 Spiritus.
1436 1685 1614 1753 Atque
1643 1693 1701 1738 ut
1731 1683 1827 1738 da-

1925 493 2014 532 vos
2043 487 2213 532 autem
2241 474 2443 543 Spiritu
2479 483 2656 527 sancto
2689 471 2975 543 tingentiui,
3008 484 3163 540 quem
3192 476 3242 519 et
3270 462 3533 533 accipietis

1925 587 2027 625 non
2054 578 2168 642 post
2210 567 2400 622 multos
2430 565 2523 621 hos
2558 566 2685 620 dies.
2745 563 2813 618 Et
2852 577 3064 619 rursum
3092 579 3105 614 :
3130 560 3236 617 Sed
3271 555 3534 628 accipietis

1926 663 2159 717 virtutem
2188 659 2573 731 superveniente
2606 656 2807 729 Spiritu
2848 665 3022 710 sancto
3068 654 3124 708 in
3163 669 3273 719 uos,
3302 659 3347 704 et
3390 647 3534 703 eritis

1927 754 2053 809 mihi
2072 763 2221 808 testes
2244 754 2295 807 in
2320 750 2632 815 Jerusalem,
2657 758 2703 804 et
2730 748 2869 803 omni
2890 747 3100 814 Judaea,
3121 755 3166 800 et
3194 740 3461 805 Samaria,
3488 746 3538 793 et

1925 864 2084 918 usque
2096 845 2162 901 ad
2174 845 2413 900 ultimum
2432 856 2581 900 terra:
2596 843 2735 914 (Act.
2751 859 2789 907 ι,
2804 840 2859 906 4,
2877 850 2922 896 et
2943 838 3098 913 seq.).
3116 835 3539 896 Promissioncm

1926 939 2127 1007 Patris,
2160 954 2278 1011 qum
2299 938 2366 995 de
2402 954 2496 995 ore
2530 938 2648 1008 ejus
2668 936 2849 993 audita
2888 945 2991 1003 est,
3027 930 3327 1004 exspectari
3354 929 3535 1000 jubet.

1927 1029 2087 1087 Certe
2107 1031 2270 1086 etiam
2291 1044 2435 1086 nunc
2456 1029 2573 1100 ejus
2592 1037 2829 1100 paternae
2851 1024 3230 1099 promissionis
3258 1019 3537 1093 eloquium

1926 1132 2030 1178 est.
2050 1121 2153 1179 Per
2167 1122 2264 1178 has
2279 1122 2438 1194 igitur
2449 1121 2704 1176 virtutum
2718 1118 3037 1175 elﬁcientias
3052 1116 3410 1172 manilestatio
3423 1112 3540 1183 Spi-

1927 1215 2067 1271 ritus
2108 1222 2211 1271 cst.
2237 1214 2422 1285 Neque
2442 1214 2586 1269 enim
2610 1215 2661 1268 in
2686 1213 2898 1269 occulto
2928 1220 3012 1267 est
3051 1207 3284 1280 Spiritus
3310 1206 3536 1271 donum,

1929 1306 2022 1363 ubi
2064 1322 2244 1364 sermo
2294 1306 2578 1378 sapientiae
2607 1316 2710 1371 est,
2760 1316 2813 1361 et
2845 1303 3005 1360 verba
3035 1302 3158 1356 vitae
3201 1292 3493 1355 audiuntur
3524 1313 3539 1353 :

1928 1402 2018 1457 vel
2064 1402 2155 1458 ubi
2215 1400 2410 1457 divinae
2468 1400 2793 1473 cognitionis
2837 1398 3058 1455 scientia
3102 1404 3218 1463 est,
3271 1409 3338 1449 ne
3380 1405 3545 1463 pecu~

1932 1495 2060 1553 dum
2124 1494 2287 1552 tnodo
2362 1512 2460 1569 per
2516 1496 2906 1567 ignorationem
2965 1492 3095 1559 Dei,
3160 1490 3281 1545 vitae
3342 1493 3544 1542 nostra:

1930 1592 2243 1661 ignoremus
2273 1600 2548 1645 auctorem
2577 1606 2590 1641 :
2617 1589 2697 1643 vel
2728 1604 2820 1660 per
2848 1586 3009 1642 iidem
3041 1584 3157 1650 Dei,
3185 1599 3254 1640 ne
3280 1596 3387 1637 non
3423 1593 3546 1635 cre-

1928 1681 2121 1739 dentes
2160 1684 2508 1754 Evangelium
2565 1681 2683 1750 Dei,
2732 1693 2885 1737 extra
2935 1676 3290 1748 Evangelium
3331 1675 3424 1730 Dei
3474 1671 3546 1728 si-

231 1776 308 1831 tio
332 1775 587 1831 utilitatis
632 1776 685 1832 in
731 1775 1167 1831 manifestatione
1195 1775 1427 1846 Spiritus
1474 1784 1826 1842 nosceretur;
1859 1764 1909 1828 B
1936 1790 2053 1831 mus
2089 1793 2102 1829 ε
2134 1776 2217 1831 vel
2258 1791 2354 1846 per
2400 1775 2599 1830 donum
2649 1773 3006 1840 curationum,
3053 1780 3110 1826 ut
3143 1771 3371 1843 gratiam
3402 1769 3545 1844 ejus,

229 1868 495 1924 continuo
534 1867 834 1939 subjectum
872 1876 997 1923 est:
1035 1866 1173 1922 Huic
1209 1868 1410 1938 quidem
1447 1885 1537 1939 per
1574 1867 1829 1938 Spiritum

232 1960 386 2016 datur
411 1977 583 2016 sermo
620 1961 909 2032 sapientiae,
948 1960 1043 2016 alii
1067 1973 1236 2016 autem
1274 1978 1441 2018 sermo
1482 1962 1709 2018 scientia:
1744 1979 1827 2018 se-

231 2055 456 2109 cundum
471 2054 707 2109 eumdent
732 2054 1006 2125 Spiritum,
1031 2054 1181 2109 alteri
1208 2065 1375 2109 autem
1404 2055 1532 2126 fides
1554 2053 1633 2128 (tl)
1664 2058 1716 2110 in
1745 2072 1830 2110 eo-

226 2145 336 2201 dem
361 2145 594 2215 Spiritu,
624 2146 716 2201 alii
735 2148 925 2202 donum
951 2148 1277 2201 curationum
1308 2147 1359 2202 in
1390 2147 1567 2202 eadem
1598 2147 1827 2217 Spiritu,

227 2239 313 2294 alii
357 2239 595 2311 operatio
634 2239 877 2294 uirtutum
902 2281 914 2305 ,
961 2239 1055 2295 alii
1096 2239 1401 2312 prophetia,
1454 2240 1548 2294 alii
1590 2240 1833 2294 discretio

241 2333 574 2403 Spirituum,
616 2335 708 2388 alii
747 2351 943 2407 genera
977 2336 1310 2406 linguarum,
1340 2335 1433 2391 alii
1477 2338 1832 2407 interpretatio

228 2425 525 2495 linguarum
554 2424 715 2497 (Ibid.
738 2469 752 2492 ,
780 2427 815 2482 8
836 2436 884 2482 et
906 2426 1095 2500 seqq.).

292 2518 384 2573 '50.
435 2517 674 2587 Spiritus
720 2520 1088 2589 manifestatio.
1115 2520 1277 2576 --Et
1319 2521 1535 2593 quidem
1584 2522 1659 2591 id,
1688 2523 1831 2595 quod

230 2617 477 2678 quartum
506 2624 633 2666 esse
655 2609 909 2678 diximus,
941 2612 990 2667 id
1021 2622 1125 2677 est,
1157 2614 1208 2667 in
1239 2612 1459 2671 datione
1482 2615 1729 2671 utilitatis
1759 2616 1832 2689 (e)

231 2700 464 2772 Spiritus
485 2703 999 2771 manilesmtionem,
1026 2706 1326 2761 absolutam
1344 2707 1502 2763 habet
1522 2708 1828 2780 intelligen-

232 2792 377 2849 tiam.
398 2793 567 2868 234
580 2795 1078 2852 Commemoratum
1100 2802 1243 2853 enim
1261 2808 1366 2864 est,
1391 2814 1491 2870 per
1509 2815 1641 2871 quas
1659 2800 1834 2857 datio-

230 2903 359 2944 num
382 2888 646 2945 utilitates
674 2890 791 2946 haec
813 2899 953 2946 esset
987 2891 1224 2962 Spiritus
1247 2892 1633 2949 manifestatio.
1670 2894 1723 2949 ln
1750 2895 1835 2950 bis

233 2996 468 3054 namque
494 2980 823 3039 divisionum
862 2984 1152 3040 virtutibus
1184 2999 1289 3040 non
1322 2988 1526 3042 incerta
1559 2988 1685 3042 doni
1731 2989 1833 3044 bu-

228 3074 316 3146 jus
340 3076 590 3132 ostensio
616 3086 722 3145 est,
754 3076 824 3133 de
851 3092 959 3149 quo
987 3076 1249 3134 Dominus
1276 3078 1343 3134 ad
1370 3079 1661 3150 Apostolus
1684 3080 1835 3138 dixe-

1931 1869 2022 1940 qui
2054 1868 2170 1924 haec
2200 1869 2406 1936 tribuit,
2433 1868 2806 1923 inﬁrmitatum
2834 1866 3116 1921 curatione
3140 1867 3545 1923 testemurzvel

1934 1975 2031 2031 per
2060 1963 2428 2032 operationem
2458 1961 2736 2026 virtutum,
2764 1969 2820 2015 ut
2847 1958 2988 2030 quod
3014 1958 3245 2030 agimus,
3278 1958 3372 2014 Dei
3420 1974 3543 2041 esse

1938 2052 2020 2128 (g)
2044 2053 2216 2111 virtus
2261 2054 2591 2126 intelligatur
2622 2071 2635 2107 :
2664 2054 2750 2109 vel
2800 2068 2894 2124 per
2940 2051 3299 2124 prophetiam,
3347 2059 3406 2107 ut
3448 2067 3546 2123 per
3588 2110 3595 2115 ,

1941 2149 2203 2204 doctrinae
2233 2148 2642 2219 intelligentiam
2673 2146 3035 2217 intelligantur
3061 2160 3127 2200 ex
3158 2144 3272 2201 Deo
3300 2143 3500 2200 eruditi
3528 2158 3545 2201 ι

1942 2242 2028 2296 vel
2075 2256 2170 2311 per
2217 2240 2598 2296 discretionem
2640 2238 2950 2310 spirituum,
3001 2252 3070 2293 ne
3114 2236 3285 2308 ignari
3343 2236 3537 2303 simus,

1936 2340 2127 2389 sancto
2154 2348 2220 2389 an
2248 2348 2505 2405 perverso
2532 2331 2725 2405 spiritu
2752 2331 2871 2403 quis
2899 2331 3150 2402 loquatur
3175 2346 3189 2383 :
3222 2329 3304 2386 vel
3333 2344 3427 2400 per
3447 2345 3541 2402 ge-

1936 2441 2068 2481 nera
2097 2426 2422 2496 linguarum,
2452 2436 2507 2481 ut
2533 2424 2611 2499 (It)
2641 2425 2694 2480 in
2726 2424 2937 2495 signum
2973 2422 3084 2479 dati
3108 2422 3340 2495 Spiritus
3370 2424 3545 2481 sancti

1946 2518 2248 2590 linguarum
2278 2535 2459 2575 sermo
2493 2519 2725 2574 donetur
2750 2517 2792 2591 (1
2825 2516 2944 2573 Cor.
2988 2532 3099 2585 xw,
3130 2516 3226 2589 6):
3262 2515 3342 2590 (ι)
3364 2516 3449 2573 vel
3486 2517 3544 2572 in

1947 2612 2392 2684 interpretatione
2426 2611 2752 2683 linguarum,
2793 2626 2861 2667 ne
2901 2610 3235 2682 ignoratione
3262 2608 3395 2665 ﬁdes
3440 2624 3540 2665 au-

1936 2704 2198 2762 dientium
2227 2706 2578 2776 periclitetur,
2609 2718 2733 2759 cum
2773 2704 3008 2775 linguam
3042 2702 3416 2773 ignorantibus
3441 2702 3546 2756 lin-

1937 2816 2054 2872 gua:
2082 2800 2462 2871 interpretator
2491 2798 2740 2854 absolvit.
2772 2796 2828 2853 ln
2869 2798 2951 2852 his
2992 2796 3153 2869 igitur
3196 2795 3447 2851 omnibus
3476 2795 3545 2852 ad

1938 2894 2221 2950 utilitatem
2246 2894 2538 2964 unicuique
2563 2891 2753 2950 divisis
2778 2890 3138 2949 manilestatio
3180 2890 3415 2963 Spiritus
3440 2899 3547 2960 est,

1942 3000 2039 3056 per
2080 2987 2177 3041 has
2217 2986 2426 3042 scilicet
2477 2985 2614 3041 data:
2660 2984 2949 3055 unicuique
2993 2984 3155 3058 235
3195 2981 3261 3057 (i)
3304 2982 3554 3040 utilitatis

1937 3078 2326 3135 admirationes
2352 3079 2498 3135 dono
2533 3078 2766 3149 Spiritus
2798 3094 2903 3133 non
2936 3077 3160 3134 latente.

234 3178 335 3233 rat,
377 3168 705 3239 praecipiens
743 3167 850 3236 his,
888 3170 954 3223 ne
1001 3172 1066 3223 ab
1105 3168 1449 3242 Jerosolymis
1485 3172 1837 3241 discedereut;
1864 3150 1910 3215 Ο
2014 3173 2105 3230 51.
2139 3172 2267 3229 Hcce
2292 3174 2429 3228 dona
2460 3174 2597 3228 alius
2640 3183 2791 3244 atque
2836 3172 2968 3227 alius
3008 3172 3253 3243 largitur,
3304 3180 3351 3227 et
3381 3179 3553 3225 tamen

239 3259 305 3333 (Ῑ)
323 3262 419 3317 sed
446 3270 751 3332 exspectate,
787 3261 987 3333 inquit,
1030 3263 1423 3331 promissionem
1455 3261 1650 3333 Patris,
1676 3283 1832 3338 quant

306 3424 390 3498 (Ι)
441 3424 534 3498 Vel,
551 3441 642 3496 per
680 3406 1167 3497 interpretationem,
1200 3426 1472 3497 quomodo
1508 3436 1665 3485 antea
1688 3429 1838 3488 dixe-

237 3497 439 3569 ratper
464 3497 640 3567 ﬁdem,
663 3514 753 3569 per
775 3498 986 3565 donum,
1013 3515 1103 3570 per
1132 3500 1499 3569 operationem,
1523 3511 1653 3569 etc.,
1678 3504 1840 3573 paulo

309 3642 389 3715 la)
435 3642 663 3711 Optima:
708 3650 849 3697 nota:
899 3656 1029 3697 mss.
1071 3639 1473 3715 Carn.,Germ.
1506 3659 1627 3699 cum
1672 3646 1844 3703 tribus

243 3714 587 3779 Colberlinis,
641 3730 705 3770 ea:
748 3716 1002 3768 communi
1038 3714 1207 3785 potius
1243 3725 1288 3767 et
1333 3715 1582 3785 familiari
1620 3719 1839 3775 nomine.

244 3785 395 3843 Unus
420 3788 749 3857 Sorbon.ea:
775 3787 1053 3851 communi,
1093 3785 1317 3857 generali
1348 3786 1540 3855 potius,
1587 3798 1693 3846 etc.
1722 3789 1840 3846 Vat.

244 3858 357 3914 bas.
416 3869 475 3913 et
518 3856 735 3913 Martin.
770 3872 836 3912 ea:
875 3856 1229 3913 communione
1272 3857 1472 3929 generis
1515 3869 1561 3913 et
1591 3860 1845 3929 familiari

244 3947 470 3984 normae.

317 4001 400 4073 (b)
438 3999 608 4070 Apud.
643 3998 735 4073 Er.
775 4010 827 4054 ct
859 4000 910 4054 in
942 4016 1049 4056 uno
1072 4017 1175 4057 ms.
1204 4001 1376 4059 Valic.
1399 4019 1430 4057 a
1463 4000 1634 4058 Paulo
1674 4013 1720 4057 et
1748 4002 1846 4058 Dei

244 4074 440 4145 spiritu
478 4075 529 4127 in
553 4088 612 4125 eo
643 4072 783 4145 disce
810 4084 1071 4145 naturam.
1105 4074 1260 4143 Apud
1289 4073 1437 4145 Lips.
1468 4082 1523 4128 et
1553 4075 1672 4129 Par.
1692 4144 1697 4145 ί
1720 4090 1847 4131 nec-

248 4140 353 4201 non
399 4144 458 4199 in
498 4158 600 4199 ms.
645 4140 807 4198 Corb.
846 4155 900 4197 ct
925 4143 1126 4215 aliquot
1152 4140 1293 4211 aliis,
1338 4140 1369 4198 ἁ
1399 4144 1568 4199 Paulo
1597 4156 1644 4199 et
1673 4144 1771 4200 Dei
1801 4155 1846 4200 et

249 4216 486 4287 Spiritus
523 4216 574 4268 in
594 4231 662 4287 _eo
701 4215 842 4287 disce
875 4224 1134 4287 naturam.
1166 4216 1222 4271 In
1264 4216 1437 4271 tribus
1466 4215 1619 4271 Coll).
1657 4228 1710 4272 ct
1741 4233 1847 4272 uno

249 4283 489 4344 Sprbon.
517 4304 549 4339 a
587 4283 758 4339 Paulo
789 4284 885 4340 Dei
907 4285 1165 4356 Spiritum
1192 4290 1243 4342 itt
1272 4305 1351 4354 eo,
1390 4299 1438 4343 et
1471 4287 1567 4342 Dei
1592 4288 1730 4344 disce
1754 4306 1851 4343 na-

251 4367 445 4413 turam.
465 4356 770 4430 Simplicius
795 4367 869 4425 et,
896 4367 951 4411 ut
976 4369 1250 4430 putamus.
1275 4360 1538 4416 sincerius
1568 4360 1724 4426 Bad.,
1752 4375 1848 4430 op-

252 4431 420 4486 timus
441 4428 607 4485 codex
634 4429 789 4483 Colb.
814 4444 936 4483 eum
962 4428 1149 4492 Carm.
1181 4430 1424 4496 Martin.,
1442 4430 1651 4497 Germ,
1688 4428 1844 4486 Vind.

252 4502 389 4559 Silv.
416 4516 483 4557 ac
500 4500 711 4556 duobus
736 4499 906 4554 Vatic.
933 4517 966 4554 a
989 4499 1158 4556 Paulo
1179 4503 1315 4557 disce
1340 4512 1601 4565 naturam,
1624 4504 1723 4558 hoc
1744 4511 1847 4566 est.

254 4589 372 4644 qua
402 4574 573 4644 ipsius
600 4571 673 4626 sit
699 4578 910 4637 natura,
941 4583 989 4625 et
1016 4589 1175 4642 quam
1200 4590 1312 4629 non
1341 4590 1413 4630 ex
1446 4572 1851 4644 nuncupatione

254 4642 459 4707 solum.
483 4642 576 4699 sed
601 4659 727 4715 vere
765 4652 907 4715 ctex
937 4653 1121 4698 natura
1151 4645 1222 4700 sit
1259 4645 1520 4700 Dominus
1550 4663 1563 4698 :
1598 4642 1740 4715 quod
1773 4645 1856 4700 l'u-

256 4717 472 4786 sissrme
511 4714 788 4786 probatur.
827 4713 1071 4785 Namque
1106 4716 1176 4770 ab
1218 4716 1342 4772 hinc
1389 4731 1558 4786 usque
1581 4713 1649 4771 ad
1697 4735 1751 4772 n.
1785 4716 1855 4772 55

257 4784 597 4843 demonstrat
637 4784 892 4858 Hilarius,
942 4784 1104 4858 alium
1147 4788 1365 4858 quidem
1405 4784 1525 4843 esse
1555 4787 1724 4842 Deum
1757 4788 1856 4843 Pa-

259 4868 424 4927 trem,
471 4858 635 4913 alium
664 4857 948 4912 Dominum
980 4857 1174 4913 Jesum'
1209 4857 1507 4923 Christum,
1556 4860 1650 4915 sed
1694 4875 1855 4914 unum

259 4937 445 4987 tamen
487 4930 768 4998 utriusque
813 4928 1097 4999 Spiritum,
1145 4946 1303 4985 unam
1345 4945 1467 4985 esse
1497 4930 1857 4997 divinitatem,

258 5002 422 5072 cujus
471 5003 648 5056 virtus
699 5015 766 5055 ac
809 5011 999 5055 natura
1043 5000 1200 5072 doms
1243 5002 1355 5057 suis
1402 5001 1685 5057 manifesta
1747 5002 1858 5057 ttat.

259 5073 459 5201 maga
484 5088 616 5129 vero
656 5072 895 5143 apertius
931 5071 1170 5128 ostendit
1200 5072 1475 5129 Christum
1507 5084 1697 5129 natura
1743 5088 1865 5130 esse

385 5161 576 5201 tinum.

385 5161 576 5201 unum.

334 5236 415 5309 (ε)
446 5236 500 5293 ln
538 5253 640 5291 ms.
672 5234 836 5292 Carn.
866 5235 1096 5309 Spiritus
1122 5237 1432 5293 tlluminatio
1463 5237 1532 5292 ad
1574 5238 1864 5294 utilitatem.

262 5306 351 5365 Ita
387 5306 602 5380 quidem
652 5308 883 5364 habetur
912 5306 1022 5364 lib.
1071 5324 1131 5373 tt,
1180 5326 1235 5363 n.
1269 5312 1361 5373 5A,
1409 5311 1872 5366 consentientibus

262 5380 489 5450 scriptis
513 5381 671 5436 simul
710 5392 767 5436 et
803 5382 1017 5437 excusis
1048 5398 1062 5434 :
1095 5391 1150 5437 at
1171 5380 1261 5437 hic
1301 5382 1459 5438 aliter
1488 5383 1770 5453 legendum
1803 5382 1871 5437 li-

262 5463 405 5523 quet
431 5468 495 5509 ex
523 5453 800 5511 subnexis.

341 5544 434 5621 (ᾳ)
474 5547 797 5621 εἰεῄεινῷοο
841 5546 1373 5621 textusuﬂ‘ragante
1412 5549 1608 5621 legitur
1656 5550 1746 5605 lib.
1796 5564 1867 5621 tt,

263 5633 327 5675 ιι.
361 5619 459 5685 δι,
489 5630 542 5677 et
579 5618 668 5676 hic
701 5620 756 5675 in
804 5618 1098 5688 exemplari
1128 5618 1292 5675 Caro.
1327 5620 1415 5675 ubi
1450 5618 1501 5675 in
1554 5621 1765 5675 Martio.
1814 5620 1869 5674 in

264 5704 386 5745 uno
413 5692 606 5761 spiritu,
633 5693 685 5747 in
713 5690 836 5765 aliis
859 5700 1064 5765 autem,
1088 5691 1143 5744 in
1172 5691 1403 5765 eumdem
1430 5692 1711 5765 Spiritum.
1740 5691 1872 5747 Post

262 5774 456 5840 pauca
480 5778 687 5821 rursum
722 5762 921 5833 vulgati
945 5761 1035 5817 hic
1075 5777 1185 5833 pra:
1208 5778 1268 5820 se
1298 5761 1536 5821 ferentes
1564 5764 1871 5834 ἱηιενρνειαο

1946 3286 2081 3325 unus
2139 3268 2394 3342 Spiritus.
2438 3298 2511 3310 -—
2557 3266 2756 3323 Tenuit
2806 3275 2990 3322 autem
3037 3265 3231 3323 beatus
3277 3263 3555 3337 apostolus

1948 3440 2090 3504 post,
2120 3432 2367 3489 absoluat.
2394 3430 2531 3489 Tum
2555 3430 2799 3500 inferius,
2824 3429 3061 3488 utilitatis
3083 3429 3463 3488 admirationis.

1951 3651 2022 3705 tio
2056 3668 2381 3721 sermonum,
2432 3667 2539 3708 non
2591 3651 2889 3723 linguarum
2921 3666 2940 3705 :
2969 3647 3273 3723 refutantur
3310 3664 3378 3706 ex
3422 3662 3557 3707 mss.

1952 3730 2096 3778 testu
2125 3741 2322 3795 graeco,
2355 3734 2408 3780 et
2433 3722 2679 3793 subjecta
2706 3722 3173 3793 interpretatione.

2025 3815 2094 3889 (ρ)
2119 3817 2274 3885 Apud
2308 3817 2429 3873 Par.
2464 3817 2677 3890 spiritus
2726 3816 3199 3890 inanilestationunt
3224 3830 3243 3869 :
3270 3813 3555 3890 mendose2

1951 3883 2121 3957 Magis
2156 3883 2393 3959 placeret
2429 3883 2779 3959 manifestatio
2805 3883 2950 3959 :_sed
2996 3886 3457 3959 manifestationem
3488 3883 3557 3940 ad

1953 3957 2251 4029 proximum
2275 3962 2495 4016 verbum
2521 3957 2746 4014 diximus
2770 3957 2979 4014 referre
3007 3958 3153 4013 licet.

2024 4050 2092 4124 (f)
2124 4051 2285 4119 Editi,
2307 4052 2398 4107 sed
2420 4049 2950 4124 exspectarettlLTum
2982 4048 3133 4120 Lips.
3166 4057 3222 4105 et
3252 4049 3374 4104 Par.
3402 4063 3561 4124 quant

1954 4118 2172 4179 audistis
2213 4118 2393 4193 inquit.
2434 4118 2518 4178 At
2546 4124 2598 4178 in
2642 4122 2892 4177 omnibus
2936 4118 3068 4193 mss.
3100 4118 3562 4193 rexspectatefcui

1952 4194 2119 4249 verbo
2142 4196 2193 4251 in
2218 4192 2387 4249 tribus
2414 4205 2621 4249 tantum
2647 4194 2893 4264 proxime
2914 4192 3200 4264 subjicitur
3224 4192 3409 4263 inquit,
3436 4206 3559 4264 cum

1953 4282 2126 4336 neque
2157 4267 2264 4327 hic.
2298 4281 2473 4336 neque
2502 4278 2622 4335 post
2650 4262 2842 4321 exstet
2871 4266 2922 4319 in
2956 4264 3100 4320 aliis.
3132 4262 3253 4319 Mox
3286 4262 3336 4318 in
3368 4263 3557 4336 Colb.,

1954 4335 2139 4406 Carm,
2164 4335 2403 4407 ltlartin.,
2435 4338 2622 4395 Germ.
2652 4336 3059 4408 baptizabimini,
3084 4351 3190 4391 non
3214 4335 3503 4408 tingemini.

1877 4479 1932 4541 D
1961 4547 1985 4548 ί
2030 4472 2108 4547 (g)
2165 4474 2229 4548 lii
2273 4474 2536 4548 vulgatis,
2582 4474 2785 4530 virtutis
2830 4472 3200 4547 intelligamus.
3247 4473 3383 4548 Tum
3416 4471 3559 4548 apud

1956 4547 2084 4673 liud.
2112 4557 2164 4603 et
2193 4546 2284 4603 Er.
2309 4546 2388 4602 vel
2416 4563 2506 4618 per
2529 4548 2872 4620 prophetiam,
2904 4556 2959 4601 ut
2984 4546 3076 4617 per
3100 4546 3385 4602 doctrinam
3411 4546 3560 4600 intel-

1979 4635 2197 4673 ruamus.

1979 4635 2197 4672 taamus.

1997 4636 2312 4763 £nigritiem
2324 4691 2381 4763 in
2400 4704 2459 4763 a
2475 4704 2608 4745 mss.
2630 4687 2791 4763 Colb.
2824 4688 3034 4763 Martia.
3060 4698 3118 4746 et
3146 4686 3330 4746 Germ.
3354 4688 3489 4744 Tum
3509 4687 3564 4743 in

1961 4760 2144 4826 editis,
2175 4760 2283 4814 dati
2311 4760 2562 4831 Spiritus,
2597 4761 2715 4815 sine
2739 4761 2924 4816 sancti.

2034 4831 2098 4905 (i)
2131 4831 2293 4898 Editi,
2358 4830 3128 4905 utilitatis“administrationes.
3178 4830 3560 4905 Rectiusmss.

1966 4901 2178 4959 summo
2201 4918 2491 4963 consensu.
2520 4903 2760 4956 utilitatis
2785 4901 3173 4966 admirationes,
3206 4902 3291 4957 vel
3317 4903 3567 4958 utilitates

1969 4974 2513 5046 admirationis:quia
2557 4974 2806 5046 nimirum
2857 4974 3058 5046 utilitas
3106 4970 3267 5046 modo
3314 4990 3421 5046 non
3467 4973 3566 5029 hu-

1972 5061 2132 5102 mano
2156 5048 2387 5115 pra-stlta
2411 5044 2831 5101 admirationem
2860 5045 3082 5112 excitat,
3112 5061 3175 5100 ac
3193 5044 3448 5116 Spiritus,
3472 5059 3566 5100 cu-

1968 5120 2055 5189 jus
2085 5117 2323 5189 suhsidio
2365 5116 2661 5189 confertur,
2698 5117 3218 5189 divinamvirtulem
3248 5116 3422 5189 palam
3462 5117 3565 5189 Lde-

1972 5186 2162 5247 clarat.
2209 5188 2301 5247 Sic
2355 5188 2451 5245 lih.
2483 5204 2575 5257 vn,
2611 5204 2665 5243 n.
2701 5189 2757 5253 5,
2799 5186 3070 5244 Sabellius
3113 5188 3206 5244 Dei
3258 5190 3310 5243 in
3347 5187 3566 5243 Christo

1974 5270 2218 5317 naturam
2243 5278 2332 5333 per
2350 5270 2603 5333 gestorum
2626 5259 3564 5333 admirationemagnovissedicitur;

1977 5343 2031 5389 et
2060 5333 2156 5388 lih.
2194 5330 2252 5387 in
2292 5330 2665 5388 constantiam
2700 5350 2753 5387 ιι.
2794 5332 2828 5387 8
2870 5330 3228 5400 praedicantur
3267 5330 3572 5386 admiratio-

1974 5421 2098 5459 num
2129 5421 2285 5474 opera
2304 5419 2485 5460 eorum
2510 5403 2830 5460 venerandis
2860 5404 3151 5472 Martyrum
3179 5403 3393 5457 ossibus
3433 5416 3575 5474 con—

1930 5484 1939 5489 '
1973 5469 2172 5547 specta.
2192 5477 2433 5547 Denique
2455 5475 2510 5531 in
2534 5475 2669 5546 psal.
2698 5490 2812 5538 xcr,
2833 5491 2885 5547 n.
2910 5476 2965 5540 4,
2993 5469 3076 5547 his
3116 5474 3311 5538 verbis,
3342 5485 3395 5526 ut
3418 5469 3575 5547 Crea-

1974 5545 2097 5603 toris
2132 5545 2361 5615 potestas
2378 5563 2469 5618 per
2515 5545 2767 5602 ereaturte
2797 5545 3192 5618 admirationem
3221 5555 3390 5614 posset
3419 5545 3574 5618 intel-

1974 5621 2085 5692 ligi,
2112 5618 2212 5674 ista
2248 5616 2514 5675 habentur
2550 5633 2874 5692 synonyma,
2902 5626 2957 5670 ut
2979 5631 3069 5692 per
3093 5617 3226 5692 hanc
3252 5616 3576 5692 conspicabi-

1973 5688 2102 5746 liitm
2128 5707 2339 5762 operum
2368 5688 2772 5769 magnitudinem
2796 5689 2954 5744 uirtus
2982 5688 3094 5769 eius
3122 5688 3217 5769 qui
3245 5688 3353 5745 licet:
3378 5688 3578 5763 'opera-

1926 5788 1931 5793 -
1971 5770 2054 5819 tus
2083 5758 2590 5835 est-cognosceretur.
2619 5760 2685 5817 ν.
2715 5761 2814 5820 lib.
2836 5776 2916 5831 tu,
2939 5758 3056 5818 ωδ
3080 5768 3137 5817 et
3160 5761 3216 5817 ϐ.
