4094 6180
493 198 602 271 239

1700 207 1949 270 SANCTI
1987 204 2249 274 HILARII
2284 210 2595 277 EPISCOPI

3690 218 3801 283 160

498 330 696 386 Pmlus
715 329 769 386 in
792 329 898 387 hoc
918 328 1236 387 difﬁcillimo
1264 327 1331 384 ad
1356 327 1644 383 humanam
1672 327 2085 399 intelligentiam
2114 337 2164 399 Α
2193 341 2294 400 est,
2326 343 2380 389 et
2424 335 2479 389 in
2520 330 2875 389 divisionibus
2903 327 3331 389 ministeriorum
3357 327 3500 386 idem
3522 330 3793 391 Dominus

496 422 573 496 (u)
599 423 903 480 caelestium
926 430 1393 479 sacramentorum
1419 419 1695 493 mysterio,
1721 431 1775 476 et
1795 420 2096 476 absolutam

497 515 1017 570 demonstrationem
1049 524 1102 570 et
1142 512 1430 569 sollicitam
1457 512 1744 579 cautelam,
1779 521 1835 568 ut
1864 528 1958 583 per
1977 512 2102 583 Spi-

498 607 662 663 ritum
682 608 806 663 etin
826 605 1028 676 Spiritu
1045 604 1162 661 dari
1190 605 1303 661 hrec
1317 606 1642 662 divisionum
1670 606 1809 661 dona
1826 614 2098 663 monstra-

498 713 582 757 ret
631 701 707 775 (b)
765 699 843 773 (1)
898 702 1033 770 (non
1072 700 1216 759 enim
1250 701 1480 771 idipsum
1508 712 1592 757 est
1617 717 1716 774 per
1733 701 2014 772 Spiritum,
2045 710 2103 758 et

498 796 549 850 in
590 794 791 865 Spiritu
846 793 962 850 dari
994 794 1016 868 )
1046 813 1058 848 :
1089 796 1210 867 quia
1243 796 1388 850 datio
1416 794 1566 857 doni.
1588 812 1707 868 quae
1734 796 2008 852 obtinetur
2045 796 2098 851 in

496 887 722 959 Spiritu,
757 886 874 942 haec
899 895 1081 944 tamen
1131 888 1339 945 indulta
1387 904 1483 961 per
1508 888 1767 958 Spiritum
1825 888 1916 946 sit.
1956 886 2099 945 Con-

497 989 731 1036 snmmat
773 990 956 1035 autem
986 979 1089 1037 has
1112 980 1387 1036 dationum
1419 982 1714 1037 divisiones
1741 980 1845 1037 hoc
1891 980 2053 1037 modo
2084 998 2099 1035 :

500 1070 627 1128 Haec
652 1086 828 1129 autem
853 1075 1026 1128 omnia
1068 1085 1307 1148 eperatur
1336 1092 1468 1128 unus
1495 1084 1542 1129 et
1565 1073 1701 1129 idem
1730 1074 1957 1145 Spiritus
1977 1117 1994 1144 ,
2022 1073 2105 1129 di-

498 1167 670 1221 videns
692 1166 768 1241 (c)
787 1168 1058 1239 unicuique
1078 1168 1207 1222 sicut
1232 1167 1334 1222 vult
1349 1165 1392 1238 (Ι
1415 1164 1536 1222 Cor.
1560 1183 1657 1233 xu,
1681 1165 1794 1239 il).
1826 1166 1980 1223 Nune
2004 1166 2102 1239 igi-

501 1271 586 1314 tur
610 1277 820 1332 qumro,
853 1262 975 1337 quis
999 1260 1114 1317 haec
1137 1260 1370 1332 Spiritus
1400 1271 1676 1333 operetur,
1709 1260 1957 1318 dividens
1979 1260 2101 1317 uni-

499 1353 694 1425 cuique
718 1352 798 1427 (ἓ)
828 1366 984 1424 prout
1019 1354 1149 1410 velit
1177 1372 1189 1408 :
1220 1353 1301 1428 (ά)
1346 1362 1523 1410 utrum
1555 1370 1650 1426 per
1695 1370 1879 1426 quem,
1924 1364 2017 1411 aut
2046 1355 2100 1410 in

499 1462 606 1518 quo
635 1447 899 1501 donorum
931 1445 1125 1502 divisio
1151 1458 1254 1502 est.
1286 1445 1357 1520 (ε)
1383 1446 1536 1514 Quod
1568 1447 1612 1502 si
1636 1446 1810 1518 ipsum
1835 1446 2105 1518 significa-

502 1548 612 1595 tum
640 1557 762 1597 esse
793 1542 937 1612 loqui
978 1540 1172 1612 aliquis
1190 1540 1439 1609 ,audebit,
1482 1540 1821 1596 contradicet
1863 1541 2102 1611 Aposto-

504 1637 606 1701 lus,
652 1653 748 1692 cur
778 1651 837 1691 se
870 1638 1061 1692 vitiose
1099 1634 1168 1709 (f)
1198 1637 1371 1692 lector
1399 1635 1661 1708 intelligat
1690 1654 1702 1689 :
1736 1637 1808 1691 ait
1834 1636 1976 1693 enim
2014 1650 2106 1691 su-

504 1731 684 1800 perius
716 1750 728 1784 :
763 1728 831 1785 Et
871 1731 1149 1785 divisiones
1184 1729 1538 1802 Operationum
1573 1739 1715 1797 sunt,
1758 1731 1892 1785 idem
1932 1742 2104 1786 autem

501 1820 643 1876 Deus
674 1823 760 1894 qui
799 1834 1043 1895 aperatur
1072 1825 1245 1878 omnia
1291 1824 1347 1878 in
1371 1824 1626 1880 omnibus.
1658 1824 1815 1881 Alius
1840 1836 1923 1881 est
1967 1840 2100 1898 ergo

502 1917 594 1982 qui
626 1916 838 1978 dividit.
885 1927 939 1972 et
980 1916 1120 1972 alius
1164 1925 1248 1972 est
1285 1917 1339 1971 iu
1370 1934 1477 1989 quo
1515 1918 1723 1973 indulta
1772 1917 1968 1975 divisio
1996 1928 2101 1976 est.

502 2009 570 2063 Et
594 2008 832 2080 intelligo
858 2020 1172 2080 operantem
1200 2011 1313 2065 hrec
1343 2010 1526 2065 ontnia
1552 2027 1767 2082 semper
1796 2011 1988 2076 Deum,
2031 2014 2104 2068 ita

510 2113 719 2167 tamen,
759 2100 835 2175 (g)
885 2112 939 2154 ut
984 2100 1239 2157 Christus
1266 2110 1541 2171 Operetur,
1572 2111 1629 2156 ut
1672 2112 1896 2173 paterno
1940 2119 2107 2175 opere

492 2196 739 2262 ‘operans
763 2193 934 2249 Filius
958 2192 1232 2266 fungatur.
1261 2194 1331 2250 Et
1351 2194 1467 2250 siin
1491 2195 1695 2265 Spiritu
1712 2205 1901 2251 sancto
1921 2196 2106 2253 Jesum

502 2288 792 2343 Dominum
826 2288 1130 2355 conﬁteris;
1164 2289 1407 2362 intellige
1440 2291 1725 2359 tripertita:
1754 2289 2107 2362 signiﬁcatio-

507 2383 592 2436 nis
632 2381 795 2455 236
835 2383 884 2436 in
916 2382 1182 2453 Apostolo
1222 2380 1315 2456 (ιιι
1355 2392 1429 2438 est
1470 2383 1718 2452 Apostoli
1756 2382 1901 2456 loco)
1936 2386 2108 2441 virtu-

509 2490 641 2542 tem,
689 2492 810 2531 cum
860 2475 913 2533 in
955 2473 1321 2532 divisionibus
1367 2474 1631 2530 donorum
1689 2474 1830 2530 idem
1873 2476 2113 2547 Spiritus

572 2636 657 2709 (1)
685 2636 794 2709 Pro
819 2636 998 2709 verbis
1042 2635 1131 2700 iis,
1172 2651 1292 2705 quae
1322 2634 1851 2709 intrapareutbesin
1891 2637 2113 2694 conclu—

502 2706 733 2782 duntur,
752 2707 1279 2782 hmcit'ergu._eodex
1305 2706 1624 2782 substituit:
1648 2724 1713 2761 ue
1730 2709 1865 2779 forte
1890 2726 1993 2764 non
2016 2725 2113 2782 per

510 2779 794 2844 Christum,
824 2790 868 2836 et
897 2780 949 2835 in
980 2778 1184 2835 Christo
1212 2779 1383 2835 omnia
1409 2778 1759 2834 crederentur.

585 2850 669 2923 (2)
703 2850 811 2907 Pro
857 2852 1053 2923 ut.vult
1080 2868 1098 2906 :
1125 2866 1270 2917 mox,
1313 2860 1485 2923 utrum
1516 2850 1672 2906 .Iesus
1716 2850 1946 2909 Christus
1976 2851 2115 2908 Deus

510 2922 760 2995 spiritus;
787 2922 948 2995 paulo
978 2932 1118 2994 post,
1139 2922 1273 2994 quod
1293 2922 1338 2977 si
1362 2937 1464 2976 non
1490 2923 1544 2976 id
1572 2923 1766 2994 ipsum.

2201 437 2304 492 est,
2336 436 2390 482 et
2418 426 2471 481 iu
2501 425 2836 482 divsiouibus
2884 424 3260 495 operatiouum
3305 423 3450 481 idem
3480 425 3626 480 Deus
3659 433 3745 482 est
3782 443 3797 481 :

2199 526 2255 573 et
2282 533 2492 575 rursum
2525 518 2704 587 omnia
2733 518 3026 587 inopcrans
3057 532 3194 572 unus
3224 515 3480 588 Spiritus,
3509 517 3800 589 unicuique

2200 611 2341 666 sicut
2366 610 2763 669 vultdividens.
2800 611 2867 675 Et
2909 609 3280 687 apprehende,
3326 611 3369 666 si
3391 618 3572 679 potes,
3611 610 3800 668 Domi-

2203 720 2332 759 num
2380 703 2433 758 in
2482 702 2750 761 divisione
2802 702 3251 771 ministeriorum,
3285 711 3339 757 et
3381 701 3550 757 Deum
3584 702 3641 758 in
3664 700 3808 758 divi-

2201 797 2358 853 sione
2381 797 2778 866 Operationum,
2820 795 2961 851 hunc
3002 795 3251 851 eumdem
3287 810 3450 851 unum
3481 811 3603 853 esse
3629 796 3810 869 Spiri-

2204 897 2335 953 tum,
2372 898 2425 942 et
2447 885 2528 960 (h)
2561 888 2958 958 inopernntem,
2990 896 3044 943 et
3073 897 3233 957 prout
3270 889 3386 944 vult
3429 887 3760 947 dividentem
3790 906 3805 944 :

2198 982 2325 1052 quia
2369 984 2421 1035 in
2451 981 2809 1036 divisionibus
2839 980 3107 1036 donormn
3152 995 3294 1038 unus
3324 988 3408 1035 est
3449 979 3707 1052 Spiritus,
3746 987 3806 1041 ct

2203 1073 2347 1132 idem
2374 1074 2607 1145 Spiritus
2633 1085 2890 1144 Operetur
2916 1088 2982 1133 ac
3010 1072 3237 1130 dividat.

2275 1168 2367 1223 52.
2395 1166 2629 1224 Christus
2654 1167 2970 1223 charismata
3006 1165 3210 1222 dividit.
3232 1196 3304 1207 ——
3330 1165 3440 1225 Aut
3471 1168 3521 1223 si
3552 1166 3809 1241 diSplicet

2202 1258 2259 1316 in
2288 1259 2404 1317 Deo
2433 1269 2489 1317 et
2522 1260 2754 1316 Domino
2784 1275 2920 1315 unus
2953 1258 3040 1315 hic
3067 1257 3340 1330 ejusdem,
3366 1275 3466 1333 per
3508 1259 3809 1317 nativitatis

2204 1367 2630 1425 sacramentum,
2684 1354 2766 1428 (5)
2809 1353 2870 1427 (i)
2912 1351 3211 1411 divinitatis
3265 1352 3498 1425 Spiritus
3544 1355 3815 1411 :ostende

2205 1450 2327 1520 quis
2357 1450 2602 1522 spiritus,
2644 1456 2700 1506 et
2716 1445 2795 1523 (ί)
2830 1450 2882 1504 in
2905 1462 3013 1519 quo
3042 1447 3234 1518 spiritu
3278 1448 3375 1503 has
3399 1448 3563 1505 nobis
3580 1448 3815 1507 divisio-

2205 1559 2304 1600 nes
2348 1554 2401 1599 et
2429 1545 2740 1614 inoperetur
2768 1552 2825 1598 et
2848 1540 3072 1598 dividat.
3114 1541 3224 1598 Sed
3268 1541 3402 1599 nihil
3447 1542 3612 1608 aliud,
3643 1559 3811 1616 quam

2207 1638 2347 1709 quod
2383 1636 2505 1692 ﬁdei
2532 1646 2733 1693 nostra:
2769 1645 2874 1704 est,
2907 1634 3207 1702 ostendes;
3240 1635 3367 1707 quia
3386 1634 3687 1708 Aposmlus
3712 1637 3811 1708 qui

2136 1753 2184 1816 Β
2214 1729 2289 1806 (k)
2343 1739 2490 1788 esset
2528 1729 2913 1801 intelligendus
2945 1729 3207 1797 ostendit,
3239 1728 3426 1786 dicens
3460 1728 3657 1793 :Sicut
3679 1731 3816 1785 enim

2217 1841 2403 1895 corpus
2429 1840 2590 1879 unum
2615 1832 2711 1888 est,
2745 1821 2972 1877 membra
3007 1831 3179 1887 autem
3209 1820 3359 1877 habet
3399 1820 3597 1890 multa;
3637 1822 3818 1877 omnia

2211 1929 2383 1974 autem
2411 1919 2637 1974 membra
2658 1934 2723 1975 ea:
2749 1934 2855 1971 uno
2885 1933 3118 1988 corpore,
3146 1933 3264 1972 cum
3292 1918 3393 1972 sint
3424 1918 3609 1983 multa,
3644 1934 3818 1979 unum

2217 2020 2290 2067 est
2317 2027 2507 2082 corpus
2530 2025 2549 2065 .'
2572 2009 2646 2064 sic
2671 2018 2716 2064 et
2748 2008 2981 2064 Christus
3012 2007 3053 2081 (Ι
3077 2005 3195 2063 Cor.
3233 2024 3334 2075 xu,
3368 2007 3476 2080 12).
3511 2008 3818 2065 Divisiones

2210 2119 2341 2177 ergo
2361 2102 2746 2160 charismatum
2778 2117 2844 2157 ex
2875 2116 2983 2157 uno
3013 2100 3246 2158 Domino
3269 2102 3403 2159 Jesu
3445 2101 3694 2169 Christo,
3717 2104 3815 2175 qui

2210 2212 2408 2267 corpus
2435 2208 2520 2253 est
2549 2196 2814 2262 omnium,
2847 2209 2972 2251 esse
2997 2195 3080 2267 (4)
3128 2192 3193 2269 (ι)
3221 2195 3523 2267 signiﬁcat:
3548 2198 3671 2268 quia
3691 2211 3818 2254 cum

2212 2290 2543 2347 ostendisset
2569 2288 2857 2345 Dominum
2882 2287 2935 2343 in
2961 2288 3286 2356 ministerio,
3306 2288 3821 2349 ostendissetetiam

2216 2384 2389 2442 Deum
2447 2385 2499 2439 in
2549 2382 2984 2451 Operationibns,
3028 2397 3192 2437 unum
3238 2391 3419 2439 tamen
3468 2381 3590 2439 haec
3632 2383 3821 2441 omnia

2210 2478 2478 2552 Spiritum
2514 2475 2675 2553 237
2700 2482 2757 2532 et
2788 2473 2869 2549 (5)
2902 2474 3173 2546 inoperari
3212 2481 3270 2530 et
3293 2472 3536 2533 dividere
3558 2474 3827 2541 demens-

2412 2639 2474 2695 In
2515 2653 2619 2695 ms.
2656 2637 2853 2696 Veron.
2893 2648 2940 2694 et
2979 2637 3263 2694 divinitaﬁs
3301 2637 3512 2711 spiritus
3554 2639 3827 2696 divisionis

2220 2720 2479 2782 spiritum.

2293 2782 2376 2854 (4)
2408 2782 2743 2855 Signiﬁcatu.

2299 2851 2380 2926 (‘5)
2407 2851 2623 2925 operari
2649 2869 2745 2925 pro
2766 2853 3047 2922 inoperari;
3080 2851 3153 2909 ita
3184 2853 3348 2913 etiam
3372 2853 3643 2926 superius,
3661 2870 3718 2911 ιι.
3754 2855 3828 2911 15

2227 2934 2281 2983 et
2312 2924 2403 2992 M,
2430 2924 2657 2996 operans
2677 2934 2732 2980 et
2758 2935 2995 2998 aperetur
3016 2942 3115 2998 pro
3133 2927 3408 2996 inoperaus
3432 2924 3486 2983 et
3504 2927 3825 2997 inaperetur.

586 3086 724 3162 (a)ln
754 3087 874 3162 cod.
898 3084 1066 3162 Certi.
1087 3084 1739 3162 cmiestiumntysters'orum
1766 3093 2106 3162 memento.
2139 3087 2184 3151 C
2212 3085 2490 3162 jungenda
2520 3095 2660 3162 sunt
2681 3083 3036 3162 commentis,
3087 3084 3377 3162 Divisiones
3410 3084 3827 3162 ministeriorum

589 3156 661 3234 (b)
687 3160 791 3229 Qui
822 3158 1109 3234 exemplar
1146 3156 1388 3234 basilica:
1417 3156 1929 3234 Vaticanae__steculo
1959 3166 2114 3234 sexto

516 3227 766 3290 contulit.
797 3247 828 3284 e
854 3227 1071 3299 regione
1090 3227 1241 3300 verbi
1275 3236 1597 3294 monstraret,
1631 3227 1828 3297 adjecit
1854 3245 1869 3293 ;
1894 3244 1959 3283 ne
1983 3232 2118 3300 forte

517 3321 617 3359 non
638 3319 726 3372 per
747 3298 1006 3372 Christum
1023 3310 1069 3354 et
1100 3300 1150 3372 in
1171 3298 1375 3353 Christo
1400 3301 1570 3372 omnia
1584 3302 1924 3372 crederentur
1947 3315 1965 3354 :
1986 3298 2118 3369 qua).

517 3370 749 3444 adjectio
782 3371 977 3444 deinde
1020 3373 1072 3425 in
1102 3370 1320 3425 Martio.
1364 3385 1427 3425 ac
1454 3371 1697 3444 pluribus
1722 3372 1844 3444 aliis
1876 3386 1989 3444 mss
2038 3371 2116 3443 (in

519 3441 746 3516 quonam
776 3442 949 3516 tribus
969 3453 1392 3516 crearenturpro
1415 3441 2116 3516 crederentursubstitutum

519 3512 651 3585 est),
698 3524 754 3569 ut
795 3524 849 3570 et
879 3513 931 3567 in
966 3514 1196 3584 vulgatis
1232 3513 1473 3585 clitinuit
1504 3534 1517 3569 :
1549 3514 1801 3585 quamvis
1834 3512 2119 3585 manifeste

524 3583 722 3660 pugnet
744 3602 865 3660 cum
896 3583 1370 3660 subsequentibus,
1403 3584 1456 3638 in
1484 3584 1855 3660 quibusverba
1881 3601 1971 3653 per
1990 3583 2116 3660 βρίτ

483 3655 676 3714 .iv'tum
702 3670 747 3713 et
784 3659 844 3711 in
887 3656 1090 3727 Spiritu
1129 3656 1332 3709 nonad
1380 3671 1546 3727 unum
1562 3656 1866 3727 Christum,
1915 3656 2009 3710 sed
2050 3655 2118 3710 ad

532 3732 667 3785 duas
697 3725 988 3784 distinctas
1028 3726 1667 3799 persuaseram-untur:
1701 3725 1853 3783 Unde
1893 3735 2120 3799 apparet

524 3800 852 3859 sinceriores
878 3815 997 3854 esse
1024 3795 1159 3854 mss.
1189 3796 1372 3864 Colb.,
1411 3795 1598 3868 Carm,
1630 3798 1816 3852 Germ.
1848 3813 1878 3852 a
1921 3795 2117 3868 quibus

523 3876 721 3929 absunt
756 3870 1010 3941 praedicta
1033 3870 1217 3925 verba.
1253 3869 1387 3941 Tum
1413 3867 1553 3937 apud
1583 3868 1714 3924 Bad.
1745 3877 1800 3924 et
1824 3867 1922 3924 Er.
1942 3867 2115 3925 omit-

526 3946 654 3999 titur
679 3940 820 3999 uuod
852 3944 989 3997 intra
1021 3940 1383 3999 parenthesin)
1424 3942 1757 3994 inclusimus.

596 4015 665 4087 (ε)
697 4008 990 4087 Exemplar
1011 4008 1233 4087 Carmtt.
1265 4012 1492 4087 dividens
1514 4027 1568 4087 se
1590 4010 1882 4087 unicuique,
1908 4008 2121 4087 favente

525 4080 704 4158 graeco
720 4080 1115 4162 ῑεχιιίδιαιρρρχ
1131 4082 1239 4141 ἴδια
1257 4084 1361 4162 (vel
1380 4080 1506 4148 ἰδία)
1523 4082 1733 4162 indunt:qu
1751 4080 1857 4162 {rex
1889 4096 1994 4151 quo
2022 4085 2122 4162 Att-

526 4153 772 4227 ﬁnstinns
820 4153 1138 4227 epist.'187,
1189 4174 1244 4211 ll.
1293 4155 1360 4211 10
1405 4155 1582 4216 vertit,
1632 4153 1863 4209 dividens
1908 4153 2121 4227 propria

527 4224 824 4296 unicuique.
855 4224 1047 4282 Hilarii
1078 4240 1311 4282 mentem
1343 4241 1402 4280 se
1428 4240 1533 4279 non
1561 4239 1868 4280 assecutum
1888 4240 2030 4296 esse
2045 4224 2122 4276 iu-

529 4293 728 4355 dicavit
754 4299 1034 4362 Erasmus,
1066 4314 1186 4352 cum
1218 4297 1305 4351 hic
1349 4297 1402 4351 in
1445 4296 1612 4351 limbo
1637 4295 1942 4363 adscripsit,
1979 4293 2123 4349 Nota

531 4374 614 4425 hic
639 4370 801 4425 multa
828 4372 890 4423 de
920 4369 1506 4441 Spiritu__sancto,_uon
1554 4367 1744 4441 videns
1775 4367 1860 4441 hic
1892 4365 2121 4441 Spiritus

532 4441 790 4498 vocabulo
806 4435 1020 4496 Patrem
1043 4449 1094 4493 et
1120 4439 1310 4493 Filium
1336 4439 1653 4508 plerumque
1673 4435 1986 4509 significari.
2013 4438 2121 4493 Nec

532 4525 709 4568 tamen
741 4513 791 4566 in
807 4510 1157 4582 sequentibus
1178 4509 1622 4582 edit._correctus
1643 4509 1775 4582 init.’

605 4584 687 4659 (ά)
726 4583 792 4659 Et
819 4578 957 4659 hanc
976 4583 1263 4659 lectionem
1289 4579 1789 4659 abjnterpolatione
1818 4578 2125 4659 puramtie-

530 4650 721 4712 bet'nns
752 4654 981 4709 laudatis
1006 4651 1532 4718 mss.Colb.,Carn.,
1555 4650 1739 4706 Germ.
1769 4665 1890 4706 cum
1919 4650 2123 4717 inaliis,

532 4743 740 4783 necnon
771 4725 910 4794 apud
943 4724 1069 4779 Bad.
1114 4734 1169 4777 et
1202 4723 1302 4778 Er.
1345 4722 1434 4777 llic
1465 4723 1744 4785 habeatur,
1779 4732 1951 4777 utrum
1973 4720 2127 4777 Jesus

533 4802 763 4854 t‘hristus
798 4793 934 4851 Deus
973 4796 1223 4863 Spiritus.
1253 4793 1468 4864 Lipsius
1499 4803 1698 4860 autem,
1752 4808 1815 4848 ac
1856 4800 1971 4864 post
2001 4809 2122 4848 eum

532 4874 641 4927 l’ar.
686 4870 868 4925 addito
884 4885 974 4934 an,
993 4861 1237 4924 exhibuit
1258 4861 1431 4920 utrum
1446 4865 1475 4918 ,Ι
1484 4881 1600 4919 esus
1613 4861 2032 4931 ChristusVDeus,
2058 4882 2129 4920 an

533 4944 784 5013 Spiritus.
820 4940 1007 4996 Postea
1032 4940 1159 4994 editi
1185 4952 1395 5013 omnes,
1420 4954 1509 5007 per
1526 4953 1695 5013 quem,
1726 4937 1856 5013 etin
1874 4953 1996 5008 quo.
2020 4935 2130 4991 Re-

2142 4481 2199 4542 D

2220 3156 2355 3223 sunt,
2396 3168 2446 3215 et
2472 3158 2611 3213 idem
2642 3159 2754 3226 ipse
2796 3158 3339 3222 Dominus;.utalius
3386 3156 3461 3212 sit
3489 3156 3649 3222 Dm,
3680 3159 3829 3213 alius

2223 3229 2475 3285 Dominus
2489 3246 2516 3297 ,'
2545 3244 2609 3284 ac
2638 3228 2872 3300 Patrem
2892 3227 3109 3300 quidem
3137 3227 3407 3300 significet
3432 3228 3593 3284 Deus.
3620 3227 3828 3300 Filium

2220 3312 2400 3357 autem
2452 3300 2708 3355 Dominus
2740 3316 2759 3354 :
2788 3299 2881 3370 qui
2914 3299 3336 3369 ’quamvis’non
3393 3314 3533 3356 unus
3578 3311 3631 3356 et
3674 3299 3826 3355 idem

2221 3375 2352 3437 sint,
2380 3388 2516 3426 unus
2541 3384 2718 3426 tamen
2737 3372 2900 3426 unius
2925 3371 3221 3427 divinitatis
3248 3370 3630 3441 sintSpiritus.
3648 3372 3829 3439 Quem

2223 3459 2442 3499 sensum
2465 3442 2787 3514 conﬁrmant
2808 3443 2982 3514 prima
3000 3443 3213 3498 numeri
3230 3443 3609 3512 subsequentis
3628 3443 3823 3514 verba.

2298 3513 2378 3588 (g)
2411 3514 2573 3571 Vetus
2617 3513 2975 3588 eodex’Golb.
3005 3524 3061 3568 ut
3107 3513 3323 3588 spiritus
3351 3523 3609 3588 ορενςιῃνῖ
3656 3513 3830 3588 uagis

2224 3582 2401 3655 placet
2429 3600 2550 3641 cum
2582 3585 2725 3646 aliis,
2756 3594 2813 3639 ut
2841 3582 3094 3639 Christus.
3122 3582 3463 3656 Responsum
3490 3584 3576 3640 hic
3598 3582 3833 3642 habetur

2220 3658 2288 3713 ad
2318 3656 2571 3729 superius
2591 3657 2898 3729 quaesitum,
2927 3656 3014 3728 qui
3035 3656 3245 3729 spiritus
3275 3665 3533 3729 operetur.

2215 3788 2222 3797 θ
2294 3726 2459 3794 (hilo
2489 3726 2808 3797 vulgatisLet
2834 3726 2980 3792 hinc;
3007 3726 3176 3784 Abest
3203 3726 3317 3783 hiec'
3338 3743 3366 3782 a
3396 3743 3529 3782 mss.

2295 3767 2980 3873 iii?ii'iiiili'éi'iiﬁuiéiiﬁ
3000 3767 3752 3873 ϋέὲῗὶὲῖήῖιέέῗῖῖήτιηίητ
3772 3806 3835 3873 se?

2221 3869 2505 3925 divinitatis
2550 3869 3000 3942 Spiritusjhlart.
3052 3869 3355 3942 Spiritum,)
3398 3871 3682 3942 divisionis.
3716 3869 3833 3926 Alii

2222 3942 2350 4006 duo.
2385 3950 2431 3995 et
2452 3940 2735 3996 divinitatis
2764 3940 2992 4011 Spiritus
3018 3952 3067 3995 et
3109 3941 3396 3996 divisionis.
3424 3941 3480 3995 lu
3526 3940 3691 3998 Corb.
3725 3943 3832 3997 tri-

2222 4015 2322 4069 bus
2355 4013 2782 4086 Vatic._alilsque
2802 4027 2917 4086 non
2929 4012 3148 4086 paucis,
3177 4022 3226 4067 et
3254 4012 3538 4086 divinitatis
3569 4012 3835 4086 Spiritum

2223 4086 2492 4140 divisionis
2524 4082 2771 4154 Spiritus.
2800 4082 3030 4139 Nitidior
3055 4084 3171 4139 visa
3192 4092 3275 4139 est
3301 4084 3462 4140 lectio
3485 4082 3835 4154 prms'tantis-

2223 4158 2482 4212 simorum
2495 4153 2740 4211 codicum
2756 4153 2937 4221 Colb.,
2960 4154 3122 4209 Caro.
3145 4161 3201 4208 et
3213 4154 3422 4226 Germ.,
3451 4169 3611 4225 quam
3639 4156 3835 4226 sequi-

2222 4243 2365 4282 mur.
2400 4228 2462 4282 Et
2492 4227 2631 4283 Deus
2660 4226 2821 4281 Pater
2845 4234 2901 4282 et
2924 4226 3182 4281 Dominus
3210 4225 3385 4298 Filius
3428 4241 3570 4282 unus
3593 4239 3674 4281 est
3701 4225 3836 4298 Spi-

2225 4301 2378 4364 ritus,
2414 4313 2552 4353 unus
2594 4297 2753 4364 Deus,
2802 4298 2921 4363 sed,
2950 4313 3039 4366 per
3077 4297 3363 4353 nativitatis
3400 4297 3835 4367 sacramentum;

2224 4371 2469 4438 adeoque
2496 4368 2825 4441 subsistendi
2854 4370 3068 4425 ratione
3097 4376 3225 4423 sunt
3244 4367 3488 4441 discreti.
3517 4368 3575 4424 Si
3597 4370 3682 4441 cui
3713 4372 3838 4441 pla-

2225 4452 2309 4496 eet
2348 4455 2532 4496 vocem
2560 4440 2824 4495 divisionis
2871 4448 2991 4512 post
3031 4441 3252 4494 verbum
3297 4439 3528 4510 Spiritus
3565 4439 3832 4512 adjicere,

2224 4527 2294 4567 eo
2334 4527 2496 4567 sensu
2528 4514 2710 4575 liceat,
2761 4521 2819 4566 ut
2862 4510 3097 4579 Spiritus
3143 4512 3410 4566 divisionis
3440 4511 3490 4565 itl
3537 4510 3643 4579 sit,
3678 4514 3833 4580 quod

2226 4583 2462 4652 Spiritus
2512 4592 2702 4638 auctor
2750 4583 3015 4638 donorum
3045 4625 3058 4650 ,
3104 4582 3531 4640 ministeriorum
3556 4625 3573 4652 ,
3629 4598 3837 4654 opera-

2226 4655 2455 4709 tinuum.

2299 4726 2366 4796 (ί)
2393 4726 2530 4781 Tres
2568 4740 2700 4781 mss.
2741 4723 3041 4797 Colb.cum
3091 4723 3276 4781 Germ.
3322 4726 3374 4780 in
3417 4741 3520 4797 quo
3546 4724 3830 4797 Spiritus.

2226 4795 2363 4851 Tum
2397 4800 2448 4852 in
2472 4797 2666 4852 codice
2705 4796 2829 4853 Vat.
2855 4799 2971 4851 bas.
3021 4797 3113 4851 has
3153 4797 3207 4850 in
3254 4798 3401 4852 nobis
3431 4795 3497 4850 in
3532 4795 3753 4851 Domino
3784 4805 3841 4852 et

2233 4868 2340 4922 Deo
2370 4870 2639 4923 divisiones
2669 4884 2689 4922 :
2716 4869 2769 4924 in
2798 4869 3012 4925 Martio.
3056 4868 3147 4923 has
3168 4870 3223 4923 in
3264 4866 3375 4922 Deo
3395 4878 3446 4923 et
3485 4868 3701 4922 Domino
3726 4885 3835 4923 no-

2232 4942 2329 5000 bis.
2362 4951 2492 5008 etc.,
2530 4944 2580 4994 in
2627 4940 2747 4994 aliis
2789 4939 3082 5004 nonnullis,
3134 4939 3228 4994 has
3263 4941 3319 4992 in
3378 4938 3485 4994 Deo
3526 4950 3573 4995 et
3602 4937 3836 4995 Domino

532 5008 671 5069 ctius
722 5028 852 5068 mss.
904 5028 996 5084 per
1038 5027 1207 5084 quem,
1249 5021 1336 5064 aut
1362 5010 1417 5063 in
1460 5024 1581 5080 quo.
1622 5008 1865 5064 Postulat
1892 5016 2132 5084 _sa_nctus
2233 5012 2458 5079 eiusdem
2498 5012 2643 5066 nobis
2669 5010 3296 5084 divisiones:glossema.
3348 5010 3556 5084 Exinde
3595 5011 3649 5065 in
3692 5011 3836 5067 solis

536 5086 735 5142 Doctor
762 5085 882 5155 quis
904 5078 1144 5155 Spiritus
1165 5084 1344 5136 omnia
1376 5078 1652 5155 operetur.
1680 5088 1861 5155 utrum
1889 5078 2131 5155 Spiritus

532 5174 629 5229 per
649 5150 830 5229 quem,
863 5170 930 5209 an
948 5150 1185 5229 Spiritus
1213 5156 1265 5207 iu
1287 5166 1394 5222 quo
1416 5160 1497 5229 est
1518 5150 2024 5229 donorumhdivisio.

606 5221 680 5303 (ε)
706 5228 854 5303 Etliti
882 5241 945 5281 ac
974 5221 1155 5296 plures
1185 5221 1317 5280 mss.
1349 5222 1486 5303 quod
1512 5223 1562 5303 si
1584 5237 1687 5276 non
1721 5221 1963 5303 idipsum
1984 5238 2003 5277 :
2030 5237 2131 5303 pu-

531 5291 749 5373 gnantia
790 5291 1080 5373 loquontur
1108 5310 1233 5350 cum
1278 5291 1669 5373 suppriotjibus,
1707 5291 1835 5373 ρ]οὴ
1878 5295 2013 5349 enim
2036 5291 2127 5348 id-

532 5364 703 5440 ipsum
725 5380 796 5426 est
818 5364 908 5437 per
930 5368 1204 5440 Spiritum,
1234 5376 1279 5420 et
1301 5367 1360 5440 in
1376 5364 1578 5440 Spiritu
1602 5365 1740 5440 dari,
1764 5379 1975 5440 necnon
2004 5380 2127 5421 cum

534 5434 989 5512 s'ubjectis,'Alius
1028 5450 1103 5492 est
1132 5454 1250 5512 efgo
1275 5437 1361 5512 qui
1390 5434 1591 5512 dividit,
1628 5436 1763 5512 alius
1789 5438 1843 5490 in
1866 5453 1989 5512 quo,
2016 5447 2125 5494 etc.

531 5507 872 5586 C;tsiigantur
900 5526 967 5567 ex
996 5525 1128 5566 mss.
1158 5508 1281 5564 Vat.
1309 5508 1450 5575 bas“
1477 5508 1660 5576 Colb.,
1684 5507 1874 5575 (ζει-ειη
1902 5509 2089 5565 Germ.

604 5604 867 5677 (“Abest
906 5602 1064 5677 lector
1093 5617 1120 5656 ιι
1153 5608 1368 5677 vetusto
1409 5600 1597 5677 codice
1620 5599 1783 5677 Golb.
1815 5601 1884 5657 Et
1910 5601 2130 5677 quidem

525 5671 725 5732 sufficit
747 5675 1023 5747 prsentissa
1044 5687 1149 5747 vox
1168 5672 1381 5747 aliquis.
1406 5671 1528 5747 Non
1544 5672 1691 5747 satis
1721 5671 1950 5745 amaret
1974 5674 2135 5747 σωο-

532 5747 656 5805 stoli
684 5742 1041 5807 contradictio
1067 5742 1577 5817 iambismoxitue
1890 5742 2133 5805 :sedﬁeis

2230 5084 2482 5154 vulgatis,
2511 5094 2559 5137 et
2586 5091 2843 5152 operetur,
2875 5098 2979 5137 non
3012 5092 3061 5136 et
3093 5083 3406 5154 inopcretur.
3440 5082 3539 5138 Hic
3561 5091 3843 5154 provocat

2233 5152 2467 5209 Hilarius
2491 5154 2852 5223 adversarios,
2886 5164 2943 5209 ut
2965 5155 3007 5208 si
3038 5152 3105 5208 ad
3134 5155 3382 5223 superius
3405 5152 3836 5224 quzesituminon

2230 5228 2620 5296 placeat'suum
2643 5225 2816 5294 ipsius
2838 5240 3187 5295 responsum,
3214 5224 3345 5282 dent
3364 5223 3473 5296 ipsi
3492 5223 3666 5281 aliud.
3686 5223 3836 5281 Tum

2229 5296 2515 5355 contirth
2539 5312 2647 5352 non
2666 5311 2789 5354 esse
2817 5298 2982 5353 aliud.

2305 5388 2380 5460 (It)
2394 5389 2628 5462 Sumite,
2648 5388 2895 5462 Spiritus
2922 5406 2942 5446 :
2963 5389 3119 5462 quasi
3159 5388 3386 5462 diceret,
3424 5387 3847 5462 Quigvocabu-

2232 5458 2342 5515 lum
2364 5458 2614 5531 Spiritus
2645 5458 2808 5517 latius
2854 5458 3023 5533 patet,
3049 5470 3103 5517 et
3142 5461 3207 5515 ad
3251 5460 3488 5533 Patrem,
3519 5459 3742 5533 Filium,
3777 5470 3845 5519 et

2232 5533 2495 5603 Spiritum
2543 5542 2789 5589 sanctum
2826 5532 3140 5603 promiscue
3177 5532 3451 5597 refertur;
3491 5532 3614 5604 quis
3654 5533 3847 5589 dono-

2230 5604 2698 5737 f‘l’lsmdzgligliiiilttm
2725 5605 3120 5675 largitoresset
3148 5604 3555 5678 itueliigeudus,
3587 5604 3844 5677 Aposto-

2518 5728 2521 5731 ,
2561 5693 2589 5730 ν
2643 5716 2657 5731 .

2518 5693 2657 5731 ωηι.

2309 5748 2379 5820 (ι)
2409 5748 2466 5807 in
2488 5747 2965 5820 numquam...
