4094 6180
249 242 342 307 ἣδε

1460 240 1547 301 os
1584 228 1961 302 TRINITATE
1990 225 2194 301 Ltosn
2234 238 2371 301 vm.

3436 232 3547 306 eos

249 375 364 429 trat,
389 362 627 418 membra
668 359 787 417 haec
810 360 1105 431 gratiarum
1144 360 1199 416 in
1225 357 1560 432 perfectione
1588 360 1683 435 (at.
1707 374 1832 433 per-
1859 362 1915 423 Α
1940 358 2049 415 Sed
2075 357 2222 415 nobis
2244 374 2384 415 unus
2412 356 2555 415 Deus
2588 366 2737 433 pater
2761 374 2824 414 ea
2842 360 2941 429 quo
2967 360 3157 425 amrin,
3189 356 3267 431 l2)
3295 369 3343 416 et
3372 379 3464 418 nos
3490 365 3545 418 in

248 458 554 526 iectioncm)
592 455 753 511 unius
780 455 1028 526 corporis
1052 455 1405 511 dividentem.

310 548 405 606 55.
448 548 792 619 Opemiones
820 557 872 603 et
908 548 1193 603 ministeria
1221 547 1365 603 Dens
1406 548 1605 603 statuit.
1645 547 1840 605 Statuit

246 652 288 697 et
303 640 762 698 Christum—Nisi
776 639 921 697 forte
939 654 1048 695 non
1060 640 1305 696 tenuisse
1333 638 1596 695 rationem
1616 639 1840 696 unitatis

246 737 297 792 in
329 751 397 793 eo
422 735 718 806 Apostolus
747 735 1121 799 existimatur,
1153 732 1295 803 quod
1326 733 1501 789 dixit:
1531 730 1603 787 Et
1632 732 1843 787 diuisio-

246 847 331 886 nes
356 828 759 885 War-unt
774 838 915 893 sum,
937 827 1072 881 idem
1091 827 1201 898 ipse
1226 826 1519 893 Dominus;
1546 837 1594 881 et
1616 827 1845 880 division

247 942 332 980 nes
358 923 714 993 operatioth
741 931 882 987 sunt,
917 920 1051 975 idem
1079 930 1250 975 atatem
1288 919 1428 975 Deus
1478 920 1544 992 (l
1574 919 1695 1000 Cor.
1743 934 1839 987 xu,

252 1017 304 1080 5.
332 1018 393 1090 6)
423 1032 439 1071 :
470 1024 536 1071 ut
576 1015 702 1086 quia
754 1014 1054 1069 mististeria
1082 1013 1151 1069 ad
1185 1013 1472 1070 Dominum
1520 1014 1743 1081 retulit,
1789 1022 1845 1068 et

244 1111 591 1183 operationes
621 1108 690 1165 ad
720 1109 891 1165 Deum
915 1148 930 1175 ,
976 1123 1084 1164 non
1114 1124 1279 1164 unum
1317 1118 1480 1181 atque
1522 1108 1758 1180 idipsutn
1788 1108 1844 1164 in

245 1202 562 1259 ministeriis
615 1211 780 1272 atque
831 1201 1242 1272 operationibus
1297 1201 1545 1257 videatur
1594 1200 1844 1273 intelligi.

243 1298 441 1367 Accipe
462 1310 631 1368 quam
662 1297 781 1352 haec
822 1296 1071 1353 umbra
1121 1297 1552 1353 ministeriorum
1596 1296 1844 1353 membra

241 1391 622 1461 operationum
652 1400 801 1455 sant,
824 1402 955 1444 cum
981 1389 1094 1444 ait:
1133 1387 1237 1444 Vos
1276 1390 1400 1444 estis
1429 1404 1617 1459 corpus
1656 1386 1848 1443 Christi

239 1494 284 1537 et
306 1482 560 1537 membra.
580 1479 658 1535 Et
689 1482 941 1551 quosdam
967 1483 1172 1553 quidem
1198 1483 1373 1555 posuit
1402 1481 1543 1537 Deus
1574 1482 1632 1536 in
1669 1480 1850 1536 Εσοιευ

239 1576 339 1639 sia,
381 1575 606 1645 prim
636 1574 909 1647 Αροειοιω
933 1573 1123 1646 (tm,
1154 1575 1246 1643 27,
1278 1574 1409 1645 es),
1440 1577 1495 1630 in
1542 1574 1741 1645 quibus
1765 1578 1852 1631 est

239 1667 463 1724 verbum
492 1666 811 1738 sapientiae;
857 1668 1081 1723 semdo
1110 1668 1409 1741 prophetas,
1437 1668 1493 1722 in
1523 1668 1719 1738 quibus
1762 1675 1848 1723 est

1942 454 2056 526 ipso
2074 495 2088 517 ,
2112 463 2161 509 et
2200 469 2336 508 unus
2364 451 2620 507 Dominus
2647 452 2800 508 Jesas
2829 451 3063 508 Christus
3102 471 3193 525 per
3217 455 3383 528 238
3401 472 3550 525 quem

1942 546 2133 611 omnia,
2150 555 2197 599 et
2218 546 2592 618 nosperipsunt
2607 545 2653 617 (l
2676 545 2795 600 Cor.
2817 561 2930 611 vm,
2952 546 3027 619 6).
3047 546 3337 602 Etrursum
3364 566 3376 600 :
3406 547 3553 603 Unus

1943 640 2218 705 Dominus,
2245 639 2510 711 unaﬁdes,
2528 654 2691 694 unum
2714 641 2988 713 baptism.
3008 640 3156 697 Unus
3171 640 3312 696 Deus
3332 652 3381 695 et
3407 652 3553 713 pater

1944 736 2174 789 omnium
2202 734 2277 806 (ε)
2309 744 2357 789 et
2382 750 2472 804 per
2500 750 2675 789 omnes
2696 742 2744 788 et
2764 735 2821 788 in
2841 735 3077 790 omnibus
3128 735 3275 791 nobis
3332 735 3550 809 (Ephes.

1945 841 2018 892 Iv,
2075 826 2130 891 δ,
2187 826 2267 898 6).
2302 826 2408 882 Per
2434 827 2486 881 id
2517 826 2684 895 enim,
2719 828 2863 899 quod
2909 827 3111 884 dicitur
3136 844 3272 884 unus
3311 828 3453 886 Deus
3492 836 3553 887 et

1944 935 2079 975 unus
2107 919 2361 976 Dominus
2383 963 2398 989 ,
2436 921 2547 978 Deo
2580 929 2787 976 tantum
2808 923 2963 993 quasi
2990 924 3084 977 uni
3123 923 3236 979 Deo
3277 924 3553 995 proprium

1947 1012 2194 1085 deputari
2218 1014 2435 1070 videtur
2456 1023 2517 1069 ut
2536 1014 2680 1070 Deus
2706 1014 2779 1069 sit
2828 1029 2844 1068 :
2891 1029 3014 1070 cum
3062 1015 3368 1086 proprietas
3394 1018 3556 1073 unius

1954 1106 2024 1178 (ο
2065 1108 2400 1162 consortium
2452 1121 2561 1163 non
2618 1107 2850 1177 patiatur
2892 1107 3140 1164 alterius.
3173 1108 3219 1164 0
3244 1108 3405 1179 plane
3433 1126 3553 1165 rara

1948 1214 2013 1254 ac
2041 1199 2282 1256 difﬁcilia
2308 1199 2702 1256 charismatum
2742 1200 2911 1266 dona,
2940 1209 3000 1256 et
3027 1214 3158 1257 vere
3184 1201 3241 1256 in
3272 1199 3374 1257 hac
3403 1204 3556 1258 utili-

1948 1300 2117 1348 tatam
2163 1293 2385 1349 datione
2428 1292 2798 1349 manifestatio
2835 1292 3072 1362 Spiritus
3121 1295 3414 1349 conmituta
3441 1296 3456 1350 ε
3484 1294 3559 1351 Et

1950 1383 2145 1441 merito
2193 1387 2279 1441 hic
2329 1385 2740 1442 dividendarum
2786 1386 3081 1458 gratiamin
3123 1386 3261 1442 ordo
3309 1395 3558 1443 servatus

1948 1487 2055 1544 est,
2090 1484 2149 1532 ut
2176 1477 2491 1549 principalis
2523 1489 2672 1535 esset
2699 1494 2880 1535 sermo
2912 1480 3230 1550 sapientiae;
3261 1495 3391 1536 vere
3412 1482 3557 1536 enim

1950 1568 2081 1624 illud
2107 1576 2209 1635 est,
2245 1568 2312 1624 Et
2338 1588 2485 1625 nemo
2516 1580 2677 1640 potest
2704 1571 2876 1627 dicere
2906 1570 3184 1626 Dominum
3212 1570 3416 1643 Jesum,
3461 1572 3561 1628 nisi

1949 1661 2004 1715 in
2033 1660 2235 1730 Spiritu
2263 1672 2438 1717 sancto
2462 1662 2507 1736 (Ι
2529 1660 2648 1717 Cor.
2684 1679 2775 1729 xu,
2808 1664 2887 1734 5),
2918 1663 3042 1734 quia
3091 1662 3169 1735 (g)
3199 1664 3299 1718 nisi
3331 1681 3427 1732 per
3457 1662 3562 1720 hoc

238 1760 439 1817 donum
468 1762 747 1825 scientia;
778 1762 930 1816 tertio
972 1762 1264 1835 magistros,
1298 1762 1352 1816 in
1380 1761 1578 1831 quibus
1602 1770 1689 1816 est
1716 1758 1848 1816 doc-
1879 1763 1929 1824 ι
1954 1755 2235 1825 sapientia:
2263 1757 2488 1813 verbum
2518 1755 2769 1812 Christus
2808 1755 3073 1812 Dominus
3106 1775 3213 1812 non
3242 1770 3425 1827 posset
3470 1756 3560 1813 in-

239 1857 373 1914 trina
406 1858 575 1922 “ei;
606 1856 794 1912 (suade
820 1857 1062 1923 virtutes,
1088 1857 1140 1911 in
1167 1857 1364 1927 quibus
1403 1866 1531 1911 sunt
1559 1856 1849 1910 curationes

239 1952 607 2021 iuﬁrmitatnm
621 1988 640 2018 ,
662 1949 977 2005 anciliorum
990 1959 1280 2020 potestates,
1302 1950 1693 2022 gnta-nationes
1722 1963 1849 2020 pro-

239 2044 506 2115 phetales,
542 2054 599 2101 et
624 2043 703 2116 (ιι)
734 2043 877 2099 dona
908 2059 1096 2115 genera
1126 2044 1429 2115 linguarum
1455 2043 1545 2099 vel
1585 2044 1846 2115 loquendi

237 2137 318 2193 vel
340 2135 764 2208 interpretandi.
804 2134 971 2192 Certe
999 2135 1117 2190 haec
1164 2135 1425 2191 Ecclesia
1455 2145 1508 2190 et
1548 2134 1847 2190 ministeria

249 2238 371 2284 sunt
400 2237 459 2284 et
484 2230 858 2298 operationes,
890 2228 944 2282 in
989 2227 1184 2298 quibus
1206 2236 1294 2283 est
1311 2242 1508 2297 corpus
1532 2227 1730 2283 Christi
1753 2243 1770 2293 ;
1796 2235 1854 2284 et

248 2326 363 2379 haec
392 2323 545 2381 Deus
574 2326 783 2379 statuit.
827 2322 938 2379 Aut
980 2323 1236 2392 proiitere
1281 2336 1388 2377 non
1440 2337 1537 2392 per
1574 2322 1851 2378 Christum

241 2425 460 2485 statuta,
515 2418 639 2487 quia
669 2432 732 2473 ea
763 2418 904 2472 Deus
934 2415 1140 2471 statuit.
1187 2414 1296 2472 Sed
1333 2415 1525 2471 audies
1556 2416 1731 2485 ipsum
1758 2415 1850 2471 di-

242 2519 455 2567 centem
490 2528 505 2563 :
540 2508 829 2578 Unicuique
854 2518 1025 2564 autem
1053 2517 1287 2563 nostrum
1316 2509 1440 2563 data
1468 2517 1540 2562 est
1571 2509 1741 2581 gratia
1764 2525 1853 2564 se-

243 2604 468 2657 cundum
499 2618 795 2657 mensuram
823 2602 1113 2656 donationis
1135 2600 1345 2656 Christi.
1379 2600 1444 2657 Et
1472 2602 1668 2657 iterum
1695 2623 1709 2659 :
1748 2601 1853 2671 Qui

243 2696 537 2762 descendit,
564 2697 674 2767 ipse
699 2706 774 2751 est
802 2696 887 2768 qui
916 2705 964 2751 et
1002 2695 1231 2750 ascendit
1254 2712 1411 2765 super
1447 2712 1623 2752 omnes
1659 2698 1848 2763 cmlos,

244 2798 294 2841 ut
322 2788 611 2858 adimpteat
636 2787 829 2841 omnia.
871 2784 939 2842 Et
957 2788 1069 2859 ipse
1097 2787 1236 2841 dedit
1270 2787 1517 2859 quosdam
1539 2788 1850 2859 Apostolos,

243 2882 495 2950 quosdam
517 2890 687 2935 autem
714 2880 1012 2953 prophetas,
1039 2879 1288 2949 quosdam
1312 2889 1483 2935 autem
1506 2876 1587 2953 (Ι)
1607 2880 1681 2953 (b)
1706 2897 1851 2936 evan-

243 2974 540 3044 gelizantes,
568 2973 818 3043 quosdam
838 2982 1011 3027 autem
1035 2983 1267 3042 pastores
1294 2982 1340 3026 et
1362 2975 1613 3037 doctores,
1639 2971 1708 3027 ad
1736 2989 1854 3027 con-

244 3066 638 3119 summationem
672 3074 989 3131 sanctorum,
1021 3063 1074 3117 in
1099 3079 1225 3133 opus
1246 3064 1516 3119 ministerii
1545 3062 1762 3137 (Ephes.
1795 3078 1849 3118 tv

242 3159 295 3220 7.
323 3160 422 3226 10,
447 3157 594 3228 etc).
626 3156 894 3227 Numquid
916 3155 1340 3211 ministeriorum
1363 3156 1500 3211 dona
1526 3172 1631 3211 non
1648 3154 1848 3211 Christi
1877 3192 1923 3260 c

244 3260 396 3315 sunt,
432 3256 764 3305 cumtamen
797 3247 868 3319 (c)
898 3258 952 3304 et
983 3249 1076 3303 Dei
1110 3247 1249 3303 dona
1278 3247 1433 3303 sint?

309 3344 411 3400 34.
458 3341 662 3398 Paulus
699 3344 762 3397 de
800 3340 962 3396 Patre
992 3340 1167 3395 dicens
1194 3339 1363 3407 Deus,
1396 3341 1459 3396 de
1505 3338 1648 3395 Filio
1686 3340 1853 3397 Dout-

244 3452 338 3491 nos
361 3477 379 3505 ,
436 3452 536 3490 non
578 3435 819 3490 distinxit
857 3449 944 3489 eos
990 3443 1197 3488 natura.
1239 3463 1310 3475 ——
1336 3431 1445 3489 Sed
1476 3433 1556 3507 (ά)
1586 3434 1633 3489 si
1660 3433 1710 3489 id
1750 3433 1853 3491 sibi

245 3528 534 3601 usurpavit
561 3529 835 3598 impietas,
889 3536 948 3583 ut
984 3527 1109 3599 quia
1156 3529 1270 3594 ait,
1318 3528 1450 3582 idem
1498 3525 1753 3583 Dominus
1798 3538 1853 3584 et

244 3624 379 3678 idem
415 3618 555 3676 Deus
579 3620 625 3695 (l
657 3620 781 3676 Cor.
817 3637 895 3677 xu
920 3664 934 3689 ,
966 3620 1005 3678 5
1034 3659 1051 3686 ,
1102 3617 1187 3689 6),
1219 3636 1340 3676 .non
1399 3622 1508 3677 sint
1542 3622 1600 3677 in
1644 3622 1852 3678 unitate

246 3729 462 3773 naturae
492 3734 505 3770 :
538 3714 830 3787 adiungam
873 3730 1005 3772 vero
1049 3714 1176 3772 huic
1213 3714 1583 3786 intelligentiae
1615 3724 1756 3785 tum,
1790 3726 1851 3774 ut

245 3822 407 3880 putas
440 3810 676 3865 firmiora
708 3809 978 3880 praasidia.
1028 3808 1150 3879 Ipse
1200 3809 1345 3866 enim
1383 3811 1677 3881 Apostolus
1726 3810 1849 3868 ait:

310 3946 396 4019 (l)
444 3945 816 4019 Enangetistas.
841 3946 1012 4019 Paulo
1040 3952 1262 4019 punget
1294 3946 1615 4018 immtatis
1634 3956 1690 4002 et
1732 3945 1853 4003 Dei.

246 4016 390 4082 Mox,
422 4018 512 4074 sed
528 4016 604 4084 id,
633 4017 834 4074 omissa
867 4016 1124 4088 particula
1150 4018 1218 4071 si.

314 4135 413 4209 (α)
443 4134 564 4190 Vat.
593 4137 709 4209 bas.
741 4150 849 4209 ms.
877 4135 1012 4189 dona
1026 4134 1703 4209 gentium._AliiAnonnu|li,
1726 4149 1860 4193 nec-

247 4206 350 4261 non
398 4208 546 4281 Lips.
576 4216 632 4263 et
662 4208 799 4281 Par.
818 4206 953 4260 dona
992 4223 1256 4281 generum.
1287 4206 1856 4281 Pt'ecferendtnneum

248 4280 408 4345 Rath,
444 4278 536 4334 Er.
563 4285 620 4333 et
643 4276 886 4349 pluribus
912 4276 1097 4348 probae
1123 4286 1266 4332 notas
1295 4294 1424 4333 mss.
1455 4281 1592 4334 dona
1611 4278 1757 4349 (scil.
1780 4280 1859 4335 cet

247 4350 497 4421 loquendi
520 4350 599 4404 vel
625 4351 1017 4421 interpretandi)
1037 4365 1223 4419 genera
1254 4349 1576 4421 linguarum.

318 4420 400 4495 (b)
443 4420 667 4495 Carnut.
699 4420 869 4477 cades
893 4430 947 4475 et
986 4420 1200 4477 Martio.
1248 4432 1305 4476 ut
1336 4420 1401 4477 in
1436 4436 1619 4493 graeco
1668 4430 1816 4479 textu
1839 4466 1854 4489 ,

234 4492 610 4567 nauseans-

1958 1846 2148 1918 lelligi,
2176 1856 2287 1903 tum
2312 1847 2509 1904 deinde
2547 1864 2779 1918 sequens
2805 1860 2949 1905 esset
2988 1867 3171 1905 sermo
3198 1848 3472 1917 scientiae;
3505 1861 3563 1907 ιιι

1955 1938 2096 2014 quod
2143 1943 2418 2012 sapimus,
2469 1943 2706 1998 scienter
2751 1940 3059 2014 loquamur,
3094 1944 3169 1998 ita
3204 1954 3261 1998 ut
3288 1942 3564 2014 sapiamus

1954 2037 2235 2108 sapientia:
2260 2036 2484 2092 verbum
2511 2054 2525 2090 :
2562 2036 2777 2092 tertium
2796 2050 2925 2091 vero
2948 2035 3152 2091 donum
3185 2038 3238 2093 in
3262 2037 3368 2092 title
3384 2047 3561 2103 esset;

1962 2133 2089 2204 quia
2122 2131 2211 2187 illa
2240 2130 2555 2202 principalia
2580 2138 2635 2185 et
2654 2131 2936 2201 superiora
2961 2130 3246 2186 utilitatem
3271 2130 3423 2194 doni.
3459 2128 3564 2187 nisi

1958 2225 2035 2298 (It)
2065 2224 2209 2281 Deus
2240 2223 2577 2287 crederetur.
2608 2221 2920 2279 amitterent
2954 2240 2972 2279 :
3008 2233 3063 2278 ut
3110 2239 3254 2279 nunc
3289 2222 3344 2279 in
3401 2223 3564 2295 hujus

1955 2321 2171 2377 maximi
2199 2328 2254 2375 et
2284 2318 2633 2390 pulcherrimi
2664 2317 2796 2375 dicti
2837 2320 3123 2402 apostolici
3174 2330 3561 2387 sacramento,

1956 2413 2225 2470 haereticis
2256 2414 2509 2469 omnibus
2550 2426 2651 2469 nec
2690 2414 2915 2469 verbum
2963 2412 3248 2482 sapientiae
3289 2426 3409 2481 est,
3457 2430 3559 2471 nec

1953 2520 2135 2562 sermo
2164 2505 2409 2562 scientia:
2432 2547 2446 2571 ,
2480 2520 2583 2561 nec
2612 2503 2891 2575 religionis
2917 2503 3053 2561 ﬁdes
3075 2521 3090 2568 ;
3115 2506 3241 2577 quia
3278 2505 3566 2578 impietas,

1954 2612 2075 2670 quae
2103 2613 2212 2654 non
2243 2599 2388 2669 capit
2418 2597 2854 2667 intelligentiam,
2889 2607 3046 2652 extra
3077 2600 3354 2655 sermonis
3383 2600 3569 2657 scien-

1956 2691 2083 2745 tiam
2111 2696 2169 2747 et
2192 2701 2345 2746 extra
2373 2689 2774 2759 simplicitatem
2804 2687 2929 2745 ﬁdei
2961 2700 3065 2746 est.
3101 2689 3215 2747 Nec
3244 2692 3389 2747 enim
3420 2692 3570 2763 quis-
3672 2717 3681 2721 ν

1954 2802 2115 2858 quam
2144 2786 2287 2859 quod
2320 2803 2425 2843 non
2457 2787 2618 2857 sapit,
2657 2785 2895 2859 loquitur
2932 2805 2945 2842 :
2980 2803 3081 2844 ncc
3105 2789 3247 2860 quod
3275 2790 3419 2861 loqui
3459 2808 3566 2847 non

1959 2889 2156 2950 potest,
2189 2887 2367 2950 potest
2387 2881 2633 2936 credere.
2654 2878 2830 2936 Unum
2856 2881 3038 2953 itaque
3065 2876 3238 2939 Deum
3270 2882 3569 2956 Apostolus

1959 2973 2281 3041 praedicans,
2316 2983 2369 3028 et
2410 2989 2478 3029 ex
2508 2971 2654 3043 Lege
2700 2974 2952 3042 veniens,
3003 2985 3167 3046 atque
3217 2976 3269 3031 in
3320 2976 3572 3050 Evange-

1956 3065 2088 3119 linm
2124 3063 2326 3120 Christi
2348 3076 2597 3132 vocatus,
2623 3064 2879 3136 perlecta:
2906 3066 3029 3122 lidei
3063 3068 3235 3123 tenuit
3262 3067 3570 3127 confessio-

1957 3170 2101 3212 nem.
2131 3155 2199 3211 Et
2227 3172 2296 3213 ne
2321 3156 2557 3229 aliquam
2605 3157 2875 3213 luereticis
2917 3158 3259 3217 occasionem
3285 3170 3561 3234 tamquam

1961 3248 2155 3303 incauti
2178 3248 2447 3304 sermonis
2469 3247 2790 3320 simplicitas
2815 3259 3118 3320 prmstarct,
3143 3262 3203 3307 ut
3224 3254 3562 3311 nativitatem

1960 3340 2082 3396 Filii
2114 3356 2209 3412 per
2236 3342 2395 3397 unius
2418 3341 2511 3398 Dei
2543 3341 2986 3413 praedicationem
3036 3357 3301 3417 negarent
3331 3364 3346 3414 ;
3403 3363 3570 3405 unum

1960 3436 2129 3492 Deum
2150 3435 2259 3491 sub
2286 3435 2638 3506 popriotatis
2675 3436 3071 3505 signiﬁcatione
3117 3439 3407 3497 confessus
3442 3451 3568 3511 est,

1960 3528 2147 3585 dicens
2172 3528 2247 3582 ita
2280 3544 2296 3581 :
2328 3526 2477 3583 Unus
2521 3525 2661 3581 Deus
2689 3537 2912 3598 patere:
2936 3545 3040 3597 quo
3065 3532 3259 3600 omnia,
3301 3543 3350 3588 et
3388 3550 3484 3590 nos
3509 3535 3565 3589 in

1956 3622 2069 3693 ipso
2099 3621 2141 3694 (Ι
2166 3621 2289 3676 Cor.
2312 3636 2438 3688 vus,
2460 3619 2520 3692 6)
2555 3628 2655 3676 :ut
2676 3622 2773 3692 qni
2812 3622 2958 3678 Dens
2981 3635 3086 3692 est,
3116 3634 3171 3681 et
3202 3635 3359 3696 pater
3380 3627 3575 3685 crede~

1957 3726 2129 3773 retur.
2164 3715 2374 3771 Dehinc
2413 3716 2538 3785 quia
2562 3716 2771 3772 udum
2798 3708 2905 3773 hoc
2926 3757 2942 3784 ,
2968 3718 3029 3773 in
3075 3734 3242 3775 nam
3274 3721 3444 3777 Deum
3474 3738 3571 3795 pa-

1961 3819 2099 3865 trem
2132 3808 2377 3875 credere,
2409 3822 2516 3863 non
2551 3807 2840 3879 proliceret
2878 3808 2947 3864 ad
2988 3809 3253 3877 salutem;
3281 3812 3515 3883 subjecit
3550 3829 3566 3868 :

2035 3945 2116 4018 (2)
2272 3962 2366 4029 nos
2411 3946 2701 4029 innipsugt,
2735 3958 2856 4029 cum
2900 3960 3102 4029 preco,
3142 3962 3272 4029 mox
3302 3950 3571 4029 omittitur

1959 4016 2157 4074 nomen
2182 4018 2438 4073 Christus.
2468 4016 2810 4085 Paulo‘post,
2843 4034 3000 4072 unum
3025 4018 3354 4095 baptismum.

1966 4133 2179 4206 referri.
2221 4131 2358 4206 Hinc
2391 4131 2459 4187 ab
2488 4129 2620 4206 ipsis
2643 4131 2839 4206 quierit
2860 4174 2875 4200 ,
2905 4149 2950 4206 7a
2996 4150 3104 4204 quo
3150 4135 3354 4206 Spiritu
3401 4137 3573 4195 velint

1960 4205 2106 4262 dona
2132 4203 2391 4273 spiritalia
2434 4202 2727 4278 proﬁcisci.
2772 4202 3098 4278 Aeduorum
3132 4202 3251 4264 illos
3275 4224 3344 4265 eo
3373 4210 3570 4278 perdu-

1962 4280 2060 4342 cit,
2090 4287 2153 4333 ut
2180 4291 2380 4345 negare
2407 4291 2514 4331 non
2544 4276 2782 4343 vulcani,
2815 4275 3117 4334 ministeria
3146 4281 3201 4333 in
3236 4275 3469 4337 l-Leolesia
3497 4282 3570 4339 ita

1964 4364 1994 4403 a
2029 4351 2141 4404 Deo
2172 4363 2294 4404 esse
2324 4349 2520 4417 posita,
2560 4355 2619 4401 ut
2640 4345 2803 4403 etiam
2835 4363 2865 4403 a
2905 4348 3123 4407 Christo
3153 4350 3405 4407 dicantur
3440 4369 3574 4409 cnn-

1966 4422 2196 4485 stituto;
2247 4419 2492 4489 adeoque
2528 4418 2801 4474 Christum
2845 4436 2873 4474 a
2918 4420 3079 4476 Patre
3124 4438 3301 4488 neque
3347 4425 3573 4481 alterius

1967 4508 2090 4548 esse
2114 4493 2422 4562 potestatis,
2460 4506 2638 4567 neque
2666 4489 2891 4567 alterius
2922 4500 3148 4567 naturae.
3180 4494 3363 4566 Itaque
3412 4512 3575 4567 argu-

318 4559 401 4637 (οῖ
428 4560 570 4618 Editi
601 4578 666 4619 ac
688 4566 866 4634 plures
896 4578 1028 4620 mss.
1062 4565 1448 4637 etinOperantis
1478 4560 1596 4619 Dei.
1628 4563 1853 4637 Rectius
1881 4559 1936 4620 Ι)
1960 4559 2198 4619 mentum
2225 4579 2256 4637 a_
2287 4580 2433 4619 num.
2458 4559 2859 4637 29_'institutttnt
2886 4564 2951 4618 ad
3002 4564 3104 4621 hoc
3132 4559 3291 4631 valet,
3318 4578 3375 4621 ut
3400 4559 3567 4636 doris,

247 4634 406 4707 abest
436 4637 756 4707 inaperantis
786 4651 815 4689 a
844 4636 1224 4706 prmslanlibns
1248 4653 1380 4691 mss.
1406 4638 1581 4703 Colb.,
1613 4635 1775 4692 Caro.
1807 4648 1861 4693 et

248 4706 443 4762 Germ.
486 4706 607 4761 cum
653 4709 972 4778 reSpiciatur
1010 4723 1170 4775 supra
1192 4708 1388 4762 allatus
1409 4709 1654 4777 Apostoli
1682 4724 1699 4762 ι
1729 4709 1857 4764 Cor.

249 4794 347 4843 xu,
385 4779 484 4843 i7,
535 4778 705 4833 locus.
749 4777 825 4832 Et
849 4779 1099 4847 quosdam
1133 4779 1337 4847 quidem
1381 4780 1551 4848 posuit
1582 4778 1736 4846 Deus,
1766 4780 1860 4835 ubi

246 4866 360 4904 non
385 4848 641 4919 adjicitur
664 4850 887 4904 verbum
915 4851 1212 4916 inoperans.
1232 4850 1411 4920 Cujus
1433 4850 1541 4905 ioci
1574 4864 1856 4921 cmnpzura-

246 4922 409 5003 tione
462 4936 588 4975 cum
642 4922 820 5005 altera
866 4922 1105 5005 ejusdem
1136 4924 1385 5005 Apostoli
1413 4921 1610 5005 Ephes.
1642 4934 1697 4976 rv
1720 4964 1746 5005 ,.
1768 4922 1856 4989 ll,

248 4995 506 5062 proxime
530 5002 852 5058 mentorum,
868 4994 919 5047 in
934 4998 1241 5062 quoeadem
1259 4993 1686 5048 ministeriorum
1715 4993 1855 5050 dona

247 5063 541 5145 {Christo
568 5065 921 5145 indultaesse
943 5065 1287 5145 declaratur:
1329 5066 1439 5134 jam
1480 5066 1698 5145 tandem
1743 5065 1857 5120 cla-

247 5136 371 5207 rius
399 5134 710 5207 coniicitur.
739 5135 1014 5191 Christum
1042 5149 1164 5193 esse
1202 5137 1469 5192 donorum
1498 5136 1810 5207 largitorem
1836 5178 1852 5205 ,

354 5204 595 5277 indeque
618 5222 787 5264 unum
811 5223 932 5263 cum
959 5209 1119 5264 Patre
1149 5207 1342 5272 Deum,
1369 5222 1533 5264 unum
1565 5204 1849 5277 Spiritum.

245 5278 418 5345 Quod
456 5278 672 5348 quidem
700 5278 1035 5348 pedetentim
1066 5278 1249 5347 efﬁcit,
1283 5288 1355 5343 et.
1389 5282 1465 5336 uti
1497 5281 1654 5337 nobis
1700 5278 1854 5336 video

248 5357 373 5417 tur,
404 5364 510 5406 non
526 5359 649 5422 tam
688 5366 755 5407 ex
789 5365 886 5422 sua
917 5366 1076 5422 quam
1105 5366 1175 5407 ex
1217 5354 1484 5408 sententia
1515 5351 1858 5408 adversario-

248 5436 409 5493 rum,
435 5418 626 5488 quibus
657 5421 898 5478 nonnihil
930 5418 1171 5493 largitur,
1203 5432 1263 5479 ut
1286 5439 1499 5479 omnem
1520 5423 1604 5480 eis
1624 5423 1861 5493 evaden-

246 5491 311 5547 di
334 5491 542 5548 aditnm
572 5493 808 5549 claudat.
841 5490 1078 5550 Primu'm
1118 5496 1262 5551 enim
1292 5498 1371 5552 eis
1399 5496 1539 5551 ultro
1564 5494 1659 5550 dat
1685 5490 1859 5560 Spiri-

249 5573 345 5618 tus
379 5566 540 5637 sancti
576 5578 712 5621 voce
739 5564 1063 5637 quandoque
1092 5566 1328 5632 Patrem,
1365 5566 1633 5623 interdum
1658 5564 1860 5637 Filium

244 5644 354 5710 aut
382 5634 638 5710 Spiritum
708 5634 991 5710 sanctum'
1033 5637 1351 5710 signiﬁcari.
1409 5637 1552 5710 Tum
1596 5634 1860 5710 quosdam

240 5704 422 5781 Pauli
456 5706 637 5778 locos,
668 5721 808 5781 quos
850 5708 946 5766 lib.
978 5725 1049 5781 ιι,
1081 5704 1136 5767 ᾗ.
1170 5706 1242 5767 33
1268 5719 1323 5767 et
1344 5709 1438 5777 3t,
1486 5707 1557 5768 ad
1603 5704 1861 5781 Spiritum

245 5780 510 5836 sanctum
524 5772 735 5848 retulit,
765 5772 1218 5852 permittit'etiam
1238 5782 1307 5840 ad
1332 5772 1561 5841 'Pa’trem
1587 5772 1864 5841 ct'Fﬂium

1965 4652 2084 4705 qua:
2117 4634 2347 4705 Spiritus
2376 4635 2549 4705 sancti
2582 4634 2737 4705 vulgo
2765 4648 3163 4703 nuncupantur,
3191 4637 3354 4693 totius
3383 4634 3569 4695 Trini-

1968 4704 2115 4772 tatis,
2148 4704 2211 4761 ac
2244 4704 2557 4759 nominatim
2608 4704 2780 4775 ipsius
2818 4704 3019 4761 Christi
3065 4723 3187 4765 esse
3228 4709 3567 4764 doceamur:

1965 4787 2023 4832 ut
2060 4774 2299 4843 quolibet
2330 4775 2487 4830 modo
2521 4776 2672 4831 Pauli
2702 4775 2864 4830 verba
2892 4780 3321 4841 interpretentur
3356 4780 3574 4836 haereti-

1963 4851 2030 4913 ci,
2063 4848 2128 4903 iis
2151 4856 2331 4902 tamen
2358 4847 2619 4901 naturalis
2642 4847 2693 4900 in
2722 4844 2881 4903 Patre
2915 4857 2967 4904 et
2988 4846 3133 4903 Filio
3160 4852 3338 4906 unitas
3357 4854 3560 4906 contir-

1968 4932 2168 4982 metur,
2213 4917 2366 4985 Quod
2412 4917 2696 4988 Operosius
2744 4917 3227 4974 demonstrandum
3272 4921 3569 4979 duximus:

1970 4992 2172 5116 {mitium
2220 4990 2311 5062 qui
2361 4989 2691 5046 advertimus
2743 4989 3005 5045 Hilarium
3073 5008 3181 5047 non
3225 4993 3361 5049 satis
3411 4994 3573 5052 intel-

1992 5077 2054 5116 ec
2083 5078 2190 5116 nm.

1992 5070 2190 5118 ectum.

2058 5132 2114 5190 dl
2158 5133 2425 5189 Particulo
2454 5132 2500 5188 si
2524 5130 2796 5188 omittitur
2824 5131 2877 5187 in
2909 5147 3011 5189 ms.
3042 5132 3259 5190 Martio.

2052 5202 2107 5280 e)
2149 5205 2359 5280 Excusi
2386 5204 2477 5280 hic
2523 5202 2765 5280 addunt,
2795 5204 2923 5280 __qui
2969 5222 3131 5280 super
3162 5207 3339 5263 omnia
3380 5222 3402 5262 .'
3446 5222 3571 5280 qua:

2034 5219 2107 5277 te)
2149 5219 2345 5261 meus:
2390 5219 2477 5260 mc
2523 5219 2765 5270 acuunt,
2832 5219 2923 5331 gat
2969 5222 3124 5279 super
3162 5219 3339 5263 omnia
3380 5222 3402 5262 :
3446 5222 3571 5280 quae

1961 5277 2126 5332 verba
2188 5292 2295 5333 non
2344 5275 2545 5333 habent
2588 5274 2747 5351 infra,
2794 5273 2832 5331 li
2879 5315 2893 5330 .
2942 5291 3019 5351 at,
3060 5277 3237 5345 initio,
3283 5294 3458 5351 neque
3487 5281 3576 5339 hic

1961 5356 2176 5425 exstant
2200 5350 2250 5403 in
2266 5364 2395 5403 mss.
2417 5363 2644 5418 quorum
2673 5346 2725 5401 in
2742 5348 3034 5425 _non_nullis
3064 5364 3171 5425 pro
3183 5361 3229 5406 et
3255 5367 3348 5425 per
3371 5346 3571 5425 omnes,

1963 5419 2158 5489 legitur
2205 5428 2252 5474 et
2293 5437 2446 5493 super
2490 5435 2695 5487 omnes,
2738 5421 2794 5477 in
2849 5421 3175 5479 Carnutensi
3222 5419 3440 5492 autem,
3486 5419 3574 5496 qui

1966 5508 2122 5565 super
2150 5508 2347 5565 omnes.

2152 5558 2243 5620 Sic
2272 5578 2405 5618 mss.
2437 5561 2508 5619 At
2534 5560 2692 5629 editi,
2720 5562 2962 5618 unitatis.

2062 5631 2119 5708 ig)
2137 5635 2311 5708 Apud
2336 5632 2466 5691 Par.
2491 5634 2832 5691 desideratur
2859 5635 2980 5691 nisi.
3008 5631 3137 5695 Mox
3176 5636 3240 5697 in
3270 5634 3395 5696 aliis
3411 5640 3576 5699 etiam

1970 5705 2110 5778 edii.
2126 5705 2365 5778 habetur
2390 5714 2579 5778 potest,
2608 5721 2715 5778 non
2739 5716 2925 5778 posset.

2045 5723 2101 5762 ll.
2126 5723 2365 5764 ριιίωειιιι·
2390 5723 2579 5778 potest,
2608 5723 2715 5763 non
2774 5723 2925 5763 οεδοι.

2045 5775 2123 5853 (It)
2140 5776 2417 5838 Vetustior
2443 5794 2477 5839 e
2504 5792 2635 5836 mss.
2654 5723 2814 5838 Cofb.
2842 5775 2940 5836 nisi
2975 5774 3231 5841 Dominus
3259 5782 3571 5842 crederetur.
