4094 6180
494 228 602 288 985

1718 223 1965 288 SANCTI
1991 219 2247 283 HlLARlI
2285 223 2595 288 EPISCOPI

3692 228 3807 291 264

497 345 567 401 Ει
638 361 771 403 unus
822 343 1074 403 Dominus
1114 351 1287 403 noster
1339 342 1505 419 239
1548 342 1700 401 Iesus
1728 344 1962 401 Christus
2006 359 2098 415 per
2122 352 2173 410 Α
2200 348 2485 420 signiﬁcat,
2518 363 2627 405 non
2657 346 2725 404 ad
2752 345 3102 405 solitudinem
3132 346 3447 419 singularis,
3471 345 3568 403 sed
3597 346 3665 403 ad
3695 349 3807 418 spi-

495 458 644 512 quem
667 443 861 509 omnia,
891 451 937 497 et
959 458 1051 497 nos
1086 456 1177 512 per
1201 441 1409 510 ipsum;
1440 440 1809 496 sinceritatem
1837 438 1960 494 ﬁdei
2002 450 2091 493 sa-

496 538 687 597 lutaris
714 540 768 596 in
796 541 954 596 unius
984 537 1081 595 Dei
1108 546 1164 594 et
1192 538 1245 592 in
1274 538 1436 592 unius
1471 534 1687 591 Domini
1715 533 2099 606 praedicatione

495 632 877 690 demonstrans
907 649 924 691 :
953 639 1014 688 ut
1047 631 1205 688 nobis
1231 639 1286 687 et
1313 646 1455 688 unus
1494 630 1638 686 Deus
1675 639 1846 701 pater,
1873 637 1931 685 et
1960 641 2099 683 unus

496 724 755 781 Dominus
781 724 939 782 Jesus
965 723 1215 782 Christus
1246 725 1301 781 in
1346 723 1454 781 ﬁde
1495 723 1570 797 (a)
1600 734 1768 780 esset.
1801 721 1918 779 Non
1949 721 2096 778 enim

495 817 696 875 dictum
723 818 1004 889 ignorabat
1047 834 1076 874 a
1106 820 1340 875 Domino
1374 836 1388 874 :
1419 818 1547 874 Haec
1588 829 1662 874 est
1700 819 1835 873 enim
1864 818 2101 872 voluntas

494 914 661 983 patris
701 914 829 982 mei,
858 926 914 970 ut
959 915 1124 970 ontnis
1168 915 1257 985 qui
1305 915 1441 970 videt
1483 913 1713 981 Filium,
1768 922 1814 968 et
1859 912 2020 967 credit
2046 911 2105 965 in

498 1022 617 1062 eum
644 1048 659 1073 ,
692 1008 874 1063 habeat
905 1007 1059 1063 vitam
1094 1019 1342 1065 aeternam
1368 1007 1551 1078 (Joan.
1581 1024 1655 1072 vt,
1686 1007 1803 1079 40).
1842 1006 1950 1062 Sed
1980 1004 2104 1061 ﬁdei

495 1097 881 1155 ecclesiastica:
921 1099 1179 1157 ordinem
1197 1115 1426 1172 ponens,
1459 1110 1515 1157 et
1558 1100 1720 1156 ﬁdem
1773 1110 2018 1156 nosuam
2047 1096 2103 1157 in

496 1188 657 1247 Patre
685 1199 743 1247 et
772 1190 911 1247 Filio
936 1202 1202 1259 statuens,
1258 1191 1637 1264 inseparabilis
1668 1191 1810 1248 illius
1836 1199 1999 1262 atque
2024 1190 2107 1245 in—

496 1284 828 1342 dissolubilis
847 1285 1071 1342 unitatis
1100 1295 1157 1341 et
1183 1285 1315 1342 ﬁdei
1336 1294 1735 1342 sacramentum
1759 1286 1971 1341 locutus
1997 1287 2104 1352 est,

497 1378 688 1437 dicens
722 1396 736 1436 :
773 1379 815 1436 Π
827 1396 922 1435 nus
947 1379 1110 1449 Deus,
1133 1389 1183 1437 et
1204 1397 1340 1436 unus
1363 1378 1642 1439 Dominus.

569 1523 659 1580 35.
700 1523 763 1580 Si
799 1522 1033 1579 Christus
1071 1531 1288 1595 negatur
1313 1519 1451 1578 Deus
1471 1565 1485 1590 ,
1510 1521 1630 1595 quia
1652 1537 1786 1577 unus
1829 1518 1966 1576 Deus
1996 1516 2109 1573 Pa-

499 1622 726 1686 ler;nec
759 1616 919 1672 Pater
966 1614 1244 1685 Dominus,
1292 1616 1413 1687 quia
1464 1632 1600 1669 unus
1646 1612 1901 1668 Dominus
1956 1610 2109 1666 Chriv

498 1720 627 1769 stus.
680 1742 752 1755 ——
806 1714 884 1767 Ac
959 1710 1191 1780 primum
1246 1719 1397 1765 extra
1445 1708 1802 1780 apostolicum
1857 1704 2105 1776 spiritum

501 1804 721 1873 vivens;
737 1800 1019 1859 stultitiam
1050 1813 1217 1869 tuam,
1248 1800 1534 1866 ltzeretiee,
1579 1799 1844 1869 intellige.
1877 1797 1934 1854 Si
1957 1798 2102 1852 enim

500 1897 893 1970 professionem
933 1895 1095 1952 unius
1121 1894 1219 1949 Dei
1249 1894 1317 1950 ad
1349 1892 1402 1949 id
1447 1907 1677 1964 usurpas
1704 1932 1718 1959 ,
1752 1907 1819 1946 ne
1856 1887 2105 1946 Christus

501 1988 645 2047 Deus
671 1991 777 2056 sit;
804 1990 929 2061 quia
961 1989 1050 2044 ubi
1079 2002 1216 2045 unus
1244 1994 1349 2053 est,
1385 1985 1661 2042 solitarius
1705 1986 1775 2040 sit
1801 1983 2106 2055 intelligen-

500 2085 625 2151 dus,
648 2094 701 2140 et
731 2082 807 2150 id,
837 2082 913 2156 (b)
941 2080 1086 2155 quod
1118 2098 1257 2138 unus
1288 2089 1391 2149 est,
1417 2080 1698 2150 proprium
1724 2077 1775 2133 ei
1796 2078 1863 2133 sit
1892 2092 1956 2132 ac
1986 2076 2103 2132 sin-

502 2178 693 2250 gulare
723 2178 815 2250 qui
845 2192 983 2233 unus
1012 2186 1097 2232 est
1130 2193 1144 2234 :
1174 2175 1302 2246 quid
1331 2176 1398 2231 de
1437 2189 1506 2231 eo
1552 2172 1912 2243 proﬁteberis,
1960 2169 2106 2242 quod

498 2271 660 2330 Jesus
677 2272 927 2329 Christus
949 2285 1091 2327 unus
1111 2277 1197 2326 est
1221 2266 1524 2325 Dominus?
1552 2266 1609 2324 Si
1633 2264 1778 2323 enim
1808 2264 2105 2321 secundum

500 2374 577 2436 te,
620 2367 766 2439 quod
795 2380 936 2423 unus
979 2365 1140 2421 Pater
1164 2363 1308 2419 Deus
1335 2373 1439 2431 εει,
1471 2359 1691 2417 Christo
1715 2374 1821 2415 non
1863 2358 1941 2431 (i)
1984 2355 2111 2414 reli-

501 2463 614 2536 quit
639 2471 699 2519 ut
730 2462 871 2518 Deus
895 2461 967 2517 sit
993 2479 1006 2516 :
1034 2473 1258 2517 necesse
1298 2467 1404 2524 est,
1434 2464 1495 2512 ut
1521 2456 1685 2512 etiam
1725 2452 2026 2511 secundum
2054 2457 2110 2507 te

505 2572 648 2615 unus
676 2557 938 2613 Dominus
965 2554 1216 2610 Christus
1253 2551 1368 2607 Deo
1400 2565 1509 2607 non
1539 2548 1810 2619 relinquat
1838 2556 1895 2602 ut
1922 2544 2111 2601 Domi-

387 2719 401 2727 .
501 2666 606 2708 nus
635 2650 739 2717 sit;
774 2647 854 2722 (2)
880 2648 1003 2719 quia
1061 2644 1205 2717 quod
1234 2659 1372 2700 unus
1401 2651 1518 2710 est,
1576 2641 1852 2713 proprium
1895 2638 1943 2694 ei
1976 2637 2112 2693 velis

503 2759 625 2802 esse
650 2743 739 2816 qui
773 2757 911 2798 unus
941 2748 1050 2796 est.
1087 2737 1145 2796 Si
1180 2739 1361 2810 itaque
1392 2752 1556 2792 unum
1597 2734 1888 2790 Dominum
1925 2731 2113 2788 Chris-

503 2846 617 2897 tum
643 2852 765 2896 esse
793 2837 954 2892 etiam
986 2834 1157 2890 Deum
1200 2831 1455 2903 negabis,
1499 2845 1663 2886 unum
1694 2842 1909 2900 quoque
1940 2826 2108 2882 Deum

502 2943 713 3004 patrem
738 2944 864 2986 esse
890 2927 1112 2998 negabis
1137 2935 1193 2981 et
1238 2924 1570 2979 Dominum:
1621 2929 1677 2978 et
1724 2920 1853 2992 quid
1899 2919 2004 2976 erit
2050 2920 2103 2973 in

505 3023 601 3082 Dei
644 3024 864 3090 virtute,
913 3021 1016 3077 nisi
1060 3018 1325 3073 Dominus
1350 3027 1455 3082 est,
1481 3024 1536 3072 et
1578 3016 1635 3071 in
1675 3012 1892 3068 Domini
1932 3022 2115 3081 potes-

504 3127 618 3175 tate
650 3113 727 3190 (5)
761 3113 857 3189 (c).
907 3112 1013 3170 nisi
1040 3112 1184 3168 Deus
1212 3120 1329 3177 est;
1362 3124 1483 3165 cum
1510 3118 1564 3164 et
1594 3107 1764 3164 Deum
1790 3104 1841 3160 id
1870 3102 2111 3176 perﬁciat

2201 442 2338 497 ritus
2364 442 2662 498 unitatem:
2695 440 2820 513 quia
2851 456 2987 497 unus
3014 441 3155 498 Deus
3187 441 3348 497 Pater
3373 451 3428 497 et
3454 458 3592 497 unus
3616 440 3809 497 Chris-

2203 545 2289 591 tus
2317 536 2594 604 Dominus,
2623 550 2746 593 eum
2774 543 3001 607 uterque
3026 542 3084 590 et
3130 535 3398 592 Dominus
3421 544 3478 592 et
3519 535 3666 591 Deus
3693 534 3806 604 sit,

2204 630 2367 703 240
2390 630 2525 687 duos
2545 625 2729 687 tamen
2756 629 2809 686 in
2836 630 2945 687 ﬁde
2970 641 3156 686 nostra
3185 643 3289 685 nec
3317 628 3450 685 deos
3478 626 3561 702 (ἀ)
3592 629 3808 700 patiun-

2205 735 2292 779 tur
2321 738 2443 780 esse
2477 739 2579 780 nec
2624 723 2896 780 dominos.
2941 722 3096 780 Unus
3138 723 3303 795 igitur
3332 734 3562 794 uterque
3590 732 3675 779 est
3710 740 3726 780 :
3754 731 3813 781 et

2205 832 2344 873 unus
2365 832 2487 873 cum
2514 818 2586 873 sit
2608 827 2835 888 uterque
2856 834 2962 873 non
2994 816 3147 872 solus
3178 824 3285 873 est.
3315 815 3429 872 Nec
3452 815 3601 888 loqui
3625 829 3812 872 sacra-

2207 919 2448 968 mentum
2488 910 2609 967 ﬁdei
2643 911 2745 967 nisi
2785 910 3083 983 apostolica
3112 925 3246 965 voce
3290 910 3612 979 poterimus.
3654 908 3812 966 Unus

2206 1015 2291 1062 est
2319 1005 2461 1062 enim
2489 1006 2650 1072 Deus,
2682 1013 2738 1061 ct
2757 1020 2895 1061 unus
2917 1013 3000 1061 est
3024 1004 3288 1060 Dominus
3312 1021 3325 1059 :
3350 1012 3405 1059 et
3424 1020 3523 1075 per
3562 1003 3637 1071 id,
3662 1001 3812 1074 quod

2207 1114 2347 1156 unus
2374 1108 2460 1156 est
2490 1100 2629 1155 Deus
2653 1108 2708 1154 et
2735 1112 2872 1153 unus
2900 1107 2987 1154 est
3024 1097 3311 1160 Dominus,
3353 1097 3406 1152 in
3438 1097 3552 1153 Deo
3575 1097 3810 1153 demon-

2207 1201 2408 1249 stratur
2433 1191 2502 1265 (e)
2529 1202 2583 1249 et
2607 1191 2899 1257 Dominus,
2930 1190 3074 1246 sicut
3105 1198 3164 1247 et
3191 1191 3332 1246 Deus
3361 1189 3442 1263 (5)
3466 1189 3811 1245 demonstra-

2207 1292 2297 1341 tur
2328 1286 2382 1340 in
2410 1285 2661 1341 Domino.
2694 1284 2762 1356 if)
2794 1284 2912 1340 Non
2942 1293 3096 1339 tenes
3123 1284 3404 1347 unionem,
3435 1292 3494 1338 ut
3514 1282 3660 1339 Deus
3690 1284 3811 1355 sin-

2208 1377 2408 1448 gularis
2445 1377 2557 1433 sit:
2603 1392 2703 1432 nec
2750 1385 2930 1433 tamen
2975 1376 3172 1432 dividis
3217 1374 3504 1445 spiritum,
3556 1386 3618 1431 ut
3657 1384 3814 1432 uter-

2211 1485 2317 1542 que
2350 1468 2428 1544 (g)
2480 1484 2587 1526 non
2626 1485 2768 1526 unus
2807 1471 2897 1526 sit.
2931 1469 3117 1540 Neque
3146 1467 3200 1523 in
3232 1482 3343 1524 uno
3371 1467 3485 1524 Deo
3510 1477 3567 1524 et
3604 1468 3659 1524 iu
3699 1484 3817 1525 uno

2212 1564 2440 1620 Domino
2470 1564 2784 1620 discernere
2830 1563 3035 1634 poteris
3079 1570 3403 1631 potestatem
3436 1579 3452 1617 :
3483 1578 3549 1619 ne
3578 1562 3671 1635 qui
3700 1563 3816 1617 Do-

2211 1657 2389 1712 minus
2416 1664 2524 1724 est,
2554 1671 2659 1711 non
2684 1655 2756 1711 sit
2776 1664 2833 1712 et
2859 1656 3034 1723 Deus;
3062 1655 3150 1712 vel
3176 1654 3271 1726 qui
3299 1654 3446 1712 Deus
3470 1664 3575 1722 est,
3604 1671 3715 1711 non
3745 1656 3819 1713 sit

2136 1758 2185 1819 B
2209 1758 2266 1805 et
2302 1748 2585 1804 Dominus.
2617 1748 2774 1805 Cavit
2802 1748 2947 1804 enim
2975 1747 3294 1818 Apostolus,
3340 1764 3438 1820 per
3461 1748 3679 1820 eloquia
3718 1763 3820 1804 no-

2206 1843 2437 1909 minum,
2485 1841 2620 1897 duo‘s
2666 1841 2751 1896 vel
2799 1841 2933 1897 deos
2982 1841 3279 1912 praedicare
3320 1842 3406 1898 vel
3435 1841 3711 1899 dominos.
3748 1841 3822 1899 Et

2205 1936 2411 1994 idcirco
2436 1952 2567 1993 usus
2592 1940 2770 1994 esteo
2795 1952 2995 2009 genere
3019 1935 3303 2003 doctrinae,
3326 1947 3387 1995 ut
3412 1938 3465 1994 in
3496 1954 3603 1995 uno
3632 1937 3815 1995 Domi-

2208 2049 2279 2088 no
2311 2032 2390 2108 (6)
2419 2032 2639 2090 Christo
2670 2049 2833 2090 unum
2868 2032 3203 2103 signiﬁcaret
3226 2044 3282 2090 ct
3309 2033 3504 2103 Deum,
3537 2045 3595 2091 et
3620 2035 3674 2089 in
3708 2048 3821 2091 uno

2209 2127 2323 2184 Deo
2371 2138 2526 2198 patre
2574 2143 2744 2183 unum
2794 2126 3131 2199 signiﬁcaret
3158 2136 3214 2183 et
3242 2126 3569 2195 Dominum;
3603 2126 3686 2201 (h)
3717 2142 3823 2183 nec

2213 2228 2393 2277 tamen
2443 2221 2525 2295 (7)
2556 2220 2777 2291 impiam
2822 2220 2977 2277 nobis
3023 2220 3089 2276 ad
3132 2220 3507 2293 perimendam
3554 2221 3825 2292 unigeniti

2211 2315 2305 2371 Dei
2351 2315 2691 2372 nativitatem
2736 2314 3019 2372 inveheret
3044 2315 3333 2385 unionem,
3360 2324 3418 2372 et
3446 2314 3660 2373 Patrem
3686 2331 3824 2387 pro—

2212 2406 2391 2465 fessus
2418 2417 2475 2466 et
2498 2408 2799 2466 Christum.

2285 2544 2376 2601 37.
2417 2545 2675 2602 Christum
2714 2563 2817 2603 non
2839 2547 2990 2603 modo
3017 2546 3315 2617 Dominum,
3343 2549 3434 2605 sed
3453 2557 3500 2604 et
3524 2546 3692 2605 Deum
3721 2547 3828 2604 do-

2214 2639 2319 2694 cuit
2351 2638 2572 2696 Paulus.
2596 2672 2668 2682 ——
2703 2640 2817 2698 Nisi
2849 2641 2988 2698 forte
3017 2658 3083 2698 eo
3115 2657 3283 2715 usque
3327 2644 3529 2699 ultima:
3554 2643 3826 2714 despera-

2213 2735 2375 2791 tionis
2397 2735 2546 2792 i‘uror
2578 2737 2796 2793 audebit
2824 2753 3133 2808 erumpere,
3163 2747 3223 2793 ut
3249 2738 3373 2810 quia
3402 2738 3679 2794 Christum
3710 2738 3828 2795 Do-

2213 2830 2417 2885 minum
2468 2829 2763 2901 Apostolus
2804 2831 3021 2897 dixerit,
3070 2847 3232 2888 nemo
3272 2831 3419 2887 aliud
3451 2847 3572 2887 eum
3617 2842 3828 2896 praeter

2214 2940 2373 2996 quam
2403 2925 2694 2981 Dominum
2722 2924 2924 2982 debeat
2952 2925 3238 2996 conﬁteri,
3270 2933 3323 2980 et
3354 2924 3559 2981 habens
3602 2924 3826 2982 Domini

2216 3020 2624 3089 proprietatem,
2655 3034 2759 3075 non
2790 3019 2988 3075 habeat
3013 3021 3077 3092 (i)
3109 3021 3206 3076 Dei
3236 3021 3540 3075 veritatem.
3571 3018 3678 3075 Sed
3709 3035 3826 3096 non

2216 3111 2427 3181 ignorat
2451 3110 2647 3167 Paulus
2666 3109 2942 3168 Christum
2974 3114 3169 3182 Deum,
3200 3113 3384 3181 dicens
3411 3132 3424 3170 :
3456 3114 3694 3180 Quorum
3723 3131 3831 3185 pa-

505 3229 629 3271 esse
653 3183 1096 3284 quod’Dominus
1123 3216 1229 3274 est,
1278 3213 1334 3261 et
1381 3203 1673 3260 Dominum
1714 3200 1769 3256 id
1813 3198 2111 3256 constituat
2137 3183 2183 3248 Ο
2215 3212 2337 3270 tres,
2368 3213 2417 3259 et
2459 3220 2524 3259 ea:
2563 3204 2746 3275 quibus
2791 3203 3060 3273 Christus,
3103 3208 3179 3279 (k)
3208 3209 3294 3279 qui
3332 3196 3419 3264 est
3442 3224 3597 3279 super
3642 3183 3828 3264 omnia

506 3322 629 3364 esse
654 3303 796 3378 quod
826 3304 972 3359 Deus
1000 3301 1126 3359 est?

580 3442 672 3500 '56.
734 3440 880 3497 Unus
904 3447 979 3496 est
1004 3447 1211 3507 uterque
1237 3436 1422 3507 spiritu
1442 3482 1457 3505 ,
1498 3451 1603 3491 non
1640 3448 1878 3507 persona.
1909 3462 1978 3474 —
2004 3430 2113 3489 Sed

510 3544 907 3594 sacramentum
935 3531 1064 3589 dicti
1092 3528 1351 3586 dominici
1386 3526 1682 3597 ApoStolus
1709 3533 1903 3581 tenens
1924 3566 1939 3591 ,
1968 3522 2115 3595 quod

511 3639 598 3689 est
641 3626 800 3701 :.Ego
841 3636 891 3683 et
931 3624 1092 3682 Pater
1135 3640 1299 3679 unum
1324 3637 1500 3677 sumus
1529 3617 1712 3692 (Joan,
1737 3633 1796 3686 χ,
1840 3616 1955 3689 '50),
1988 3616 2114 3673 dum

510 3735 804 3798 utrumque
832 3738 999 3780 unum
1043 3718 1351 3794 proﬁtetur,
1404 3731 1572 3775 unum
1603 3727 1892 3785 utrumque
1930 3711 2011 3785 (4)
2038 3712 2118 3768 sic

583 3864 667 3938 (Ι)
708 3862 994 3938 Relinquit.

606 3933 663 4007 ‘2)
711 3937 847 4004 Quia
874 3933 1011 4007 quod
1038 3947 1197 3989 unum
1220 3938 1318 3987 est.

606 3943 641 3994 ‘2
711 3943 847 4004 Quia
874 3943 1011 4007 quad
1038 3947 1197 3989 unum
1220 3943 1318 3987 est.

583 3943 665 4084 liii
700 4009 1042 4084 Ριῖορνίειριε-
1171 4082 1177 4084 _
1416 4069 1457 4084 η
1530 4068 1544 4084 .
1864 4068 1895 4084 ,.

586 4068 671 4154 (ι’)
710 4068 878 4137 Abést
902 4080 977 4134 sic
1006 4094 1037 4134 a
1064 4082 1251 4133 nostro
1278 4086 1380 4129 ms.
1416 4068 1584 4126 Paulo
1613 4075 1757 4141 post,
1788 4068 1983 4140 patitur
2012 4081 2113 4138 pro

514 4165 895 4301 Mign‘ﬁectio
918 4220 1123 4279 codicis
1141 4214 1475 4301 Veronensis
1501 4212 1618 4269 haec
1638 4219 1725 4269 est
1746 4230 1776 4301 γε.
1792 4211 2121 4301 demonstra:

518 4284 609 4357 tur
629 4284 685 4353 in
718 4294 962 4360 Domino,
995 4303 1041 4349 et
1080 4307 1181 4347 uno
1206 4288 1319 4344 Deo
1351 4286 1511 4341 Patre
1536 4300 1697 4339 unum
1734 4284 2045 4356 signiﬁcaret
2072 4293 2122 4339 et

620 4513 669 4590 Β)
713 4513 861 4587 Unus
893 4524 1062 4582 codex
1087 4521 1262 4578 Vatic.
1293 4516 1431 4590 quod
1451 4513 1839 4590 _unum._nlter
1877 4514 2112 4570 Sorbon.

522 4584 689 4663 hieet
711 4584 870 4663 infra,
892 4595 1027 4669 quod
1054 4608 1192 4647 unus
1217 4584 1317 4645 est:
1339 4588 1529 4644 Verius
1557 4588 1611 4641 in
1634 4584 1778 4654 aliis,
1808 4601 1964 4654 unus,
1985 4598 2116 4656 qua-

519 4680 590 4747 si,
619 4674 754 4747 quod
787 4671 977 4747 aliquis
1001 4680 1134 4721 unus
1162 4671 1289 4747 est.”
1336 4746 1339 4747 ν
1450 4746 1455 4747 ν
1508 4746 1511 4747 ν
1630 4744 1677 4747 Α

595 4725 759 4821 (iiii:
784 4725 1012 4821 vetans
1033 4752 1114 4821 as.
1135 4734 1378 4821 veribus
1413 4728 1932 4821 Iltsszaittezzii'05s.
1949 4725 2119 4821 iis}:

522 4801 789 4878 mus'cum
812 4801 1037 4871 υἷι-παι.
1063 4801 1276 4865 Martin.
1301 4819 1366 4859 ac
1386 4804 1657 4878 nonnullis
1681 4801 1822 4868 aliis,
1845 4808 2118 4872 potestate;

521 4873 647 4951 eum
696 4890 783 4946 hic
817 4902 923 4943 non
954 4896 1062 4939 tam
1106 4887 1379 4952 Spectetur
1420 4873 1758 4946 proprietas,
1818 4887 1983 4942 quam
2025 4886 2121 4925 na-

525 4977 672 5107 ωῗῗι)
713 5032 789 5090 Ita
834 5041 966 5086 mss.
1011 5025 1298 5099 potiores:
1332 5019 1423 5079 ubi
1470 5019 1524 5073 in
1567 5015 1781 5073 excusis
1822 5024 1877 5070 et
1918 5012 2123 5085 aliquot

644 5104 661 5161 ζ
686 5104 900 5161 patitur.

523 5121 657 5167 mss.
686 5121 900 5179 patuur.
1657 5160 1666 5171 ,
1714 5158 1725 5171 ,
1874 5156 1886 5169 ,

596 5178 690 5253 (ε),
710 5172 1033 5253 Panicum
1069 5178 1151 5237 ειν
1182 5180 1311 5253 aue,
1330 5173 1392 5220 ιιι
1425 5156 2123 5253 seeseitejsesiifft

524 5229 800 5316 ac‘et'iaiu,
822 5229 1152 5316 restinximus
1183 5229 1250 5316 ex
1271 5252 1405 5316 mss.
1435 5229 1532 5290 Hic
1544 5229 1787 5316 verbum
1803 5229 2122 5316 dmonstra-

527 5300 974 5379 iir'iiiéih’sohat.
1002 5312 1146 5382 quod
1175 5308 1511 5382 signiﬁcatur.
1544 5304 1610 5360 Et
1635 5305 1949 5375 plerumque
1980 5300 2117 5356 intra

525 5395 715 5452 eadem
743 5397 828 5446 est
851 5387 998 5444 verbi
1023 5382 1187 5454 hujus
1209 5382 1309 5454 vis.

598 5444 881 5540 eum...
909 5444 1136 5540 βξεειιιῑ.»
1166 5452 1297 5540 sud.-
1749 5444 1866 5540 ut;
1895 5445 2117 5540 ses-3°

916 5513 1301 5612 DlC‘a'djiCimt‘l,

527 5585 1175 5675 unum—signiﬁcaret
1222 5585 1298 5652 et'
1322 5585 1629 5675 Dominum;
1652 5590 1784 5675 Qua:
1814 5587 1974 5675 verba
2011 5585 2116 5641 huc

525 5658 962 5745 ἑὶιὶιὲἰίὶῐέτίεόω
983 5658 1305 5745 sinceriores
1327 5680 1460 5745 mss.
1481 5660 1839 5745 Colb.,Carn..
1854 5668 1908 5715 et
1922 5658 2111 5745 (ξενίη.

526 5731 884 5816 nuntiabant,
908 5755 1174 5814 suumque
1192 5740 1330 5799 intra
1352 5738 1528 5796 locum
1551 5744 1697 5791 recte
1720 5731 1988 5790 obtinent.

2218 3292 2360 3350 Deus
2385 3295 2562 3367 (Rom.
2594 3312 2680 3363 rx,
2711 3296 2790 3369 5).
2822 3297 2941 3354 Non
2971 3299 3059 3355 hic
3085 3306 3336 3356 creatura
3368 3301 3419 3354 in
3443 3301 3614 3356 Deum
3646 3300 3830 3372 depu-

2221 3396 2366 3443 tatur
2392 3405 2405 3442 :
2453 3389 2549 3445 sed
2576 3400 2951 3448 creaturarum
2993 3392 3137 3450 Deus
3165 3403 3269 3464 est,
3316 3396 3408 3466 qui
3437 3410 3600 3467 super
3632 3395 3831 3451 omnia

2217 3480 2361 3538 Deus
2390 3492 2494 3539 est.
3691 3479 3696 3486 ’
3780 3476 3827 3489 “⁴

2290 3622 2379 3678 58.
2421 3620 2675 3680 Distinxit
2712 3625 2864 3683 illum
2890 3645 2923 3682 a
2957 3628 3145 3697 Patre,
3176 3645 3281 3685 non
3305 3628 3502 3684 divisit.
3542 3658 3615 3671 —
3641 3625 3831 3697 Quam

2217 3728 2351 3770 vero
2374 3730 2539 3787 super
2581 3718 2763 3775 omnia
2808 3719 2951 3777 Deus
2980 3719 3060 3793 (8)
3092 3732 3148 3778 et
3185 3720 3565 3793 inseparabilis
3592 3722 3663 3777 sit
3692 3720 3763 3792 (ι)
3797 3737 3832 3779 a

2220 3847 2520 3934 Dominum,
2551 3860 3108 3934 nontenensunionem
3131 3903 3145 3927 ,
3169 3870 3225 3915 ut
3250 3858 3390 3917 Deus
3410 3861 3689 3934 singularis
3715 3861 3834 3926 sit;

2220 3939 2312 3979 nec
2331 3933 2500 4006 tamen
2529 3927 2760 4006 dividens
2780 3931 3037 4000 spiritum,
3067 3944 3122 4006 ut
3144 3947 3356 4006 uterque
3380 3927 3671 3989 non'unum
3693 3934 3830 3989 sint.

2174 4062 2181 4070 .
2222 3998 2384 4075 paulo
2414 4008 2555 4075 post,
2584 4002 2767 4075 poterit
2801 3998 2897 4073 pro
2915 4005 3126 4075 poteris.

2297 4067 2380 4210 (ὃ)
2419 4067 2547 4125 Jesu
2574 4067 2800 4128 Christo.

2323 4142 2352 4194 7
2421 4140 2674 4209 lmpium,
2704 4158 2800 4199 mo:

2297 4068 2357 4210 (ὃ
2418 4066 2547 4125 Jesu
2574 4066 2817 4128 Christo:
2915 4066 2925 4075 ’

2266 4220 2267 4223 η
2323 4066 2380 4283 Ἱξ
2421 4140 2674 4226 Impium,
2704 4149 3116 4271 mosprtzessus
3140 4157 3233 4232 est.
3297 4220 3310 4233 ο
3345 4221 3357 4233 ο

2299 4212 2354 4283 (8
2418 4210 2489 4267 Et
2511 4215 2840 4283 mseparabrh
2871 4235 2905 4272 a
2979 4227 3089 4276 atre
3114 4231 3181 4276 sit
3210 4218 3355 4283 Sum

2299 4210 2380 4284 (8)
2418 4210 2489 4267 Et
2511 4210 2905 4287 inseparabili’a
2930 4210 3089 4276 Patre
3114 4221 3181 4276 sit
3210 4218 3433 4293 Spiritu.

3542 4315 3553 4323 ο
3597 4314 3631 4321 θ’
3668 4304 3841 4322 σιντ-.δῶ

617 4476 650 4517 a
711 4459 859 4528 Lips.
889 4464 942 4511 et
967 4453 1093 4509 Par.
1125 4454 1337 4504 essent:
1364 4440 1720 4501 renitentibus
1769 4440 1890 4498 aliis
1939 4441 2110 4497 libris.
2141 4444 2193 4504 D
2291 4442 2368 4518 (g)
2406 4444 2465 4501 In
2515 4444 2757 4518 Vulgatis
2792 4461 2856 4504 ac
2884 4449 3127 4521 pluribus
3178 4466 3309 4509 mss.
3356 4468 3460 4508 non
3504 4468 3666 4507 unum
3694 4453 3835 4510 sint.

592 4461 670 4606 ibi
712 4529 861 4606 Usus
893 4524 1062 4606 οοάεῖι
1087 4513 2112 4606 Vatic-_qt?€,¥!'¥'?':.£§l‘ei_§9"‘399-
2218 4516 3373 4606 Mettius“memnonis”amicula
3402 4531 3653 4606 ηεευριθ-
3685 4524 3835 4606 πιεςέ

2218 4516 2276 4595 In
2301 4516 2529 4595 Martia.
2551 4516 2711 4574 unum
2730 4521 2856 4595 sint,
2874 4516 3087 4595 (omissa
3112 4524 3373 4593 particula
3402 4531 3653 4595 negante.
3685 4524 3853 4581 [ἱεεέ

2224 4589 2413 4715 ιίιιεέη
2443 4590 2563 4646 aliis
2591 4606 2699 4648 non
2728 4591 3002 4650 inferioris
3027 4589 3189 4662 not-te,
3222 4613 3325 4652 non
3355 4589 3597 4665 unus'sit,
3628 4598 3838 4669 supple

2224 4677 2348 4715 sum
2372 4677 2451 4715 us.

2221 4677 2451 4731 spiritus.

2419 4750 2583 4821 Editi,
2614 4771 2677 4833 ne
2707 4765 2895 4833 tamen,
2947 4773 3072 4814 mox
3117 4769 3239 4833 post
3276 4760 3509 4833 verbum
3559 4764 3842 4833 professus

2223 4823 2545 4894 adjicientes
2586 4828 2980 4884 substautivum
3012 4823 3230 4887 esthx
3274 4832 3376 4889 hoc
3419 4823 3668 4890 alterove
3707 4835 3842 4889 loco

2226 4911 2377 4951 num.
2407 4897 2498 4960 55,
2532 4899 2621 4953 ubi
2651 4900 2704 4953 in
2734 4900 2866 4956 edit.
2912 4900 3046 4957 Bad.
3074 4910 3131 4958 et
3159 4906 3547 4961 vetustioribus
3585 4919 3723 4960 mss.
3754 4909 3845 4961 Ie-

2224 4983 2352 5039 gere
2374 4978 2458 5044 est
2479 4969 2715 5044 impium,
2745 4988 2852 5044 non
2893 4973 3126 5044 impiam,
3160 4990 3362 5032 nomen
3384 4975 3591 5032 unionis
3614 4975 3844 5033 Hilario

2225 5040 2509 5096 masculini
2535 5043 2749 5112 generis
2773 5042 2937 5098 fuisse
2967 5040 3325 5117 suspicamur.

2296 5131 2458 5206 (i)_ln
2478 5135 2700 5205 antiquo
2742 5136 2933 5193 codice
2978 5135 3216 5195 Colbert.
3278 5139 3489 5196 Domini
3537 5142 3842 5199 veritatem.

2225 5204 2495 5284 Proxime,
2518 5204 2708 5284 habens
2721 5206 2934 5284 Domini
2955 5212 3347 5281 proprietatem,
3368 5213 3420 5269 id
3436 5224 3541 5277 εει,
3558 5228 3683 5269 cum
3701 5229 3850 5284 pro-

2262 5278 2402 5355 rium
2443 5276 2497 5355 ei
2528 5277 2751 5355 sit_esse
2783 5276 3244 5355 Dominumtquia
3284 5276 3406 5340 scil.
3435 5276 3573 5340 unus
3602 5276 3715 5339 est:
3752 5286 3848 5341 Et

2267 5363 2330 5403 oe
2355 5349 2579 5427 forsitan
2604 5350 2728 5406 loco
2749 5365 2934 5427 supra,
2963 5371 3018 5409 η.
3047 5349 3265 5427 δὸξρνο
3290 5365 3557 5427 potestate,
3591 5358 3848 5427 positum

2223 5428 2341 5475 erat
2370 5421 2681 5492 proprietate
2715 5439 2728 5477 :
2756 5424 2851 5479 sed
2876 5440 2983 5480 non
3014 5441 3110 5496 par
3138 5421 3294 5483 ratio.

2296 5513 2368 5640 (9
2410 5514 2469 5570 In
2498 5514 2687 5571 codice
2712 5516 2831 5573 Vat.
2861 5517 2978 5575 bas.
3005 5535 3069 5576 ac
3097 5520 3290 5579 Martin
3320 5521 3409 5579 hic
3447 5521 3717 5593 adjicitur,
3745 5539 3849 5579 se-

2296 5603 2323 5640 η
2363 5603 2450 5640 um
2477 5603 2702 5640 carnem.

2223 5602 2450 5641 cundum
2477 5603 2702 5643 carnem.

2320 5656 2375 5738 lt)
2415 5655 2494 5714 Ita
2519 5659 2770 5738 melioris
2800 5672 2942 5738 nota;
2989 5665 3238 5738 mss._At
3279 5666 3421 5738 apud
3460 5665 3591 5723 Bad.
3624 5673 3682 5722 et
3728 5665 3849 5729 Er.

2222 5746 2255 5786 a
2281 5731 2436 5787 Patre
2450 5731 2637 5804 spiritu
2659 5748 2680 5790 :
2704 5734 2846 5805 apud
2873 5735 3022 5819 Lips.
3047 5745 3102 5795 et
3129 5735 3253 5795 Par.
3277 5731 3516 5795 a'Patris
3544 5738 3757 5810 spiritu.
