4094 6180
222 252 320 310 εδδ
392 266 401 279 ⁸

1420 250 1506 307 DE
1544 247 1922 309 TRINITATE
1948 247 2154 307 LIBER
2187 248 2323 306 Vlll.

3402 250 3513 310 266

224 371 371 425 Patre
412 362 667 435 Spiritus,
707 362 856 421 disce
886 363 1050 420 etiam
1080 364 1183 419 hoc
1225 362 1342 436 ipso
1388 364 1458 421 de
1505 381 1614 437 quo
1661 381 1804 421 nunc
1832 368 1884 429 Α
1910 367 2101 423 clarat.
2130 365 2374 437 Namque
2401 371 2521 435 post
2550 362 2677 419 illud
2716 362 3026 419 divitiarum
3052 370 3107 419 et
3131 362 3413 437 sapientize
3454 376 3513 424 et

226 461 387 532 agitur
423 455 670 528 Apostoli
699 455 864 512 dicto.
895 455 1190 512 Confessus
1235 457 1378 513 enim
1425 473 1588 513 unum
1636 458 1805 513 Deum

226 561 420 625 patrem
448 565 514 605 ex
544 564 654 621 quo
683 550 865 604 omnia
898 557 1044 612 sunt,
1078 558 1133 605 et
1178 564 1341 604 unum
1384 549 1669 604 Dominum
1720 549 1811 605 Je-

225 660 332 701 sum
358 642 632 699 Christum
654 657 747 712 per
772 656 934 713 quem
956 642 1134 697 omnia
1155 657 1367 710 :qnaero
1383 641 1509 713 quid
1529 642 1814 697 diversita-

227 739 287 795 tis
297 753 322 792 a
332 736 553 799 ttnlerit.
567 735 754 792 dicens
769 750 836 790 ex
851 732 1128 807 ﬂlDeo
1142 735 1340 800 omnia,
1358 744 1410 791 et
1427 750 1525 806 per
1536 733 1807 790 Christum

226 828 391 886 omnia
410 828 453 899 (l
479 826 716 895 Comm,
741 827 840 899 6)?
862 831 1014 884 Anne
1040 825 1115 899 (α)
1139 827 1306 899 possit
1334 827 1413 900 (Ι)
1439 827 1757 898 separabilis
1781 843 1812 883 a

227 937 281 978 se
299 930 498 975 natura:
514 930 570 976 et
589 918 811 991 spiritus
838 918 1062 990 intelligi
1078 934 1146 974 ex
1167 935 1295 990 quo,
1328 928 1382 974 et
1406 935 1499 989 per
1512 935 1671 991 quem
1697 933 1815 974 om-

230 1012 543 1070 niaIOmnia
572 1012 718 1068 enim
744 1027 839 1083 per
861 1012 1056 1068 Filium
1077 1027 1142 1067 ex
1167 1011 1335 1068 nihilo
1357 1012 1713 1068 substiterunt
1730 1019 1816 1079 ,et

230 1107 288 1164 ad
316 1107 481 1163 Deum
503 1121 568 1161 ea:
596 1122 698 1175 quo
724 1103 921 1171 omnia,
947 1103 1014 1159 ad
1036 1102 1233 1159 Filium
1262 1119 1390 1160 vero
1414 1120 1509 1176 per
1530 1119 1681 1173 queat
1705 1119 1818 1159 ont-

232 1203 308 1257 nia
331 1199 626 1272 Apostolus
670 1199 744 1271 (b)
774 1199 979 1254 retulit.
1012 1197 1080 1253 Et
1108 1213 1214 1254 non
1253 1196 1469 1253 invenio
1498 1197 1626 1269 quid
1655 1196 1814 1253 diffe-

232 1305 324 1360 rat,
363 1309 489 1349 cum
519 1308 617 1364 per
643 1302 930 1362 utrumque
949 1306 1086 1362 opus
1106 1289 1179 1347 sit
1204 1291 1422 1347 virtutis
1441 1290 1709 1361 ejusdem.
1758 1291 1814 1348 Si

232 1390 362 1447 enim
389 1386 459 1443 ad
491 1386 861 1444 universitatis
886 1386 1242 1443 substantiam
1274 1385 1548 1457 proprium
1576 1400 1641 1441 ac
1665 1383 1817 1440 suffi-

233 1486 372 1543 ciens
400 1484 667 1541 creaturis
698 1491 847 1538 esset
885 1481 1028 1554 quod
1059 1497 1125 1537 ex
1152 1481 1265 1537 Deo
1292 1492 1449 1547 sunt;
1477 1477 1604 1549 quid
1633 1477 1820 1535 habuit

232 1578 558 1637 necessitatis
588 1590 939 1640 memorasse,
969 1574 1112 1646 quod
1152 1589 1272 1645 qua:
1299 1590 1368 1630 ex
1398 1574 1510 1629 Deo
1535 1582 1680 1638 sunt,
1721 1586 1819 1641 per

234 1671 497 1727 Christum
527 1668 660 1736 sint,
692 1667 793 1724 nisi
819 1666 960 1737 quod
986 1682 1152 1722 unum
1180 1665 1323 1722 idem
1351 1676 1434 1720 est
1458 1707 1473 1733 ,
1508 1680 1604 1735 per
1627 1662 1820 1719 Chris-

1918 460 2161 516 scientize
2188 460 2284 513 Dei
2309 466 2665 528 protestatum
2685 457 3028 529 profundum,
3052 457 3133 531 (4)
3164 470 3217 515 et
3244 459 3514 515 inserata-

1915 551 2100 607 bilinm
2163 551 2490 621 judiciornm
2557 550 2858 606 confessam
2912 550 2985 623 (ι’)
3046 552 3514 624 inintelligentiam

1921 644 2127 718 (Rom,
2158 662 2234 713 ιι,
2265 647 2383 716 33),
2407 654 2462 700 et
2487 644 2997 715 ininvestigabilium
3024 646 3231 701 viarum
3269 647 3518 704 demons-

1921 750 2112 796 tratam
2132 739 2802 813 ignorationemJtumante
2825 748 3002 794 tamen
3018 738 3140 795 ﬁdei
3161 755 3290 795 usus
3311 739 3514 808 ofﬁcio,

1919 832 2066 888 hunc
2090 831 2350 888 honorem
2371 831 2819 903 investigabilium
2844 838 2899 885 et
2919 830 3514 906 inscrutabiliumm

1918 926 2225 984 cmlestium
2252 933 2713 982 sacramentorum
2738 924 3006 994 profundo
3022 922 3277 992 reddidit,
3298 925 3515 981 dicens:

1922 1020 2178 1088 Quoniam
2199 1036 2262 1075 ea:
2284 1019 2419 1091 ipso,
2451 1028 2499 1074 et
2528 1035 2618 1088 per
2638 1019 2808 1087 ipsum
2832 1058 2847 1084 ,
2880 1026 2927 1073 et
2956 1017 3008 1071 in
3039 1018 3153 1088 ipso
3173 1027 3294 1072 sunt
3319 1018 3513 1086 omnia,

1916 1112 2019 1181 ipsi
2041 1111 2210 1183 gloria
2230 1112 2283 1166 in
2309 1111 2499 1165 sarcula
2528 1110 2603 1183 (g)
2630 1127 2777 1165 amen
2808 1108 2997 1183 (Ibid.,
3025 1112 3116 1182 ’56)
3146 1128 3159 1163 :
3192 1109 3242 1165 id
3277 1127 3419 1167 nunc
3447 1112 3515 1168 ad

1919 1204 2080 1259 unius
2108 1210 2314 1269 natura:
2350 1202 2797 1274 signiﬁcationem
2824 1203 3093 1271 referens,
3119 1202 3262 1274 quod
3283 1219 3388 1259 non
3415 1204 3518 1260 nisi

1920 1311 2055 1375 opus
2078 1297 2236 1352 unius
2261 1297 2434 1367 possit
2464 1310 2584 1352 esse
2607 1305 2836 1350 naturae.

1991 1391 2082 1446 39.
2111 1388 2369 1461 Epilogus
2391 1404 2412 1444 :
2455 1405 2519 1444 ea:
2546 1389 2807 1460 prauitatis
2833 1387 2992 1443 Pauli
3021 1389 3147 1444 locis
3168 1389 3293 1459 quid
3318 1393 3525 1460 confec—

1921 1492 2027 1537 tum
2053 1484 2139 1537 sit.
2167 1509 2239 1522 --
2259 1480 2394 1537 Cum
2418 1480 2562 1537 enim
2590 1481 2903 1552 specialiter
2925 1480 3039 1537 Deo
3065 1480 3118 1536 id
3148 1479 3524 1552 adscripserit,

1921 1586 1980 1632 ut
2007 1591 2073 1632 ex
2095 1591 2161 1632 eo
2202 1575 2425 1644 omnia;
2481 1584 2537 1631 et
2560 1574 2837 1646 proprium
2866 1573 3088 1630 Christo
3112 1574 3370 1631 detulerit
3398 1616 3412 1639 ,
3468 1584 3531 1631 ut

1921 1682 2018 1738 per
2047 1681 2168 1722 eum
2198 1666 2412 1731 omnia;
2445 1673 2500 1719 et
2529 1679 2670 1719 nunc
2699 1666 2873 1719 honor
2896 1663 2990 1719 Dei
3019 1664 3109 1730 sit,
3136 1665 3279 1735 quod
3310 1680 3376 1722 ex
3403 1664 3527 1735 ipso

237 1772 335 1819 tum
354 1778 478 1819 esse
504 1770 560 1817 et
580 1777 645 1817 ex
671 1759 786 1816 Deo
806 1759 971 1814 esse?
999 1758 1108 1815 Sed
1135 1757 1591 1828 quemadmodum
1612 1752 1686 1828 (c)
1713 1755 1819 1810 Do-
1848 1770 1897 1830 Β
1922 1768 1978 1815 et
2022 1774 2119 1829 per
2145 1758 2321 1828 ipsum
2350 1765 2409 1813 et
2436 1757 2489 1811 in
2517 1756 2636 1828 ipso
2663 1757 2770 1811 sint
2798 1757 2975 1811 omnia
3007 1774 3021 1823 ;
3048 1764 3104 1811 et
3146 1771 3264 1812 cum
3294 1756 3528 1828 Spiritus

236 1858 421 1913 minum
449 1865 509 1911 et
548 1855 720 1910 Deum
751 1853 967 1922 utrique
1011 1866 1219 1916 eorum,
1253 1858 1313 1905 ut
1357 1858 1603 1905 mutuum
1643 1858 1817 1912 esset,

236 1949 551 2019 adscriptum
598 1955 720 2002 est:
751 1946 824 2000 ita
862 1961 928 2000 ea:
952 1960 1050 2016 quo
1090 1952 1146 2000 et
1192 1960 1283 2012 per
1300 1959 1451 2015 quem
1491 1941 1719 1998 relatum
1750 1940 1819 1996 ad

238 2054 511 2114 utrumque
533 2049 641 2106 est,
667 2048 722 2095 et
742 2038 810 2094 ad
836 2035 1353 2094 demonstrationem
1379 2032 1598 2091 unitatis
1621 2034 1819 2089 utrius-

239 2153 348 2209 que,
373 2152 479 2192 nec
503 2135 573 2191 ad
619 2132 1031 2204 intelligentiam
1062 2129 1374 2201 singularis.
1402 2129 1519 2184 Non
1569 2136 1716 2199 patet
1751 2125 1819 2183 ad

241 2230 567 2286 caesionem
599 2225 890 2297 impietatis
922 2223 1003 2297 (Ξ)
1029 2222 1197 2293 ipsius
1230 2221 1309 2295 (ά)
1357 2236 1571 2289 sermo,
1603 2228 1659 2277 et
1690 2234 1823 2291 apo-

242 2324 406 2380 stolica
436 2322 581 2377 fides
608 2336 715 2375 non
742 2327 827 2375 est
853 2326 1007 2374 extra
1035 2315 1432 2387 praedicationis
1459 2313 1819 2385 diligentiam.

242 2414 323 2471 llis
364 2415 514 2471 enim
561 2428 623 2469 se
666 2410 956 2467 verborum
1005 2408 1423 2481 proprietatibus
1460 2407 1825 2479 temperavit,

243 2507 411 2580 quibus
440 2521 552 2563 nec
597 2505 733 2561 duos
780 2504 914 2560 deos
952 2503 1346 2574 intelligeretur
1380 2502 1709 2574 signiﬁcare,
1734 2516 1830 2557 ne-

245 2616 333 2671 que
357 2600 616 2657 unicum:
658 2596 787 2653 dum
820 2606 875 2653 et
903 2595 1155 2652 unionem
1179 2594 1502 2663 detestatur,
1535 2610 1637 2651 nec
1682 2609 1833 2665 sepa-

248 2704 318 2751 rat
334 2694 598 2750 unitatem
612 2734 626 2759 ,
642 2691 746 2748 hoc
775 2693 919 2746 enim
941 2706 1006 2745 ea:
1027 2706 1130 2760 quo
1151 2690 1344 2751 omnia.
1364 2698 1419 2746 et
1435 2706 1524 2759 per
1549 2705 1700 2760 quem
1721 2705 1832 2744 om-

252 2787 340 2854 nia,
370 2787 500 2843 licet
531 2800 642 2841 non
690 2782 1018 2855 singularem
1066 2783 1423 2838 constitueret
1465 2784 1520 2837 in
1566 2789 1836 2852 potestate

252 2879 457 2945 virtutis,
493 2894 606 2933 non
630 2886 810 2932 tamen
841 2875 1115 2931 diversum
1138 2875 1543 2930 demonstraret
1572 2873 1651 2945 (5)
1681 2876 1734 2929 ἱη
1759 2874 1835 2946 (e)

251 2969 525 3028 efﬁcientia
555 2986 571 3036 ;
617 2984 741 3024 cum
769 2984 832 3023 ea:
850 2983 952 3039 quo
980 2967 1152 3021 omnia
1175 3006 1193 3033 ,
1236 2975 1292 3022 et
1328 2982 1418 3037 per
1448 2982 1597 3038 quem
1641 2966 1835 3032 omnia,

253 3062 465 3133 ejusdem
543 3072 752 3117 natura:
812 3060 880 3116 ad
956 3059 1009 3116 id
1070 3058 1470 3116 demonstraret
1536 3070 1834 3116 auctorem.

1927 1851 2022 1906 Dei
2049 1850 2195 1906 idem
2224 1851 2296 1905 sit
2321 1863 2374 1904 et
2401 1848 2634 1919 Spiritus
2661 1847 2897 1913 Christi;
2936 1848 3023 1904 vel
3062 1864 3183 1904 cum
3214 1849 3293 1920 (It)
3330 1851 3382 1904 in
3422 1850 3530 1906 mi-

1925 1942 2152 1999 nisterio
2182 1941 2395 1998 Domini
2416 1952 2468 1997 et
2493 1940 2574 2013 (5)
2598 1942 2651 1996 in
2677 1942 2994 2011 operatione
3011 1942 3105 1998 Dei
3134 1942 3368 2013 Spiritus
3390 1958 3531 2001 unus

1926 2043 2182 2107 operetur
2208 2044 2262 2090 et
2282 2034 2505 2102 dividat,
2535 2049 2642 2089 non
2665 2043 2891 2104 possunt
2916 2050 3022 2090 non
3045 2052 3209 2092 unum
3226 2052 3369 2106 esse,
3393 2054 3533 2111 quo-

1926 2144 2049 2185 rum
2075 2128 2292 2199 propria
2322 2127 2481 2182 unius
2510 2137 2635 2183 sunt
2662 2143 2677 2193 ;
2707 2142 2830 2182 cum
2870 2128 2922 2182 in
2950 2129 3142 2185 eodem
3172 2129 3400 2188 Domino
3443 2132 3536 2189 Fi-

1927 2219 2023 2285 lio,
2051 2229 2107 2275 et
2136 2221 2189 2274 in
2217 2218 2412 2275 eodem
2444 2220 2553 2275 Deo
2580 2219 2736 2275 Patre
2759 2261 2776 2287 ,
2826 2235 2966 2275 unus
3001 2229 3162 2292 atque
3191 2222 3335 2280 idem
3363 2224 3536 2294 Spiri-

1932 2321 2017 2367 tus
2046 2311 2125 2384 (6)
2156 2312 2208 2367 in
2236 2309 2297 2382 (i)
2326 2310 2518 2368 eodem
2543 2310 2748 2382 Spiritu
2775 2320 2966 2368 sancto
2984 2312 3254 2379 dividens,
3280 2317 3535 2375 universa

1930 2407 2194 2479 perﬁciat.
2227 2406 2272 2461 0
2296 2405 2492 2477 dignus
2523 2406 2613 2461 ille
2651 2421 2967 2477 magnorum
3013 2417 3066 2462 et
3114 2410 3416 2467 cmlesﬁum
3446 2427 3537 2468 ar-

1930 2514 2190 2556 canorum
2212 2497 2566 2559 conscientia,
2606 2507 2661 2554 et
2685 2508 2995 2569 assumptus
3035 2511 3367 2559 secretorum
3393 2504 3537 2561 divi-

1933 2606 2129 2647 norum
2152 2589 2466 2659 electusque
2489 2590 2783 2659 particeps,
2804 2604 2868 2644 ea
2898 2589 3009 2659 ipsa
3036 2590 3105 2663 (j)
3133 2592 3308 2648 illiciti
3333 2595 3539 2665 eloquii

1932 2685 2150 2741 silentio
2180 2682 2489 2739 necessario
2520 2691 2724 2749 tacens,
2758 2691 2813 2738 et
2840 2697 2969 2738 vere
2996 2684 3290 2754 Apostolus
3313 2684 3537 2758 Christi,

1936 2779 2078 2850 quali
2103 2777 2351 2832 humana:
2377 2775 2753 2846 perversitatis
2779 2775 2990 2846 ingenia
3016 2776 3251 2833 absoluti
3274 2781 3544 2837 sermonis

1937 2871 2024 2927 sui
2055 2869 2441 2941 praedicatione
2466 2868 2755 2932 conclusit,
2789 2884 2954 2923 unum
2983 2868 3197 2925 Patrem
3248 2871 3417 2928 Deum
3442 2915 3457 2938 ,
3487 2883 3545 2930 et

1940 2978 2103 3020 unum
2137 2961 2420 3016 Dominum
2451 2959 2635 3015 .lesum
2667 2958 2941 3014 Christum
2987 2960 3327 3029 confitendo;
3360 2972 3419 3019 ut
3462 2965 3546 3021 in-

1944 3065 2026 3111 ter
2049 3053 2166 3108 lucc
2190 3052 2271 3127 (7)
2300 3066 2400 3107 nec
2428 3049 2566 3106 duos
2591 3049 2670 3122 (lc)
2697 3050 2980 3121 quisquam
3010 3054 3182 3122 possit
3206 3054 3501 3124 prmdicare
3521 3098 3543 3126 ,

251 3152 539 3228 Utrumque
563 3163 748 3210 autem
774 3151 1019 3224 ejusdem
1055 3161 1260 3207 natura:
1287 3151 1564 3223 proprium
1594 3168 1720 3212 esse
1741 3152 1837 3210 de-
1866 3144 1912 3208 C
1946 3162 2122 3219 neque
2149 3146 2365 3202 unicum
2401 3162 2414 3199 :
2446 3158 2569 3198 cum
2600 3153 2779 3198 tamen
2811 3143 2901 3214 qui
2930 3157 3040 3200 non
3070 3146 3260 3201 unicus
3288 3154 3372 3202 est
3393 3187 3409 3215 ,
3436 3161 3547 3204 non

312 3291 386 3363 (l)
415 3289 722 3363 Separabili
747 3307 780 3344 a
804 3305 859 3363 se
883 3296 1069 3363 natura
1095 3298 1142 3343 et
1158 3289 1369 3358 spiritu.

314 3360 388 3433 (ἓ)
414 3360 552 3419 Pisss
573 3378 767 3419 sermo.
799 3360 967 3417 Paulo
996 3368 1136 3432 post,
1166 3371 1220 3416 ut
1248 3378 1340 3417 nec
1373 3360 1504 3417 duos
1533 3375 1631 3433 pro
1655 3361 1840 3433 quibus

260 3449 333 3489 nes
358 3436 507 3491 duos.

318 3505 393 3577 (ὅ)
418 3506 485 3577 In
522 3504 812 3577 eﬁicientiat
840 3512 1109 3577 potestate.

315 3505 485 3649 (5)112
522 3505 812 3577 eﬁicientia:
835 3512 1109 3630 Lafestafe.
1758 3505 1769 3513 ‘

336 3578 388 3651 4)
412 3576 478 3632 Et
536 3578 831 3632 ἰηοτδοηιια
873 3576 1035 3631 'lium.
1058 3575 1180 3631 Mox
1230 3583 1277 3629 et
1329 3575 1839 3647 ininvestignbilium,

318 3710 516 3784 (a),Ms.
544 3708 715 3767 Corb.
741 3710 812 3766 ab
845 3711 1267 3784 antiquanmanu
1304 3710 1543 3766 secunda
1565 3752 1581 3774 ,
1629 3712 1845 3784 possint.

258 3780 441 3855 Deinde
484 3786 542 3838 in
575 3784 818 3855 excusis,
844 3780 1207 3855 separabilisha
1236 3798 1290 3837 se
1317 3792 1504 3836 natura
1531 3791 1577 3836 et
1611 3780 1844 3855 spiritus.

261 3852 311 3910 In
328 3855 574 3911 omnibus
602 3853 721 3910 fere
744 3869 874 3909 mss.
900 3852 1181 3922 'separabili
1207 3872 1240 3908 a
1265 3870 1318 3908 se
1339 3863 1525 3907 natura
1544 3863 1589 3907 et
1610 3852 1799 3922 spiritu
1830 3870 1843 3907 :

295 3926 432 3981 aibas
452 3926 639 3981 verbis
659 3924 822 3979 Carn.
843 3926 1281 3993 prmpositionem
1296 3926 1352 3978 in
1371 3925 1649 3992 praeﬁxam
1666 3925 1846 3979 habet.

358 4000 529 4053 uimnr
581 3995 869 4066 exemplar
921 3995 1042 4051 Vat.
1083 3996 1200 4051 bas.
1246 3996 1496 4066 quamvis
1525 4005 1848 4051 camerarum

265 4065 528 4124 lectionem
558 4068 707 4121 haud
739 4065 882 4121 aliud
906 4076 1188 4121 scitantem
1215 4065 1319 4121 non
1350 4080 1687 4133 ri-Spnamus.

324 4140 395 4211 (lt)
425 4140 595 4200 Editi.
630 4140 881 4211 retulerjt.
912 4137 1103 4211 Melius
1131 4153 1259 4193 mss.
1288 4139 1482 4192 retulit.
1516 4137 1625 4191 llas
1652 4151 1846 4203 VOCcs,

267 4226 321 4265 ea
342 4208 435 4282 quo
456 4211 673 4273 omnia,
705 4208 772 4264 ad
803 4208 1051 4282 Patrem,
1080 4208 1212 4264 istas
1233 4225 1392 4282 vero,
1427 4225 1519 4279 per
1545 4224 1699 4278 quem
1735 4225 1852 4282 om-

267 4282 462 4347 nia,ad
511 4282 715 4337 Filium
760 4281 1014 4336 retulisse
1042 4281 1337 4350 Apostolus
1383 4288 1684 4335 enarratur.
1729 4281 1852 4335 Mox

270 4351 381 4407 Bad.
404 4362 458 4408 et
478 4353 609 4417 Er.,
628 4368 745 4405 cum
766 4361 1040 4421 utrumque
1065 4351 1304 4423 apposuit
1326 4352 1450 4421 (duo
1470 4366 1599 4423 mss.
1625 4367 1740 4405 eum
1764 4367 1856 4423 per

268 4433 520 4489 utrumque
546 4423 815 4494 opposuit)
836 4423 1039 4495 virtutis
1059 4421 1333 4495 ejusdem:
1358 4422 1644 4495 ﬁniendose.

330 4495 397 4569 (e)
421 4493 715 4569 Vat._'bas.
750 4509 852 4569 ms.
884 4509 975 4564 per
1005 4493 1307 4569 Dominum.
1354 4494 1620 4549 Malumus
1649 4493 1857 4564 simpli-

271 4565 388 4622 οἱωὲ
412 4565 721 4630 Dominum,
754 4567 916 4620 tacito
944 4566 1110 4620 verbo
1132 4581 1258 4619 esse.

331 4636 404 4711 (ό)
437 4638 583 4694 Editi
615 4638 995 4711 excemear.
1027 4651 1151 4711 cum
1182 4636 1387 4711 aliquot
1405 4648 1543 4711 tnss.
1571 4635 1708 4711 pius.
1751 4635 1857 4711 lie.

273 4706 487 4765 tinemus
516 4724 649 4764 eum
674 4707 1062 4763 vetustioribus
1108 4707 1273 4775 ipsius
1300 4749 1314 4772 ,
1368 4706 1420 4760 id
1445 4715 1529 4761 est
1570 4706 1811 4776 Apostoli
1844 4723 1857 4760 :

279 4779 356 4834 ubi
385 4782 627 4850 pessime
655 4781 707 4834 in
734 4794 866 4834 mss.
901 4778 1020 4833 Vat.
1056 4779 1195 4839 bas.,
1219 4793 1345 4850 sure.

335 4849 405 4922 (e)
432 4851 514 4906 lta
542 4850 922 4922 castigatiores
961 4864 1122 4922 mss,
1149 4849 1294 4922 Editi
1326 4863 1476 4912 vero,
1502 4849 1555 4902 in
1584 4849 1864 4919 ejﬁcientiw

276 4920 524 4990 potestate.
570 4920 791 4978 Mar-tiu.
828 4936 930 4975 nis.
952 4920 1008 4974 in
1034 4920 1328 4991 efﬁcientia:
1359 4929 1681 4989 potestatem.

336 4993 404 5067 (ί)
430 4994 601 5067 Bad.,
623 4991 845 5067 Par._ac
877 4990 1238 5067 plures’rnssq
1259 4991 1655 5067 intelligentiam
1673 5006 1691 5045 :
1707 4990 1871 5067 casti-

275 5062 452 5132 gantur
469 5080 537 5119 ex
566 5066 682 5131 En,
716 5062 861 5135 Lips.
884 5062 940 5119 et
962 5078 1090 5119 mss.
1116 5062 1278 5117 Corb.
1301 5062 1684 5135 Mox_rcposuit
1708 5063 1871 5117 Eras-

278 5149 385 5188 mus
407 5132 918 5206 ininuestigabilium.
944 5149 1066 5190 cum
1096 5134 1149 5206 in
1173 5148 1305 5189 mss.
1333 5141 1389 5187 et
1415 5132 1547 5187 Bad.
1584 5136 1869 5206 exst_et_in-

277 5203 667 5276 sestigabiliumI
692 5204 774 5276 Illi
804 5219 979 5261 tamen
1019 5203 1343 5274 suffragatur
1371 5219 1509 5259 unus
1552 5218 1654 5259 ms.
1683 5204 1866 5268 Colb.,

278 5275 364 5331 lib.
393 5275 453 5341 ἰ,
485 5294 544 5331 n.
579 5276 669 5334 69.
707 5275 817 5333 Usu
849 5291 1009 5346 porro
1030 5276 1113 5331 vel
1142 5277 1313 5330 abusu
1336 5276 1646 5345 experimur
1668 5291 1864 5331 nomen

277 5346 642 5419 insestigabilis
671 5346 780 5402 vim
807 5349 1051 5404 obtinere
1081 5347 1334 5419 negandi,
1364 5347 1609 5418 quamvis
1642 5347 1864 5403 verbum

280 5418 580 5488 investigare
614 5420 805 5474 habeat
833 5418 1157 5474 affirmandi.

343 5487 511 5561 (9)1ta
534 5490 814 5546 veterrimi
840 5505 968 5547 mss.
992 5489 1114 5546 Vat.
1132 5487 1460 5555 bas.,Colb.,
1477 5489 1865 5557 Martin.,etc.,

282 5563 652 5633 consentiente
677 5577 834 5618 sacro
861 5572 1006 5618 textu
1028 5576 1206 5633 grmco
1236 5572 1290 5618 et
1315 5562 1501 5617 latino.
1531 5566 1601 5616 At
1629 5561 1685 5615 in
1706 5574 1870 5616 excu-

282 5631 379 5695 sis,
398 5633 592 5688 secula
613 5633 919 5688 seculorum
941 5676 957 5700 ,
998 5631 1200 5689 omisso
1225 5650 1395 5690 auten.

352 5700 434 5776 (It)
460 5703 519 5758 In
548 5703 760 5760 duobus
787 5719 918 5759 mss.
952 5704 1133 5770 Colb.,
1180 5720 1293 5776 nuo
1324 5706 1533 5774 llemig.
1557 5713 1612 5761 et
1638 5702 1873 5776 Tlteod.,

286 5772 502 5831 refertus
529 5776 591 5830 in
614 5776 891 5831 ministerio
913 5775 1141 5848 Spiritus
1168 5772 1402 5849 Domini,
1425 5788 1471 5833 et
1486 5772 1554 5832 “in
1579 5775 1877 5850 operatione

574 5868 852 5937 Panos.
920 5869 1006 5933 Χ.

1947 3288 2090 3359 quod
2108 3285 2455 3361 (prtetnlimus
2485 3284 2753 3361 superiori
2783 3282 3043 3355 lectioni,
3093 3287 3545 3361 investigabilium.

1947 3356 2154 3417 Deinde
2182 3356 2729 3428 imperscrutabifium.

2020 3432 2099 3501 (5)
2131 3428 2199 3485 In
2238 3427 2426 3501 spiritu
2456 3427 2567 3483 Dei.

2047 3504 2105 3567 6)
2129 3501 2197 3556 In
2226 3517 2283 3556 eo
2315 3500 2519 3568 Spiritu
2543 3509 2744 3555 sancto.

2047 3504 2105 3567 6)
2129 3503 2197 3556 In
2226 3517 2283 3556 eo
2315 3503 2519 3568 Spiritu
2543 3509 2744 3555 sancto.

2020 3503 2101 3646 f7)
2130 3571 2183 3626 Ν
2187 3589 2241 3627 ee
2265 3572 2393 3625 duos
2414 3568 2552 3626 Deos
2579 3572 2846 3643 quisquam
2870 3583 3059 3644 posset.

1959 3709 2188 3783 Spiritus
2216 3708 2317 3763 Dei
2346 3708 2752 3783 Spiritusunus,
2770 3721 2902 3780 etc.,
2924 3727 3047 3783 qua:
3075 3711 3258 3779 lectio,
3281 3712 3445 3771 etiam
3482 3714 3554 3773 ad

1957 3779 2178 3854 lintbutn
2209 3798 2310 3854 ms.
2344 3779 2506 3836 Cbrh.
2546 3782 2615 3837 ab
2641 3781 2859 3854 antiqua
2889 3779 3072 3838 manu
3099 3785 3390 3853 adscripta.
3443 3802 3554 3843 non

1957 3852 2207 3923 displicet
2238 3853 2341 3909 hoc
2362 3867 2548 3915 sensu,
2577 3862 2636 3909 ut
2673 3852 2800 3909 licet
2829 3855 2879 3909 in
2907 3854 3221 3911 ministeriis
3251 3852 3557 3915 dividendis

1961 3925 2193 3997 Spiritus
2220 3926 2289 3979 sit
2313 3924 2559 3989 Domini,
2601 3934 2656 3979 et
2697 3926 2748 3979 in
2779 3926 3048 3996 largienda
3079 3929 3396 3997 operatione
3425 3929 3555 3994 Spi-

1960 3996 2250 4068 ritusDei,
2296 4010 2435 4068 unus
2463 4007 2645 4068 tamen
2673 3996 2904 4063 Spiritus
2949 4007 3004 4052 et
3026 3996 3285 4068 operetur
3327 4006 3383 4053 et
3411 4000 3551 4055 divi-

1958 4065 2069 4121 dat.
2102 4066 2156 4121 ltt
2177 4063 2635 4137 vetustioreColb.
2662 4082 2867 4122 necnon
2888 4063 3317 4132 Martiti.,Cnrtt..
3338 4071 3552 4137 Germ.,

1957 4136 2319 4209 Vinil.,Corb.
2346 4150 2394 4209 et
2430 4151 2536 4209 un_o
2562 4135 2766 4209 Vatic.,
2786 4156 2903 4192 cum
2927 4140 2981 4193 in
3005 4140 3290 4194 ministerio
3320 4135 3550 4209 Domini,

1956 4218 2002 4263 et
2031 4210 2086 4281 in
2113 4208 2317 4279 Spiritu
2346 4205 2444 4263 Dei
2476 4206 2705 4281 Spiritus
2728 4225 2882 4263 unus.
2911 4210 2993 4281 Ex
3028 4212 3226 4280 quibus
3256 4213 3398 4281 apud
3429 4205 3553 4268 Par.

1959 4280 2190 4355 positum
2212 4292 2325 4355 est,
2358 4296 2472 4355 eum
2521 4280 2582 4355 _in_
2608 4280 2897 4355 ministerio
2922 4279 3155 4355 Domini.
3185 4294 3261 4355 et,
3291 4279 3344 4337 in
3368 4301 3559 4355 opera-

1958 4348 2094 4405 tione
2126 4348 2242 4418 Dei,
2274 4360 2321 4405 et
2349 4353 2403 4404 in
2434 4350 2639 4419 Spiritu
2669 4349 2769 4423 Dei
2800 4351 3028 4423 Spiritus
3062 4371 3215 4409 unus.
3246 4348 3558 4412 Lectionem

1957 4438 2118 4496 quam
2151 4436 2471 4496 revocamus
2497 4437 2560 4496 ett
2593 4421 2717 4496 aliis
2737 4421 2878 4496 edit.
2897 4436 2949 4479 et
2978 4424 3248 4496 aliquibus
3269 4442 3401 4481 mss.
3429 4444 3561 4483 con-

1962 4495 2175 4569 firmant
2207 4493 2323 4569 haec
2349 4510 2512 4569 _num.
2544 4493 2610 4569 Si
2639 4510 2651 4546 :
2682 4493 3026 4569 Appreltende
3048 4493 3084 4569 ε’
3112 4498 3157 4551 si
3184 4509 3348 4569 potes,
3383 4498 3563 4552 Domi-

1883 4561 1939 4622 D
1964 4581 2085 4618 num
2125 4566 2179 4617 in
2209 4565 2458 4619 divisione
2487 4561 2904 4633 ministeriorum,
2956 4577 3003 4621 et
3032 4561 3195 4621 Deum
3227 4570 3281 4622 in
3309 4569 3561 4622 divisione

1964 4636 2321 4705 operutionum
2343 4637 2477 4689 hunc
2504 4636 2919 4709 euripidemunum
2941 4654 3053 4694 esse
3076 4639 3352 4709 Spiritum,
3376 4649 3423 4692 et
3445 4640 3559 4693 ino-

1965 4722 2246 4778 perantem,
2279 4716 2338 4778 et,
2350 4717 2498 4778 prout
2522 4707 2630 4778 pult
2658 4707 2984 4762 dividentem.

2037 4779 2101 4848 (i)
2132 4777 2288 4843 Bad.,
2320 4777 2413 4849 Er.
2444 4787 2499 4849 et
2520 4776 2665 4849 Lips.
2690 4779 2753 4849 in
2774 4779 2947 4832 eodem
2975 4779 3200 4849 Spiritu.
3224 4779 3553 4835 sinesancto.

1967 4847 2193 4921 Carnnt.
2233 4847 2404 4921 codex
2425 4889 2438 4912 ,
2464 4847 2518 4901 in
2550 4848 2755 4921 Spiritu
2779 4860 2975 4921 sancto,
3009 4847 3127 4904 Sine
3156 4851 3354 4921 eodem,
3402 4852 3559 4921 cujus

1968 4919 2118 4976 vocis
2139 4930 2246 4974 tres
2276 4920 2468 4972 litterae
2500 4920 2827 4987 posteriores
2851 4918 2904 4972 in
2945 4922 3165 4990 antiquo
3189 4918 3346 4976 COlb.
3382 4918 3560 4989 priSco

1972 5007 2125 5045 more
2145 4998 2428 5058 espunctae
2449 4998 2593 5061 sunt,
2630 4990 2680 5061 id
2707 5001 2810 5054 est,
2845 4996 3055 5060 punctis
3080 4992 3342 5060 subjectis
3367 5006 3562 5061 super-

1972 5061 2446 5134 ﬁuzeindicantur.
2479 5059 2877 5134 UndeMartin.
2903 5072 2957 5117 et
2985 5062 3076 5118 alii
3099 5059 3228 5118 mss.
3261 5079 3427 5134 prope
3442 5059 3564 5119 om-

1972 5148 2070 5190 nes
2102 5133 2320 5194 habent.
2349 5132 2404 5186 in
2432 5147 2490 5186 eo
2516 5130 2720 5201 Spiritu
2746 5142 2943 5188 sancto.

2045 5201 2117 5277 (j)
2149 5205 2260 5277 lluc
2285 5211 2543 5277 esttqute
2572 5214 2697 5257 sunt
2724 5203 2899 5259 illiciti
2929 5204 3149 5277 eloquii.
3180 5221 3273 5261 seu
3306 5222 3427 5275 quae
3454 5221 3560 5262 non

1973 5273 2106 5330 licet
2127 5275 2329 5345 eloqui.
2364 5273 2448 5331 Ne
2469 5290 2599 5329 vero
2629 5276 2824 5346 legeris
2844 5291 2967 5332 cum
3004 5273 3127 5333 cod.
3163 5276 3278 5331 Vat.
3311 5273 3423 5331 bas.
3458 5278 3565 5332 illi-

1972 5347 2074 5400 cita
2103 5346 2291 5416 eloqui,
2324 5360 2461 5401 neve
2485 5345 2959 5415 deindeprteferas
2987 5363 3110 5402 cum
3152 5347 3307 5402 Vind.
3353 5363 3566 5405 necnon

1975 5416 2107 5472 Bad.
2141 5427 2195 5472 et
2216 5416 2334 5484 Er.,
2361 5427 2610 5485 statuens,
2645 5418 2727 5474 vel
2753 5435 2876 5474 cum
2899 5436 3006 5476 uno
3032 5419 3184 5475 Culb.
3216 5434 3431 5489 parens,
3468 5436 3566 5491 pro

1975 5500 2167 5544 tacens.

2051 5559 2126 5632 (lt)
2150 5559 2206 5615 ln
2228 5558 2351 5632 cod.
2375 5558 2500 5615 Vat.
2526 5560 2669 5627 bas.,
2692 5560 2928 5629 lllartiu.,
2969 5561 3199 5632 aliisque
3226 5560 3437 5617 duobus
3466 5562 3577 5619 Van

1981 5630 2073 5686 tic.
2106 5633 2233 5685 duos
2266 5630 2405 5705 deos.
2448 5632 2616 5705 Abest
2658 5633 2725 5688 ab
2763 5633 2888 5688 aliis
2916 5634 3036 5688 deos
3064 5650 3083 5689 :
3115 5630 3246 5688 eum
3290 5649 3393 5705 qua
3439 5648 3575 5690 voce

1980 5717 2330 5777 suppressum
2354 5702 2654 5777 intelligere
2674 5713 2758 5761 est
2780 5715 2867 5760 aut
2890 5706 3144 5772 dominos,
3172 5702 3321 5777 puta,
3338 5723 3429 5763 nec
3449 5706 3577 5766 duos

1984 5774 2105 5832 deos
2133 5785 2222 5833 aut
2249 5773 2503 5832 dominos.
