4094 6180
517 286 624 343 267

1738 271 1984 337 SANCTI
2025 269 2283 333 HILARII
2325 273 2634 338 EPISCOPI

3713 289 3821 352 268

515 406 570 461 in
597 406 733 462 duos
756 407 1073 478 proﬁceret;
1099 419 1199 462 nec
1236 406 1327 478 qui
1353 401 1459 460 duo
1502 417 1612 460 non
1652 409 1798 471 sunt,
1835 403 2111 459 solitarius
2218 401 2528 455 scansionem
2569 402 2620 456 in
2649 401 2858 474 coelum)
2903 417 3024 474 quae
3051 417 3348 476 corporeus
3387 405 3441 462 in
3472 407 3676 465 mundo
3709 427 3823 469 ma.

516 507 702 570 posset
731 499 986 570 intelligi;
1014 508 1068 554 et
1095 497 1234 555 inter
1257 495 1374 553 haec
1415 495 1706 566 perfectam
1748 494 1947 552 Christi
1978 495 2119 550 nati-

515 593 737 650 vitatem
767 601 918 661 pater
939 592 1341 650 demoostratus
1365 589 1710 648 ostenderet!

585 685 675 742 40.
714 685 987 740 Hrereticis
1017 702 1110 741 nec
1139 685 1288 756 ﬁdes,
1321 702 1411 740 nec
1441 701 1557 755 spes
1580 727 1593 751 ,
1625 695 1718 738 nec
1745 683 2018 754 baptisma.
2044 712 2116 724 —-

515 778 804 835 Extendite
833 794 975 836 nunc
1000 779 1235 836 vibratas
1272 778 1445 834 sibilis
1473 778 1701 849 linguas,
1731 775 1970 832 haeretici
2002 790 2116 832 ser-

517 856 725 944 pentes,
777 873 890 929 sive
917 867 1156 939 Sabelli,
1206 872 1320 928 sive
1378 869 1639 935 Photine,
1687 871 1803 927 sive
1832 867 1927 940 qui
1972 884 2114 925 nunc

509 975 814 1025 creaturam
845 973 964 1022 esSe
994 965 1329 1036 unigenitum
1349 958 1518 1020 Deum
1552 963 1877 1035 praedicatis.
1922 961 2116 1020 Audiet

509 1079 674 1117 unum
706 1055 876 1116 Deum
933 1067 1173 1130 patrem,
1224 1058 1467 1130 quisquis
1512 1067 1671 1128 negat
1718 1057 1928 1112 ﬁlium:
1985 1057 2113 1126 quia

507 1169 631 1210 cum
663 1153 822 1209 Pater
849 1166 957 1207 non
979 1151 1081 1207 nisi
1115 1166 1210 1222 per
1243 1151 1411 1206 ﬁlium
1437 1159 1586 1221 pater
1626 1149 1716 1214 sit,
1750 1149 1923 1206 Filius
1949 1141 2109 1222 25.3

507 1263 604 1318 per
637 1245 690 1302 id
719 1246 1052 1318 significatur
1080 1245 1134 1300 in
1177 1243 1353 1300 Patre.
1401 1243 1504 1312 Qui
1533 1259 1666 1299 vero
1711 1244 1973 1299 unitatem
2018 1255 2110 1298 na-

508 1350 644 1396 turae
676 1338 1035 1394 indiﬁ'erentis
1062 1337 1200 1392 Filio
1227 1335 1436 1402 adimit,
1467 1345 1761 1406 cognoscat
1801 1321 1966 1391 unum
1998 1333 2110 1389 Do-

506 1433 712 1487 minum
760 1426 944 1488 Jesum
991 1429 1290 1486 Christum.
1351 1425 1461 1484 Nisi
1508 1431 1652 1485 enim
1705 1443 1801 1500 per
1847 1429 2109 1484 unitatem

508 1521 741 1594 Spiritus
761 1537 901 1578 unus
921 1529 1005 1578 est
1034 1521 1313 1586 Dominus,
1333 1520 1447 1576 Deo
1472 1521 1606 1591 patri
1638 1535 1742 1576 non
1773 1520 2111 1591 relinquetur

501 1625 563 1672 ut
593 1617 853 1672 Dominus
873 1617 964 1671 sit.
996 1612 1068 1669 At
1119 1614 1210 1684 qui
1253 1613 1322 1669 de
1351 1623 1594 1684 tempore
1624 1625 1786 1684 atque
1825 1627 1893 1669 ex
1942 1627 2108 1669 carne

499 1707 692 1764 Filium
723 1701 980 1778 deputat,
1007 1715 1306 1780 cognoscat
1337 1708 1462 1778 quia
1518 1719 1614 1777 per
1641 1721 1766 1763 eum
1817 1707 2016 1774 omnia,
2052 1716 2109 1764 et

2224 507 2359 547 nens
2390 493 2603 549 locutus
2633 505 2736 551 est.

2293 586 2381 641 42.
2418 584 2590 642 Filius
2622 587 2844 644 hominis
2870 591 3026 646 vitam
3048 599 3294 647 wternam
3323 595 3410 648 dat
3432 636 3445 660 ,
3483 595 3604 666 quia
3647 597 3825 670 signa-

2223 687 2304 732 tus
2331 695 2361 732 a
2388 677 2565 736 Patre.
2587 711 2659 722 ——
2687 681 2910 738 Dixerat
2938 685 3083 741 enim
3108 685 3161 740 in
3193 679 3496 757 Evangeliis
3520 681 3818 747 Dominus:

2221 769 2385 845 2M
2434 773 2731 844 Operamini
2762 792 2951 844 escam,
2984 785 3084 831 non
3111 791 3224 848 quae
3270 777 3481 844 interit,
3536 780 3628 835 sed
3653 799 3825 839 escam

2218 881 2334 935 qua:
2364 875 2624 935 permanet
2652 868 2705 922 in
2734 869 2888 923 vitam
2913 880 3158 924 aeternam
3182 912 3196 938 ,
3229 889 3382 944 quam
3432 865 3573 944 ﬁlius
3602 875 3824 935 hominis

2218 957 2358 1014 dabit
2389 960 2548 1014 vobis.
2584 955 2734 1016 Hunc
2765 963 2898 1016 enim
2930 960 3090 1019 Pater
3119 961 3197 1038 (ἀ)
3227 966 3449 1036 signavit
3474 965 3633 1023 Deus.
3659 969 3824 1026 Dixe-

2217 1063 2337 1110 runt
2361 1056 2518 1126 igitur
2547 1057 2614 1110 ad
2636 1074 2787 1112 eum:
2819 1057 2958 1123 Quid
2984 1059 3251 1130 faciemus,
3281 1071 3336 1114 ut
3363 1077 3635 1130 operemur
3663 1081 3823 1134 Opera

2223 1145 2350 1204 Dei?
2377 1148 2444 1203 Et
2468 1150 2599 1204 dixit
2619 1145 2725 1204 illis
2751 1167 2768 1205 .'
2795 1147 2908 1204 Hoc
2928 1163 3003 1207 est
3031 1168 3161 1217 Opus
3187 1145 3304 1218 Dei,
3331 1163 3384 1207 ut
3409 1155 3632 1209 credatis
3658 1155 3739 1225 (1)
3768 1157 3823 1209 in

2215 1241 2433 1315 eum(e),
2460 1260 2608 1312 quem
2637 1244 2772 1297 misit
2800 1243 2889 1298 ille
2917 1241 3123 1315 (Joan.,
3145 1260 3218 1310 vr,
3241 1245 3311 1299 27
3340 1254 3384 1299 et
3412 1246 3596 1317 seqq).
3629 1245 3825 1302 Sacra-

2215 1341 2457 1389 mentum
2490 1341 2544 1389 et
2567 1335 2962 1406 carporationis
2993 1344 3048 1390 et
3068 1333 3364 1391 divinitatis
3394 1351 3507 1391 sua:
3548 1335 3813 1393 Dominus

2214 1443 2516 1498 exponens,
2547 1428 2669 1484 [idei
2701 1443 2919 1499 quoque
2948 1436 3147 1484 nostra:
3173 1431 3227 1484 et
3252 1429 3370 1500 spei
3412 1421 3716 1485 doctrinam
3739 1430 3822 1486 Io—

2213 1531 2369 1578 cutus
2389 1530 2506 1578 est:
2531 1530 2592 1578 ut
2612 1535 2791 1578 escam
2819 1538 2929 1577 non
2957 1523 3316 1578 intereunlem
3337 1565 3350 1589 ,
3377 1521 3474 1578 Sed
3499 1539 3821 1593 permanen-

2213 1616 2322 1671 tem
2355 1607 2407 1669 in
2435 1622 2697 1670 aeternum
2724 1629 3100 1685 Operaremur,
3135 1623 3192 1670 ut
3213 1614 3353 1671 hanc
3375 1616 3698 1672 aeternitatis
3722 1632 3813 1673 es-

2211 1721 2329 1762 cam
2379 1705 2497 1762 dari
2528 1707 2685 1763 nobis
2715 1723 2744 1762 a
2776 1707 2884 1763 ﬁlio
2916 1707 3151 1764 hominis
3175 1710 3639 1778 meminissemus,
3672 1718 3729 1766 ut
3757 1710 3820 1767 li-

497 1817 596 1857 nos
634 1814 730 1872 per
767 1803 984 1873 ipsum;
1034 1809 1089 1856 et
1129 1809 1282 1857 extra
1317 1799 1391 1873 (a)
1442 1809 1685 1870 tempora
1735 1801 1804 1855 sit
1864 1797 2106 1856 condens
2134 1781 2183 1851 Β
2211 1798 2344 1856 lium
2377 1800 2611 1856 hominis
2637 1803 2904 1873 signatum
2933 1817 2964 1856 a
2993 1803 3105 1858 Deo
3133 1813 3288 1872 patre
3309 1802 3592 1872 sciremus,
3622 1815 3683 1861 ut
3713 1802 3819 1862 hoc

496 1892 679 1948 omnia
712 1889 1085 1962 intemporalis
1112 1891 1475 1947 immensitas.
1523 1891 1591 1946 Et
1625 1892 1829 1947 interea
1855 1889 2104 1962 relegat,

499 1984 625 2054 quia
654 1999 757 2038 tina
783 1999 906 2054 spes
940 1983 1241 2038 vocationis
1266 1985 1385 2049 est,
1439 1992 1494 2038 et
1525 1997 1686 2037 unum
1718 1984 1984 2053 baptisma
2011 2025 2025 2050 ,
2050 1991 2105 2039 et

494 2077 630 2134 ﬁdes
656 2093 778 2133 una.
810 2077 874 2134 Et
910 2085 1032 2147 post
1059 2077 1174 2132 haec
1203 2078 1496 2132 adversans
1547 2077 1915 2147 praedicationi
1961 2077 2106 2148 Apo-

493 2171 619 2226 Stoli
649 2172 764 2240 ipse
789 2169 1077 2226 anathema
1122 2172 1472 2237 constitutus,
1506 2183 1628 2225 cum
1659 2171 1903 2238 aliterﬁex
1936 2181 2104 2228 sensu

492 2277 591 2319 suo
617 2261 814 2334 sapiat,
849 2276 950 2319 nec
978 2270 1218 2328 vocatus,
1254 2276 1356 2316 nec
1381 2261 1683 2331 baptizatus
1710 2271 1815 2330 est,
1843 2275 1943 2319 nec
1969 2262 2103 2319 ﬁde-

490 2358 558 2414 lis
590 2379 603 2414 :
645 2359 767 2429 quia
796 2361 850 2414 in
883 2373 990 2413 uno
1019 2357 1128 2413 Deo
1169 2367 1354 2428 patre,
1384 2365 1437 2412 et
1477 2357 1529 2411 in
1561 2367 1667 2411 uno
1713 2356 1943 2412 Domino
1971 2357 2100 2412 Jesu

497 2451 721 2509 Christo
749 2451 906 2508 unius
934 2451 1050 2521 Spei
1077 2459 1238 2521 atque
1271 2449 1521 2519 baptismi
1551 2447 1685 2504 ﬁdes
1717 2465 1819 2504 una
1865 2451 1954 2504 sit.
1986 2448 2096 2505 Nec

487 2544 856 2601 doctrinarum
879 2541 1165 2597 diversitas
1193 2540 1250 2596 in
1281 2541 1364 2596 bis
1395 2554 1455 2596 se
1477 2553 1598 2596 esse
1624 2541 1825 2611 poterit
1851 2541 2092 2612 gloriari,

485 2654 607 2711 qua
637 2636 794 2694 unius
843 2645 897 2694 et
921 2627 1018 2692 Dei
1046 2644 1101 2692 et
1125 2635 1340 2691 Domini
1369 2643 1423 2691 et
1451 2635 1567 2706 spei
1612 2644 1666 2692 et
1692 2635 1944 2708 baptismi
1988 2637 2096 2694 sint

487 2741 544 2790 et
575 2731 717 2788 ﬁdei.

559 2826 650 2882 41.
682 2819 844 2880 Fides
868 2823 931 2880 de
961 2821 1120 2878 Patre
1146 2832 1192 2878 et
1222 2819 1385 2878 Filio.
1409 2852 1483 2864 —
1507 2814 1624 2880 Una
1655 2822 1816 2895 igitur
1842 2822 1978 2880 ﬁdes
2009 2829 2094 2881 est

484 2911 700 2977 Patrem
725 2921 778 2975 in
809 2919 946 2974 Filio
977 2928 1032 2975 et
1064 2919 1256 2975 Filium
1304 2919 1357 2974 in
1389 2917 1548 2976 Patre
1573 2936 1669 2990 per
1713 2920 2090 2992 inseparabilis

483 3023 692 3069 naturae
723 3014 984 3068 unitatem
1017 3013 1282 3076 conliteri,
1316 3027 1424 3066 non
1457 3009 1763 3080 confusam,
1797 3011 1892 3069 sed
1921 3014 2090 3070 indis-

479 3117 684 3164 cretam
714 3124 726 3160 :
759 3121 932 3177 neque
962 3105 1309 3176 permixtam,
1342 3103 1437 3160 sed
1492 3103 1929 3172 indiﬁ'erentem;
1990 3123 2087 3164 ne-

2212 1909 2335 1951 esse
2365 1911 2503 1966 opus
2550 1893 2649 1952 Dei
2691 1907 3072 1962 noscerenius,
3115 1896 3340 1952 credere
3388 1896 3439 1950 iu
3484 1913 3608 1952 eum
3651 1912 3814 1968 quem

2211 1985 2469 2042 misisset.
2522 1987 2589 2041 Et
2637 1985 2760 2058 quis
2810 1995 2913 2051 est,
2967 2003 3126 2058 quem
3169 1987 3329 2043 Pater
3371 1987 3564 2043 misit?
3607 1987 3814 2060 Nempe

2209 2096 2370 2149 quem
2399 2080 2631 2151 signavit
2647 2081 2810 2137 Deus.
2837 2079 2904 2136 Et
2925 2081 3047 2151 quis
3063 2091 3166 2148 est,
3187 2097 3343 2152 quem
3375 2079 3608 2152 signavit
3630 2081 3811 2136 Deus?

2207 2171 2378 2228 Filius
2423 2173 2611 2244 utique
2646 2172 2905 2238 hominis,
2961 2189 3140 2230 escam
3169 2172 3376 2229 scilicet
3409 2157 3654 2244 praebens
3683 2174 3809 2229 vitae

2165 2294 2168 2295 ν
2205 2276 2445 2323 attentas.
2469 2268 2535 2322 Et
2556 2269 2644 2339 qui
2677 2267 2893 2323 tandem
2923 2277 3067 2334 sunt,
3101 2268 3298 2339 quibus
3330 2267 3536 2338 praebet
3561 2261 3820 2339 eam?(f)'

2205 2358 2285 2414 Illi
2311 2374 2543 2430 namque
2590 2359 2679 2432 qni
2703 2359 3070 2430 operabuntur
3091 2374 3270 2415 escam
3289 2377 3395 2415 non
3420 2361 3804 2415 intereuntem.

2201 2452 2380 2523 Atque
2426 2453 2497 2506 ita
2528 2467 2647 2522 quae
2679 2467 2844 2522 opera
2874 2467 3013 2508 esca!
3042 2459 3124 2508 est
3145 2493 3159 2516 ,
3192 2451 3382 2508 eadem
3433 2453 3677 2523 operatio
3706 2442 3804 2509 Dei

2201 2553 2304 2612 est,
2350 2546 2401 2600 in
2434 2561 2556 2601 eum
2581 2546 2790 2601 scilicet
2811 2537 3108 2601 credidisse
3135 2560 3293 2616 quem
3337 2543 3501 2600 misit.
3545 2543 3653 2601 Sed
3682 2543 3801 2600 hinc

2198 2633 2438 2708 loquitur
2488 2637 2628 2693 ﬁlius
2681 2635 2939 2693 hominis.
2998 2635 3066 2694 Et
3114 2635 3386 2708 quomodo
3439 2652 3617 2693 escam
3675 2637 3802 2693 vitae

2197 2738 2419 2785 atternte
2464 2731 2608 2786 filius
2653 2729 2892 2786 hominis
2919 2729 3112 2785 dabit?
3141 2729 3246 2786 Sed
3280 2739 3677 2786 sacramentum
3706 2745 3796 2784 sa-

2195 2817 2322 2880 lutis
2353 2839 2464 2879 sua:
2506 2823 2716 2890 nescit,
2761 2824 2852 2893 qui
2881 2823 3054 2878 nescit
3093 2823 3261 2878 ﬁlium
3312 2821 3544 2878 hominis
3574 2819 3796 2878 dantem

2194 2930 2374 2972 escam
2408 2917 2462 2972 in
2502 2917 2667 2970 vitam
2700 2913 2780 2989 (2)
2822 2915 2900 2986 (g)
2931 2921 3188 2970 aeternam
3215 2957 3227 2980 ,
3259 2931 3288 2968 a
3325 2913 3438 2971 Deo
3477 2923 3632 2985 patre
3671 2929 3795 2970 esse

2193 3009 2485 3080 signatum.
2504 3007 2616 3064 'Hic
2636 3022 2779 3063 nunc
2805 3023 3013 3079 quaero,
3043 3006 3138 3079 qui
3173 3005 3388 3063 tandem
3420 3003 3794 3077 intelligentiae

2190 3121 2384 3162 sensus
2409 3105 2500 3172 sit,
2533 3105 2703 3160 ﬁlium
2727 3101 2966 3160 hominis
2987 3118 3015 3157 a
3048 3101 3210 3159 Patre
3239 3103 3507 3173 signatum
3535 3100 3692 3156 Deo?
3722 3093 3729 3100 ’

477 3215 584 3272 que
629 3199 992 3255 cohaarentem
1020 3239 1034 3264 ,
1091 3196 1187 3252 sed
1229 3199 1628 3262 exsistentem;
1673 3214 1849 3269 neque
1898 3201 2159 3260 incon-(.3
2259 3197 2350 3255 45.
2382 3197 2522 3254 Deus
2544 3215 2828 3253 sermonem
2847 3213 2998 3251 suum
3018 3196 3187 3250 sensui
3214 3203 3386 3250 nostra
3412 3192 3788 3249 accommodat.

475 3302 800 3350 summatum
827 3332 842 3357 ,
870 3290 964 3345 sed
1017 3289 1332 3360 perfectam.
1371 3289 1635 3344 Nativitas
1659 3301 1742 3346 est
1773 3292 1938 3357 enim,
1970 3310 2080 3350 non

478 3383 675 3440 divisio
700 3400 716 3450 ;
748 3392 802 3438 et
828 3382 969 3437 ﬁlius
995 3392 1100 3449 est,
1130 3397 1237 3437 non
1280 3382 1537 3452 adoptio;
1581 3391 1636 3437 et
1663 3384 1805 3440 Deus
1834 3393 1940 3454 est,
1970 3403 2076 3444 non

483 3478 712 3534 creatio.
763 3476 948 3545 Neque
977 3477 1201 3531 alterius
1232 3477 1446 3547 generis
1473 3477 1616 3533 Deus
1656 3487 1761 3548 est,
1793 3480 1891 3536 sed
1917 3481 2077 3538 Pater

473 3581 528 3626 et
555 3571 727 3625 Filius
752 3586 914 3625 unum
945 3579 1071 3624 sunt
1101 3586 1114 3622 :
1160 3585 1267 3624 non
1296 3571 1442 3625 enim
1471 3571 1724 3630 innovata
1769 3581 1854 3628 est
1883 3583 2073 3631 natura

471 3663 746 3718 nascendo
778 3704 793 3730 ,
847 3671 905 3717 ut
973 3663 1041 3718 ab
1116 3661 1340 3731 originis
1386 3677 1500 3718 suae
1550 3664 1882 3735 proprietate
1928 3677 2076 3724 esset

467 3755 668 3813 aliena.
701 3755 777 3830 (ὁ)
808 3755 977 3810 Tenet
1008 3753 1148 3809 hanc
1169 3756 1349 3826 itaque
1381 3758 1651 3813 manentis
1684 3759 1736 3813 in
1766 3757 1926 3815 Patre
1947 3760 2073 3818 Filii

467 3855 524 3906 et
548 3847 722 3904 Patris
751 3847 803 3902 in
829 3845 969 3902 Filio
993 3846 1174 3914 ﬁdem,
1207 3861 1372 3902 unum
1396 3848 1564 3904 Deum
1584 3858 1790 3919 patrem
1822 3860 1877 3906 et
1904 3865 2068 3908 unum

466 3940 755 3997 Dominum
799 3938 1070 3994 Christum
1101 3937 1205 3993 sibi
1237 3953 1358 3994 esse
1405 3941 1695 4010 Apostolus
1723 3942 2065 4012 praedicans:

463 4047 586 4088 cum
615 4033 666 4087 iu
699 4031 925 4086 Domino
951 4029 1166 4084 Christo
1193 4038 1248 4085 et
1274 4028 1418 4086 Deus
1447 4040 1614 4095 esset,
1645 4039 1701 4088 et
1727 4031 1779 4087 in
1819 4032 1942 4101 Deo.
1974 4051 2066 4105 pa-

465 4135 550 4180 tre
571 4133 716 4180 esset
754 4131 809 4179 et
843 4121 1143 4188 Dominus;
1175 4133 1227 4178 et
1257 4138 1420 4177 unum
1473 4133 1616 4179 esset
1645 4133 1870 4196 uterque
1918 4127 2064 4198 quod

464 4217 607 4273 Deus
643 4224 746 4284 est,
771 4225 826 4270 et
855 4231 1018 4269 unum
1050 4224 1197 4270 esset
1227 4224 1455 4285 uterque
1481 4215 1624 4284 quod
1649 4216 1911 4274 Dominus
1931 4227 2014 4275 est
2043 4236 2058 4273 :

459 4308 583 4376 quia
613 4307 688 4378 (ε)
735 4305 1108 4376 imperfectum
1149 4305 1360 4371 etDeo,
1409 4305 1510 4359 nisi
1543 4306 1802 4362 Dominus
1829 4309 1899 4364 sit
1929 4351 1944 4376 ,
2005 4320 2061 4366 et

455 4403 691 4458 Domino
734 4398 1065 4470 intelligatur
1109 4413 1270 4464 esse,
1323 4398 1424 4452 nisi
1453 4397 1595 4454 Deus
1639 4400 1728 4454 sit.
1773 4402 1947 4473 Atque
1985 4404 2057 4458 ita

456 4510 582 4551 cum
613 4501 842 4561 uterque
884 4505 1021 4545 unus
1061 4499 1164 4555 est,
1191 4498 1248 4545 et
1274 4504 1414 4544 unus
1447 4490 1782 4561 signiﬁcatur
1811 4494 1864 4547 in
1908 4503 2056 4550 utro-

2181 3288 2353 3346 Fitius
2384 3292 2596 3362 (aqualis
2639 3289 2811 3345 Patri.
2866 3288 3008 3344 Deus
3051 3299 3125 3342 est
3164 3287 3562 3358 incompertum.
3605 3306 3678 3327 -ω
3706 3287 3789 3343 Ac

2181 3384 2415 3453 primum
2444 3382 2699 3452 cognosci
2730 3387 2945 3452 oportet
2995 3379 3163 3435 Deum
3197 3393 3304 3435 non
3333 3377 3466 3444 sibi,
3499 3369 3594 3434 sed
3628 3375 3788 3433 nobis

2183 3477 2445 3544 locutum,
2477 3485 2530 3531 et
2558 3476 2608 3530 in
2628 3483 2830 3531 tantum
2853 3473 2919 3528 ad
2952 3471 3361 3544 intelligentiam
3394 3478 3635 3526 nostram
3666 3469 3788 3526 elo-

2181 3570 2293 3638 quii
2325 3568 2408 3622 sui
2427 3576 2758 3638 temperasse
2778 3581 3111 3629 sermonem,
3145 3572 3404 3635 quantum
3426 3564 3788 3633 comprehen-

2179 3659 2309 3716 dere
2339 3661 2405 3714 ad
2434 3659 2778 3716 sentiendum
2812 3667 3020 3713 natura:
3067 3665 3264 3712 nostra:
3293 3653 3373 3728 (5)
3429 3654 3597 3725 possit
3635 3654 3785 3709 inﬁr-

2183 3755 2363 3809 mitas.
2392 3749 2632 3824 Namque
2647 3767 2768 3808 cum
2791 3752 3036 3820 superius
3051 3750 3359 3819 increpatus
3379 3762 3410 3801 a
3430 3743 3630 3802 Judaeis
3653 3745 3790 3802 fuis-

2177 3856 2281 3912 set,
2312 3861 2407 3900 cur
2437 3860 2497 3900 se
2542 3845 2803 3916 aequalem
2834 3842 2968 3910 Deo,
3013 3841 3180 3896 ﬁlium
3227 3857 3285 3896 se
3306 3839 3404 3895 Dei
3436 3837 3741 3908 prolitendo
3762 3875 3781 3906 ,

2174 3937 2393 3994 fecisset
2425 3935 2629 4009 (10am,
2661 3951 2716 4004 v,
2749 3935 2875 4007 l8);
2920 3933 3276 4005 responderat
3303 3932 3484 3987 omnia
3522 3945 3613 3996 se,
3660 3943 3783 4001 qua

2173 4029 2570 4095 faceretPater,
2602 4029 2779 4084 facere
2811 4026 2999 4099 (lbid.,
3038 4026 3105 4083 l9
3138 4034 3184 4079 et
3211 4026 3376 4097 seqq.)
3404 4041 3418 4089 ;
3448 4034 3502 4080 et
3531 4035 3695 4080 omne
3719 4036 3782 4079 se

2171 4141 2202 4180 a
2232 4125 2393 4180 Patre
2415 4125 2667 4194 adeptum
2685 4138 2809 4178 esse
2830 4121 3124 4191 judicium;
3147 4121 3312 4176 etiam
3334 4133 3413 4185 se,
3440 4125 3500 4172 ut
3527 4109 3742 4173 Patrem
3761 4157 3777 4185 ,

2172 4217 2571 4273 honorandum.
2592 4217 2659 4270 Et
2678 4215 2732 4270 in
2757 4214 2840 4269 his
2858 4214 3130 4278 omnibus,
3160 4211 3438 4284 professus
3457 4218 3583 4265 ante
3601 4207 3684 4280 (Δ)
3715 4225 3782 4266 se

2170 4310 2338 4365 ﬁlium
2373 4308 2472 4382 (It),
2505 4305 2654 4362 Patri
2685 4315 3068 4377 exmqnaverat
3101 4303 3330 4370 honore,
3362 4310 3651 4375 potestate,
3682 4314 3781 4357 ηαδ

2166 4413 2307 4459 tura.
2344 4401 2547 4457 Dehinc
2573 4399 2788 4456 dixerat
2815 4442 2828 4465 ,
2865 4399 3160 4454 utPatrem
3190 4397 3355 4452 vitam
3383 4397 3435 4450 iu
3462 4411 3520 4449 se
3547 4393 3775 4460 habere,

2164 4498 2238 4553 ita
2259 4513 2380 4553 eum
2401 4495 2538 4550 Filio
2552 4496 2715 4549 vitam
2742 4495 2794 4549 in
2813 4508 2871 4549 se
2888 4492 3190 4548 habendam
3207 4491 3424 4548 dedisse
3439 4487 3631 4563 (Ibid.,
3653 4489 3772 4560 26):

451 4604 578 4662 que,
605 4595 659 4642 et
690 4593 907 4666 nonest
935 4592 1160 4654 uterque
1190 4585 1309 4639 sine
1329 4599 1476 4650 uno;
1509 4600 1614 4639 non
1638 4586 1860 4642 excedit
1886 4604 2052 4644 evan-
2082 4588 2138 4651 D
2163 4589 2216 4646 in
2249 4604 2353 4659 quo
2381 4589 2782 4660 signiﬁcaverat
2823 4595 3027 4641 natura:
3057 4584 3300 4655 ejusdem
3340 4597 3433 4654 per
3456 4591 3776 4637 sacramen-

447 4681 672 4752 gelicam
729 4675 1164 4746 praedicationem
1220 4675 1509 4744 Apostolus
1548 4674 1772 4745 docens,
1830 4691 1926 4734 nec
1974 4680 2054 4737 Io-

444 4787 618 4844 quens
667 4770 722 4825 in
752 4767 917 4824 Paulo
943 4765 1189 4823 Christus
1211 4765 1456 4823 diversus
1477 4766 1660 4856 abhis
1679 4776 1764 4825 est
1781 4769 1924 4842 (post
1941 4773 2009 4827 ad
2025 4803 2046 4816 -

517 4935 707 5007 (1)Ερ

514 5001 594 5079 (2)
625 5004 903 5062 ιΕωτηανη
929 5001 1086 5062 deest
1106 5005 1159 5060 in
1180 5019 1285 5061 ms.
1315 5005 1516 5063 Veron.

2165 4692 2279 4738 tum
2311 4680 2604 4737 nativitatis
2650 4679 2934 4735 unitatem.
2977 4678 3081 4734 Per
3121 4676 3174 4732 id
3203 4677 3384 4741 enim,
3423 4676 3566 4748 quod
3609 4676 3776 4731 habet

2165 4775 2350 4842 Pater,
2383 4774 2445 4847 (ἱ)
2480 4776 2654 4845 ipsum
2692 4773 2839 4829 illum
2862 4770 3025 4844 245
3051 4769 3376 4842 signiﬁcavit
3399 4768 3452 4825 in
3485 4764 3767 4839 habendo}

2257 4939 2314 5010 ὅ)
2354 4939 2549 4995 Posset.
2584 4938 2724 5010 mox,
2756 4936 3059 5008 increpitus.

2257 4942 2314 5010 ὅ)
2354 4942 2549 4995 Posset.
2584 4942 2724 5006 Mox,
2756 4942 2961 5008 increpit

2231 4942 2313 5085 ξι)
2349 5011 2418 5067 Se
2430 5013 2599 5081 ﬁlium
2626 5007 2826 5076 Patris,
2853 5018 2961 5064 etc.

509 5168 585 5241 (a)
617 5168 742 5223 Post
795 5178 1025 5241 tempora
1048 5207 1063 5234 ,
1099 5165 1296 5221 frustra
1343 5163 1560 5222 additur
1607 5165 1662 5224 in
1691 5165 1880 5224 codice
1910 5166 2031 5224 bas.
2141 5167 2472 5241 in‘Martinq
2515 5177 2568 5241 ut
2600 5167 2821 5241 credatis
2848 5182 2982 5232 eum,
3017 5165 3088 5241 in
3114 5163 3235 5241 aliis
3258 5206 3274 5234 ,
3329 5171 3386 5221 ut
3411 5163 3631 5222 credatis
3658 5163 3708 5222 ei
3740 5179 3762 5222 :

436 5238 587 5312 Vat,
616 5239 945 5312 Atentporalis:
972 5309 1003 5312 Δ
1034 5307 1045 5312 _
1240 5306 1254 5312 _
1279 5306 1294 5312 _
2143 5239 2284 5312 infra
2309 5249 2494 5312 autem
2525 5238 2876 5312 in_omuibus,
2909 5238 3114 5293 credere
3142 5239 3195 5292 in
3223 5254 3358 5294 eum.

504 5310 699 5384 (biSic
725 5306 854 5366 inss.
909 5307 1048 5364 Editi
1081 5321 1210 5363 vero
1240 5306 1328 5363 hic
1352 5349 1366 5373 ,
1421 5317 1594 5364 tenens
1623 5325 1642 5364 :
1696 5323 1760 5365 ac
1801 5318 1984 5382 postea
2009 5353 2024 5379 ,
2139 5381 2180 5384 η
2216 5309 2288 5384 (f)
2321 5307 2469 5379 Lips,
2503 5320 2556 5365 et
2581 5309 2729 5384 Pan,
2762 5310 2866 5364 illis
2898 5327 3111 5377 nempe;
3140 5320 3193 5384 ει
3223 5323 3349 5364 mox
3373 5323 3500 5365 cum
3531 5307 3667 5366 Bad.
3695 5315 3754 5366 et

433 5380 700 5451 prtedirat.
1403 5447 1428 5452 _
1803 5380 1814 5382 ’
2139 5380 2260 5452 Ενζ,
2302 5397 2415 5452 qua:
2444 5383 2674 5450 operatio
2695 5395 2827 5437 esete
2857 5397 2875 5436 :
2909 5380 3262 5436 renitentibus
3298 5391 3428 5436 mss.

503 5453 577 5524 (ε)
609 5452 749 5507 Editi
777 5495 793 5518 ,
849 5452 1200 5524 imperfectum
1230 5460 1363 5506 esset
1391 5447 1538 5519 Deo;
1589 5459 1642 5507 et
1670 5463 1818 5520 mox,
1852 5452 2027 5508 deesse
2213 5451 2290 5524 (g)
2314 5447 2493 5524 'Abest
2517 5463 2762 5524 retentam
2802 5469 2831 5524 ξι
2863 5454 3137 5522 plerisque
3170 5466 3300 5524 mss.

429 5523 528 5593 pro
558 5523 662 5577 esse
688 5539 705 5578 :
727 5523 1056 5593 castigantur
1084 5526 1407 5577 auctoritate
1436 5538 1567 5577 mss.
2211 5523 2290 5594 (It)
2322 5523 2490 5589 Editi,
2521 5539 2574 5578 se
2600 5523 2768 5593 ﬁlium
2791 5523 2969 5578 Patris
3001 5539 3019 5577 :
3043 5523 3406 5594 emendantur
3430 5535 3500 5578 ex
3537 5530 3670 5579 mss.

495 5594 573 5665 (tl)
600 5596 654 5649 In
682 5595 953 5666 plerisque
982 5595 1258 5649 veteribus
1284 5594 1456 5657 libris,
1480 5594 1827 5665 signiﬁcavit:
1857 5595 2020 5653 libraa
2160 5666 2164 5667 ν
2212 5593 2278 5666 (ἱ)
2314 5593 2369 5650 In
2414 5596 2669 5666 vulgatis,
2695 5599 2861 5667 ipsum
2893 5595 3024 5650 illud
3049 5593 3328 5665 signiﬁcat.
3352 5594 3433 5667 ἐμ
3464 5596 3514 5649 in
3558 5603 3746 5650 vetus-

421 5661 624 5719 rio't'um
651 5661 832 5737 lapsus
857 5661 922 5719 ex
948 5667 1205 5737 afﬁnitate
1228 5679 1416 5721 vocum
1445 5661 1606 5721 etiam
1638 5667 1690 5721 in
1720 5670 1865 5737 prius
1893 5669 2015 5722 vul-
2127 5661 2363 5737 tioribus
2396 5661 2583 5723 libris:
2617 5661 2788 5737 ipsum
2809 5667 2959 5720 illum
2988 5661 3316 5737 significavit.
3350 5661 3486 5737 fl‘um
3511 5679 3578 5720 ex
3605 5681 3741 5723 mss.

2127 5734 2248 5792 Vat.
2278 5737 2417 5801 bas.,
2447 5734 2684 5806 Martio},
2704 5738 2915 5793 duobus
2943 5734 3099 5794 Coll).
3126 5734 3186 5795 et
3209 5752 3318 5793 uno
3346 5734 3582 5792 Sorbou.
3602 5737 3740 5792 sub-

416 5737 552 5814 gatis
586 5735 724 5814 intra
742 5750 846 5789 non
873 5735 1048 5814 semel
1069 5738 1348 5814 repetitus.
1376 5737 1432 5791 In
1455 5751 1654 5807 graeco.
1679 5735 2007 5814 ἐάφρᾲγισεν.

2115 5807 2334 5880 jicitnus
2380 5811 2432 5864 iu
2463 5807 2694 5866 habendo
2719 5853 2733 5878 ,
2767 5808 2974 5880 adjecta
3005 5808 3264 5881 particula
3318 5809 3392 5879 in,
3422 5821 3543 5882 quae
3573 5807 3739 5864 deest

409 5804 437 5880 ξ
487 5807 555 5878 (θ)
584 5805 661 5866 Ita
686 5804 905 5862 Carnut.
949 5806 1118 5862 codex
1155 5804 1483 5877 suﬁ‘raganté
1506 5804 1786 5879 grassante
1811 5804 1883 5869 ὃῦ.
1935 5811 2008 5870 At
