4094 6180
462 287 564 345 271

1676 273 1921 333 SANCTI
1958 270 2215 332 HILARII
2255 269 2564 331 EPISCOPI

3659 262 3769 319 272

463 415 589 456 cum
645 399 699 454 in
745 397 918 453 forma
946 395 1045 454 Dei
1095 394 1276 459 esset,
1338 405 1526 465 quaero
1574 391 1702 463 quid
1756 390 2056 447 manserit?
2086 392 2134 453 Α
2161 383 2787 459 coimaginaripossitad
2814 382 3093 455 speciem?
3132 381 3318 454 Imago
3344 381 3489 439 enim
3531 379 3769 436 formant

463 502 719 550 utrumne
746 492 798 547 in
830 500 1023 546 natura
1054 488 1151 543 Dei
1184 528 1197 554 ,
1242 501 1363 557 qua:
1383 486 1720 557 signilicatur
1770 486 1821 539 in
1869 483 2061 555 gloria,

479 582 561 657 (1)
590 580 928 654 Christus(a)
954 579 1183 651 Spiritus
1215 578 1545 645 fuerit;cum
1569 577 1620 633 in
1644 578 1813 649 gloria
1846 577 1939 632 Dei
1972 592 2065 646 pa-

465 676 565 731 tris
596 673 846 730 Christus
875 673 1033 729 .lesus
1059 714 1073 739 ,
1102 671 1154 726 id
1182 680 1286 736 est,
1318 671 1391 744 (b)
1422 671 1584 727 homo
1617 680 1770 726 natus
1799 668 2066 725 exstabit?

538 766 627 821 47.
671 766 813 822 Deus
839 782 994 832 unus,
1027 781 1130 820 non
1161 765 1366 819 unicus.
1414 794 1487 805 —
1535 763 1707 820 Tenet
1731 764 1782 819 in
1813 761 2066 818 omnibus

466 860 660 917 beatus
710 858 1007 928 Apostolus
1058 856 1185 912 ﬁdei
1234 857 1565 928 evangelicae.
1622 855 2065 913 iudemutabilem

465 950 935 1023 praedicationem,
967 948 1127 1022 247
1160 948 1230 1003 ita
1260 949 1546 1005 Dominum
1574 949 1759 1006 Jesum
1789 948 2065 1004 Christum

467 1045 637 1100 Deum
663 1042 986 1114 prtedicans,
1011 1050 1068 1097 ut
1095 1056 1270 1111 neque
1291 1056 1387 1111 per
1414 1042 1640 1098 alterius
1661 1043 1875 1113 generis
1896 1042 2065 1098 Deum

469 1135 525 1191 in
554 1135 688 1191 deos
715 1134 850 1190 duos
879 1134 1013 1190 ﬁdes
1058 1133 1352 1205 apOStolica
1379 1133 1672 1205 depereat,
1720 1150 1896 1206 neque
1923 1135 2069 1191 inse-

472 1228 733 1297 parabilis
774 1242 805 1282 a
833 1226 994 1284 Patre
1023 1226 1195 1282 Filius
1217 1228 1362 1283 Deus
1398 1228 1544 1284 unici
1574 1225 1646 1301 (c)
1684 1242 1748 1283 ac
1779 1226 2069 1299 singularis

470 1318 571 1374 Dei
605 1318 932 1390 praedicandi
955 1318 1297 1375 occasionem
1325 1319 1544 1389 impiam
1571 1319 1829 1389 prmbeat.
1870 1319 2069 1376 Dicens

470 1413 638 1480 enim,
662 1415 716 1468 in
738 1416 907 1484 [arma
935 1412 1049 1480 Dei,
1078 1422 1127 1467 et
1154 1413 1209 1467 in
1237 1411 1406 1483 gloria
1425 1411 1523 1467 Dei
1550 1415 1733 1485 patris,
1765 1428 1940 1486 neque
1965 1412 2070 1469 dii-

470 1505 616 1561 l‘erre
639 1504 843 1572 docuit,
880 1521 1055 1577 neque
1084 1520 1194 1562 non
1235 1506 1587 1562 exsistentem
1616 1522 1716 1562 nos
1755 1507 2070 1563 existimare

478 1596 747 1667 permisit.
806 1596 939 1652 Nam
970 1599 1059 1668 qui
1092 1598 1146 1653 in
1179 1598 1351 1653 forma
1380 1598 1473 1653 Dei
1518 1608 1623 1665 est,
1675 1613 1851 1670 neque
1886 1598 1940 1652 in
1990 1597 2072 1652 al-

472 1700 646 1746 terum
680 1690 848 1745 Deum
881 1690 1129 1760 proﬁcit,
1182 1706 1360 1762 neque
1412 1690 1574 1747 etiam
1622 1692 1739 1762 ipse
1788 1706 1894 1746 non
1930 1691 2070 1746 Deus

2167 499 2395 541 necesse
2422 493 2506 539 est
2533 481 2651 552 ejus
2676 478 2885 545 reddat,
2919 478 3071 547 cujus
3096 487 3150 533 et
3173 478 3351 546 imago
3381 483 3485 532 est.
3545 474 3646 541 Qui
3678 489 3770 527 vo-

2166 578 2286 634 lunt
2315 586 2495 632 autem
2526 575 2751 631 alterius
2785 572 3005 644 generis
3047 570 3100 624 in
3128 568 3270 625 Filio
3319 583 3444 624 esse
3494 577 3771 632 naturam,

2167 669 2502 727 constituant
2542 665 2848 738 cujusmodi
2877 663 3075 719 Filium
3124 661 3411 731 imaginem
3440 674 3566 716 esse
3588 657 3774 714 invisi-

2167 764 2294 819 bilis
2325 761 2423 818 Dei
2473 761 2659 817 velint.
2699 760 2856 815 Anne
2905 771 3224 828 corpoream
3246 796 3262 821 ,
3291 764 3345 810 et
3372 751 3773 824 contemplabi-

2168 856 2275 913 lem
2303 898 2317 922 ,
2366 863 2424 911 et
2453 871 2519 911 ex
2552 855 2686 910 locis
2722 854 2776 909 in
2801 852 2917 908 loca
2946 860 3096 906 motu
3124 850 3451 921 incessuque
3470 848 3776 904 circumva-

2167 949 2331 1019 gam?
2393 947 2736 1004 Meminerint
2780 956 2958 1002 tamen
2988 944 3095 1016 (ι’),
3139 942 3441 999 secundum
3474 939 3771 1011 Evangelia

2168 1052 2221 1099 et
2251 1041 2572 1113 prOphetas,
2612 1049 2669 1097 et
2697 1040 2971 1095 Christum
3016 1037 3267 1108 spiritum
3307 1043 3365 1093 et
3388 1036 3557 1091 Deum
3600 1033 3770 1104 spiri-

2172 1142 2307 1190 tum.
2373 1133 2474 1201 Qui
2500 1131 2666 1206 2&8
2687 1132 2730 1187 si
2767 1131 3219 1188 circumscribent
3245 1128 3392 1185 hunc
3412 1128 3660 1199 Spiritum
3694 1127 3776 1199 (g)

2171 1227 2444 1284 Christum
2477 1225 2746 1281 formabili
2766 1234 2823 1280 et
2847 1224 3117 1295 corporali
3148 1222 3349 1289 modo;
3395 1236 3504 1277 non
3537 1219 3645 1276 erit
3686 1221 3775 1276 in-

2169 1320 2404 1376 visibilis
2433 1318 2530 1374 Dei
2556 1317 2636 1391 (It)
2664 1318 2842 1389 imago
2868 1330 3187 1388 corporeus,
3225 1329 3328 1372 nec
3351 1311 3617 1371 indeﬁniti
3652 1326 3781 1383 spe-

2172 1413 2287 1471 cies
2312 1411 2537 1467 deﬁnita
2566 1409 2893 1466 moderatio.

2243 1503 2335 1561 49.
2371 1502 2556 1575 Imago
2580 1500 2679 1557 Dei
2708 1511 2785 1557 est
2804 1543 2820 1567 ,
2867 1510 3121 1573 quatenus
3147 1501 3193 1557 ei
3220 1499 3410 1556 divinis
3436 1507 3639 1554 naturte
3667 1496 3779 1552 vir-

2173 1607 2275 1652 tus.
2307 1626 2378 1637 —
2403 1595 2511 1652 Sed
2542 1610 2717 1666 neque
2743 1594 3008 1649 Dominus
3047 1593 3318 1650 incertum
3344 1590 3604 1664 reliquit,
3670 1588 3777 1657 Qui

2172 1707 2254 1745 me
2277 1690 2425 1757 vidit,
2456 1689 2581 1743 vidit
2605 1698 2656 1742 et
2681 1686 2894 1742 Patrem
2920 1686 3104 1758 (Joan.
3132 1701 3244 1754 xw,
3273 1683 3369 1755 9);
3416 1698 3593 1753 neque
3632 1681 3781 1752 Apo-

470 1788 587 1836 cst:
618 1779 744 1851 quia
774 1795 876 1837 nec
905 1780 1151 1851 separari
1177 1789 1357 1850 potest
1376 1796 1406 1835 a
1439 1781 1533 1836 Dei
1557 1781 1755 1847 forma,
1778 1796 1903 1838 cum
1926 1781 1979 1835 in
2011 1797 2075 1837 ea
2104 1785 2154 1848 Β
2184 1782 2358 1839 stolus
2386 1780 2555 1837 tacuit
2580 1780 2757 1852 qualis
2786 1787 2964 1844 esset,
3009 1778 3113 1845 Qui
3133 1787 3208 1834 est
3230 1779 3402 1849 imago
3432 1774 3528 1831 Dei
3549 1773 3785 1830 invisibi-

472 1875 582 1943 sit;
615 1889 716 1931 nec
735 1875 828 1946 qui
858 1876 909 1929 in
944 1874 1036 1930 Dei
1069 1884 1153 1930 est
1181 1873 1373 1941 forma,
1431 1889 1540 1930 non
1563 1874 1710 1930 Deus
1740 1884 1844 1930 est.
1922 1873 2075 1930 Sicut

471 1968 563 2039 qui
608 1968 662 2023 in
708 1968 879 2039 gloria
913 1968 1006 2023 Dei
1034 1976 1152 2034 est,
1209 1984 1319 2024 nun
1358 1978 1537 2039 potest
1563 1969 1708 2025 aliud
1752 1985 1875 2026 esse
1913 1985 2073 2040 quam

476 2060 620 2115 Deus
656 2069 776 2127 est;
821 2071 876 2115 et
906 2059 1035 2115 dum
1078 2060 1131 2115 in
1177 2061 1347 2131 gloria
1380 2060 1474 2116 Dei
1508 2062 1650 2117 Deus
1683 2071 1802 2129 est,
1852 2063 2075 2118 alterius

473 2152 571 2208 Dei
600 2161 763 2223 atque
790 2167 818 2205 a
852 2152 963 2207 Deo
993 2152 1194 2208 diversi
1223 2168 1330 2210 non
1378 2152 1544 2209 habet
1596 2154 2072 2225 praedicationem;

472 2245 598 2316 quia
630 2260 728 2315 per
774 2244 848 2312 id,
891 2244 1036 2317 quod
1088 2245 1142 2300 in
1169 2247 1341 2317 gloria
1389 2245 1483 2301 Dei
1517 2256 1636 2315 est,
1668 2263 1737 2303 ex
1780 2263 1846 2303 eo
1886 2248 1939 2304 in
1978 2264 2075 2305 cu-

469 2339 561 2409 jus
588 2337 757 2409 gloria
782 2346 868 2393 est
891 2379 904 2403 ,
962 2336 1126 2393 habet
1174 2337 1226 2391 in
1258 2351 1318 2393 se
1348 2338 1595 2393 naturale
1622 2338 1764 2408 quod
1800 2339 1946 2395 Deus
1970 2350 2073 2394 est.

545 2429 640 2486 48.
681 2427 915 2486 Christus
945 2439 1000 2484 ut
1023 2428 1193 2500 imago
1218 2427 1339 2495 Dei,
1372 2445 1475 2483 non
1503 2429 1718 2484 alterius
1748 2440 1825 2485 est
1853 2442 2072 2486 naturte.

475 2551 547 2565 -—
574 2519 693 2579 Non
727 2522 1099 2593 periclitatur,
1146 2536 1244 2592 per
1275 2521 1456 2589 plures
1489 2522 1902 2591 prtedicationes
1943 2521 2079 2578 ﬁdes

478 2630 611 2682 una,
634 2630 702 2672 ne
727 2629 831 2670 una
869 2604 979 2668 sit.
1005 2612 1350 2684 Evangelista
1377 2613 1524 2669 enim
1554 2612 1759 2668 dictum
1787 2629 1817 2669 a
1849 2613 2080 2670 Domino

474 2707 777 2773 docuerat,
824 2705 926 2771 Qui
954 2721 1034 2759 me
1063 2705 1208 2772 vidit,
1241 2705 1367 2759 vidit
1394 2714 1443 2759 et
1473 2703 1687 2761 Patrem
1726 2705 1907 2780 (Joan.
1966 2722 2078 2772 xw,

475 2798 556 2873 9).
619 2799 729 2857 Sed
766 2798 1026 2870 numquid
1076 2798 1268 2854 doctor
1306 2799 1550 2870 gentium
1589 2800 1789 2855 Paulus
1828 2801 2080 2856 virtutem

479 2892 610 2949 dicti
638 2891 899 2947 dominici
924 2900 1017 2947 aut
1039 2891 1329 2961 ignoravit,
1364 2900 1459 2946 aut
1485 2892 1669 2957 tacuit,
1699 2891 1890 2948 dicens
1927 2911 1941 2947 :
1980 2892 2081 2959 Qui

476 2994 554 3039 est
582 2985 753 3055 imago
778 2981 877 3038 Dei
906 2981 1175 3037 invisibilis
1206 2979 1426 3055 (Coloss.
1463 2997 1502 3047 ι,
1533 2980 1665 3053 15)?
1696 2982 1972 3056 Interrogo
2002 2983 2082 3058 (ά)

478 3087 662 3133 utrum
702 3074 934 3130 visibilis
986 3074 1166 3144 imago
1208 3081 1295 3129 est
1325 3074 1613 3129 invisibilis
1642 3074 1769 3130 Dei:
1811 3083 1869 3131 et
1901 3083 2077 3130 utrutn

2180 1878 2245 1933 lis
2285 1875 2507 1949 (Coloss.
2543 1890 2583 1941 ι,
2630 1874 2744 1945 15).
2790 1871 3053 1928 Dominus
3100 1872 3247 1927 enim
3287 1870 3520 1934 dixerat,
3570 1867 3633 1925 Si
3675 1882 3783 1923 non

2179 1969 2316 2042 facio
2346 1984 2504 2039 opera
2529 1966 2691 2038 patris
2715 1966 2834 2033 mei,
2875 1964 3038 2019 nolite
3062 1963 3189 2018 mihi
3217 1960 3426 2017 credere
3455 1959 3635 2031 (Joan.
3668 1975 3781 2027 xvt,

2178 2062 2247 2118 '57
2282 2064 2339 2135 ),
2386 2061 2514 2116 hinc
2545 2060 2719 2117 videri
2743 2061 2795 2115 in
2828 2075 2887 2116 se
2917 2059 3133 2115 Patrem
3161 2057 3400 2123 ducens,
3443 2055 3588 2126 quod
3616 2069 3785 2126 Opera

2181 2154 2300 2225 ejus
2342 2153 2626 2219 efﬁceret;
2677 2163 2734 2207 ut
2761 2152 3040 2208 intellecta
3081 2158 3290 2206 naturae
3326 2149 3498 2204 virtus
3532 2156 3783 2204 naturam

2184 2245 2476 2301 intellecta:
2521 2244 2737 2300 virtutis
2777 2243 3123 2308 ostenderet,
3169 2256 3267 2313 per
3315 2239 3461 2309 quod
3488 2239 3786 2311 Apostolus

2180 2337 2321 2393 hanc
2345 2337 2634 2408 imaginem
2654 2336 2755 2391 Del
2786 2352 2908 2392 esse
2937 2335 3282 2407 signiﬁcans,
3321 2334 3420 2401 ait,
3453 2331 3517 2406 (i)
3567 2333 3673 2400 Qui
3698 2341 3776 2388 est

2180 2431 2352 2501 imago
2375 2428 2471 2483 Dei
2501 2428 2772 2483 invisibilis
2797 2468 2812 2494 ,
2862 2427 3230 2500 primogenitus
3269 2427 3436 2481 omnis
3479 2437 3731 2481 creatura:
3758 2439 3781 2491 ;
3816 2417 3823 2425 ’

2182 2523 2303 2594 quia
2341 2522 2395 2576 in
2440 2521 2559 2591 ipso
2588 2519 2661 2594 (j)
2707 2519 2984 2574 constituta
3027 2528 3147 2574 sunt
3177 2518 3354 2573 omnia
3380 2518 3436 2572 in
3476 2519 3620 2573 caelis
3658 2516 3789 2572 etin

2184 2624 2341 2678 terra,
2371 2612 2593 2668 visibilia
2621 2622 2667 2667 et
2691 2612 2991 2680 invisibilia,
3052 2614 3158 2668 sive
3194 2611 3413 2681 Throni,
3446 2612 3550 2668 sive
3579 2610 3792 2666 Princi-

2183 2717 2333 2779 patus
2349 2747 2365 2773 ,
2389 2707 2494 2761 sive
2518 2702 2809 2761 Potestates
2833 2746 2848 2771 ,
2881 2706 2984 2761 sive
3012 2704 3399 2761 Dominationes
3423 2746 3439 2773 ,
3491 2706 3668 2759 omnia
3694 2720 3790 2776 per

2184 2802 2356 2873 ipsum
2386 2809 2432 2855 et
2457 2800 2513 2854 in
2541 2801 2654 2871 ipso
2679 2799 2887 2854 condita
2912 2808 3032 2854 sunt
3056 2840 3072 2868 ,
3123 2809 3170 2853 et
3198 2800 3307 2872 ipse
3336 2807 3410 2854 est
3437 2807 3554 2854 ante
3578 2812 3783 2865 omnes,

2185 2902 2233 2947 et
2260 2894 2431 2948 omnia
2457 2891 2539 2962 (lt)
2563 2893 2662 2964 ipsi
2686 2901 2958 2957 constant,
3005 2901 3053 2946 et
3093 2891 3205 2961 ipse
3241 2900 3321 2945 est
3354 2900 3511 2962 caput
3554 2888 3791 2960 corporis

2186 2985 2467 3055 Ecclesiaz,
2486 2988 2574 3058 qui
2595 2996 2671 3043 est
2698 2986 2925 3050 initium,
2953 2986 3330 3057 primogenitus
3358 3001 3423 3040 es:
3450 2984 3685 3051 mortuis,
3732 2992 3791 3039 ut

2187 3081 2330 3152 ﬁeret
2374 3081 2428 3135 in
2468 3081 2704 3136 omnibus
2744 3081 2857 3151 ipse
2882 3081 3162 3150 primatum
3184 3089 3401 3146 tenens;
3439 3080 3561 3149 quia
3588 3078 3645 3132 in
3670 3078 3788 3149 ipso

480 3169 726 3226 inﬁnitus
744 3168 886 3224 Deus
918 3165 991 3239 (e)
1026 3182 1122 3238 per
1138 3165 1328 3222 forma:
1345 3166 1769 3237 circumscriptae
1790 3168 2079 3239 imaginem
2107 3181 2153 3246 ο
2187 3175 2500 3248 complacuit
2540 3191 2742 3230 omnem
2777 3172 3149 3246 plenitudinem
3192 3174 3256 3247 (ι)
3287 3173 3560 3242 habitare,
3605 3181 3654 3227 et
3701 3187 3798 3244 per

477 3330 485 3381 ;
554 3311 632 3384 (1)
668 3312 727 3367 1n
756 3309 945 3366 codice
974 3307 1174 3365 Veron.
1208 3305 1442 3362 Christus
1463 3321 1492 3360 a
1544 3305 1716 3376 prima
1744 3321 1931 3377 manu,
1980 3308 2075 3364 sed
2114 3310 2353 3368 secunda
2381 3310 2588 3383 antiqui
2619 3310 2973 3368 amanuensis
3003 3309 3313 3367 emendavit
3334 3308 3551 3367 Christi.

560 3450 637 3523 (α)
679 3449 847 3523 Editi,
892 3448 1089 3505 Christi
1132 3448 1387 3523 spiritus:
1418 3446 1807 3523 renitentibus
1855 3449 2084 3523 potiori-

481 3516 585 3580 bus
615 3516 749 3577 inss.
792 3521 962 3576 Porro
987 3516 1280 3589 opponitur
1305 3516 1552 3574 Christus
1583 3516 1871 3590 Spiritus;
1894 3521 1945 3576 id
1973 3531 2080 3590 est,

483 3593 659 3664 qualis
689 3592 788 3646 fuit
813 3602 939 3664 ante
960 3587 1298 3664 assumptum
1328 3590 1626 3664 hominem,
1646 3587 1862 3648 Christo
1875 3587 2080 3664 homini

479 3661 591 3736 jam
626 3663 789 3736 iacto.
840 3661 919 3717 Ita
957 3664 1080 3736 hate
1100 3662 1360 3736 _qu_:e_sti0,
1393 3661 1485 3715 lib.
1517 3676 1597 3736 Ill,
1630 3663 1828 3736 n;_l9:
1880 3663 2084 3731 Quteris

482 3731 742 3805 quomodo
773 3735 1055 3805 secundum
1087 3732 1345 3805 Spiritum
1373 3741 1523 3805 natus
1553 3733 1618 3784 sit
1650 3731 1843 3797 Filius,
1896 3745 2084 3803 aperte

484 3803 890 3878 Opponituriisti
902 3824 945 3878 _:‘
996 3803 1202 3878 Quaeris
1227 3803 1484 3878 quomodo
1511 3804 2083 3878 secttntlum_ltominem

484 3875 637 3934 natus
659 3881 746 3932 sit.
775 3877 864 3932 Sic
889 3875 1143 3945 Clemens
1167 3875 1330 3945 Papa,
1355 3875 1516 3945 epist.
1533 3889 1591 3940 tt,
1615 3890 1663 3929 c.
1701 3880 1755 3942 9,
1782 3875 1846 3930 T.
1887 3893 1901 3931 I
1936 3878 2083 3933 Con-

485 3950 577 4005 cil.
610 3966 666 4021 p.
697 3949 830 4006 186:
862 3947 1018 4021 Jesus
1039 3944 1273 4021 Christus
1299 3985 1314 4010 ,
1359 3944 1577 4021 iuquit,_
1607 3945 1868 4021 Dominus
1891 3959 2083 4021 noster,

486 4021 574 4091 qui
596 4017 689 4076 nos
716 4020 952 4086 servavit,
980 4033 1098 4073 cum
1130 4017 1352 4089 primum
1378 4026 1505 4072 esset
1537 4017 1791 4089 Spiritus,
1819 4034 1941 4073 caro
1970 4020 2084 4090 [ac-

492 4103 576 4145 tus
599 4101 692 4148 88!.

560 4163 640 4233 (θ)
680 4162 738 4217 ιιι
770 4175 870 4216 ms.
900 4160 1017 4216 bas.
1044 4160 1167 4233 Vat.
1189 4158 1530 4215 desideratur
1531 4160 1613 4233 _itl
1630 4160 1913 4233 esthomo:
1942 4161 2086 4231 apud

489 4230 630 4291 Bad.
653 4242 835 4289 autem
858 4240 913 4287 et
939 4233 1030 4286 Er.
1058 4231 1281 4287 verbum
1314 4240 1486 4284 natus.
1528 4230 1666 4285 Tum
1697 4231 1844 4301 Lips.
1874 4241 1930 4287 et
1959 4230 2081 4288 Par.

489 4315 614 4377 post
660 4303 750 4358 Er.
800 4303 1082 4377 retinuere
1130 4309 1560 4377 exstaret:__cum
1609 4305 1749 4377 apud
1789 4303 2085 4377 Bad.et_iu

490 4372 624 4432 inss.
658 4374 977 4429 cuncinnius
1008 4373 1219 4442 legatur
1246 4372 1486 4434 exstabit,
1543 4382 1600 4425 ut
1627 4375 1789 4441 paulu
1841 4384 1967 4429 ante
1996 4375 2081 4430 di-

491 4457 638 4504 ctum
670 4453 757 4499 est
774 4442 1015 4498 manebit.
1058 4444 1113 4497 In
1139 4442 1847 4515 memoriam_rcvocandum
1873 4461 1939 4500 ex
1962 4461 2082 4515 cap.

491 4519 530 4574 4
557 4520 611 4571 in
635 4514 825 4569 Matth.
854 4531 907 4567 ιι.
944 4515 1011 4568 id
1031 4555 1046 4581 ,
1077 4513 1218 4585 quod
1248 4511 1404 4566 Jesus
1443 4511 1669 4568 Domino
1698 4527 1873 4570 nostro
1902 4511 2086 4573 nomen

492 4605 560 4645 ea:
579 4601 795 4657 corpore
816 4594 909 4640 est.

2189 3452 2354 3508 Corb.
2388 3451 2644 3508 secundis
2673 3453 2818 3508 curis
2841 3451 3113 3522 adjectum
3135 3463 3218 3508 est
3248 3493 3263 3516 ,
3305 3450 3471 3522 unde,
3492 3459 3549 3507 et
3585 3450 3638 3507 in
3670 3449 3797 3509 aliis

2191 3524 2449 3580 obtinuit.
2523 3523 2611 3579 Nil
2637 3521 3133 3594 ofﬁcitadjectum;
3173 3539 3295 3580 cum
3319 3521 3568 3594 proxime
3592 3538 3794 3593 sequa-

2193 3604 2302 3660 tur,
2336 3594 2437 3661 ραι
2461 3596 2505 3651 si
2530 3595 2970 3662 circumscribent,
2996 3606 3125 3662 etc.,
3144 3611 3321 3667 neque
3347 3595 3570 3667 omnino
3600 3610 3797 3651 neces.

2194 3669 2393 3721 sarium
2423 3676 2528 3734 est,
2582 3675 2645 3721 ut
2680 3668 2848 3738 liquet
2876 3682 2940 3721 ex
2975 3667 3058 3720 Itis
3085 3665 3245 3721 numI
3268 3668 3380 3738 tit)L
3420 3665 3493 3719 Ac
3525 3681 3590 3720 ne
3609 3667 3797 3736 formte

2193 3738 2363 3808 potius
2390 3778 2403 3803 ,
2449 3754 2600 3808 quam
2626 3735 2826 3793 natura:
2854 3740 3027 3808 imago
3050 3754 3180 3804 esse,
3204 3748 3313 3793 etc.
3340 3735 3423 3791 Ex
3464 3735 3662 3807 quibhs
3705 3738 3797 3793 in-

2196 3807 2487 3883 telligitur)
2534 3824 2655 3865 eam
2701 3809 2821 3883 dici;
2840 3807 3020 3879 [omne
3041 3810 3318 3883 imaginem
3343 3850 3358 3876 ,
3389 3823 3512 3883 qua:
3549 3818 3794 3883 externa;

2193 3878 2400 3951 tantum
2444 3880 2633 3950 ﬁgurae
2676 3878 2915 3951 speciem
2957 3878 3339 3951 repraesentet,
3382 3878 3542 3951 eique
3586 3878 3795 3951 opponi

2191 3950 2465 4020 imaginem
2498 3950 2713 4006 natura.

2263 4021 2333 4093 (i)
2372 4022 2850 4094 Pristp-trticulam
2879 4031 3078 4087 tamen,
3112 4021 3264 4094 solus
3293 4021 3468 4078 codex
3484 4022 3654 4094 Carn.
3692 4022 3797 4079 ad-

2186 4092 2326 4163 jicit,
2353 4110 2445 4163 per
2471 4092 2668 4149 Filium
2696 4096 2909 4148 omnia:
2959 4095 3136 4166 minus
3188 4093 3255 4166 ad
3303 4110 3439 4151 rem.
3481 4093 3794 4166 Responsio

2191 4167 2451 4234 proxima:
2477 4166 2762 4235 qumstioui
2788 4166 2905 4220 haec
2933 4174 3040 4231 est,
3071 4163 3346 4219 Christum
3380 4180 3487 4221 non
3514 4163 3636 4222 esse
3662 4179 3791 4221 cor-

2192 4249 2413 4308 poream
2443 4237 2733 4306 imaginem
2757 4275 2774 4303 ,
2808 4246 2867 4291 ut
2899 4247 3024 4307 pote
3044 4235 3134 4308 qui
3163 4237 3386 4306 spiritus
3416 4246 3500 4293 est
3520 4279 3536 4306 ,
3585 4251 3788 4308 quem-

2189 4305 2481 4377 admodum
2515 4305 2655 4362 I)eus
2688 4316 2838 4375 pater
2867 4305 2952 4363 est
2980 4305 3226 4377 spiritus.

2264 4375 2538 4448 (9)Εῶῑί
2562 4384 2791 4446 excepto
2835 4378 2961 4433 Par.
3006 4375 3255 4433 omittunt
3289 4377 3569 4435 Christum.
3645 4379 3794 4439 Tum

2188 4447 2510 4573 aptzdlisips.
2542 4458 2596 4504 et
2624 4449 2749 4503 Par.
2778 4449 3127 4505 substitutum
3156 4458 3241 4505 est
3265 4450 3496 4522 formali,
3547 4466 3647 4522 pro
3676 4453 3799 4525 for-

2189 4535 2272 4573 ma
2306 4535 2321 4572 t
2350 4537 2388 4573 t.

2189 4535 2388 4574 manus.

2261 4590 2342 4663 (It)
2372 4591 2448 4665 lla
2478 4591 2733 4665 meliores
2768 4606 2905 4665 mss:
2934 4591 3075 4664 quod
3105 4591 3458 4665 conﬁrmatur
3485 4590 3571 4649 his
3601 4594 3694 4650 lib.
3719 4611 3789 4665 tt,

568 4658 640 4733 (c)
672 4653 970 4727 Exemplar
1020 4656 1182 4712 Carn.
1233 4672 1295 4709 ac
1339 4656 1559 4711 solitarii
1598 4653 1738 4711 Dei:
1784 4654 1926 4713 haud
1978 4659 2085 4717 alio
2108 4685 2164 4746 Ι)
2192 4653 2344 4746 ιιυξῐι.
2367 4664 2400 4719 5
2433 4681 2446 4718 :
2482 4663 2827 4746 incorporeus
2865 4653 3027 4718 Paier
3059 4675 3134 4719 est
3165 4679 3185 4718 :
3223 4664 3269 4746 si
3300 4662 3469 4746 Filius
3502 4653 3792 4746 secundum

495 4746 685 4787 sensu.

494 4808 509 4843 ι
568 4801 649 4872 (d)
687 4799 846 4872 Apud
877 4799 1006 4872 Bad.
1038 4811 1212 4872 utrum
1237 4798 1451 4872 visibilis
1480 4797 1641 4861 Dens,
1674 4808 1721 4872 et
1743 4816 1934 4872 utrum,
1954 4811 2088 4869 etc.,

496 4870 651 4928 locus
678 4870 919 4927 mutilus.
952 4871 1010 4926 In
1038 4871 1159 4926 aliis
1189 4870 1345 4936 edit.,
1377 4882 1552 4924 utrum
1576 4871 1789 4926 visibilis
1819 4871 1990 4941 imago
2013 4884 2088 4929 est

493 4944 764 4999 invisibilis
792 4941 893 4996 Dei
920 4942 1075 4997 Deus.
1108 4941 1361 4998 Abundat
1383 4956 1488 4997 vox
1511 4941 1670 5009 Deus,
1706 4957 1882 5012 neque
1912 4955 2089 5001 exstat

496 5017 553 5069 in
584 5030 712 5070 mss.
751 5015 875 5068 lltec
906 5015 1254 5084 interrogatio
1284 5012 1459 5080 pulsat
1490 5015 1741 5079 Ariauos,
1769 5015 1858 5084 qui
1888 5014 2081 5071 Filium

498 5086 642 5141 Patri
699 5084 1018 5154 iumqualem
1062 5085 1187 5138 inde
1232 5084 1620 5154 argutabautur
1649 5126 1663 5149 ,
1717 5085 1859 5153 quod
1888 5084 2079 5143 Filium

498 5156 793 5222 visibilem,
819 5155 1031 5227 Patrem
1058 5155 1382 5227 invisibilem
1410 5158 1591 5227 animo
1620 5156 1916 5225 ﬁngerent:
1949 5172 2082 5227 quo-

499 5243 620 5283 rum
661 5242 725 5284 ea
768 5227 839 5282 dc
875 5242 935 5282 re
960 5226 1150 5281 deliria
1181 5226 1381 5295 sigillat
1424 5224 1777 5351 Augustinus,
1822 5226 1917 5282 lib.
1942 5224 1984 5282 ti
2010 5228 2079 5284 de

501 5298 652 5351 Trin.
675 5313 727 5351 c.
759 5296 862 5351 M.
905 5308 958 5351 et
985 5299 1162 5351 Serm.
1192 5312 1286 5351 vtt.
1320 5313 1374 5351 n.
1403 5297 1469 5351 4.
1538 5297 1623 5351 loc
1664 5312 1828 5351 nnrro
1854 5297 1942 5351 hic
1976 5300 2079 5351 sibi

501 5298 652 5353 Trin.
675 5313 727 5355 c.
759 5296 827 5352 14
847 5339 862 5361 ,
905 5308 958 5351 et
985 5299 1162 5353 Serm.
1192 5312 1286 5361 vtt,
1320 5297 1469 5368 πίει.
1514 5296 1623 5352 Hoc
1664 5312 1828 5368 porro
1854 5297 1942 5354 hic
1976 5300 2081 5355 sibi

499 5370 618 5424 vult
642 5378 826 5425 noster
852 5368 1121 5424 Hilarius:
1147 5367 1254 5422 Vos
1275 5367 1365 5437 qui
1388 5367 1601 5424 Patrem
1627 5367 1971 5435 invisibilem,
1998 5369 2083 5425 Fi-

500 5440 632 5495 lium
664 5440 929 5497 visibilem
962 5438 1146 5503 vultis,
1185 5439 1461 5509 interrogo
1502 5451 1679 5494 utrum
1724 5441 1813 5510 qui
1853 5442 2083 5497 visibilis

501 5520 605 5573 est.
658 5512 751 5565 Dei
779 5511 1062 5566 invisibilis
1088 5511 1263 5579 imago
1289 5525 1410 5565 esse
1442 5512 1629 5580 possit.

574 5582 656 5656 (e)_
686 5583 742 5637 lu
793 5582 1063 5656 vulgatis,
1133 5599 1225 5656 per
1268 5582 1491 5656 formant
1525 5582 1990 5656 circumscriptam
2032 5592 2078 5639 et

499 5651 795 5723 imaginem.
871 5651 926 5707 lit
974 5651 1200 5708 vetustis
1243 5652 1642 5722 exemplaribus
1663 5653 1817 5711 Colb.
1839 5651 1861 5723 ,⁷
1891 5654 2077 5722 Carm,

504 5723 690 5807 Germ.
719 5739 783 5806 ac
804 5724 1056 5807 pluribus
1068 5724 1207 5791 aliis,
1240 5738 1331 5807 per
1354 5727 1537 5807 forata:
1558 5727 1855 5807 imaginem,
1880 5726 2082 5807 omisso

509 5794 675 5852 verbo
704 5794 1139 5865 circumscriptis:
1184 5795 1327 5865 quod
1353 5794 1407 5851 in
1436 5794 1881 5866 Martinfexstat,
1917 5808 1970 5853 et
2027 5799 2080 5855 in

2140 4734 2158 4745 "
2194 4734 2434 4805 spiritum
2458 4735 2874 4807 ciscumscriptus
2892 4746 2962 4809 est
2979 4752 3214 4809 corpore.
3243 4735 3348 4809 iant
3369 4736 3659 4809 incorporei
3680 4756 3789 4795 non

2193 4817 2268 4861 est
2300 4809 2465 4878 [arma
2493 4805 2791 4878 corporeus.
2831 4808 2901 4860 At
2922 4806 2976 4861 in
3002 4805 3230 4878 vulgatis
3250 4846 3264 4867 .
3296 4807 3468 4877 imago
3484 4805 3742 4878 corporea
3768 4826 3791 4866 :

2194 4892 2256 4932 ac
2285 4876 2482 4950 deinde
2510 4876 2655 4948 apud
2673 4876 2817 4950 ABad.
2843 4916 2860 4950 ρ
2907 4894 2997 4932 nec
3033 4877 3299 4950 indeﬁnite
3327 4876 3522 4950 species
3552 4876 3793 4950 deﬁnita:

2191 4949 2516 5023 moderatio;
2552 4958 2626 5023 et
2670 4947 2725 5023 in
2773 4947 2908 5003 edit.
2957 4949 3099 5017 aliis,
3153 4965 3246 5003 nec
3273 4947 3543 5019 indeﬁnito
3585 4947 3791 5023 species

2189 5019 2400 5089 tle/inita
2438 5019 2743 5074 moderatio.

2263 5087 2326 5163 (i)
2379 5093 2646 5163 Antiquus
2687 5089 3186 5163 _codex_Culb.rac
3236 5091 3424 5148 Germ.
3477 5093 3648 5163 prima
3683 5093 3781 5152 illa

2186 5160 2379 5236 verba,
2428 5160 2529 5236 Qui
2571 5171 2658 5236 est_
2680 5160 2851 5236 imago
2882 5160 2978 5216 Dei
3004 5160 3305 5236 invisibilis,
3353 5160 3783 5236 non—habentes,

2186 5232 2305 5357 agis
2359 5233 2579 5314 forsitan
2615 5232 2944 5289 sinceriores
2978 5243 3124 5289 sunt.
3163 5234 3273 5292 Sed
3311 5235 3448 5292 nihil
3478 5244 3637 5293 nocet
3662 5232 3786 5294 haec

2186 5317 2214 5356 θ
2259 5314 2435 5357 100110.

2185 5314 2435 5370 adjectto.

2259 5372 2334 5446 (j)
2372 5372 2431 5428 In
2452 5387 2560 5447 ms.
2592 5372 2758 5431 Carn.
2792 5375 2881 5431 hic
2907 5391 3007 5446 pro
3038 5376 3315 5432 constituta
3333 5387 3455 5433 sunt
3477 5423 3492 5447 ,
3563 5387 3619 5437 et
3647 5395 3777 5438 mox

2190 5459 2287 5520 pro
2329 5446 2537 5520 condita
2563 5456 2678 5520 sunt
2704 5489 2718 5511 ,
2766 5456 2947 5503 exstat
2988 5457 3158 5520 creata
3180 5459 3319 5503 sunt.
3373 5446 3561 5507 Graece
3597 5453 3778 5520 primo

2188 5518 2318 5587 loco
2337 5517 2617 5587 praefertur
2653 5516 2878 5583 emices,
2917 5520 3089 5576 altero
3125 5517 3376 5578 ἔκτισται.

2256 5585 2347 5668 (It)
2379 5587 2543 5656 Editi,
2597 5591 2650 5668 in
2678 5591 2788 5668 ipso
2827 5602 3078 5668 constant,
3118 5591 3329 5647 favente
3348 5608 3508 5664 graec.
3542 5595 3592 5650 ἐν
3627 5594 3775 5668 αὖτῷ

2187 5661 2484 5727 συνέστηκε,
2523 5660 2617 5717 sed
2666 5662 3022 5717 renitentibus
3046 5679 3179 5718 mss.

2258 5729 2321 5812 (1)
2352 5731 2408 5786 lu
2435 5748 2538 5812 ius.
2569 5732 2734 5812 Corn.
2769 5733 2946 5812 h_ic__et
2970 5734 3130 5800 infra,
3180 5734 3557 5812 plenitudinem
3569 5736 3771 5812 divini-

2189 5801 2305 5856 tatis
2327 5819 2345 5856 :
2375 5804 2460 5859 cui
2491 5801 2640 5860 favet
2680 5804 2811 5861 illud
2859 5804 2953 5863 lib.
2983 5820 3039 5861 ut
3056 5845 3071 5877 ,
3100 5821 3157 5862 ιι.
3180 5801 3256 5863 ’15
3290 5824 3309 5863 :
3334 5805 3474 5876 Quid
3507 5805 3650 5866 Filio
3676 5809 3769 5866 de-
