4094 6180
297 244 403 302 273

1502 246 1591 303 DE
1628 246 2000 306 TRINITATE
2034 245 2239 309 LIBER
2279 248 2413 307 VIII.

3493 256 3600 313 274

291 359 796 430 ipsumreconciliari
812 360 984 414 omnia
1005 360 1057 414 in
1080 376 1193 416 eum
1217 360 1439 435 (Coloss.
1460 377 1500 427 ι,
1530 361 1599 417 15
1621 371 1668 416 et
1699 362 1885 435 seqq.).
1913 364 1968 425 Α
1995 362 2139 419 idem
2170 364 2558 435 primogenitus
2588 364 2655 421 ad
2684 366 3040 423 aeternitatem
3064 377 3168 433 est,
3222 378 3281 424 ut
3309 369 3393 424 cui
3427 370 3591 441 spiri-

294 452 400 509 Per
443 452 634 507 borum
680 453 841 522 igitur
886 467 1112 523 operum
1153 454 1407 511 virtutem
1450 455 1627 525 imago
1656 454 1754 510 Dei
1785 464 1889 511 est.

290 542 429 600 Nam
475 543 663 615 utique
702 543 1052 600 invisibilium
1083 545 1341 601 Conditor
1381 560 1488 600 non
1517 555 1599 601 est
1628 546 1683 601 in
1706 560 1767 602 ea
1796 561 1894 601 na-

294 646 430 693 tura:
456 638 802 704 necessitate,
827 646 887 693 ut
906 636 1193 695 invisibilis
1214 639 1309 694 Dei
1338 640 1515 709 imago
1540 639 1773 695 visibilis
1798 640 1889 696 sit.

289 730 371 786 Ac
399 744 465 786 ne
487 730 674 784 forma:
706 730 905 800 potius,
936 747 1095 801 quam
1120 740 1328 786 natura:
1352 732 1527 802 imago
1556 747 1678 788 esse
1698 732 1777 805 (1)
1805 733 1890 788 ἰιι-

291 822 657 893 telligerctur;
716 822 920 878 idcirco
960 823 1247 880 invisibilis
1274 825 1368 880 Dei
1407 826 1582 897 imago
1608 834 1730 893 est,
1790 842 1886 882 na-

289 925 411 971 tura
439 916 494 971 in
517 931 583 971 eo
610 916 709 971 Dei
740 932 837 987 per
861 927 1069 973 natura:
1096 932 1208 973 suae
1231 920 1485 975 virtutem
1516 920 1887 993 intelligenda,

290 1008 366 1083 (a)
398 1025 509 1065 non
538 1009 796 1065 invisibili
825 1011 1106 1081 qualitate.

356 1103 445 1158 50.
493 1102 619 1170 Qui
651 1104 1046 1175 primogenitus,
1090 1105 1179 1175 qui
1226 1106 1509 1174 primatum
1561 1106 1615 1160 in
1658 1106 1890 1161 omnibus

283 1208 481 1255 tenens.
507 1228 582 1242 —-
608 1197 1008 1270 Primogenitus
1044 1199 1228 1271 itaque
1267 1200 1443 1256 omnis
1471 1209 1735 1257 creatura:
1765 1211 1881 1267 est,

280 1290 409 1362 quia
462 1291 517 1347 in
573 1290 698 1362 ipso
743 1299 924 1347 creata
968 1291 1150 1346 omnia
1199 1302 1343 1347 sunt.
1380 1292 1474 1347 ~Et
1521 1309 1589 1348 ne
1637 1292 1781 1363 quod
1829 1293 1884 1348 in

278 1386 404 1455 ipso
434 1395 612 1440 creata
637 1384 814 1439 omnia
846 1393 991 1450 sunt,
1012 1400 1118 1440 non
1146 1385 1211 1440 ad
1242 1386 1415 1455 ipsum
1466 1386 1748 1457 quisquam
1789 1401 1886 1441 au-

277 1477 440 1533 deret
463 1476 690 1545 rel'erre,
712 1476 808 1543 ait,
845 1476 1033 1532 Omnia
1055 1494 1145 1549 per
1184 1478 1353 1549 ipsum
1381 1488 1430 1533 et
1455 1478 1510 1533 in
1536 1480 1651 1547 ipso
1677 1478 1883 1535 condita

274 1580 402 1626 sunt
423 1612 439 1638 ,
479 1582 527 1625 et
554 1572 668 1643 ipse
699 1580 773 1626 est
798 1568 964 1644 249
991 1581 1110 1626 ante
1135 1588 1330 1640 omnes,
1360 1583 1410 1627 et
1434 1573 1607 1627 omnia
1633 1574 1733 1644 ipsi
1760 1589 1882 1628 con-

272 1676 417 1720 stant
443 1664 580 1739 (ιιι,
607 1666 716 1738 17).
751 1666 940 1720 Omnia
973 1665 1156 1736 itaque
1185 1666 1286 1737 ipsi
1317 1674 1592 1735 constant,
1623 1668 1714 1737 qui
1751 1677 1879 1724 ante

2000 456 2124 512 talia
2148 456 2370 522 debent,
2402 456 2475 531 (f)
2527 459 2579 513 in
2634 460 2996 532 primogenito
3048 470 3251 525 creata,
3284 462 3427 533 quod
3486 478 3603 519 ma-

1996 555 2197 614 neant;
2221 549 2271 603 ei
2292 558 2346 605 et
2372 549 2605 606 humana
2620 550 2874 620 debeant,
2899 554 3109 624 quodin
3138 554 3501 626 primogenita
3526 571 3595 612 ex

1994 643 2226 699 mortuis
2255 654 2609 699 renascantur
2637 654 2861 701 mlerna.
2922 644 3043 717 Ipse
3072 657 3155 701 est
3183 648 3325 702 enim
3358 648 3594 715 initium,

1996 737 2084 806 qui
2114 752 2235 792 cum
2264 738 2403 792 illius
2432 740 2523 803 sit,
2557 740 2733 811 imago
2763 740 2840 813 (g)
2870 749 2990 805 est;
3028 739 3104 815 (Ξ)
3132 757 3253 798 cum
3280 743 3456 813 imago
3485 752 3591 809 est,

1994 828 2091 883 Dei
2121 837 2223 885 est.
2289 829 2685 901 Primogenitns
2733 846 2947 902 quoque
2978 830 3059 904 (It)
3108 834 3285 887 omnis
3316 844 3586 889 creatura:

1994 933 2097 986 est,
2129 922 2417 977 continens
2440 921 2493 976 in
2525 937 2584 977 se
2616 923 2984 980 universitatis
3011 926 3316 983 exordium.
3375 927 3444 982 Et
3472 942 3595 982 rur-

1994 1028 2111 1069 sum
2145 1015 2258 1085 ipse
2284 1024 2445 1085 caput
2470 1018 2714 1087 corporis
2739 1016 2999 1073 Ecclesiae
3024 1027 3139 1083 est,
3176 1026 3232 1074 et
3261 1020 3593 1090 primogeni-

1995 1116 2079 1162 tus
2106 1122 2173 1162 ex
2203 1108 2450 1170 mortuis,
2489 1108 2623 1163 utin
2652 1108 2905 1163 omnibus
2946 1119 3125 1165 teneat
3156 1111 3272 1180 ipse
3292 1111 3356 1185 (i)
3397 1112 3594 1182 prima-

1993 1208 2124 1255 tum.
2168 1200 2235 1254 Et
2254 1199 2377 1270 quia
2405 1200 2586 1255 omnia
2616 1200 2664 1256 ei
2689 1210 2961 1267 constant,
3020 1201 3074 1256 in
3121 1202 3238 1273 ipso
3266 1203 3586 1273 complacita

1991 1294 2270 1366 plenitudo
2300 1296 2584 1360 consistit;
2636 1295 2762 1351 dum
2788 1297 2839 1350 iu
2862 1312 2929 1352 eo
2955 1312 3052 1367 per
3077 1297 3253 1367 ipsum
3284 1297 3353 1369 (j)
3378 1298 3430 1352 in
3464 1313 3589 1353 eum

1989 1389 2409 1445 reconciliantur
2445 1388 2651 1457 omnia,
2681 1390 2734 1444 in
2759 1404 2867 1460 quo
2899 1404 2996 1460 per
3027 1391 3202 1461 ipsum
3235 1392 3288 1446 in
3320 1391 3438 1462 ipso
3467 1407 3588 1447 om-

1986 1482 2075 1538 nia
2106 1491 2232 1538 sunt
2259 1490 2464 1539 creata.

2058 1577 2146 1632 5t.
2179 1576 2360 1648 Imago
2387 1575 2486 1631 Dei
2512 1586 2605 1645 est,
2634 1587 2885 1647 quatenus
2922 1579 3093 1632 omnia
3130 1579 3183 1633 in
3222 1594 3281 1633 eo
3328 1590 3586 1636 creantur.

1985 1667 2188 1725 Creatio
2209 1680 2261 1723 ut
2278 1669 2625 1724 reconciliatio
2648 1679 2694 1723 et
2720 1668 2895 1723 Patris
2916 1678 2963 1723 et
2985 1668 3116 1724 Filii
3134 1680 3226 1726 est.
3245 1701 3316 1711 ——-
3332 1671 3588 1729 Sentisne

271 1757 456 1813 omnia
483 1766 585 1825 est,
622 1767 676 1813 et
705 1760 756 1813 in
786 1773 893 1829 quo
922 1759 1101 1813 omnia
1129 1767 1276 1814 sunt.
1332 1759 1398 1814 Et
1421 1758 1536 1814 haec
1564 1759 1778 1829 quidem
1805 1759 1872 1816 ad
1906 1764 1953 1823 Β
1974 1760 2086 1832 jam
2135 1761 2264 1832 quid
2328 1762 2397 1815 sit
2449 1776 2572 1817 esse
2626 1761 2913 1832 imaginem
2970 1762 3104 1817 Dei?
3158 1762 3345 1819 Creari
3400 1765 3588 1833 utique

269 1852 505 1909 exordia
530 1853 800 1923 pertinent
828 1863 1221 1908 creaturarum.
1262 1851 1531 1909 Caeterum
1568 1852 1642 1927 (b)
1673 1853 1743 1908 ob
1764 1854 1875 1909 dis-

268 1947 648 2018 pensationem
695 1947 941 2016 corporis
993 1946 1165 2002 nostri
1206 1948 1318 2001 ait:
1366 1946 1436 2002 Et
1481 1948 1594 2018 ipse
1617 1956 1690 2002 est
1720 1958 1874 2020 caput

268 2038 502 2110 corporis
530 2036 811 2104 Ecclesiae,
863 2040 957 2110 qui
1002 2051 1077 2093 est
1119 2040 1327 2093 initium
1353 2080 1369 2106 ,
1410 2039 1781 2111 primogenitus
1811 2058 1874 2096 ea:

266 2131 485 2186 mortuis
514 2172 530 2199 ,
580 2140 635 2185 ut
662 2132 806 2203 ﬁeret
848 2133 900 2185 in
946 2132 1181 2186 omnibus
1207 2132 1318 2203 ipse
1346 2132 1626 2201 primatum
1660 2141 1834 2189 tenens
1852 2151 1872 2200 ;

265 2226 390 2292 quia
418 2226 472 2279 in
498 2227 614 2293 ipso
642 2224 964 2296 complacuit.
983 2242 1186 2280 omnem
1220 2225 1589 2297 plenitudinem
1617 2227 1867 2296 habitare,

263 2327 309 2372 et
345 2332 443 2389 per
487 2318 660 2387 ipsum
687 2318 862 2372 omnia
887 2317 1213 2373 reconciliari
1256 2321 1311 2374 in
1342 2336 1455 2373 eum
1495 2318 1688 2391 (Ibid.,
1726 2320 1792 2377 18
1821 2330 1871 2377 et

262 2410 454 2482 seqq.).
474 2411 726 2477 Reddidit
748 2414 1039 2483 Apostolus
1059 2414 1394 2485 spiritalibus
1420 2416 1490 2489 (c)
1515 2418 1869 2473 sacramentis

261 2518 561 2574 corporeus
588 2505 950 2575 operationes.
992 2504 1236 2577 Namque
1264 2508 1356 2579 qui
1404 2508 1581 2579 imago
1605 2510 1700 2564 Dei
1729 2510 1868 2566 invi-

262 2597 442 2653 sibilis
468 2605 569 2660 est,
602 2596 682 2667 (d)
735 2607 791 2653 et
845 2599 962 2669 ipse
987 2608 1071 2654 est
1099 2610 1260 2671 caput
1291 2601 1537 2672 corporis
1568 2602 1824 2658 Ecclesia:
1849 2620 1863 2658 :

263 2700 315 2748 et
348 2690 443 2762 qui
476 2691 865 2763 primogenitus
898 2692 1073 2747 omnis
1102 2701 1365 2749 creaturae
1395 2703 1478 2750 est
1505 2736 1520 2760 ,
1578 2695 1721 2751 idem
1755 2695 1863 2754 ini-

262 2786 425 2850 tium,
458 2784 850 2856 primogenitus
879 2802 945 2842 ex
977 2787 1206 2843 mortuis
1236 2795 1321 2842 est
1348 2805 1361 2842 :
1408 2796 1469 2843 ut
1506 2789 1560 2844 in
1612 2790 1866 2846 omnibus

263 2887 450 2936 teneat
479 2881 791 2951 primatum,
823 2880 950 2937 dum
985 2880 1144 2937 nobis
1173 2880 1245 2956 (ε)
1281 2896 1482 2953 corpus
1512 2893 1615 2950 est,
1646 2886 1737 2955 qui
1766 2884 1865 2943 Dei

260 2971 445 3045 imago
494 2982 614 3042 est;
670 2973 802 3031 dum
851 2974 943 3046 qui
984 2975 1374 3047 primogenitus
1429 2984 1696 3033 creaturae
1749 2986 1859 3048 est,

1981 1854 2160 1908 omnia
2207 1852 2285 1925 (3)
2332 1854 2386 1908 in
2429 1852 2503 1926 (lt)
2540 1869 2606 1910 eo
2651 1869 2748 1925 per
2787 1871 2930 1908 cum.
2960 1852 3091 1909 Cum
3125 1855 3179 1911 in
3226 1870 3292 1911 eo
3332 1864 3588 1913 creantur

1980 1947 2183 2008 omnia,
2208 1946 2449 2018 intellige
2476 1948 2639 2002 etiam
2665 1962 2788 2002 eum
2812 1948 2965 2017 cujus
2991 1948 3169 2019 imago
3198 1960 3281 2004 est
3306 1958 3585 2007 creautem

1980 2040 2033 2095 in
2066 2054 2132 2095 eo
2177 2040 2379 2094 omnia.
2412 2038 2545 2094 Cum
2592 2049 2771 2095 autem
2814 2056 2935 2110 qua:
2970 2043 3020 2094 in
3068 2054 3135 2095 eo
3178 2049 3454 2109 creantur,
3488 2057 3587 2110 per

1976 2132 2152 2203 ipsum
2181 2139 2469 2197 creantur;
2503 2132 2557 2187 in
2581 2132 2681 2186 boc
2707 2146 2941 2202 quoque,
2968 2132 3057 2202 qui
3086 2132 3266 2203 imago
3292 2141 3396 2198 est,
3429 2140 3585 2186 natu-

1978 2245 2093 2285 ram
2120 2228 2236 2300 ejus
2266 2228 2422 2298 cujus
2453 2227 2631 2298 imago
2663 2235 2743 2283 est
2776 2227 2837 2300 (I)
2885 2227 3063 2282 inesse
3094 2226 3257 2299 250
3284 2240 3581 2297 cognosce.

1976 2322 2081 2380 Pcr
2115 2337 2174 2378 se
2198 2323 2342 2378 enim
2369 2331 2555 2389 creat,
2586 2337 2709 2394 qua:
2740 2321 2791 2375 in
2825 2321 2941 2391 ipso
2981 2329 3270 2377 creantur:
3303 2320 3461 2376 sicuti
3486 2335 3583 2391 per

1975 2417 2150 2489 ipsum
2174 2417 2597 2473 reconciliantur
2627 2417 2679 2470 in
2711 2429 2779 2471 eo
2805 2413 3007 2470 omnia.
3041 2412 3176 2469 Cum
3210 2415 3261 2469 in
3292 2429 3359 2470 eo
3389 2428 3584 2469 recon-

1973 2510 2247 2575 ciliantur,
2274 2517 2512 2579 paternae
2545 2508 2598 2562 in
2625 2521 2693 2561 eo
2721 2506 2818 2576 (m)
2855 2506 3079 2563 unitatis
3099 2504 3451 2575 apprehende
3480 2520 3580 2560 na-

1973 2612 2149 2658 turam
2181 2600 2624 2658 reconciliantem
2655 2600 2757 2655 sibi
2785 2600 2838 2654 in
2864 2614 2930 2656 eo
2952 2599 3154 2655 omnia.
3178 2596 3311 2653 Cum
3335 2614 3433 2669 per
3451 2614 3579 2655 eum

1971 2696 2394 2752 reconciliantur
2420 2693 2624 2758 omnia,
2658 2693 2834 2763 ipsum
2871 2692 3017 2748 Patri
3048 2693 3488 2749 reconciliantetn
3523 2692 3577 2749 in

1969 2803 2029 2845 se
2059 2789 2239 2844 omnia
2262 2804 2384 2861 qua:
2409 2803 2504 2859 per
2524 2801 2583 2841 se
2608 2783 2996 2841 rcconciliabat
3023 2785 3288 2856 intellige.
3313 2783 3405 2839 Ait
3429 2784 3574 2837 enim

1967 2882 2110 2940 idem
2142 2879 2679 2954 Apostolus:0tnnia
2707 2891 2877 2936 autem
2912 2896 2941 2933 a
2973 2879 3205 2951 Deo,qui
3230 2876 3577 2932 reconciliavit

1965 2993 2058 3034 nos
2096 2978 2192 3035 sibi
2236 2995 2327 3052 per
2370 2974 2652 3042 Christum,
2696 2985 2744 3031 et
2783 2976 2921 3033 dedit
2951 2973 3094 3031 nobis
3125 2972 3205 3049 (η)
3234 2971 3574 3028 ministerium

334 3137 1562 3233 (1).fccf’iteiurjjaulfftﬁﬁ‘.:._retecti?
1583 3142 1847 3233 ηεαιέιξξξς-
1877 3165 1923 3233 c
1961 3142 2232 3233 “ebibitis
2259 3158 2362 3233 89",
2383 3143 2614 3233 referat;

262 3208 408 3267 Cum
431 3210 517 3265 his
541 3208 732 3267 confer
749 3208 874 3283 quai
897 3208 1147 3282 leguntur
1168 3211 1305 3266 libro
1330 3228 1405 3278 χι,
1439 3208 1675 3280 minuti,
1703 3214 1850 3269 scili-

262 3292 388 3351 cet,
437 3283 527 3354 qui
580 3283 636 3339 in
673 3283 959 3339 substantia
987 3283 1322 3351 conspicabili
1347 3284 1623 3368 imaginem
1649 3295 1852 3342 natura:

156 3466 169 3481 ,
262 3425 398 3481 erat,
427 3416 483 3471 in
510 3431 609 3488 quo
634 3417 1014 3488 complacuerat
1042 3431 1243 3470 omnem
1282 3417 1651 3488 plenitudinem
1677 3419 1865 3474 diuini-

264 3491 385 3543 tatis
423 3488 700 3545 ltabitare?
741 3488 874 3542 Vide
911 3498 965 3542 et
1007 3503 1156 3543 num.
1203 3489 1266 3543 l7
1318 3489 1560 3559 ejusdem
1600 3490 1746 3546 libri.

333 3559 420 3631 (a)
466 3559 732 3631 Vat.bas.
759 3574 890 3622 ηις..
942 3559 1354 3631 nondinvisibilis
1374 3562 1638 3630 qualitate.
1702 3561 1854 3630 Bad.,

263 3632 351 3688 sed
374 3629 479 3685 non
505 3630 720 3684 visibilis
747 3630 1021 3702 qualitate.
1049 3629 1166 3702 Er.,
1202 3629 1355 3699 Lips.
1385 3629 1441 3685 et
1464 3632 1667 3702 aliquot
1698 3629 1855 3699 mss.,

264 3721 366 3758 non
396 3702 585 3773 visibili
612 3699 881 3773 qualitate.
981 3699 1175 3769 Verius
1218 3701 1340 3773 Par.
1373 3718 1495 3757 cum
1535 3699 1854 3773 pOIioribus,

263 3792 369 3847 non
396 3771 646 3828 invisibili
674 3771 957 3847 qualitate:
992 3773 1103 3847 bac
1121 3782 1231 3847 est,
1243 3771 1549 3847 invisibilis
1568 3776 1654 3830 illa
1680 3776 1857 3847 imago

264 3846 490 3915 intelligi
539 3861 644 3901 non
688 3842 855 3899 debet
900 3842 953 3898 in
1000 3843 1256 3897 invisibili
1291 3846 1549 3913 qualitate
1588 3846 1712 3911 sita,
1757 3842 1854 3901 sed

262 3921 315 3973 ln
351 3918 472 3988 ipsa
518 3916 815 3972 substantia
855 3929 920 3969 ac
954 3923 1146 3988 natura
1187 3915 1310 3969 Dei:
1356 3919 1499 3982 quia,
1541 3917 1615 3988 uti
1659 3918 1754 3972 lib.
1795 3934 1850 3982 v,

263 4005 319 4046 ιι.
356 3986 412 4055 3,
462 3988 661 4043 dicitur
684 4028 700 4053 ,
742 3999 943 4041 natura
970 3987 1132 4040 virtus
1162 3995 1369 4056 praestat
1399 4002 1463 4041 ac
1506 3986 1695 4056 probat
1719 3989 1853 4042 ueri-

264 4072 437 4115 tatem.
485 4058 596 4115 Nec
644 4058 865 4113 dubium
910 4068 991 4112 est
1034 4056 1255 4126 imagini
1298 4057 1372 4110 illi
1410 4057 1647 4112 divinam
1677 4059 1854 4115 inesse

264 4134 557 4196 virtutem,
605 4130 691 4186 cui
733 4128 912 4183 omnia
969 4126 1190 4183 creandi
1240 4136 1477 4196 potestas
1499 4131 1566 4183 ab
1595 4130 1852 4198 Apostolo

265 4203 593 4258 attribuitur.
653 4199 838 4271 Imago
866 4200 1034 4271 itaque
1061 4198 1187 4262 illa,
1235 4209 1296 4253 ut
1351 4200 1543 4255 notitia
1595 4202 1738 4256 illius
1785 4216 1852 4257 ex

266 4274 553 4329 Ambrosio
572 4315 587 4340 ,
625 4272 717 4328 lib.
743 4270 850 4326 tdu
881 4270 1013 4326 Fide
1039 4284 1088 4325 c.
1122 4271 1177 4337 7,
1201 4270 1530 4340 suppleatur,
1556 4289 1657 4327 non
1680 4271 1854 4327 vultus

265 4355 338 4400 est
356 4345 672 4417 corporalis,
718 4359 822 4397 non
870 4343 1005 4413 fucis
1040 4343 1353 4417 composita,
1400 4360 1502 4398 non
1550 4345 1724 4417 ceris;
1764 4344 1856 4399 sed

264 4412 484 4487 simplex
508 4417 572 4471 de
596 4413 774 4487 Dro,_
802 4412 1005 4487 egressa
1027 4413 1089 4467 de
1116 4412 1297 4487 Patre,
1331 4430 1571 4487 cupressu
1598 4415 1662 4470 tle
1691 4418 1851 4487 fonte.

266 4486 332 4542 Et
354 4484 478 4561 post
500 4503 663 4561 pauca
694 4505 707 4541 :
746 4484 929 4561 Imagg
963 4485 1061 4561 ista
1087 4485 1274 4539 veritas
1299 4495 1394 4553 est,
1440 4486 1611 4555 imago
1644 4484 1743 4541 ista
1760 4490 1856 4561 ju-

265 4560 400 4613 stitia
424 4554 520 4624 est,
557 4560 732 4627 imago
763 4558 858 4611 ista
878 4554 1174 4629 Deiivirtus
1213 4566 1325 4629 est;
1374 4574 1476 4611 non
1503 4568 1643 4612 muta
1662 4601 1677 4625 ,
1734 4554 1857 4629 quia

265 4631 469 4714 sorbum
488 4640 598 4714 est;
654 4645 759 4716 non
789 4628 1116 4694 insensibilis,
1147 4627 1268 4697 quia
1296 4629 1549 4711 sapientia
1574 4639 1650 4685 est
1672 4646 1692 4694 ;
1747 4627 1857 4685 non
1884 4657 1940 4718 D
1963 4627 2102 4718 runt.

265 4701 454 4765 inanis,
490 4705 610 4768 quia
632 4704 795 4755 virtus
815 4708 928 4763 est;
962 4714 1066 4752 non
1092 4714 1278 4761 uacua,
1315 4700 1436 4767 quia
1477 4701 1581 4754 vita
1622 4709 1715 4763 est.
1749 4710 1856 4756 etc.

334 4771 407 4847 (b)
446 4773 505 4829 In
546 4780 762 4829 vetusto
795 4770 983 4827 codice
1012 4770 1168 4825 Colb.
1206 4784 1271 4825 ac
1298 4768 1517 4838 Germ.,
1553 4770 1614 4826 ob
1643 4773 1865 4844 disposi-

265 4846 471 4901 tionem.

335 4917 408 4988 (c)
453 4916 592 4971 Editi
642 4921 874 4988 excepto
922 4912 1078 4976 Par.,
1121 4912 1439 4988 spiritalibus
1464 4924 1865 4988 _sacramentum

265 4982 736 5060 concorporationis
769 4982 948 5060 (Lips.
988 4982 1406 5060 corporationis).
1453 4982 1719 5060 Namque,
1754 4996 1861 5042 etc.

265 5055 483 5115 Rectius
521 5074 654 5114 mss.
699 5055 1024 5126 spiritalibus
1046 5055 1379 5110 sacramentis
1398 5098 1414 5119 .
1445 5068 1577 5120 etc.,
1609 5055 1723 5111 'lioc
1752 5067 1863 5125 est,

268 5131 694 5201 operationibus,
722 5143 849 5201 qua;
871 5126 1172 5201 spiritalem
1200 5142 1264 5182 ac
1283 5127 1526 5201 divinam
1549 5127 1748 5184 ChriSIi
1772 5144 1868 5183 na-

267 5198 438 5258 turam
468 5198 751 5272 spectant,
772 5198 1049 5269 subjuusit
1075 5213 1195 5267 quae
1231 5198 1299 5253 ad
1329 5212 1653 5270 corpoream
1682 5210 1739 5258 et
1765 5203 1867 5257 ltu-

266 5289 477 5329 manam
505 5276 757 5328 attinent.

339 5345 417 5418 (Δ)
459 5345 688 5408 Excusi,
711 5345 846 5418 ipse,
874 5342 994 5398 sine
1026 5349 1109 5418 et,
1138 5341 1281 5412 quod
1314 5343 1403 5400 hic
1446 5345 1625 5415 aptius
1660 5344 1870 5418 signiﬁ-

265 5413 359 5474 cat
395 5413 706 5473 naturarum
737 5413 812 5470 in
863 5429 966 5469 una
1012 5413 1309 5484 eademque
1359 5413 1588 5487 persona
1641 5413 1867 5473 distinc-

266 5490 483 5544 tionem.

337 5559 409 5633 (e)
448 5560 520 5615 [ta
547 5573 752 5633 omnes
762 5572 932 5633 prope
954 5558 1423 5633 mss.,_.quomodo
1452 5574 1653 5633 supra,
1681 5560 1864 5633 n._52,

266 5626 449 5700 corpus
466 5634 694 5687 omnium
711 5626 962 5685 Christus
986 5626 1332 5699 praedicatur.
1358 5630 1429 5683 At
1459 5626 1721 5687 in'codice
1749 5631 1865 5689 bas.

268 5702 389 5759 Vat.
416 5712 469 5760 et
496 5700 713 5759 Martia.
756 5717 1065 5770 corporeus,
1108 5701 1162 5756 in
1199 5700 1331 5756 edit.
1362 5700 1511 5768 Par.,
1548 5703 1863 5769 corporalis,

271 5773 326 5827 in
352 5772 466 5831 aliis
493 5771 899 5839 concorporalis.

2030 3215 2108 3284 (2)
2148 3214 2275 3270 Cum
2296 3212 2487 3283 imago,
2516 3212 2615 3269 Dei
2638 3220 2733 3268 est.

2028 3286 2110 3359 (5)
2153 3286 2222 3341 In
2244 3302 2304 3342 eo
2335 3296 2385 3341 et
2409 3302 2503 3358 per
2531 3301 2667 3341 eum.

2036 3420 2123 3495 (τ’)
2147 3421 2281 3477 Tres
2304 3434 2435 3475 mss.
2466 3419 2621 3495 Colb.
2658 3420 2714 3473 in
2740 3417 3104 3488 primogenita,
3135 3417 3568 3495 mgudoseLMox

1962 3491 2018 3547 in
2046 3488 2262 3557 aliquot
2283 3491 2703 3556 recentioribus,
2746 3504 2849 3545 nec
2882 3504 2990 3545 non
3019 3488 3158 3560 apud
3192 3488 3281 3544 Er.
3323 3502 3378 3547 et
3406 3489 3562 3559 Bad.,

1960 3564 2078 3619 vitta
2127 3573 2463 3618 renascantur
2505 3571 2708 3617 (elerum
2734 3577 2755 3616 :
2784 3561 2962 3615 minus
2988 3560 3237 3632 _sincere.
3289 3561 3568 3632 Spirttalia

1962 3634 2267 3705 intelligere
2298 3644 2379 3688 est
2411 3634 2634 3705 angelos
2673 3633 2759 3689 vel
2791 3632 2954 3705 etiam
2984 3629 3236 3705 Inomines
3268 3629 3565 3688 secundum

1960 3701 2217 3767 animam.
2244 3701 2699 3759 humana'autem
2745 3703 2935 3757 saltem
2984 3701 3265 3756 hominum
3310 3717 3563 3772 corpora.

1960 3776 2149 3846 Angeli
2182 3776 2375 3832 debent
2406 3774 2622 3846 Christo
2647 3774 2785 3844 quod
2803 3781 3081 3846 maneant,
3111 3772 3167 3846 id
3193 3784 3276 3829 est
3297 3790 3453 3846 ,uonr
3476 3774 3564 3829 in-

1962 3844 2187 3903 tereant.
2224 3848 2292 3903 Ut
2317 3847 2462 3901 enim
2501 3845 2661 3901 docet
2691 3845 3031 3909 Ambrosius,
3065 3844 3161 3899 lib.
3190 3860 3247 3898 ιιι
3290 3844 3360 3899 de
3395 3844 3562 3909 Fide,

1959 3933 2010 3976 c.
2040 3922 2074 3975 5
2100 3937 2115 3975 :
2149 3937 2240 3974 nec
2262 3918 2489 3990 Angelus
2510 3917 2816 3990 immortalis
2841 3926 2912 3970 est
2940 3915 3266 3990 naturaliter,
3291 3919 3442 3989 cujus
3466 3917 3567 3969 im-

1958 3992 2250 4044 mortalitas
2280 3991 2335 4042 in
2348 3986 2624 4043 'voluutate
2644 4000 2715 4042 est
2740 3986 3018 4042 Creatoris.

2030 4059 2107 4134 (g)
2153 4062 2225 4116 Ita
2267 4075 2400 4115 mss.
2436 4059 2548 4134 nisi
2570 4059 2714 4134 quod
2758 4058 2812 4134 in
2842 4057 3104 4134 pluribus
3135 4057 3292 4114 deest
3331 4056 3564 4127 primum

1958 4129 2096 4187 illud
2131 4142 2225 4187 est.
2267 4134 2334 4188 At
2375 4134 2426 4186 in
2464 4131 2697 4202 vulgatis
2739 4129 3079 4186 desideratur
3108 4140 3404 4201 praeterea,
3448 4146 3566 4184 cum

1958 4205 2133 4258 imaao
2162 4214 2258 4258 est.

2033 4221 2133 4349 (ιἕῖ
2153 4221 2539 4349 fdfbtartinset
2559 4273 2783 4349 aliquot
2805 4270 3081 4349 veteribus
3109 4271 3262 4349 libris
3301 4272 3569 4349 omittitur

1961 4343 2149 4402 omnis.
2210 4345 2366 4413 Quod
2421 4346 2508 4400 hic
2559 4344 2819 4410 brevius,
2874 4343 2956 4398 sic
3019 4343 3310 4409 exponitur
3365 4344 3569 4400 clarius

1963 4418 2179 4490 Fragm.
2218 4418 2296 4482 II,
2331 4435 2385 4472 ιι.
2416 4417 2486 4490 50
2518 4435 2531 4471 :
2564 4413 2771 4470 Idcirco
2804 4415 3172 4490 primogenitus
3212 4416 3377 4490 omnis
3425 4432 3570 4469 crea-

1963 4487 2112 4555 turté,
2136 4490 2256 4562 quia
2290 4491 2343 4544 in
2379 4489 2553 4543 eodem
2568 4491 2692 4572 jam
2722 4504 2754 4539 a
2793 4487 3051 4569 principio
3088 4488 3313 4570 omnium
3338 4503 3450 4556 qua:
3476 4491 3566 4569 ,εί-

1964 4558 2192 4632 fecturus
2243 4571 2389 4627 erat,
2442 4558 2615 4615 omnia
2670 4558 3058 4631 generationum
3110 4559 3257 4613 initia
3322 4558 3569 4613 constite-

2037 4704 2299 4778 (i)__Apud
2338 4702 2470 4778 Bad.
2504 4716 2559 4756 et
2605 4701 3033 4778 E_r.,gpri_matu_m
3063 4701 3268 4778 capitis:
3302 4699 3371 4778 In
3401 4713 3506 4778 I_t_no
3536 4715 3568 4755 e

1968 4769 2274 4831 ms‘XVatic.
2309 4776 2582 4844 primatum
2608 4769 2875 4827 charitatis
2895 4788 2914 4826 :
2940 4772 3230 4842 glossema.
3251 4770 3309 4827 In
3332 4769 3482 4826 Colb.
3513 4779 3569 4826 et

1967 4846 2178 4908 Germ.,
2212 4854 2376 4900 teneat
2404 4846 2672 4917 primatus.
2792 4914 2833 4917 Α,
3089 4912 3101 4917 _
3178 4911 3193 4917 _
3252 4912 3255 4917 ν

2039 4918 2108 4988 lj)
2141 4918 2194 4973 lu
2216 4911 2461 4985 vulgatis,
2483 4924 2529 4988 et
2545 4915 2599 4968 in
2621 4930 2755 4968 euut.
2774 4914 2941 4988 Abest
2966 4911 3227 4988 particula
3250 4911 3382 4967 etab
3398 4914 3573 4988 omni-

1972 4981 2234 5045 bus'mss.
2266 4981 2330 5044 In
2350 4987 2593 5058 pluribus
2614 5000 2792 5058 autem
2827 4981 3174 5058 desideratur
3198 4984 3257 5058 in;
3285 4999 3423 5039 eum.
3451 4983 3572 5042 Non

2011 5076 2196 5116 rorsus
2220 5054 2472 5129 displicet
2493 5073 2615 5129 cum
2642 5056 2796 5111 Colb.
2829 5067 2883 5111 et
2903 5054 3089 5129 Germ.
3122 5071 3212 5124 per
3238 5056 3409 5129 ipsum
3434 5072 3572 5129 eum.

2011 5076 2196 5116 rorsus
2220 5076 2472 5129 displicet
2493 5076 2614 5111 cum
2642 5076 2796 5111 υοιυ.
2829 5076 2883 5111 et
2903 5076 3089 5112 uerm.
3122 5076 3212 5124 per
3240 5076 3409 5124 ipsum
3434 5076 3572 5111 eum.

1970 5076 2164 5186 gustet!
2210 5131 2370 5186 iidem
2418 5143 2549 5184 mss.
2599 5128 2654 5180 in
2698 5144 2789 5193 eo,
2838 5142 2936 5196 pro
2981 5127 3035 5181 in
3085 5142 3205 5198 quo.
3236 5125 3373 5182 Tum
3403 5126 3572 5195 editi,

1971 5220 2063 5277 per
2075 5204 2256 5277 _ips_um
2280 5201 2536 5277 etinipso
2565 5217 2584 5255 :
2612 5198 2703 5254 ubi
2729 5199 2992 5277 particubt
3022 5207 3069 5253 et
3096 5200 3303 5277 abest_a
3323 5212 3462 5277 _mss.

2044 5268 2120 5346 (Β)
2153 5272 2369 5337 Excusi,
2400 5268 2455 5326 in
2478 5287 2535 5326 eo
2562 5282 2608 5326 et
2639 5268 2745 5342 per
2769 5288 2905 5327 eum.
2926 5269 3075 5346 _Tum
3109 5283 3208 5323 ms.
3240 5268 3575 5346 Colb.,__cum

1978 5347 2034 5402 in
2053 5340 2171 5401 eum
2193 5352 2518 5410 recreantur;
2541 5352 2595 5398 et
2616 5340 2763 5414 mox,
2785 5359 2899 5414 qua
2918 5344 2971 5397 in
2994 5358 3111 5397 eum
3132 5351 3389 5396 creantur.
3413 5340 3578 5399 Utro-

1978 5433 2083 5490 que
2115 5420 2234 5490 loc_o
2265 5416 2613 5490 liabetetiam
2644 5413 2858 5490 Martia.
2890 5415 2943 5469 in
2970 5430 3105 5490 eum.

2051 5489 2115 5563 (l)
2157 5488 2392 5543 Verbum
2410 5488 2606 5563 inesse,
2651 5487 2795 5563 quod
2837 5486 2888 5541 in
2922 5486 3068 5556 prius
3101 5484 3330 5555 vulgatis
3359 5484 3576 5563 deside-

1976 5558 2126 5617 ratur
2171 5567 2357 5616 exstat
2410 5559 2464 5614 in
2523 5558 2775 5614 omnibus
2828 5573 2962 5612 mss.
3018 5566 3072 5611 at
3120 5564 3374 5628 corrupte
3425 5558 3479 5612 in
3522 5571 3578 5612 se

1974 5649 2099 5690 esse.

1998 5745 2011 5759 .
2046 5704 2141 5773 lm)
2186 5703 2280 5762 Er.
2307 5711 2363 5769 et
2388 5701 2537 5774 Lips.
2569 5698 2928 5774 virltutis,duo
2949 5713 3095 5767 mss;
3117 5700 3482 5774 natiuitatis.
3539 5705 3561 5753 ι·

2046 5772 2130 5847 (η)
2168 5774 2297 5830 Bad.
2332 5772 2590 5829 cum'ms.
2628 5772 2747 5828 Vat.
2781 5772 2894 5829 bas.
2927 5772 3248 5841 musteriam,
3288 5772 3572 5829 mendose.
