4094 6180
480 229 585 282 973i

1698 229 1943 291 SANCTI
1986 230 2241 299 IIIIARII
2282 230 2587 297 EPISCOPI

3675 240 3779 307 Ξτιξ

478 341 950 410 reconciliationis;
983 343 1225 415 quoniam
1250 342 1457 415 quidem
1492 343 1631 399 Deus
1666 353 1776 400 erat
1802 347 1855 399 iu
1881 343 2083 409 Christo
2111 347 2160 417 Α
2190 362 2315 413 uno,
2348 356 2401 407 et
2426 354 2597 411 totum
2624 363 2651 399 τι
2684 356 2815 416 ιοιο,
2848 348 3018 405 Deum
3049 357 3104 404 et
3133 348 3324 416 tilium,
3358 364 3535 422 neque
3565 366 3659 420 per
3690 370 3785 409 na-

483 438 732 493 ntunduut
775 438 1114 499 reconcilians
1142 436 1239 493 sibi
1269 436 1315 509 (Ι
1341 434 1462 491 Cor.
1487 452 1543 501 ν.
1576 438 1666 503 18,
1722 436 1838 508 19).
1885 434 2087 499 Confer

483 548 607 589 cum
656 532 739 595 his
782 546 941 589 omne
987 530 1316 602 evangelicae
1364 530 1487 587 fidei
1529 541 1949 595 sacramentum.
1984 530 2084 599 Qui

484 624 630 679 enim
656 622 869 681 videtur
899 622 953 677 in
984 624 1128 687 viso,
1163 622 1252 692 qui
1291 627 1547 693 operatur
1577 623 1630 677 in
1672 630 1960 693 operante,
1994 621 2086 692 qui

481 715 719 786 loquitur
744 714 795 769 in
844 714 1133 785 loquente,
1166 713 1308 775 idem
1341 713 1393 775 in
1423 712 1812 771 reconciliante
1840 714 2086 770 reconci-

477 807 577 863 liat
621 805 815 879 (Joan.
848 822 959 871 xlv,
1012 806 1067 872 9,
1098 803 1208 877 10).
1245 808 1310 862 Et
1337 805 1542 863 idcirco
1573 807 1627 862 in
1661 821 1727 861 eo
1753 816 1808 860 et
1846 821 1942 877 per
1962 821 2085 861 eum

481 898 855 963 reconciliatio
899 909 1015 966 est,
1068 901 1191 969 quia
1241 915 1339 968 per
1388 898 1787 957 indiderentcm
1838 906 2085 963 naturam

483 990 644 1050 Pater
665 991 719 1046 in
751 1006 816 1045 eo
847 1006 1093 1058 manens,
1125 992 1384 1051 mundum
1415 993 1516 1051 sibi
1541 993 1653 1063 ipse
1681 1007 1777 1065 per
1807 1007 1930 1053 eum
1952 1002 2007 1048 et
2034 993 2086 1048 in

483 1100 550 1140 eo
579 1082 657 1157 (α)
688 1084 1130 1143 reconciliatione
1159 1084 1442 1143 reddebat.

554 1178 645 1234 52.
679 1176 935 1237 Unitatem
977 1194 1124 1232 suam
1164 1194 1279 1235 cum
1323 1177 1485 1233 Putre
1522 1194 1675 1249 quam
1724 1178 1886 1249 potuit
1916 1179 2089 1250 aptius

481 1267 718 1326 Christus
748 1269 1048 1325 declaravit.
1080 1300 1149 1310 -—
1180 1270 1477 1327 Consulens
1510 1271 1687 1343 itaque
1726 1272 1975 1326 humanae
2003 1271 2087 1326 iu-

483 1366 727 1433 ﬁrmitati
759 1365 899 1419 Deus
930 1380 1038 1431 non
1079 1365 1282 1423 incerta
1312 1365 1600 1421 verborum
1646 1365 1891 1423 nuditate
1925 1365 2086 1423 (idem

481 1458 687 1512 docuit.
719 1456 964 1528 Namque
991 1472 1113 1513 cum
1135 1457 1390 1514 credendi
1423 1460 1803 1516 necessitatem
1831 1458 1959 1515 dicti
1985 1458 2089 1514 do-

488 1549 672 1606 minici
708 1550 1004 1607 auctoritas
1041 1551 1154 1605 sola
1183 1558 1494 1620 praestaret,
1529 1560 1706 1605 tamen
1737 1565 1955 1607 sensum
1988 1566 2089 1605 no-

482 1651 660 1705 strum
703 1657 799 1713 per
833 1641 1247 1714 intelligentiam
1276 1641 1436 1701 edita:
1470 1645 1696 1699 rationis
1725 1645 1956 1700 instituit
1987 1662 1999 1698 :
2033 1653 2088 1701 ut

2189 439 2453 503 tivitatem
2485 439 2628 495 Patri
2661 438 2929 497 ademisse
2957 441 3031 514 (e)
3059 442 3200 512 quod
3246 451 3416 499 totum
3462 452 3578 510 est,
3611 459 3791 517 neque

2189 529 2291 591 hoc
2318 528 2493 602 ipsum
2534 540 2705 589 totum
2741 548 2847 587 non
2887 547 3073 601 secum
3120 533 3395 593 nascendo
3428 535 3688 604 tenuisse.
3726 538 3791 607 Et

2187 621 2430 694 quisquis
2461 621 2514 681 in
2558 623 2659 683 hac
2687 622 3018 689 inﬁdelitatis
3057 625 3283 682 stultitia
3311 624 3665 697 detinebitur,
3698 640 3789 687 aut

2186 713 2499 773 Iudaeorum
2530 721 2786 779 sectator,
2818 725 2912 769 aut
2940 716 3180 787 gentium
3209 724 3312 775 est.

2260 805 2349 864 55.
2377 807 2649 877 Sapientia
2670 809 2914 865 humana.
2935 808 3320 875 Elementorum
3338 810 3519 869 mundi
3534 819 3581 866 et
3599 809 3793 871 Christi

2190 899 2483 954 discrimen.
2508 928 2580 939 —
2608 897 2674 955 Ut
2697 909 2877 959 autem
2905 899 3106 967 dictum
3136 899 3347 965 Domini
3385 901 3654 972 intelligas
3685 915 3795 974 quo

2189 989 2266 1044 ait
2294 1007 2308 1044 :
2345 989 2529 1044 Omnia
2558 1006 2672 1057 quia
2716 990 2891 1046 Patris
2934 1002 3083 1056 sunt,
3115 1009 3228 1060 mea
3274 1005 3432 1059 sunt;
3465 993 3714 1071 Apostoli
3739 1002 3795 1049 et

2190 1083 2496 1141 doctrinam
2536 1094 2592 1139 et
2632 1083 2793 1139 fidem
2840 1084 3002 1143 disce
3046 1085 3317 1145 dicentis:
3364 1086 3537 1151 Videte
3572 1104 3637 1141 ne
3678 1089 3795 1160 quis

2191 1196 2279 1235 vos
2322 1180 2531 1237 seducat
2572 1197 2663 1253 per
2702 1179 3085 1255 philosophiam
3114 1191 3161 1247 et
3203 1180 3410 1247 inanem
3443 1180 3795 1249 deceptionem

2190 1271 2469 1335 secundum
2509 1272 2838 1338 traditionem
2878 1272 3175 1345 hominum,
3218 1272 3502 1341 secundum
3544 1273 3799 1341 elementa

2192 1366 2390 1431 mundi,
2422 1374 2471 1423 et
2499 1381 2601 1431 non
2629 1365 2910 1429 secundum
2951 1362 3208 1431 Christum
3234 1381 3253 1420 :
3282 1366 3400 1437 quia
3428 1368 3483 1423 in
3508 1366 3621 1439 ipsa
3644 1367 3800 1431 inha-

2192 1460 2317 1525 bitat
2348 1459 2433 1530 (2)
2463 1461 2628 1515 omnis
2670 1460 2934 1530 plenitudo
2972 1460 3252 1529 divinitatis
3295 1460 3635 1539 corporaliter
3676 1459 3801 1536 (Co-

2194 1551 2317 1614 loss.
2352 1566 2424 1618 ιι,
2481 1551 2538 1618 8,
2587 1550 2667 1625 9).
2718 1551 2798 1607 De
2828 1552 3029 1611 mundo
3055 1561 3156 1621 est,
3203 1549 3273 1627 (i)
3301 1561 3356 1613 et
3382 1552 3653 1617 doctrinas
3700 1553 3801 1609 bo—

2195 1641 2399 1701 minum
2441 1642 2717 1717 sapit,-et
2762 1641 3116 1713 philosophia:
3169 1644 3352 1713 pneda
3391 1655 3510 1726 est,
3553 1645 3802 1721 quisquis

485 1733 540 1789 id
573 1732 717 1805 quod
745 1732 957 1788 dixerat
988 1750 1001 1786 :
1040 1732 1147 1805 Ego
1174 1742 1222 1789 et
1250 1732 1408 1788 Pater
1437 1750 1597 1789 unum
1624 1750 1798 1789 sumus
1827 1733 2006 1807 (Joan.
2034 1751 2089 1805 x,
2123 1736 2172 1801 Β
2198 1732 2470 1795 Christum
2504 1749 2692 1791 verum
2723 1734 2890 1789 Deum
2924 1735 3127 1803 nescit,
3157 1734 3401 1805 quisquis
3436 1735 3487 1788 in
3519 1751 3585 1792 eo
3623 1736 3803 1808 pleni-

484 1823 603 1897 30),
634 1839 730 1895 per
749 1840 966 1880 causam
996 1825 1169 1896 ipsam
1193 1827 1417 1887 unitatis
1436 1832 1697 1901 expositae
1718 1842 2089 1891 posceremus.

486 1916 684 1975 Dicens
709 1919 856 1977 enim
886 1932 945 1974 se
973 1933 1070 1990 per
1098 1919 1408 1991 loquentem
1440 1920 1619 1993 loqui,
1652 1928 1706 1981 et
1737 1936 1833 1992 per
1863 1935 2094 1993 operan-

486 2016 593 2075 tem
622 2008 859 2085 aperari,
885 2018 941 2065 et
962 2026 1057 2080 per
1073 2010 1406 2082 iudicantem
1424 2012 1691 2083 judicare,
1723 2022 1777 2066 et
1799 2026 1895 2085 per
1920 2013 2092 2073 visum

488 2103 684 2171 videri,
718 2112 771 2163 et
804 2119 901 2175 per
927 2105 1370 2161 reconciliantem
1402 2103 1485 2178 (ι)
1511 2105 1868 2169 reconciliare
1899 2103 1976 2176 (b)
1995 2146 2010 2172 ,
2040 2115 2096 2169 et

487 2212 709 2257 manere
737 2212 796 2253 se
824 2198 878 2259 in
907 2212 974 2254 eo
1004 2198 1097 2270 qui
1130 2198 1186 2254 in
1217 2212 1278 2265 se
1306 2206 1554 2255 maneret
1580 2215 1594 2251 :
1629 2212 1817 2268 quaero
1843 2212 1948 2271 quo
1990 2197 2095 2257 alio

488 2288 558 2343 ad
585 2288 959 2360 intelligentiae
990 2297 1190 2349 nostrae
1230 2303 1449 2351 sensum
1480 2288 1838 2360 expositionis
1873 2303 1987 2345 suae
2018 2289 2096 2345 uti

490 2384 732 2453 potuerit
761 2381 832 2458 (ο)
862 2384 1074 2454 aptiore
1104 2398 1378 2451 sermone,
1412 2392 1470 2438 ut
1500 2399 1664 2441 unum
1687 2397 1807 2447 esse
1833 2383 2098 2461 intellige-

489 2487 701 2546 rentur,
735 2494 894 2547 quam
930 2478 1064 2544 ieto,
1099 2493 1207 2549 quo
1245 2493 1340 2551 per
1366 2477 1666 2535 nativitatis
1697 2480 2011 2545 veritatem,
2044 2486 2098 2545 et

491 2581 701 2631 natura:
729 2572 992 2637 unitatem
1010 2611 1024 2637 ,
1070 2570 1330 2645 quidquid
1372 2569 1540 2637 Filius
1567 2578 1752 2643 ageret
1777 2584 1841 2627 ac
1862 2569 2096 2638 diceret,

491 2666 544 2733 id
574 2668 628 2722 in
648 2665 781 2721 Filio
804 2665 963 2735 Pater
983 2673 1036 2722 et
1058 2664 1375 2738 loqueretur
1394 2673 1449 2720 et
1468 2665 1721 2735 gereret?
1744 2663 1860 2720 Non
1887 2675 1969 2725 est
1995 2663 2100 2725 hoc

486 2760 672 2831 itaque
718 2768 927 2819 naturai
958 2759 1036 2831 (ιζ)
1067 2774 1096 2815 a
1139 2774 1198 2814 se
1227 2758 1457 2825 alienae,
1502 2772 1678 2829 neque
1725 2772 1820 2837 per
1862 2758 2099 2817 creatio-

490 2866 618 2908 nem
647 2849 806 2924 251
847 2851 901 2907 in
938 2850 1106 2919 Deum
1137 2860 1503 2927 comparatae,
1537 2864 1711 2922 neque
1742 2865 1809 2905 ex
1853 2850 2099 2929 portione

491 2941 587 3009 Dei
620 2944 669 3007 in
712 2943 880 3009 Deum
924 2950 1095 3011 natae;
1130 2941 1224 2999 sed
1266 2940 1504 3015 perfectq
1539 2941 1896 3011 nativitatem
1928 2942 2097 3013 Deum

491 3036 786 3104 perrectum
832 3034 1028 3103 genitas
1081 3034 1411 3098 divinitatis,
1464 3035 1621 3103 cujus
1671 3035 1785 3089 lure
1835 3036 2094 3091 naturalis

2198 1828 2440 1883 tudinem
2482 1826 2780 1889 divinitatis
2822 1828 3053 1897 ignorat.
3097 1826 3338 1891 Humana
3378 1843 3534 1895 mens
3566 1828 3669 1893 hoc
3710 1845 3804 1885 so-

2198 1917 2308 1974 lum
2333 1918 2475 1995 sapit
2493 1916 2640 1988 quod
2666 1917 2935 1989 intelligit,
2958 1927 3013 1979 et
3035 1917 3266 1983 mundus
3296 1918 3397 1985 hoc
3419 1926 3624 1987 tantum
3652 1919 3803 1992 quod

2199 2019 2380 2087 potest
2430 2009 2638 2078 credit,
2687 2010 2985 2069 secundum
3040 2011 3432 2083 elementorum
3480 2022 3701 2081 naturas,
3747 2013 3804 2087 id

2201 2112 2408 2173 tantum
2451 2102 2711 2181 possibile
2750 2104 3103 2173 existimans,
3132 2104 3276 2174 quod
3306 2116 3399 2177 aut
3429 2105 3669 2185 videret,
3707 2116 3807 2169 aut

2199 2203 2409 2265 ageret.
2434 2194 2716 2267 Elementa
2738 2195 2883 2259 enim
2908 2195 3090 2259 mundi
3113 2211 3182 2253 ex
3207 2197 3372 2253 nihilo
3398 2198 3761 2259 substiterunt
3786 2217 3802 2257 :

2198 2286 2363 2361 252
2389 2286 2483 2341 Sed
2512 2284 2761 2349 Christus
2790 2286 2866 2363 (g)
2908 2303 3016 2355 non
3042 2287 3110 2353 de
3142 2304 3247 2344 non
3277 2290 3641 2361 substantibus
3682 2307 3806 2359 ma-

2200 2364 2294 2436 net
2324 2379 2426 2453 (lt),
2456 2395 2555 2436 nec
2577 2381 2739 2451 coepit
2771 2383 2836 2445 ad
2867 2383 3152 2454 originem,
3174 2384 3267 2448 sed
3300 2385 3566 2459 originem
3597 2385 3666 2455 ab
3693 2386 3810 2447 ori-

2199 2473 2323 2542 gine
2360 2475 2588 2547 sumpsit
2629 2482 2907 2541 internum.
2961 2476 3243 2533 Elementa
3292 2479 3436 2537 enim
3485 2479 3668 2534 mundi
3710 2489 3812 2555 aut

2202 2563 2439 2633 inanima
2464 2574 2612 2635 sunt,
2635 2576 2731 2622 aut
2752 2566 2819 2622 ad
2849 2567 3082 2635 animam
3114 2568 3459 2640 proiecerunt
3482 2587 3496 2624 :
3520 2570 3615 2627 sed
3640 2569 3810 2627 Chri-

2201 2667 2315 2723 stus
2336 2660 2443 2715 vita
2466 2669 2570 2727 est,
2598 2675 2663 2717 ex
2684 2659 2798 2731 Deo
2820 2662 3033 2718 vivente
3056 2661 3110 2721 in
3133 2665 3400 2731 viventem
3424 2664 3591 2731 Deum
3617 2674 3805 2741 natus,

2203 2750 2485 2819 Elementa
2529 2753 2711 2815 mundi
2751 2768 2782 2813 a
2831 2753 2944 2808 Deo
2990 2763 3118 2810 sunt
3159 2753 3436 2829 instituta,
3495 2771 3601 2823 non
3654 2755 3811 2829 Dens

2199 2856 2323 2903 sunt
2349 2865 2361 2900 :
2393 2847 2643 2905 Christus
2665 2864 2732 2903 ex
2760 2848 2873 2919 Deo
2902 2849 3045 2905 Deus
3066 2849 3170 2904 hoc
3198 2858 3366 2923 totum
3398 2857 3482 2925 est
3510 2850 3625 2933 ipse
3654 2850 3807 2926 quod

2200 2940 2345 3015 Deus
2370 2948 2474 3007 est.
2506 2939 2793 3007 Elementa
2822 2941 3009 3009 mundi
3038 2956 3159 2999 cum
3188 2942 3330 3013 intra
3356 2942 3464 3015 sini
3484 2984 3499 3007 ,
3541 2957 3646 3017 pou
3676 2958 3811 3021 pos:

2202 3044 2330 3088 sunt
2360 3032 2423 3106 (i)
2453 3050 2481 3087 a
2512 3049 2571 3089 se
2598 3046 2811 3089 exstare
2834 3051 2901 3089 ne
2940 3035 3081 3090 intra
3112 3036 3257 3090 sint:
3287 3035 3455 3090 Deum
3485 3036 3586 3090 sub
3615 3051 3809 3091 sacra-

490 3129 839 3183 conscientia:
884 3127 1076 3182 ﬁducia
1116 3135 1236 3193 .est,
1273 3136 1330 3181 nt
1372 3128 1556 3192 dicat:
1589 3126 1705 3198 Ego
1742 3129 1796 3194 in
1837 3127 2015 3195 Patre,
2047 3139 2094 3187 et
2123 3110 2168 3175 (ἶ
2201 3136 2384 3196 mento
2416 3128 2469 3191 in
2501 3142 2561 3185 se
2605 3126 2810 3193 habens
2838 3126 3090 3199 Christus
3129 3128 3180 3199 ip
3217 3128 3330 3195 Deo
3368 3136 3471 3201 egi.
3514 3128 3806 3201 Elemeuta

492 3219 655 3274 Pater
682 3221 737 3273 in
766 3236 845 3271 me
870 3217 1052 3290 (.loan.
1088 3234 1194 3283 xtv,
1225 3217 1313 3289 ti)
1346 3234 1359 3272 :
1389 3226 1446 3272 et
1473 3234 1689 3273 rursum
1717 3235 1731 3275 :
1766 3218 1952 3273 Omnia
1980 3237 2096 3299 qtae

492 3312 671 3365 Patris
700 3322 851 3373 sunt,
884 3328 993 3363 mea
1021 3322 1140 3364 sunt
1172 3309 1350 3381 (Joan.
1387 3327 1494 3374 χιιι,
1530 3308 1640 3381 15).
1679 3311 1820 3365 Nihil
1858 3314 2001 3365 enim
2045 3314 2094 3369 ei

491 3418 557 3458 ex
581 3403 694 3456 Deo
716 3401 894 3463 deest.
923 3417 1030 3471 quo
1056 3412 1315 3471 operante
1341 3411 1394 3456 et
1421 3401 1672 3471 loquente
1699 3409 1755 3467 et
1783 3404 1920 3471 viso,
1953 3404 2095 3477 Deus

491 3504 545 3549 et
568 3502 825 3565 operatur
853 3503 907 3548 et
929 3493 1167 3564 loquitur
1189 3504 1241 3561 et
1269 3493 1498 3549 videtur.
1523 3493 1638 3548 Non
1662 3504 1785 3548 sunt
1805 3494 1912 3549 duo
1940 3494 2091 3569 (snp-

498 3586 606 3659 ple,
648 3584 849 3662 naturis
890 3585 1142 3657 distincti)
1186 3585 1237 3647 in
1285 3585 1443 3639 unius
1482 3585 1567 3641 vel
1611 3584 1965 3653 Operatione,
2009 3588 2092 3657 vel

489 3691 764 3743 sermone,
781 3676 863 3743 vel
885 3678 1025 3733 visu.
1049 3675 1160 3732 Nec
1179 3676 1453 3745 solitarius
1475 3676 1619 3732 Deus
1640 3687 1742 3747 est,
1769 3679 1861 3751 qui
1889 3678 1941 3733 in
1964 3693 2095 3749 ope-

488 3778 645 3824 rante
664 3781 716 3823 et
746 3768 1001 3845 loquente
1025 3778 1081 3823 et
1101 3766 1216 3823 viso
1244 3767 1379 3830 Deo,
1411 3767 1555 3823 Deus
1581 3775 1639 3825 et
1658 3778 1912 3838 operatus
1937 3780 1990 3824 et
2016 3771 2094 3827 lo-

485 3873 646 3919 cutus
670 3870 728 3917 et
755 3861 901 3916 visus
928 3861 1017 3916 sit.
1052 3860 1165 3917 Hoc
1198 3861 1436 3916 Ecclesia
1470 3860 1752 3931 intelligit,
1781 3862 1886 3918 hoc
1913 3865 2090 3934 Syna-

486 3970 622 4026 goga
645 3970 751 4010 non
774 3953 968 4020 credit,
1000 3953 1105 4021 hoc
1131 3953 1471 4035 philosophia
1496 3968 1603 4019 non
1626 3955 1767 4026 sapit
1785 3996 1801 4023 ,
1832 3971 1996 4025 unum
2022 3972 2089 4012 ex

554 4107 637 4245 ξι)
683 4106 1049 4171 Reconciliati.‘
1081 4120 1228 4171 mox,
1262 4118 1580 4174 permanere.

581 4179 633 4245 '2)
681 4180 805 4232 Haec
835 4188 919 4231 est
945 4177 1104 4231 lectio
1135 4174 1338 4231 codicis
1369 4175 1580 4228 Ver-one

581 4173 633 4245 '2)
681 4180 805 4232 Haec
835 4188 919 4231 est
945 4177 1104 4231 lectio
1135 4174 1338 4231 codicis
1369 4173 1730 4240 Veronensis;
1769 4189 1891 4243 nam
1922 4183 2082 4245 antea

480 4236 746 4321 plenitudo
781 4248 1083 4311 divinitatis.
1112 4245 1333 4313 Graece,
1361 4251 1465 4311 πᾶν
1488 4247 1549 4301 τὸ
1573 4236 1827 4324 «rapam
1850 4236 1947 4308 es;
1963 4236 2081 4305 ’Θεὸ-

2200 3219 2384 3274 mundi
2412 3235 2534 3275 cum
2563 3236 2627 3275 ex
2660 3235 2720 3276 se
2744 3220 2827 3275 sui
2852 3221 3064 3289 generis
3093 3229 3359 3296 generant
3379 3220 3446 3274 ad
3473 3219 3630 3276 vitam
3650 3263 3666 3286 ,
3701 3236 3808 3290 per

2199 3312 2511 3381 corporales
2561 3312 2777 3380 quidem
2830 3313 3108 3381 passiones
3148 3312 3394 3383 pru-bent
3419 3327 3485 3365 ex
3538 3325 3597 3366 se
3644 3312 3806 3367 initia

2201 3402 2491 3471 nascendi;
2514 3411 2767 3472 caeterum
2791 3417 2896 3469 non
2922 3403 3103 3467 insunt
3125 3404 3245 3471 viva
3267 3403 3383 3472 ipsa
3408 3401 3756 3477 pascentibus
3788 3423 3803 3463 :

2199 3493 2376 3548 omnis
2445 3509 2573 3548 vero
2635 3494 2991 3569 corporaliter
3055 3494 3333 3564 plenitudo
3394 3493 3686 3552 divinitatis
3744 3496 3806 3554 in

2197 3585 2414 3655 Christo
2438 3595 2542 3643 est.

2270 3678 2363 3733 54.
2408 3676 2508 3745 Qui
2543 3676 2824 3745 divinitatis
2853 3678 3118 3750 plenitudo
3145 3678 3200 3733 in
3226 3676 3430 3745 Christo.
3458 3679 3806 3761 corporaliter

2197 3769 2406 3827 habitet.
2438 3799 2508 3810 —
2543 3771 2607 3827 Et
2634 3770 2931 3841 interrogo.
2959 3771 3115 3840 cujus
3144 3771 3199 3833 in
3234 3787 3301 3831 eo
3340 3771 3640 3843 divinitatis
3670 3770 3801 3841 pie-

2196 3865 2383 3927 nitudo
2404 3865 2528 3920 est?
2556 3864 2687 3933 Quae
2708 3866 2751 3920 si
2781 3880 2886 3920 non
2915 3865 3087 3920 Patris
3114 3872 3227 3929 est,
3259 3879 3421 3936 quem
3451 3865 3582 3920 mihi
3620 3864 3803 3941 Deum

2194 3958 2358 4017 alium
2385 3958 2541 4023 unius
2568 3956 2665 4021 Dei
2697 3956 2854 4017 fallax
2881 3956 3202 4031 praedicator
3232 3944 3495 4028 imponis,
3522 3958 3678 4032 cujus
3705 3959 3802 4013 di-

2188 4124 2364 4164 τητος.
2408 4100 2499 4157 Sic
2538 4099 2677 4156 infra
2707 4099 2944 4173 Hilarius
2982 4098 3080 4173 ait,
3111 4100 3428 4173 omnisgoero
3455 4101 3804 4173 corporaliter

2190 4174 2455 4246 plenitudo
2493 4172 2774 4246 diuinitatis
2809 4171 2862 4233 in
2903 4167 3109 4246 Christo
3137 4181 3229 4225 est.
3268 4167 3567 4246 SicAetiam"
3595 4172 3803 4243 legitur

2194 4242 2287 4299 lin.
2318 4262 2357 4311 ι,
2386 4260 2535 4307 num.
2563 4243 2619 4311 8,
2654 4258 2754 4298 nec
2786 4258 2889 4297 non
2923 4242 3018 4303 lib.
3051 4257 3150 4309 xu,
3178 4258 3326 4298 num.
3356 4242 3451 4298 ‘20.

582 4364 635 4447 ιι)
678 4366 934 4447 Erasmus
963 4360 1286 4447 coniectavit
1312 4360 1597 4433 legendum
1628 4375 1751 4444 esse
1776 4362 2083 4447 reconcilio.
2106 4361 2161 4423 D
2187 4360 2477 4447 lectionem
2503 4372 2662 4447 quam
2692 4365 2991 4447 s‘eqquntur
3019 4355 3498 4447 Cypiianus‘epis't.
3517 4376 3615 4447 pl,
3640 4371 3692 4418 et
3720 4364 3800 4447 (le

545 4367 635 4489 λιι)
678 4367 934 4431 Erasmus
963 4367 1286 4444 conjectavit
1313 4367 1597 4433 legendum
1628 4375 1751 4444 esse
1776 4367 2080 4443 reconcilia-

484 4446 538 4492 ιιι
577 4455 591 4489 ι
620 4453 636 4490 :
669 4434 808 4504 quod
839 4433 1034 4489 exinde
1072 4440 1102 4487 a
1143 4430 1324 4495 Lipsm
1351 4441 1626 4501 arreptum
1649 4472 1664 4496 ,
1698 4448 1751 4485 ιιι
1797 4431 1917 4495 alits
1947 4431 2080 4490 edit.

485 4508 750 4569 obtinuit,
786 4504 1142 4559 renitentibus
1169 4518 1300 4556 mss.

555 4568 1001 4652 (ὸ)“1ιι⁷νιι1εςι[ἰς,
1022 4572 1394 4652 reconciliari:
1415 4580 1689 4652 corrupte.
1718 4572 1840 4627 Mox
1872 4573 1922 4626 in
1950 4587 2080 4652 mss.

481 4643 753 4733 itastat.
788 4643 854 4703 et
882 4647 1096 4702 Martio.
1143 4646 1230 4716 qui
1276 4645 1329 4698 in
1356 4659 1409 4697 se
1450 4646 1560 4713 ipse
1588 4653 1848 4709 maneret,
1899 4643 2085 4701 addito

481 4737 610 4775 ωδε.

503 4739 628 4859 psic.)
671 4789 834 4852 Editi,
863 4787 1129 4859 apertiori.
1162 4784 1493 4859 Concinnius
1524 4798 1653 4859 mss.
1680 4786 1899 4856 aptiora.

579 4863 633 4930 d)
676 4861 805 4916 Bait.
858 4868 913 4930 ct
959 4859 1052 4914 Er.
1091 4858 1829 4930 cumgrecentiorihusniss.
1884 4867 2080 4913 natura:

478 4926 648 5003 specie
677 4949 708 4986 a
749 4948 801 4986 se
840 4926 1071 4997 alienw;
1117 4944 1179 4983 ac
1218 4928 1415 5003 deinde
1459 4943 1580 5003 c_nm
1634 4926 1776 4997 Lips.
1822 4930 2079 4984 omittunt

482 4997 662 5070 neque.
695 5002 892 5056 Natura
926 5018 1019 5072 per
1045 5003 1383 5072 creationem
1403 5001 1451 5052 in
1480 4999 1649 5053 Deum
1672 5011 1981 5069 comparata
2013 5016 2075 5055 ea

482 5087 586 5149 est,
620 5089 740 5149 qum
768 5083 946 5147 creata
978 5071 1222 5149 licethex
1251 5071 1478 5149 quadam
1512 5080 1689 5124 tamen
1724 5072 2075 5143 prmrogutiva

483 5146 586 5223 sibi
611 5142 895 5223 comparat
924 5154 1084 5223 atque
1114 5143 1318 5196 obtinet
1345 5142 1439 5203 Dei
1470 5156 1689 5223 nomen.

557 5216 627 5287 (e)
670 5210 902 5287 E'x'cusi,
944 5210 1081 5283 quod
1123 5224 1253 5287 lotus
1292 5222 1411 5287 est:
1449 5212 1836 5287 reluctantibus
1874 5213 2075 5287 veleri-3

479 5276 582 5342 lius
612 5276 801 5341 libris:
847 5276 1006 5338 Pater
1047 5300 1169 5338 cum
1211 5282 1281 5337 sit
1310 5282 1526 5352 aliquod
1571 5276 1737 5337 totum
1758 5324 1772 5347 ,
1804 5278 1924 5352 post
1953 5276 2074 5338 Filii

481 5359 816 5412 nativitatem
852 5364 1129 5425 permanet
1160 5355 1285 5409 illttd
1311 5352 1474 5409 omne
1503 5353 1644 5424 quod
1670 5363 1819 5420 erat,
1842 5361 2022 5424 utpote
2044 5370 2074 5408 a

481 5429 760 5507 quonulla
793 5442 915 5503 pars
941 5426 1146 5507 divulsa
1176 5427 1264 5507 sit.

558 5498 631 5568 (Γ)
674 5498 765 5551 Er.
795 5493 921 5567 post
953 5495 1109 5560 Bad.,
1160 5496 1245 5566 qui
1280 5495 1567 5551 doctrinam
1606 5493 1871 5549 hominum
1917 5496 2073 5563 sapit.

481 5568 606 5624 Par.
644 5578 761 5636 post
796 5570 940 5633 Lips.
974 5576 1019 5621 et
1048 5568 1112 5620 de
1136 5568 1369 5621 doctrina
1409 5568 1673 5621 frontiuum
1702 5568 1836 5636 sapit
1867 5581 1887 5621 :
1912 5569 2077 5621 casti-

484 5649 613 5707 gant
646 5635 785 5701 mss.
829 5637 982 5709 Quod
1021 5638 1145 5693 inde
1173 5642 1435 5709 sequitur,
1477 5645 1604 5707 puta
1641 5644 1688 5692 et
1716 5635 2078 5709 ΔΡΙιὶιιιεορΙιὶιιι

490 5706 667 5782 prteda
710 5717 820 5772 est,
853 5707 1054 5763 indicio
1094 5715 1181 5764 est
1231 5706 1338 5775 non
1382 5706 1618 5781 ignbtam
1668 5706 1867 5764 Hilario
1913 5706 2077 5765 fuisse

2188 4432 2339 4505 Dono
2364 4426 2665 4505 patiemini,
2696 4426 3078 4505 Ambrosiusf
3098 4428 3191 4505 lib.
3210 4444 3254 4505 _t
3283 4426 3387 4505 _de‘
3416 4426 3607 4505 ‘Fide,
3643 4449 3693 4489 c.
3730 4438 3790 4505 5,

2189 4502 2550 4579 Hieronymus
2583 4501 2634 4553 in
2673 4515 2793 4568 cap.
2822 4514 2872 4579 tv
2902 4500 3062 4571 epist.
3103 4501 3168 4579 ad
3200 4499 3330 4579 G:t|._
3365 4503 3613 4571 proximo
3632 4499 3797 4579 Apol-

2187 4573 2310 4628 stoli
2358 4570 2508 4635 loco,
2544 4585 2639 4641 pro
2681 4588 2743 4641 ne
2782 4570 2895 4641 quis
2923 4570 3011 4624 vos
3040 4570 3284 4635 seducat,
3316 4570 3556 4641 legentes
3585 4593 3649 4629 ne
3672 4570 3797 4641 quis

2187 4593 2310 4628 sum
2359 4593 2508 4635 loco,
2544 4593 2639 4641 pro
2681 4593 2743 4624 ne
2782 4593 2895 4641 quis
2923 4593 3011 4624 vos
3040 4593 3284 4635 seaucat,
3316 4593 3556 4641 tegentes
3585 4593 3649 4629 ne
3708 4595 3794 4632 tus

2187 4659 2276 4698 vos
2298 4642 2640 4717 deprredetur,
2671 4640 3084 4717 inventegrzeco
3110 4642 3425 4717 συλαιγογῶν.
3456 4643 3591 4717 lino,
3618 4593 3712 4701 lily.
3748 4664 3794 4710 ι.

2190 4732 2245 4771 n.
2289 4716 2373 4777 15,
2401 4730 2522 4785 eum
2566 4714 2634 4768 its
2670 4714 2796 4785 iacit
2834 4714 3067 4785 llilarius
3110 4716 3223 4785 ipse
3248 4714 3474 4781 legens,
3516 4715 3693 4772 Videte
3723 4736 3797 4775 ne

2187 4788 2302 4856 quis
2331 4803 2417 4841 vos
2454 4782 2657 4856 spoliet.
2689 4782 2949 4856 Alterius
2973 4782 3149 4838 tatuen
3196 4784 3443 4856 lectionis
3487 4787 3797 4856 antiquitas

2189 4854 2334 4927 patet
2354 4858 2417 4912 ex
2440 4854 2791 4929 Tertulliani»,
2815 4854 3137 4929 apndquem
3155 4855 3245 4929 lib.
3270 4857 3338 4911 de
3370 4858 3596 4913 Praescr.
3624 4854 3789 4918 iter.

2188 4924 2242 4984 lt.
2277 4930 2332 4993 7,
2361 4936 2557 4989 exstat,
2599 4924 2775 4997 Videte
2801 4924 2865 4980 ne
2883 4928 2995 4995 quis
3015 4941 3102 4980 vos
3123 4928 3506 4997 circumveniat.

2262 4998 2338 5071 ιθ)
2383 4999 2533 5071 Αριιά
2567 4998 2728 5074 Dari,
2761 5014 2860 5050 non
2889 4998 2951 5074 d_e
2988 4996 3352 5074 substantibus.
3385 4998 3597 5057 ln'edit.
3627 5004 3789 5074 aliis,

2185 5066 2371 5126 non'de
2390 5066 2704 5125 eistantibus
2727 5084 2745 5123 :
2769 5068 3020 5122 mendum
3042 5068 3183 5138 quod
3207 5070 3469 5138 (instigant
3490 5088 3621 5126 mss.
3642 5066 3792 5133 Tutri

2182 5141 2397 5212 Lipsius
2430 5138 2526 5214 pro
2573 5148 2774 5201 manet,
2828 5139 3005 5208 posuit
3041 5136 3631 5214 innuatLvetbtnnque
3679 5145 3794 5202 hoc

2183 5208 2576 5268 retinttit’Par.
2621 5220 2807 5265 contra
2853 5223 2982 5265 mss.
3033 5208 3216 5266 ﬁdem.
3251 5211 3466 5267 Videsis
3514 5208 3694 5271 notam
3738 5219 3787 5273 Γ.

2181 5283 2439 5355 p:ig._i:+7
2469 5280 2612 5355 (not.
2647 5279 2681 5333 h
2710 5280 2947 5355 col._2:l_2
2977 5291 3164 5355 nostra:
3191 5280 3485 5355 editionis).

2258 5351 2338 5425 (It)
2377 5354 2452 5407 [ta
2477 5351 2718 5426 potiores
2739 5351 2859 5405 cod.
2893 5352 3006 5405 Vat.
3031 5352 3149 5426 bas.
3179 5394 3194 5419 ,
3213 5352 3351 5426 alter
3376 5351 3570 5423 Vatic.,
3594 5353 3785 5426 Colb.,

2182 5420 2530 5497 aetraque.
2558 5420 2665 5476 Alii
2693 5437 2841 5489 vero,
2872 5439 2964 5478 nec
2978 5424 3135 5497 erepit
3160 5427 3223 5477 ab
3245 5425 3463 5497 origine.

2254 5495 2319 5567 (i)
2360 5495 2415 5550 Id
2444 5505 2688 5568 est,_t_ton
2722 5506 2944 5568 possun_t
2976 5495 3113 5547 intra
3143 5494 3387 5568 simulet
3436 5506 3590 5552 extra
3621 5514 3786 5568 esse;

2183 5564 2307 5620 cum
2332 5577 2522 5623 contra
2547 5565 2794 5620 Christus
2828 5567 2878 5620 in
2909 5564 3020 5619 Deo
3049 5569 3317 5621 essistens
3346 5566 3505 5623 simul
3531 5579 3585 5624 et
3606 5564 3787 5627 Dentri

2180 5636 2235 5713 in
2262 5652 2321 5713 se
2353 5639 2565 5713 habens
2596 5636 2746 5713 intra
2771 5635 2935 5691 simul
2957 5645 3012 5691 et
3036 5648 3188 5693 extra
3210 5637 3427 5713 Datrem
3454 5650 3653 5713 exstet.
3689 5640 3789 5707 Vi-

2180 5706 2327 5765 desis
2351 5707 2563 5781 initium
2595 5707 2689 5762 lib.
2722 5721 2797 5778 tu.
3225 5706 3233 5713 ‘
3399 5710 3407 5719 -
3510 5715 3541 5723 --
3650 5710 3653 5713 -
3748 5706 3789 5729 ι.
