4094 6180
235 215 336 273 277

1437 208 1527 278 DE
1566 205 1940 278 TRINITATE
1979 208 2184 272 LIBER
2221 208 2314 270 IX.

3424 217 3530 276 278

233 326 467 397 vinitatis
499 323 778 398 plenitudo
804 324 1010 390 habitet
1039 324 1093 384 in
1127 323 1386 384 Christo?
1413 322 1472 390 Si
1492 336 1623 382 vero
1652 321 1824 386 Patris
1849 327 1904 390 Α
1927 322 2176 379 Christus
2194 367 2210 394 ,
2243 333 2328 397 est
2353 331 2408 385 et
2437 323 2742 388 inhabitans
2769 326 2822 390 in
2849 340 2918 390 eo
2941 326 3243 390 divinitatis
3265 343 3521 403 corpora-

231 428 333 486 est,
362 418 530 475 edoce
559 416 832 489 quomodo
872 416 1230 487 corporaliter
1271 417 1387 478 haec
1422 416 1474 471 in
1526 429 1592 472 eo
1625 413 1830 470 habitet
1930 417 2055 474 liter
2075 417 2372 492 plenitudo,

232 513 523 586 plenitudo.
549 513 605 568 Si
629 513 774 568 enim
798 510 1070 582 corporali
1096 510 1256 566 modo
1277 511 1494 566 Patrem
1521 510 1573 564 in
1594 508 1732 563 Filio
1748 508 1825 579 (a)

2003 510 2093 572 56.
2125 509 2256 576 Quae
2280 512 2346 570 sit
2369 509 2620 578 habitatio
2644 513 2953 584 corporalis.
2983 513 3146 586 Cujus
3173 515 3260 573 sit.
3291 547 3363 572 —..-.
3391 517 3459 574 Et
3481 521 3525 574 si

231 606 440 676 credis;
497 605 659 664 Pater
709 605 763 662 in
820 603 958 660 Filio
1029 605 1279 661 habitans
1330 618 1438 660 non
1493 602 1728 671 exstabit
1775 601 1829 656 in
1930 617 2144 674 qumras
2174 619 2294 676 quae
2335 605 2405 661 sit
2447 605 2708 662 habitatio
2735 608 3068 678 corporalis;
3114 609 3359 682 intelligo
3398 613 3525 684 quid

231 711 370 753 sese.
403 697 481 769 (Ι)
507 697 564 752 Si
587 711 738 764 vero,
773 696 917 768 quod
943 706 1025 753 est
1052 696 1263 768 potius,
1298 695 1654 768 corporaliter
1682 695 1735 754 in
1765 708 1832 750 eo

234 806 454 847 manens
479 789 555 863 (ὁ)
577 790 832 846 divinitas
856 800 1064 846 natura:
1095 790 1145 844 in
1183 806 1249 846 eo
1276 790 1371 846 Dei
1396 805 1460 846 ex
1492 790 1603 845 Deo
1631 787 1835 858 signiﬁ-

232 891 315 944 cat
346 885 667 954 veritatem;
696 885 823 944 dum
860 884 910 938 in
937 898 1004 938 eo
1047 883 1191 938 Deus
1213 890 1326 947 est,
1361 898 1467 938 non
1497 892 1589 936 aut
1623 896 1722 952 per
1748 880 1832 936 di-

233 978 536 1048 gnationem
565 985 658 1032 aut
679 991 774 1048 per
797 975 1155 1041 voluntatem,
1187 975 1282 1030 sed
1305 990 1401 1044 per
1427 974 1833 1046 generationem

232 1085 389 1126 verus
410 1079 464 1124 et
486 1079 630 1126 totus
654 1067 727 1142 (ε)
761 1070 1033 1140 corporali
1063 1069 1363 1126 secundum
1410 1085 1469 1128 sc
1502 1069 1836 1140 plenitudine

232 1177 491 1228 manens;
525 1162 652 1222 dum
685 1161 826 1234 quod
857 1163 972 1234 ipse
1003 1171 1120 1229 cst,
1160 1162 1210 1217 id
1242 1165 1403 1217 etiam
1447 1178 1542 1232 per
1577 1161 1833 1216 nativita-

234 1267 335 1311 tem
365 1255 462 1312 Dei
495 1255 548 1310 in
577 1254 746 1311 Deum
779 1254 856 1327 (2)
885 1265 1068 1309 natum
1104 1255 1182 1328 (ά)
1209 1266 1321 1320 est;
1355 1269 1532 1326 neque
1559 1254 1833 1310 diversum

233 1359 318 1402 aut
348 1347 608 1404 dill'erens
636 1348 836 1418 aliquid
869 1347 922 1402 in
950 1348 1062 1404 Deo
1085 1357 1189 1413 est,
1213 1363 1371 1418 quam
1400 1346 1452 1404 id
1475 1348 1615 1418 quod
1638 1361 1834 1416 corpo-

232 1443 419 1500 raliter
449 1441 652 1510 habitet
677 1440 734 1496 in
775 1439 1025 1508 Christo;
1056 1451 1110 1498 et
1147 1440 1408 1513 quidquid
1453 1438 1530 1514 (5)
1573 1439 1838 1496 inhabitet

231 1534 608 1609 corporaliter,
639 1536 689 1606 id
719 1536 892 1608 ipsum
917 1536 1212 1594 secundum
1239 1535 1532 1592 divinitatis
1560 1544 1642 1592 est
1666 1535 1837 1605 pleni-

232 1628 470 1684 tudinem
500 1645 512 1681 :
544 1628 672 1698 quid
703 1630 934 1684 humana
962 1630 1227 1685 sectaris?
1253 1630 1414 1702 253
1442 1629 1566 1700 quid
1595 1630 1833 1688 inanium

1933 695 2005 760 sit
2033 695 2176 768 loqui
2198 696 2251 752 in
2284 698 2535 769 loquente
2551 740 2567 767 ,
2594 709 2650 756 et
2671 700 2724 754 in
2747 699 2864 756 viso
2883 699 3077 769 videri,
3101 711 3158 760 et
3185 704 3239 760 in
3267 714 3528 776 operante

1935 788 2186 862 operari,
2217 797 2272 843 et
2301 789 2353 846 in
2396 789 2505 846 Deo
2532 789 2740 857 Deum,
2790 801 2846 847 et
2871 807 2936 847 ex
2971 801 3082 852 toto
3118 803 3322 863 totum,
3367 805 3423 852 et
3465 813 3532 855 ex

1938 898 2044 937 uno
2071 897 2236 937 unum
2261 899 2276 938 :
2304 892 2358 938 et
2386 885 2458 942 ita
2484 884 2784 954 corporalis
2812 885 3109 942 divinitatis
3140 887 3526 957 plenitudinem

1936 989 2286 1046 recognosce.
2319 974 2386 1030 Et
2409 977 2563 1047 cujus
2593 976 2710 1032 haec
2740 976 3036 1036 divinitatis
3074 983 3428 1050 corporaliter
3455 985 3533 1038 in-

1937 1067 2187 1125 habitans
2212 1069 2487 1138 plenitudo
2516 1071 2617 1136 sit,
2665 1083 2941 1128 memento
2969 1075 3287 1142 Apostolum
3318 1092 3423 1135 non
3456 1088 3535 1136 ta-

1937 1176 2062 1217 cere
2087 1162 2352 1224 dicentem
2374 1179 2389 1218 :
2414 1161 2495 1218 Ea
2515 1163 2672 1229 enim,
2699 1179 2812 1234 qua:
2837 1164 3115 1220 invisibilia
3143 1177 3260 1222 sunt
3281 1171 3424 1241 ejus,
3453 1169 3533 1242 (lt)

1938 1271 1969 1308 a
2000 1255 2362 1310 constitutione
2397 1256 2606 1321 mundi,
2651 1271 2740 1325 per
2776 1272 2837 1310 ea
2861 1272 2978 1326 quae
3020 1259 3159 1328 facta
3187 1269 3338 1326 sunt,
3388 1261 3537 1316 intel-

1941 1349 2070 1403 lecta
2113 1348 2500 1416 conspiciuntur
2523 1355 2716 1412 (eterna
2743 1364 2941 1417 quoque
2977 1349 3086 1418 ejus
3117 1351 3274 1405 virtus
3319 1364 3365 1406 et
3402 1353 3534 1408 divi-

1941 1439 2075 1494 nitas
2111 1437 2288 1510 (Rom.
2325 1453 2364 1504 1,
2398 1437 2508 1509 ‘20).
2556 1437 2726 1507 Hujus
2755 1438 2935 1507 itaque
2957 1439 3212 1496 divinitas
3246 1441 3311 1512 (i)
3337 1455 3536 1511 corpo-

1939 1532 2069 1587 ralis
2101 1531 2153 1584 in
2185 1528 2401 1584 Chrism
2422 1539 2534 1595 est,
2580 1544 2686 1582 non
2716 1543 2780 1584 ex
2824 1541 3005 1600 parte,
3038 1530 3135 1588 sed
3186 1540 3330 1599 tota;
3363 1548 3536 1604 neque

1939 1625 2116 1696 portio
2144 1632 2227 1679 est
2247 1667 2262 1692 ,
2292 1623 2386 1678 sed
2419 1622 2729 1692 plenitudo:
2771 1620 2843 1680 ita
2883 1624 3240 1692 corporaliter
3269 1639 3495 1682 manens
3521 1668 3536 1691 ,

230 1719 606 1789 deceptionum
633 1720 1186 1777 doctrinisinhaeres?
1207 1722 1336 1792 quid
1363 1721 1490 1778 mihi
1518 1720 1678 1782 aﬂ'ers
1701 1736 1830 1775 uua-
1859 1719 1908 1778 B
1939 1728 1994 1780 ut
2016 1730 2182 1772 unum
2213 1718 2322 1770 sint
2347 1730 2363 1782 ;
2414 1714 2486 1768 ita
2517 1727 2682 1768 unum
2723 1719 2871 1779 sunt,
2915 1722 2973 1780 ut
2999 1727 3031 1778 a
3054 1711 3166 1774 Deo
3194 1728 3302 1778 non
3324 1715 3538 1770 dill‘erat

233 1814 555 1882 nimitatem,
589 1814 963 1882 concordiam,
1004 1812 1347 1880 creaturam?
1373 1812 1660 1869 Plenitudo
1688 1812 1831 1869 divi-

235 1905 415 1964 nitatis
438 1907 492 1961 in
514 1903 732 1960 Christo
761 1915 844 1961 est
866 1907 1242 1978 corporaliter.

297 2000 393 2063 55.
438 1999 587 2054 Alius
615 1997 880 2066 habitans,
913 2001 1047 2055 alius
1075 1999 1360 2068 habitatio;
1402 2002 1653 2070 perfectus
1693 2007 1832 2054 uter-

233 2109 316 2162 que
351 2090 512 2152 Deus.
547 2091 831 2150 —Tenuit
851 2101 1030 2148 autem
1052 2094 1214 2154 etiam
1244 2093 1295 2148 in
1329 2091 1430 2154 hoc
1456 2091 1741 2164 Apostolus
1764 2091 1827 2148 ti-

234 2186 312 2242 dei
341 2200 456 2244 sua:
489 2186 661 2260 legem
687 2227 703 2258 ,
734 2194 795 2242 ut
819 2187 1174 2258 corporaliter
1209 2189 1259 2243 in
1287 2185 1504 2252 Christo
1531 2187 1833 2260 inhabitare

234 2279 621 2352 plenitudinem
650 2279 948 2344 divinitatis
991 2281 1212 2338 doceret
1238 2300 1251 2337 :
1283 2279 1363 2354 (4)
1397 2297 1464 2338 ηε
1488 2280 1554 2336 ad
1579 2281 1832 2352 unionem

237 2375 301 2443 (ε)
326 2373 553 2446 impiam
580 2372 702 2430 lidei
724 2387 905 2446 sermo
927 2372 1245 2446 decideret,
1277 2387 1377 2430 nec
1399 2371 1465 2434 ad
1491 2374 1711 2430 alterius
1740 2388 1834 2430 na-

238 2475 364 2520 tura:
394 2464 804 2535 intelligentiam
835 2463 981 2520 furor
1006 2464 1339 2535 irreligiosus
1368 2474 1696 2538 erumperet.
1730 2465 1836 2522 Ha-

235 2557 408 2620 bitans
433 2556 574 2614 enim
617 2558 668 2612 in
698 2556 913 2612 Christo
940 2557 1218 2628 plenitudo
1248 2556 1543 2614 divinitatis
1580 2572 1836 2628 corpora-

238 2648 375 2730 liter,
407 2663 505 2706 nec
533 2648 819 2720 singularis
858 2665 959 2704 nec
985 2649 1301 2720 separabilis
1329 2658 1444 2706 est:
1467 2648 1594 2720 dum
1623 2649 1703 2724 (5)
1738 2664 1838 2706 nec

246 2742 305 2813 (ο
331 2757 398 2814 se
449 2743 649 2818 patitur
675 2758 704 2798 a
737 2743 1007 2814 corporali
1035 2743 1366 2814 plenitudine
1395 2744 1692 2815 corporalis
1725 2744 1840 2816 ple-

241 2835 422 2896 nitudo
460 2834 718 2908 discerni,
749 2850 850 2890 nec
881 2834 1129 2892 habitans
1169 2835 1421 2910 divinitas
1447 2851 1507 2890 ea
1539 2837 1649 2906 ipsa
1683 2835 1839 2890 intel-

241 2927 321 2999 ligi
353 2937 528 2999 pote3l
557 2942 678 2984 esse
703 2929 999 2988 divinitatis
1028 2929 1308 2984 habitatio.
1356 2930 1533 3000 Atque
1552 2929 1622 3002 ita
1651 2927 1840 2984 Chris-

242 3028 318 3085 tus
337 3030 444 3094 εει,
468 3029 528 3098 ut
545 3022 902 3090 corporaliter
923 3021 1200 3092 plenitudo
1224 3021 1518 3092 divinitatis
1543 3021 1593 3074 in
1616 3019 1834 3076 Christo

241 3113 332 3192 sit;
386 3116 463 3170 sic
512 3129 640 3188 vero
682 3116 732 3170 in
775 3112 993 3169 Christo
1031 3116 1101 3169 sit
1142 3114 1437 3170 divinitatis
1486 3109 1911 3192 corporaliterC

244 3208 547 3278 plenitudo,
580 3218 637 3264 ut
660 3211 710 3265 in
731 3223 796 3265 eo
825 3208 1130 3266 inhabitans
1154 3209 1230 3284 (g)
1268 3208 1543 3280 plenitudo
1570 3224 1677 3264 non
1695 3207 1839 3265 aliud

245 3301 577 3377 intelligatur
605 3317 726 3374 esse
776 3318 937 3373 quam
969 3301 1239 3376 Christus.
1272 3301 1478 3358 Furare
1526 3315 1660 3372 quas
1691 3300 1840 3356 voles

242 3396 523 3454 verborum
547 3395 900 3466 occasiones,
944 3403 998 3450 et
1047 3394 1332 3466 irreligiosi
1377 3393 1578 3466 ingenii
1625 3393 1841 3450 aculeos

245 3487 435 3560 escita.
466 3485 743 3560 Ementire
787 3487 980 3542 saltem
1024 3485 1178 3562 cujus
1218 3485 1492 3558 plenitudo
1545 3485 1843 3560 divinitatis

247 3577 293 3632 in
332 3578 555 3650 Christo
610 3578 874 3656 inhabitet
914 3576 1076 3651 254
1129 3576 1500 3652 corporaliter.
1549 3576 1646 3656 Est
1696 3577 1840 3636 enim

306 3771 390 3985 ill
429 3769 728 3926 stus.

329 3913 389 3984 ὅ)
426 3911 714 3968 Inhabttat.

329 3911 389 3984 ὅ)
426 3911 714 3968 Inhabitat.

308 4062 390 4139 (a)
430 4063 561 4120 Bad.
593 4071 650 4120 et
668 4063 788 4139 E_r.,
812 4065 1060 4139 recludis.
1090 4063 1238 4139 Lips,
1263 4061 1464 4139 et__Par.
1494 4073 1616 4118 cum
1645 4070 1833 4139 recen-

248 4129 474 4208 tioribus
497 4151 626 4208 mss.
665 4129 887 4208 claudis.
925 4136 996 4191 At
1035 4139 1086 4192 in
1123 4129 1427 4208 potioribus
1469 4147 1599 4208 mss.
1631 4129 1831 4208 credis,

250 4206 324 4277 vel
352 4199 550 4260 credes.
585 4206 675 4263 Sic
703 4203 886 4277 Supra,
928 4225 1073 4261 num.
1111 4198 1205 4270 2'4,
1240 4216 1297 4260 ut
1323 4205 1534 4259 Patrem
1566 4204 1634 4256 ita
1663 4208 1717 4254 et
1739 4198 1834 4277 Εἰ-

249 4275 368 4330 lium
404 4278 602 4332 dictum
644 4273 781 4333 esse
807 4279 1068 4348 Spiritum
1099 4279 1436 4348 observatur,
1468 4291 1530 4329 ne
1558 4273 1836 4348 secundum

249 4350 532 4411 corporales
554 4350 730 4408 modos
751 4350 822 4406 ita
843 4343 1007 4406 inesse
1033 4347 1079 4404 F‘
1083 4351 1230 4405 ilium
1255 4352 1308 4406 in
1342 4346 1499 4404 Patre
1519 4345 1595 4400 vel
1630 4343 1837 4397 Patrem

249 4418 296 4472 in
319 4417 464 4488 Filio
491 4421 834 4492 crederemus.

1934 1809 2111 1876 Deus;
2136 1806 2208 1866 ita
2232 1803 2548 1864 indill‘ercns
2571 1818 2600 1858 a
2633 1802 2743 1857 Deo
2773 1802 2937 1870 Deus,
2963 1812 3020 1858 nt
3042 1805 3338 1874 perlectum
3362 1805 3532 1863 Deum

1935 1901 2006 1974 (j)
2039 1895 2376 1955 substituerit
2399 1895 2635 1967 perlecta
2661 1894 2947 1961 nativitas;
2979 1895 3047 1968 ita
3079 1903 3260 1952 autem
3293 1897 3533 1968 perlecta

1938 1993 2191 2052 nativitas
2233 1989 2520 2058 subsistat,
2553 1986 2674 2062 quia
2725 1987 2778 2042 in
2810 1986 2920 2042 Deo
2960 2001 3029 2058 ex
3059 1987 3170 2056 Deo
3194 1997 3320 2046 nato
3347 2002 3539 2060 corpo.

1936 2086 2125 2153 raliter
2152 2080 2452 2150 divinitatis
2478 2078 2742 2150 inhabitet
2771 2078 3067 2157 plenitudo.

2282 2236 2659 2328 2.551256
2691 2236 2894 2292 LIBER
2929 2236 3178 2314 nouus.

1937 2359 2193 2422 Assertam
2215 2354 2470 2426 superiori
2493 2353 2623 2410 libro
2641 2351 2818 2408 Patris
2839 2362 2885 2410 et
2907 2351 3032 2410 Filii
3054 2351 3432 2428 indiﬂ'erentem
3449 2371 3544 2410 na-

2012 2462 2179 2524 turam
2231 2449 2476 2504 adversus
2533 2447 2891 2508 haereticorum
2933 2447 3130 2522 objecta
3181 2457 3352 2514 tuetur
3389 2460 3544 2524 atque

2011 2543 2304 2614 conﬁrmat.
2349 2541 2536 2596 Allatis
2575 2541 2730 2618 hujus
2760 2540 2834 2598 rei
2862 2541 3064 2612 gratia,
3115 2558 3240 2614 quas
3270 2543 3348 2604 illi
3376 2545 3544 2613 (λιθίας-

2015 2644 2156 2700 tant,
2185 2632 2468 2704 Scripturis
2505 2630 2741 2702 quwdam
2793 2629 3034 2702 Hilarius
3053 2635 3222 2705 jactat
3249 2638 3542 2706 responsio-

2014 2743 2140 2790 num
2168 2727 2366 2780 semina
2387 2767 2400 2787 ,
2436 2725 2604 2793 primo
2631 2723 2882 2794 genuinos
2915 2722 3310 2798 Scripturarum
3331 2744 3508 2802 sensus
3527 2771 3541 2794 ,

2013 2838 2115 2876 non
2145 2837 2206 2874 ea:
2243 2837 2300 2875 eo
2322 2820 2457 2890 quod
2485 2818 2636 2872 verba
2664 2819 2801 2890 nuda
2840 2827 2885 2873 et
2915 2834 2947 2872 a
2977 2818 3172 2888 creterris
3212 2819 3416 2888 divulsa
3457 2837 3543 2894 so-

2013 2925 2173 2981 nant,
2235 2913 2324 2967 sed
2371 2928 2437 2966 ea:
2469 2911 2880 2982 antecedentibus
2924 2921 2972 2964 et
3035 2914 3461 2984 consequentibus
3496 2923 3548 2978 et

2013 3023 2076 3062 ea:
2104 3006 2308 3059 dicendi
2352 3004 2524 3068 causis
2551 3019 2660 3058 esse
2694 3002 3042 3072 expetendos:
3067 3002 3251 3058 deinde
3283 3001 3544 3081 Christum

2015 3116 2077 3154 ex
2103 3099 2260 3154 unitis
2308 3097 2361 3151 in
2391 3096 2614 3166 idipsum
2645 3110 2807 3163 neque
2851 3105 3020 3148 tamen
3067 3096 3298 3170 confusis
3345 3096 3546 3172 naiuris

2013 3207 2120 3246 rem
2144 3207 2298 3244 unam
2321 3197 2369 3242 et
2391 3187 2619 3260 eamdem
2660 3202 2802 3251 esse;
2833 3186 2905 3240 ita
2930 3185 3064 3260 enim
3094 3187 3243 3248 illum
3271 3186 3408 3256 dicta
3432 3204 3546 3264 ges-

2015 3293 2164 3354 taque
2196 3298 2290 3336 sua
2333 3296 2531 3351 semper
2570 3288 2878 3347 temperasse
2902 3317 2916 3343 ,
2946 3285 2998 3334 ut
3036 3286 3082 3330 et
3115 3273 3212 3352 Dei
3244 3286 3290 3348 et
3318 3274 3543 3354 hominis

2013 3374 2177 3444 [ilium
2217 3388 2325 3426 sese
2371 3361 2688 3436 declararet}
2720 3379 2976 3439 postremo
3015 3368 3378 3438 distinguenda
3432 3385 3542 3432 esse

2013 3483 2129 3542 qua:
2165 3466 2295 3520 dixit
2336 3475 2426 3518 aut
2455 3463 2607 3536 gessit
2654 3461 2884 3516 nondunt
2930 3461 3103 3530 homo,
3127 3476 3242 3531 qua:
3256 3462 3370 3531 jam
3392 3463 3544 3517 homo

2014 3563 2324 3632 moriturus,
2367 3576 2482 3632 qua:
2521 3557 2849 3613 inunortalis.
2898 3556 3034 3612 Hinc
3080 3556 3304 3620 duarum
3331 3557 3385 3616 in
3437 3573 3542 3614 uno

2041 3759 2099 3823 4)
2126 3757 2196 3814 Et
2223 3773 2285 3814 ne
2305 3756 2372 3812 ad
2402 3754 2642 3812 unionem
2667 3751 2903 3823 impium.

2041 3761 2074 3816 4
2126 3759 2196 3814 Et
2223 3773 2285 3814 ne
2305 3759 2372 3812 ad
2402 3759 2600 3812 unionet

2013 3759 2099 3904 ἱδῖ
2125 3829 2236 3885 Nec
2262 3825 2600 3899 separabitur.

1941 4048 2076 4105 tione
2087 4042 2427 4106 exsultantes,
2451 4055 2554 4094 non
2574 4053 2682 4109 spe,
2713 4038 2802 4102 sed
2825 4036 3071 4105 veritate;
3099 4053 3200 4094 non
3224 4036 3280 4100 in
3300 4038 3541 4110 imagine,

1939 4120 2028 4176 sed
2053 4131 2283 4176 corpore.

2015 4135 2344 4262 ἱεῖοιὲἕέξιοεῇ
2373 4181 2655 4251 corpora”;
2685 4180 2966 4236 secundum
2995 4180 3076 4234 sui
3117 4180 3487 4252 plenitudinem
3517 4199 3536 4237 :

1944 4260 2301 4316 emendantur
2321 4271 2385 4308 ex
2411 4267 2541 4308 mss.

2016 4333 2095 4404 (ά)
2135 4328 2276 4404 Editi
2305 4325 2706 4404 excepto_Par..
2724 4334 2874 4380 natus
2890 4333 2996 4404 est.
3022 4322 3396 4404 Tumet
3422 4323 3540 4404 Et,

1944 4394 2102 4471 neque
2129 4394 2381 4471 diversum
2406 4394 2494 4471 aut
2517 4398 2734 4451 divisum
2759 4406 2846 4471 aut
2867 4394 3108 4471 timerent
3129 4396 3328 4471 aliquid
3356 4397 3412 4471 in
3431 4395 3542 4452 Deo

2059 4491 2081 4527 s
2105 4482 2176 4526 est
2201 4488 2218 4524 :
2249 4485 2310 4522 ac
2336 4467 2531 4522 deinde
2559 4485 2678 4523 cum
2713 4469 2842 4522 edit.
2878 4468 3019 4532 aliis,
3053 4483 3165 4520 cum
3195 4467 3248 4519 id
3277 4467 3412 4537 quod
3440 4477 3538 4534 est,

401 4474 412 4488 '
522 4474 562 4478 "
596 4474 626 4492 π
1045 4537 1056 4548 0
1095 4537 1107 4549 .
1152 4536 1163 4548 υ
1863 4508 1916 4567 D
1942 4474 2081 4528 Deus
2105 4482 2218 4526 est:
2249 4485 2310 4522 ac
2336 4474 2531 4551 deinde
2559 4485 2678 4523 cum
2713 4474 3019 4550 edi_t._aliis,
3053 4483 3165 4520 cum
3195 4474 3248 4519 id
3277 4474 3412 4550 quod
3440 4477 3538 4534 est,

314 4532 392 4604 (bl
436 4533 550 4616 vflfo
596 4535 728 4616 baS-_
763 4534 932 4616 Codex
954 4577 968 4602 ,
1002 4531 1640 4616 diurnitate.'__ma.le.1l_iox
1665 4529 1835 4616 ‘Bad.,
1944 4543 2278 4616 corporaliter
2299 4539 2531 4616 habitet,
2563 4549 2692 4616 elc._,_
2719 4540 2815 4616 _t_1bt
2856 4555 2906 4592 In
2927 4552 3075 4616 ⁵ιιιξς.
3111 4555 3263 4609 quam
3292 4540 3377 4603 id,
3409 4547 3541 4616 etc...

249 4605 330 4682 ξι.
361 4619 421 4660 et
469 4607 613 4676 Lips.
637 4648 653 4673 ,
685 4609 943 4682 signiﬁcat
984 4609 1247 4682 unitatem.
1299 4604 1683 4682 Magis_pla_cet
1713 4615 1834 4655 cum

250 4676 364 4732 Par.
405 4687 453 4730 et
473 4674 599 4732 mss.
623 4674 885 4732 veriiatem
907 4696 925 4733 .·
954 4689 1008 4732 ιιι
1029 4677 1363 4732 divinitatem
1393 4680 1445 4728 in
1471 4674 1688 4729 Christo
1713 4687 1837 4726 cor—

251 4747 501 4820 poraliter
525 4760 834 4804 manentem
869 4752 1252 4820 interpretetur
1276 4748 1332 4802 S.
1359 4748 1562 4801 Doctor
1592 4756 1836 4820 uatu_ram

252 4814 339 4875 Dei
369 4835 494 4874 vere
519 4835 581 4874 ac
602 4814 1033 4877 substantialiter
1065 4821 1118 4875 in
1149 4835 1216 4875 eo
1247 4829 1574 4873 manentem.
1605 4816 1675 4870 Ita
1701 4814 1838 4868 Ter-

252 4892 502 4954 tullianus
525 4893 787 4948 adversus
821 4894 1004 4958 Prax.,
1039 4909 1092 4945 n.
1127 4894 1182 4954 '7,
1217 4889 1303 4944 ubi
1335 4889 1504 4944 dixit:
1539 4889 1667 4956 Quis
1708 4886 1840 4939 enim

254 4962 447 5036 negabit
477 4961 637 5036 Deum
667 4979 853 5033 corpus
881 4981 1018 5026 esse,
1037 4965 1138 5036 etsi
1163 4962 1305 5015 Deus
1334 4959 1557 5036 Spiritus
1593 4961 1695 5036 est,
1727 4965 1839 5036 sta-

255 5029 341 5086 tim
375 5035 542 5088 innuit
578 5029 772 5103 corpus
803 5036 903 5088 hoc
931 5051 989 5088 se
1017 5035 1250 5098 dixisse,
1292 5032 1430 5102 quod
1465 5029 1568 5085 non
1617 5029 1683 5103 sit
1726 5029 1844 5080 sine

255 5104 545 5162 subatantia
567 5147 580 5168 ,
625 5101 752 5161 dum
792 5107 1044 5175 subiicit:
1077 5105 1182 5159 Sed
1210 5115 1254 5158 et
1285 5101 1558 5157 invisibilia
1588 5101 1680 5156 illa
1702 5113 1843 5168 quie-

258 5191 461 5246 cumque
486 5188 638 5242 sunt,
689 5177 874 5230 habent
917 5178 1056 5245 apud
1090 5175 1251 5230 Deum
1298 5187 1342 5228 et
1374 5191 1531 5246 suum
1575 5188 1756 5241 corpus
1801 5177 1848 5222 et

258 5245 399 5300 suam
425 5249 662 5315 formam,
692 5265 780 5314 per
809 5263 922 5318 qua:
960 5248 1055 5301 soli
1082 5247 1192 5300 Deo
1215 5245 1434 5300 visibilia
1458 5253 1578 5298 sunt
1611 5260 1630 5318 ,ζ
1656 5253 1847 5318 quanto

259 5319 416 5390 magis
441 5321 574 5389 quod
604 5335 670 5374 ea:
709 5315 869 5390 ipsius
899 5320 1178 5376 substantia
1208 5319 1435 5390 missuni
1452 5326 1554 5380 est,
1589 5315 1696 5390 sine
1732 5317 1850 5390 sub-

490 5407 586 5458 non
635 5383 772 5445 erit!
813 5391 930 5458 Quo
960 5405 1120 5444 sensu
1170 5389 1259 5442 lib.
1287 5389 1354 5444 dc
1399 5387 1571 5442 Carne
1617 5383 1850 5458 Christi,

264 5475 322 5530 ιιἶ
357 5455 440 5521 Η,
460 5455 687 5526 dixerit,
739 5455 901 5515 omne
927 5460 1062 5530 quod
1098 5469 1191 5522 est,
1222 5476 1404 5528 corpus
1429 5468 1500 5530 est
1528 5458 1608 5511 sui
1640 5455 1858 5530 generis.

269 5529 419 5583 Nihil
444 5545 510 5584 est
541 5533 896 5602 incorporale,
929 5527 1028 5598 nisi
1054 5532 1188 5601 quod
1216 5527 1430 5584 nonest.
1457 5527 1868 5602 Nequeohscu-

268 5613 504 5676 rum_est
533 5599 735 5672 corpus
791 5604 876 5658 hic
903 5604 971 5657 ah
1019 5599 1218 5676 Ililario
1262 5603 1402 5676 dici,
1441 5601 1582 5670 quod
1618 5599 1869 5676 plenum,

273 5673 416 5740 quod
444 5668 648 5736 verum'
681 5690 744 5730 ac
799 5674 1151 5730 substantiola
1191 5683 1293 5728 est.
1341 5668 1473 5741 Quo
1497 5677 1704 5740 spectat
1743 5668 1876 5741 illud

282 5739 336 5804 in
374 5745 496 5815 psal.
541 5761 727 5816 eam,
760 5762 814 5804 n.
843 5745 953 5806 26:
987 5743 1238 5804 Ca’terutn
1268 5739 1401 5800 nunc
1420 5739 1646 5816 perfecm
1661 5739 1886 5798 exsulta—

262 5389 443 5460 uantia
488 5407 586 5458 non
635 5389 735 5445 erit
753 5390 772 5442 !

1947 4609 2050 4672 hoc
2079 4626 2182 4676 est,
2217 4614 2267 4666 in
2299 4612 2410 4666 Deo
2441 4611 2596 4666 Patre
2623 4609 2754 4666 nihil
2779 4618 2865 4666 est
2891 4609 3035 4664 aliud
3056 4651 3071 4673 ,
3099 4623 3260 4679 quam
3306 4609 3446 4678 quod
3489 4609 3540 4664 in

1946 4686 2162 4742 Christo
2188 4682 2561 4754 corporaliter.

2020 4757 2090 4829 (ε)
2115 4749 2387 4829 Vat.__bas.
2430 4767 2566 4829 ms._,
2597 4751 2810 4806 Martin.
2841 4761 2893 4804 et
2925 4750 3129 4823 aliquot
3165 4749 3258 4829 alii
3284 4750 3541 4829 ,_impius.

1947 4820 2112 4884 Vetus
2158 4824 2311 4880 Colb.
2355 4837 2476 4876 cum
2510 4822 2693 4877 Germ.
2735 4834 2792 4874 ut
2837 4820 3029 4889 supra,
3067 4838 3119 4875 η.
3165 4820 3256 4884 56,
3306 4821 3541 4890 impium.

1949 4901 2139 4956 Postea
2172 4899 2224 4954 in
2257 4895 2529 4963 plerisque
2559 4894 2841 4963 decederet,
2873 4907 2978 4946 non
3011 4892 3286 4946 decideret.

2024 4969 2094 5043 (ι’)
2127 4969 2180 5024 In
2213 4982 2339 5043 mss:
2377 4962 2585 5043 Mairiin.
2637 4973 2694 5043 et
2722 4962 2840 5017 Vat.
2888 4963 3005 5043 ba_s_.
3038 4979 3128 5043 nec
3156 4972 3464 5043 separatur;
3493 4971 3549 5019 et

1952 5031 2123 5106 intra,
2170 5056 2258 5095 nec
2283 5036 2627 5103 discernitur,
2679 5031 2801 5110 loco
2849 5033 3000 5106 verbi
3061 5031 3321 5108 discerni:
3371 5035 3548 5104 minus

1951 5129 2100 5168 vere.

2027 5180 2277 5260 (g)_.{\pud
2313 5178 2466 5260 had,
2495 5175 2588 5234 Er.
2611 5187 2661 5232 et
2693 5175 2839 5260 inps.
2880 5176 3218 5241 desideratur
3249 5177 3553 5260 pleniludp:

1957 5246 2188 5327 quirino
2211 5252 2513 5327 declaratur
2540 5264 2643 5327 non
2665 5246 2806 5302 aliud
2830 5264 2950 5327 esse
2975 5264 3174 5327 ζ(ιιιειιιι
3201 5246 3342 5327 quod
3371 5246 3557 5327 Chris-

1961 5315 2046 5382 t'us
2076 5337 2176 5380 est.
2211 5323 2330 5378 Mox
2360 5317 2716 5390 cum'optimo
2757 5320 2942 5375 codice
2967 5315 3121 5376 Colb.
3156 5315 3323 5390 magis
3355 5315 3556 5389 placuit

1965 5393 2151 5461 excita,
2183 5409 2340 5463 quam
2372 5409 2492 5448 cum
2520 5391 2640 5463 aliis
2667 5394 2886 5463 exagita.
3255 5461 3260 5463 _
3543 5393 3549 5396 ’

2043 5468 2120 5539 (lt)
2144 5461 2494 5539 Carnutensis
2514 5462 2681 5518 codex
2709 5506 2737 5539 ,Α
2755 5461 2786 5516 a
2829 5473 3065 5539 creatura
3102 5461 3281 5516 mundi
3299 5503 3337 5539 ,Α
3362 5475 3502 5539 unus
3530 5475 3563 5517 e

1977 5531 2143 5593 νέης.
2179 5554 2209 5590 a
2231 5536 2520 5590 conditione
2560 5537 2776 5588 mundi:
2817 5551 2920 5588 non
2949 5535 3054 5589 alio
3083 5549 3265 5588 sensu.
3297 5531 3563 5590 Constitu-

1979 5613 2046 5666 tio
2078 5610 2215 5664 idt-m
2239 5620 2394 5660 sonat
2416 5606 2506 5661 lib.
2538 5621 2611 5670 χι,
2639 5623 2693 5659 u.
2723 5605 2810 5660 16.

2057 5679 2124 5758 (ι).
2146 5679 2266 5758 Ῡρι.
2298 5678 2416 5758 bas.
2445 5691 2546 5758 ms.
2577 5691 2696 5758 cum
2727 5675 2943 5758 Martia.
2975 5677 3333 5758 corporaliter.

2064 5745 2131 5825 (j)
2163 5751 2273 5806 lloc
2297 5757 2380 5805 est
2403 5793 2416 5816 ,
2452 5746 2828 5806 subsistentem
2856 5745 3116 5807 effecerit.
3223 5757 3226 5760 ‘
