2047 3090
245 106 299 135 279

280 164 382 192 Christo
406 169 555 192 naturarum
571 164 663 192 veritas
675 163 769 197 diffuse
781 163 932 190 adstruitur.

248 209 298 238 His
311 211 401 246 positis
413 231 420 243 ,
437 211 470 238 ad
484 211 596 246 primunt
612 210 789 237 hatreticorum
809 209 935 245 objectum
951 229 959 243 ,
977 209 1047 243 Quid

283 265 327 284 me
335 257 402 284 dicis
415 257 514 284 bonum
525 256 536 283 τ’
549 256 633 284 Nemo
648 255 734 283 bonus
745 277 752 289 ,
768 256 818 283 nisi
831 263 899 283 unus
912 256 992 290 Deus,
1008 265 1049 284 re-

282 305 354 339 ponit
362 303 492 331 Cltristant
508 304 548 331 his
559 303 640 331 verbis
653 311 704 331 non
718 303 780 330 boni
797 309 841 331 aut
867 304 987 339 magistri
1003 312 1049 331 no-

283 360 340 380 men
349 358 478 387 respuere,
490 351 535 377 sed
545 352 600 387 ejus
611 349 796 384 reprehendere
809 350 897 385 ﬁdem,
909 350 952 385 qui
964 350 1047 385 ipsum

282 399 367 426 Deum
380 406 430 425 non
442 397 558 429 credens,
574 397 611 423 sic
621 402 704 423 tanten
719 402 894 433 nuncuparet;
916 398 967 424 into
992 406 1047 425 sese

280 446 364 485 Deum
375 453 405 471 ac
415 444 565 479 magistrum
575 443 672 475 testari,
687 451 743 469 cum
755 451 781 470 se
791 444 904 478 sequenti
921 443 1047 470 caelestem

283 493 431 519 thesaurum
442 491 588 526 pollicetur.
597 489 664 516 Tum
674 490 790 525 pluribus
799 491 955 518 demonstrat
964 490 1047 518 Chris-

282 544 346 572 tum,
358 538 509 572 ubicumque
525 534 608 564 D‘eum
621 545 699 564 unum
708 538 843 573 pra'dicat,
857 546 883 564 se
894 538 972 565 alium
989 539 1047 573 qui-

281 586 339 612 dem
353 593 368 612 a
379 584 458 611 Patre
474 605 481 617 ,
498 593 550 611 non
559 589 643 611 tanien
659 584 766 611 alterius
777 590 876 612 natura:
888 585 1044 621 signiﬁcare.

248 630 382 668 Objectum
395 630 504 657 alterunt
517 651 524 663 ,
546 634 575 657 ut
589 630 676 657 sciant
686 634 712 658 te
732 631 818 658 solmu
833 639 924 658 verum
940 632 1024 659 Deum
1038 654 1045 665 ,

280 682 308 705 et
322 685 401 713 quem
418 677 514 704 misisti
529 676 621 704 Jesum
633 676 781 710 Christum,
793 686 824 704 ea:
835 679 1008 713 superioribus
1018 688 1048 706 ac

283 724 437 750 continuatis
446 724 534 750 haicce
545 723 600 750 loco
607 723 688 750 verbis
698 723 785 750 diluit.
798 723 848 751 Ubi
856 725 921 751 enim
931 723 1048 752 Christus

280 769 370 804 (Joan.
387 769 442 803 xw)
463 768 550 795 docuit
578 768 683 796 Patrent
701 770 727 796 in
741 778 768 796 se
780 778 842 801 esse,
856 771 883 797 in
895 779 921 798 sc
931 771 1048 805 loquente

281 815 361 850 loqui,
374 815 401 841 in
416 823 444 842 se
455 819 578 849 operante
592 816 706 850 operari,
718 815 782 842 inse
796 817 848 843 viso
864 817 943 843 videri
955 816 1045 851 (Joan.

861 105 982 134 SANC'I'I
1004 106 1304 142 lllLARll_EPlSCOl’l

1847 105 1902 134 280

1132 164 1201 192 solus
1216 164 1290 191 illum
1314 162 1382 191 Filio
1407 172 1457 192 non
1482 169 1567 192 tacet:
1590 164 1669 191 nescit
1690 168 1775 191 autent
1798 161 1902 196 Filius,

1137 213 1197 247 quia
1221 213 1285 240 nulli
1298 213 1399 240 revelat.

1136 304 1215 340 257
1232 304 1256 330 τι.
1272 303 1349 331 Libro
1365 303 1497 338 superiore
1511 303 1572 339 quid
1585 304 1738 339 confectum.
1753 302 1823 336 Quid
1838 311 1900 329 con-

1100 353 1221 383 futatam.
1235 366 1269 371 ——
1283 351 1442 378 Tractantes
1453 351 1594 385 superiore
1608 351 1677 378 libro
1690 351 1724 378 de
1738 350 1904 378 indiﬂ'erenti

1100 401 1195 424 natura
1213 397 1259 425 Dei
1276 398 1359 432 patris
1372 403 1397 424 ct
1412 397 1457 424 Dei
1471 397 1529 430 lilii,
1543 403 1570 424 et
1587 397 1612 424 id
1629 396 1700 432 quod
1720 396 1821 424 dictum
1836 402 1877 423 est
1894 415 1904 430 ,

1099 443 1156 478 Ego
1166 448 1189 470 et
1199 443 1281 470 Pater
1292 452 1371 470 unum
1383 452 1470 470 suntus
1479 443 1569 479 (Joan.
1580 452 1607 475 χ,
1616 443 1673 478 58),
1685 441 1905 470 demonstrantes

1100 497 1153 517 non
1167 489 1200 517 ad
1216 489 1366 517 solitarium
1384 490 1467 516 Deum
1481 489 1624 524 prolicere,
1643 489 1690 530 sed
1705 489 1746 524 (l)
1761 489 1794 516 ad
1809 489 1901 516 unita-

1101 542 1154 564 tem
1169 537 1208 573 (a)
1223 537 1377 564 indiscretze
1393 535 1541 564 secundum
1556 536 1760 571 generationem
1773 534 1902 562 divinita-

1100 583 1150 616 tis;
1166 583 1229 611 dum
1244 590 1330 618 neque
1342 582 1451 610 aliunde
1464 590 1543 617 quam
1556 589 1588 608 ex
1601 581 1658 609 Deo
1671 581 1743 608 Deus
1755 586 1835 609 natus
1847 585 1901 613 est,

1099 635 1127 657 et
1149 638 1181 658 ex
1198 630 1253 658 Deo
1267 630 1339 657 lleus
1356 637 1408 657 non
1424 634 1513 663 potest
1535 637 1588 656 non
1610 629 1635 655 id
1656 636 1717 656 esse
1738 628 1810 664 quod
1832 628 1905 656 Deus

1099 682 1141 705 est
1157 685 1164 704 :
1180 676 1383 712 percursisque,
1399 676 1449 704 etsi
1469 683 1523 703 non
1538 675 1674 707 omnibus,
1693 680 1783 702 tamen
1802 675 1836 702 ad
1859 676 1903 702 in-

1100 723 1276 758 telligentiam
1290 721 1489 750 sufficientibus
1504 720 1638 748 dictorttm
1655 721 1808 748 divinorum
1821 725 1906 756 atque

1099 769 1311 804 apostolicorum
1328 767 1509 801 testimoniis,
1527 767 1624 802 quibus
1645 767 1834 803 inseparabilis
1856 775 1905 794 na-

1101 821 1158 843 tura
1175 822 1207 842 ac
1222 820 1341 850 potestas
1361 814 1449 842 Patris
1463 821 1494 841 ac
1511 814 1573 841 Filii
1589 814 1747 845 docebatur,
1769 821 1856 848 usque
1870 813 1904 840 ad

279 861 531 897 xw).laudatﬁdent
543 862 722 897 Apostolorum
732 871 758 889 se
766 863 885 890 exitionis
896 865 997 890 nomine
1008 872 1049 891 ve-
1065 867 1087 896 Β
1102 863 1173 890 hunc
1186 862 1343 897 apostolicte
1358 861 1419 889 ﬁdei
1442 862 1530 889 locum
1553 861 1686 893 venimus,
1704 868 1757 895 quo
1773 860 1811 887 ait
1825 868 1831 886 :
1854 859 1903 886 Vi-

278 916 307 935 re
317 915 349 934 ea;
360 906 415 934 Deo
424 913 512 934 natum
524 908 681 935 credentium
690 930 698 942 ,
710 917 740 936 ac
750 910 851 936 tandem
862 909 951 945 (Joan.
968 910 1046 947 xvu),

280 955 402 981 honorem
413 955 449 981 ita
460 962 476 980 a
489 954 569 981 Patre
580 955 701 990 postulat,
715 961 741 982 ut
753 956 863 984 vicissim
875 956 1048 985 ltonoraturus

279 1001 312 1028 sit
334 1001 521 1033 honorautem;
545 1002 581 1028 ita
593 1007 742 1034 potestatem
754 1004 864 1038 accipit,
880 1009 909 1030 ut
919 1009 941 1030 et
969 1005 1047 1039 possit

279 1047 348 1074 omni
364 1047 437 1073 carni
460 1047 538 1073 vitam
550 1052 672 1074 wtcrnam
684 1047 776 1082 largiri
789 1069 796 1081 ,
812 1057 857 1075 nec
866 1049 957 1076 habeat
972 1050 1048 1085 quid-

278 1101 354 1128 quam
369 1092 453 1119 minus
467 1101 483 1119 a
494 1092 574 1120 Patre
583 1101 592 1121 :
601 1094 641 1121 Itis
654 1094 771 1121 omnibus
784 1094 902 1122 indicans
910 1104 937 1122 se
946 1104 977 1123 ea:
993 1095 1049 1123 Pa-

278 1143 316 1166 tre
327 1142 424 1171 natunt,
438 1143 461 1166 et
469 1147 526 1166 cum
537 1147 566 1166 eo
577 1144 668 1167 natura
679 1148 769 1167 unum.
783 1140 882 1168 Deinde
892 1150 924 1169 ea:
932 1142 1047 1177 ipsismet

281 1185 386 1220 objectis
400 1185 481 1212 verbis
492 1186 594 1221 con/icit
604 1185 733 1213 Christum
745 1196 760 1213 a
772 1187 851 1214 Patre
864 1196 914 1215 non
925 1197 1048 1223 separan-

279 1232 341 1259 dum
359 1240 413 1259 esse
423 1237 527 1265 natura,
538 1233 583 1267 qui
600 1241 650 1259 non
661 1234 820 1267 separandus
834 1239 869 1261 est
889 1235 954 1267 ﬁde,
969 1243 1048 1270 neque

280 1280 335 1307 sine
344 1279 498 1307 contumelia
504 1280 590 1306 vocari
601 1279 682 1307 Deum
691 1288 776 1307 verum
786 1286 892 1315 patrem,
901 1282 923 1309 si
930 1283 1048 1310 credatur

280 1328 365 1362 filium
387 1327 513 1362 peperisse
534 1327 690 1362 degenerem.
712 1327 828 1362 Denique
849 1337 881 1355 ea:
894 1329 1048 1357 continuatis

281 1373 379 1408 objecta
392 1373 447 1399 loco
462 1372 543 1399 verbis
557 1381 633 1399 unam
655 1373 741 1400 Patris
755 1377 779 1400 et
794 1372 860 1400 Filii
873 1374 983 1409 gloriam
993 1383 1047 1402 esse

282 1419 386 1454 copiose
399 1419 577 1454 subtiliterque
586 1420 713 1446 edisserit.

246 1463 342 1492 Postea
354 1473 387 1491 ea:
400 1465 534 1492 occasione
549 1485 556 1497 ,
577 1473 634 1499 qua?
655 1465 738 1493 locant
762 1467 832 1494 dedit
845 1467 942 1496 Christi
954 1468 1021 1496 dicto
1037 1489 1045 1502 ,

281 1510 340 1538 Non
354 1515 443 1546 potest
464 1511 551 1539 Filius
575 1512 609 1540 ab
620 1520 649 1540 se
670 1512 758 1541 facere
775 1514 920 1550 quidquam
934 1536 941 1548 ,
956 1516 1047 1543 evincit

1099 909 1154 936 dcte
1168 917 1199 936 ne
1217 909 1274 943 quis
1289 917 1332 935 vos
1348 908 1454 935 seducat
1474 916 1520 942 per
1540 907 1732 942 philosophiam
1753 911 1777 933 et
1796 907 1903 933 inanem

1098 957 1272 991 deceptionem
1282 956 1421 983 secundant
1434 955 1595 982 traditionem
1607 954 1751 987 hominum,
1759 953 1903 979 secundant

1098 1004 1223 1031 elementa
1238 1002 1339 1035 mundi,
1355 1007 1377 1029 et
1395 1010 1445 1029 non
1459 1002 1599 1029 secundum
1618 1000 1750 1027 Christum
1768 1008 1777 1027 :
1791 1000 1854 1035 quia
1875 999 1902 1025 in

1098 1050 1155 1085 ipso
1175 1049 1303 1077 inhabitat
1324 1049 1406 1076 omnis
1422 1047 1555 1084 plenitudo
1571 1047 1714 1074 divinitatis
1735 1045 1904 1082 corporalitrr

1098 1096 1210 1133 (Coloss.
1239 1104 1268 1130 tt,
1285 1097 1312 1129 8,
1340 1095 1377 1131 9).
1392 1096 1420 1123 In
1435 1103 1499 1131 quo,
1518 1102 1565 1130 per
1580 1094 1760 1129 corporaliter
1774 1092 1900 1120 habitau-

1099 1147 1154 1171 tem
1175 1143 1202 1170 in
1220 1150 1253 1171 eo
1272 1141 1424 1170 divinitatis
1445 1140 1653 1177 plenitudinem,
1677 1147 1770 1167 verum
1794 1143 1821 1166 et
1839 1146 1903 1174 per-

1098 1190 1198 1217 fectum
1214 1194 1242 1217 et
1256 1194 1375 1225 paterna:
1390 1193 1493 1216 natura:
1508 1188 1593 1215 Deum
1609 1186 1789 1214 demonstrari
1801 1185 1898 1213 docui-

1099 1245 1159 1265 mus
1183 1246 1190 1264 :
1212 1237 1248 1264 ita
1273 1241 1303 1264 ut
1323 1236 1448 1264 habitans
1467 1235 1605 1270 plenitudo
1630 1241 1680 1261 nec
1700 1233 1838 1261 diversum
1860 1232 1903 1260 iu-

1099 1284 1266 1319 tclligeretur
1289 1284 1464 1317 signiﬁcare,
1499 1289 1587 1317 neque
1613 1283 1723 1308 unicum
1751 1289 1757 1306 :
1785 1287 1848 1307 cum
1873 1283 1903 1307 et.

1099 1330 1277 1366 incorporalis
1303 1330 1350 1357 Dei
1375 1329 1525 1364 corporalis
1551 1329 1682 1356 habitatio
1708 1327 1901 1362 proprietatem

1098 1376 1229 1403 naturalis
1243 1376 1352 1403 unitatis
1367 1376 1392 1402 in
1406 1375 1460 1402 Deo
1476 1375 1521 1410 qui
1538 1382 1570 1402 ex
1587 1375 1643 1401 Deo
1663 1373 1830 1401 substitisset
1849 1373 1903 1400 do-

1098 1427 1190 1455 ceret;
1206 1426 1233 1450 et
1251 1422 1377 1449 habitans
1397 1421 1423 1448 in
1444 1420 1554 1448 Christo
1574 1420 1657 1452 Deus,
1674 1419 1849 1447 subsistentis
1863 1418 1903 1455 (b)

1098 1467 1199 1495 Christi
1214 1468 1396 1501 nativitatem,
1411 1467 1475 1494 dum
1490 1467 1549 1501 ejus
1562 1471 1604 1494 est
1617 1466 1762 1498 habitator,
1774 1464 1903 1492 ostende-

1098 1520 1150 1542 ret.
1164 1515 1216 1542 Pcr
1234 1514 1305 1550 quod
1324 1514 1455 1549 impietati
1475 1522 1568 1542 eorum
1583 1514 1648 1541 satis
1670 1520 1807 1548 superque
1829 1512 1905 1540 arbi-

284 1556 349 1584 Filii
364 1566 421 1584 cum
435 1557 515 1585 Patre
529 1559 702 1592 (equalitatem
713 1580 721 1593 ,
736 1559 829 1586 nedant
849 1561 1025 1595 inﬁrmitatem
1038 1584 1044 1595 ,
1061 1564 1083 1596 ί]
1100 1566 1157 1589 Iror
1166 1561 1248 1589 fuisse
1263 1569 1435 1597 responsum,
1447 1561 1492 1596 qui
1508 1561 1544 1592 id.
1557 1561 1629 1596 quod
1643 1568 1658 1587 a
1669 1560 1784 1588 Domino
1799 1560 1904 1587 dictum

283 1603 393 1630 ostendi.
408 1603 471 1631 Cum
486 1604 552 1631 enim
564 1605 652 1631 violati
674 1605 772 1632 sabbati
785 1611 882 1633 reatum
903 1607 1047 1644 objicienti-

283 1649 329 1676 bus
352 1648 452 1676 Judwis
466 1650 514 1676 hoc
528 1651 683 1686 respondens
693 1671 700 1684 ,
718 1652 833 1686 proxime
846 1658 921 1680 antea
933 1654 1047 1688 praemit-

284 1699 343 1728 tat,
371 1695 451 1723 Pater
474 1704 551 1723 meus
573 1705 657 1732 usque
680 1697 761 1725 modo
782 1703 924 1733 operatur,
953 1704 980 1727 et
1000 1708 1049 1736 ego

284 1747 398 1775 operor;
423 1741 471 1768 sibi
487 1742 609 1776 Patriqtte
623 1751 701 1770 unam
717 1749 739 1770 et
751 1752 910 1772 communem
921 1754 976 1773 esse
989 1755 1050 1782 ope-

283 1787 408 1814 rationem
428 1787 562 1815 declarat:
576 1789 642 1816 sicut
660 1797 686 1816 se
704 1790 840 1824 conﬁrmat
862 1792 885 1818 ei
905 1793 1028 1827 aqualem
1041 1814 1048 1827 ,

284 1842 342 1861 cum
362 1834 452 1861 iisdem
462 1835 566 1871 indigne
578 1836 718 1870 ferentibus
731 1838 800 1872 quod
822 1840 945 1874 (equa/em
960 1849 986 1867 se
996 1840 1051 1868 Deo

285 1880 396 1915 faceret,
418 1881 504 1907 statim
526 1881 629 1915 subjicit
641 1903 648 1915 ,
667 1882 849 1920 Qutccumque
863 1886 935 1913 enim
951 1886 996 1914 ille
1011 1887 1050 1914 fa-

284 1929 343 1961 cit,
367 1928 461 1956 eadem
487 1933 514 1956 et
535 1929 620 1957 Filius
644 1930 769 1958 similiter
788 1931 860 1959 facit.
888 1933 946 1960 Una
975 1934 1051 1961 etiam

285 1975 420 2010 utriusque
444 1975 561 2003 voluntas
583 1976 691 2004 subinde
714 1977 914 2007 demonstratur.

248 2022 290 2049 Ad
304 2022 332 2049 id
350 2022 419 2057 quod
441 2027 531 2056 quarto
556 2023 698 2059 objiciunt,
715 2024 793 2052 Pater
820 2026 906 2060 major
928 2034 971 2054 me
990 2032 1051 2060 est,

285 2069 333 2095 hoc
344 2068 458 2095 concedit
466 2077 522 2096 vere
534 2069 596 2102 dici,
610 2070 670 2104 quia
680 2075 769 2097 auctor
781 2069 846 2098 Filii
859 2077 905 2105 est,
915 2073 959 2107 qui
973 2081 1053 2108 neque

286 2115 362 2142 Patri
370 2115 511 2150 tequaudus
519 2121 556 2143 cst
566 2117 704 2143 secundum
715 2119 824 2153 [orntum
834 2119 908 2145 servi.
922 2119 953 2147 Si
968 2125 1052 2147 autent

286 2160 368 2188 Pater
379 2163 463 2194 maior
470 2166 508 2188 est
520 2161 600 2195 Filio,
613 2163 673 2197 quia
683 2163 705 2189 ei
714 2163 756 2190 dat
768 2164 837 2198 quod
846 2169 892 2196 est;
904 2164 990 2192 Filius
1001 2173 1051 2193 non

287 2213 324 2235 est
336 2208 419 2234 minor
431 2207 518 2240 Putre,
536 2209 596 2243 quia
604 2209 631 2235 id
646 2217 720 2236 ontne
729 2211 822 2245 accipit
833 2211 901 2245 quod
916 2211 994 2239 Pater
1003 2218 1049 2240 est.

1099 1615 1140 1637 est
1158 1619 1165 1637 :
1184 1609 1236 1643 Qui
1247 1617 1287 1636 me
1302 1609 1376 1641 vidit,
1390 1608 1453 1636 vidit
1474 1613 1496 1635 et
1512 1607 1617 1635 Patrem
1630 1606 1721 1644 (Joan.
1742 1614 1800 1639 xtv,
1812 1605 1859 1642 9);
1876 1611 1906 1634 ct

1100 1655 1180 1683 Pater
1192 1656 1219 1682 in
1234 1663 1285 1688 me,
1298 1660 1322 1683 et
1338 1663 1383 1690 ego
1399 1655 1425 1682 in
1438 1654 1517 1681 Patre
1533 1654 1622 1690 (Joan.
1636 1661 1664 1685 ι,
1680 1653 1743 1689 58);
1756 1659 1794 1685 et,
1809 1652 1867 1689 Ego
1880 1658 1906 1680 et

1100 1701 1180 1729 Pater
1192 1710 1271 1728 unum
1286 1710 1375 1728 stunus
1393 1700 1486 1737 (Ibid.,
1499 1700 1544 1736 50)
1557 1709 1563 1733 ;
1583 1705 1620 1733 et,
1637 1700 1731 1726 Omnia
1744 1707 1801 1734 quia
1814 1698 1906 1726 Patris

1100 1753 1168 1781 sunt,
1191 1756 1247 1775 mea
1269 1753 1328 1775 sunt
1348 1747 1438 1785 (Joan.
1455 1755 1509 1777 tm.
1534 1746 1587 1782 15),
1612 1746 1647 1783 (c)
1669 1746 1702 1774 ad
1722 1747 1857 1774 unitatem
1876 1750 1907 1773 et

1101 1794 1274 1822 concordiam
1289 1793 1435 1821 voluntatis
1451 1793 1583 1821 referrent
1598 1803 1604 1820 ι
1621 1796 1650 1819 ut
1668 1792 1729 1828 quia
1751 1792 1815 1819 dicti
1837 1792 1907 1820 ﬁdes

1102 1847 1237 1873 maneret,
1253 1841 1319 1869 dicti
1333 1846 1422 1868 tamen
1436 1840 1641 1876 intelligentiam
1656 1840 1759 1867 fallacis
1770 1839 1904 1867 doctrina:

1102 1889 1199 1924 religio
1224 1889 1352 1916 ementita
1378 1892 1584 1923 corrumperet;
1605 1892 1633 1915 et
1653 1894 1714 1914 cum
1739 1887 1831 1922 negari
1851 1894 1905 1914 non

1103 1940 1195 1971 posset
1210 1935 1237 1962 in
1254 1934 1295 1961 his
1306 1934 1348 1970 (ά)
1365 1934 1533 1961 voluntatum
1549 1941 1686 1966 assensus,
1701 1933 1726 1960 in
1745 1933 1844 1969 quibus
1859 1940 1904 1960 tta-

1104 1986 1171 2009 turat
1187 1982 1277 2009 unitas
1299 1981 1475 2016 pratdicatur,
1497 1980 1530 2008 ad
1554 1980 1716 2008 abolendam
1739 1985 1828 2008 tamen
1845 1988 1908 2008 eam

1103 2034 1164 2062 qua:
1186 2027 1335 2055 secundum
1362 2028 1530 2055 nativitatem
1554 2032 1595 2055 est
1619 2028 1767 2060 unitatem,
1789 2029 1909 2055 societas

1104 2080 1208 2103 tantum
1228 2076 1381 2104 concordia:
1401 2075 1567 2104 crederetur.
1588 2076 1641 2104 Sed
1663 2076 1744 2104 beato
1763 2076 1907 2111 Apostolo,

1104 2127 1163 2157 post
1173 2122 1255 2150 multa
1267 2122 1399 2150 naturalis
1410 2121 1491 2158 258
1501 2122 1622 2149 veritatis
1634 2130 1688 2149 non
1700 2121 1825 2156 ambigua
1834 2128 1909 2155 prtu-

1104 2169 1192 2202 conia,
1218 2169 1399 2204 corporaliter
1420 2169 1567 2196 habitantis
1588 2168 1739 2196 divinitatis
1758 2168 1910 2202 plenitudi-

1104 2223 1166 2243 nem
1184 2216 1209 2242 iu
1225 2215 1333 2243 Christo
1352 2215 1467 2243 docente
1480 2236 1487 2248 ,
1503 2215 1623 2243 abscissa
1646 2220 1689 2242 est
1708 2214 1797 2242 omnis
1816 2215 1910 2250 impia:

252 2254 388 2282 Postremo
410 2255 601 2289 ignorantiam,
628 2264 704 2291 quam
728 2257 839 2285 Iaeretici
861 2257 962 2286 Christo
980 2261 1051 2295 alﬁn-
1065 2261 1093 2291 D
1107 2262 1265 2289 temeritatis
1279 2262 1404 2295 assertio,
1419 2269 1479 2289 cum
1497 2262 1647 2289 naturalem
1665 2262 1796 2293 unitatem
1813 2262 1909 2289 incor-

286 2305 359 2337 gunt,
377 2300 493 2335 pluribus
513 2302 668 2337 argumentis
679 2303 787 2338 repellit.
802 2303 863 2331 Non
873 2305 939 2331 enini
955 2306 1051 2340 jadicii

250 2351 252 2356 ’
287 2347 356 2373 diem
364 2346 482 2383 ignorare
495 2348 576 2382 potuit
589 2348 834 2381 omniuntconditor,
849 2351 899 2377 diei
910 2350 988 2386 hujus
1000 2361 1049 2379 no-

286 2393 402 2420 minatim
421 2397 511 2419 auctor
521 2401 551 2419 ac
563 2392 706 2427 Dominus,
721 2403 793 2429 quem
805 2396 869 2422 nihil
884 2395 961 2424 Pater
973 2398 1049 2431 celat,

286 2440 314 2467 in
326 2448 376 2475 quo
390 2448 476 2467 omnes
487 2441 598 2468 thesauri
608 2441 720 2469 scientiw
730 2448 797 2470 sunt.
811 2443 878 2476 Quia
892 2449 976 2473 tamen
991 2447 1050 2474 abs-

289 2487 361 2514 consi
372 2492 448 2519 sunt,
465 2492 532 2515 recte
540 2486 636 2515 nescire
650 2497 676 2515 se
698 2490 778 2522 dicit,
792 2491 861 2526 quod
880 2500 931 2519 non
943 2499 979 2520 est
998 2494 1051 2520 elo—

286 2533 423 2568 quendum.
439 2532 517 2561 Solus
530 2537 614 2569 itaque
627 2534 706 2562 Pater
723 2536 789 2563 diem
799 2537 894 2573 jadicii
911 2538 957 2565 scit
970 2560 976 2573 ,
991 2540 1051 2574 quia

290 2588 331 2625 (Ι)
347 2589 387 2615 Ad
404 2589 562 2617 divinitatem
574 2591 718 2618 indiscreta:
733 2597 842 2621 uaturrc.

290 2646 329 2683 (a)
345 2646 374 2674 In
386 2646 501 2681 vulgatis
514 2651 541 2674 et
552 2648 688 2683 nonnullis
704 2657 769 2677 mss.
786 2650 931 2678 indiscreta:
941 2656 1051 2680 natura.

253 2682 283 2711 In
298 2683 463 2721 solocodice
477 2683 536 2721 bas.
552 2682 767 2721 maxumae,
781 2687 856 2721 cujus
868 2695 972 2715 necnon
986 2687 1054 2715 Car—

255 2718 417 2750 nut.,trium
442 2719 531 2749 (latin,
544 2719 623 2745 unius
642 2718 884 2753 Sorbon.,MarIin.
909 2731 939 2750 ac
959 2724 1051 2752 Germ.

255 2754 415 2781 auctoritate
431 2755 588 2781 sustulimus
602 2754 699 2783 deinde
713 2757 870 2785 vocabulum
887 2766 996 2786 naturae.

293 2789 329 2825 (b)
352 2789 377 2816 Id
395 2790 646 2829 cst,_sttbsistentia
665 2792 793 2829 distincti.
810 2793 903 2829 Neque
926 2803 989 2822 vero
1009 2796 1053 2824 hic

296 2833 304 2840 τ
314 2832 346 2866 se
360 2825 509 2866 ostenditur
524 2826 648 2866 nativitas
663 2825 885 2866 :_scd»cumraltus
898 2831 933 2857 sit
945 2831 990 2866 qui
1001 2831 1050 2859 ha-

314 2863 365 2894 ‘ur,
381 2860 449 2888 alius
462 2861 508 2895 qui
530 2861 649 2896 habitat;
670 2864 756 2892 Patris
773 2862 929 2899 habitantis,
944 2860 971 2894 et
991 2867 1052 2896 Filii

392 3049 399 3072 l.

1104 2309 1205 2344 poralis
1220 2309 1367 2336 divinitatis
1382 2309 1509 2336 habitatio
1522 2309 1673 2344 corporalis
1684 2309 1806 2337 efﬁceret
1818 2319 1824 2337 :
1838 2315 1867 2337 ut
1881 2310 1909 2337 id

1103 2355 1174 2391 quod
1195 2364 1249 2383 non
1271 2356 1346 2383 solus
1369 2360 1411 2384 est
1434 2356 1528 2389 Filius,
1551 2356 1598 2383 sed
1619 2355 1690 2391 quod
1714 2356 1740 2382 in
1760 2363 1794 2382 eo
1815 2361 1911 2383 manet

1104 2402 1200 2435 Pater;
1216 2410 1304 2438 neque
1319 2402 1406 2429 solum
1423 2406 1523 2435 tnanet,
1537 2403 1583 2429 scd
1610 2406 1638 2429 et
1662 2405 1790 2436 operatur
1814 2405 1844 2428 et
1868 2402 1910 2428 lo-

1104 2450 1216 2485 quitur;
1241 2458 1328 2486 nequc
1356 2449 1443 2477 soltuu
1480 2454 1606 2485 operatur
1634 2455 1660 2477 et
1693 2449 1830 2484 loquitur,
1858 2450 1908 2477 sed

1104 2501 1132 2523 et
1162 2497 1270 2524 videtur
1305 2496 1352 2533 (c),
1389 2503 1441 2523 non
1478 2496 1531 2524 sint
1561 2497 1752 2531 nuncupativa,
1774 2495 1821 2523 sed
1856 2503 1907 2523 ve-

1104 2549 1158 2575 ra,
1181 2542 1244 2570 dum
1267 2543 1348 2570 habet.
1373 2543 1400 2570 in
1436 2549 1466 2570 se
1486 2550 1534 2578 per
1555 2549 1755 2572 sacramentum
1778 2542 1910 2571 nativita-

1107 2654 1133 2681 in
1148 2660 1202 2689 quo
1218 2653 1331 2686 habitat,
1345 2653 1519 2691 subsistentia
1538 2662 1591 2682 non
1610 2663 1660 2682 una
1679 2656 1847 2691 signiﬁcatur
1860 2667 1867 2684 ε
1880 2663 1909 2686 et

1106 2693 1305 2727 consequenter
1326 2689 1477 2727 ostenditur
1501 2690 1638 2725 nativitas,
1664 2689 1717 2727 qua
1742 2693 1800 2720 sola
1820 2693 1909 2722 Filius

1107 2725 1176 2752 alius
1189 2733 1202 2751 a
1218 2725 1296 2752 Patre
1311 2725 1444 2752 subsistit.

1142 2760 1178 2796 (c)
1195 2761 1266 2796 Lips.
1283 2766 1309 2788 et
1323 2761 1395 2794 Pan,
1410 2761 1444 2788 ad
1458 2764 1661 2791 unanitnitatem.

1143 2797 1183 2832 (ά)
1195 2797 1221 2824 lu
1235 2804 1285 2824 ttlS.
1301 2797 1420 2829 Martin.,
1434 2799 1585 2826 voluntatis.

1142 2832 1254 2872 (ελΡηηι
1271 2837 1330 2866 post
1342 2832 1465 2872 Lipsimn
1483 2834 1597 2872 pra-ﬁxo
1617 2835 1661 2863 hic
1677 2841 1776 2871 puncto
1796 2838 1908 2872 subjicit

1103 2862 1212 2902 deinde,
1228 2862 1290 2895 Non
1304 2862 1466 2903 suun-quasi
1482 2862 1540 2899 hiet:
1554 2878 1569 2899 a
1581 2862 1905 2908 superiiiribusabsoluta
