  <div class='ocr_page' id='page_1' title='image "/cluster/home/n/w/nwhite01/storage/ocr_20150623/10/hvd.32044096580394/146.png"; bbox 0 0 4094 6180; ppageno 0'>
   <div class='ocr_carea' id='block_1_1' title="bbox 275 261 377 324">
    <p class='ocr_par' dir='ltr' id='par_1_1' title="bbox 275 261 377 324">
     <span class='ocr_line' id='line_1_1' title="bbox 275 261 377 324; baseline -0.01 0"><span class='ocrx_word' id='word_1_1' title='bbox 275 261 377 324; x_wconf 71' lang='lat'><strong>281</strong></span> 
     </span>
    </p>
   </div>
   <div class='ocr_carea' id='block_1_2' title="bbox 1499 272 2362 338">
    <p class='ocr_par' dir='ltr' id='par_1_2' title="bbox 1499 272 2362 338">
     <span class='ocr_line' id='line_1_2' title="bbox 1499 272 2362 338; baseline 0.007 -9"><span class='ocrx_word' id='word_1_2' title='bbox 1499 272 1587 330; x_wconf 81' lang='lat' dir='ltr'><strong>DE</strong></span> <span class='ocrx_word' id='word_1_3' title='bbox 1618 273 1991 337; x_wconf 82' lang='lat' dir='ltr'><strong>TRINITA‘IE</strong></span> <span class='ocrx_word' id='word_1_4' title='bbox 2031 279 2232 338; x_wconf 81' lang='lat' dir='ltr'><strong>LIBER</strong></span> <span class='ocrx_word' id='word_1_5' title='bbox 2270 282 2362 338; x_wconf 85' lang='lat' dir='ltr'><strong>IX.</strong></span> 
     </span>
    </p>
   </div>
   <div class='ocr_carea' id='block_1_3' title="bbox 3472 291 3581 348">
    <p class='ocr_par' dir='ltr' id='par_1_3' title="bbox 3472 291 3581 348">
     <span class='ocr_line' id='line_1_3' title="bbox 3472 291 3581 348; baseline 0.009 -1"><span class='ocrx_word' id='word_1_6' title='bbox 3472 291 3581 348; x_wconf 72' lang='lat'><strong>282</strong></span> 
     </span>
    </p>
   </div>
   <div class='ocr_carea' id='block_1_4' title="bbox 279 382 3580 474">
    <p class='ocr_par' dir='ltr' id='par_1_4' title="bbox 279 382 3580 474">
     <span class='ocr_line' id='line_1_4' title="bbox 279 382 3580 474; baseline 0.007 -33"><span class='ocrx_word' id='word_1_7' title='bbox 279 385 345 441; x_wconf 85' lang='lat' dir='ltr'><strong>tis</strong></span> <span class='ocrx_word' id='word_1_8' title='bbox 370 382 447 457; x_wconf 87' lang='lat' dir='ltr'><strong>(a)</strong></span> <span class='ocrx_word' id='word_1_9' title='bbox 474 391 532 440; x_wconf 89' lang='lat' dir='ltr'><strong>et</strong></span> <span class='ocrx_word' id='word_1_10' title='bbox 570 384 743 439; x_wconf 88' lang='lat' dir='ltr'><strong>virtus</strong></span> <span class='ocrx_word' id='word_1_11' title='bbox 770 384 1043 453; x_wconf 94' lang='lat' dir='ltr'><strong>virtutem,</strong></span> <span class='ocrx_word' id='word_1_12' title='bbox 1073 393 1129 442; x_wconf 88' lang='lat' dir='ltr'><strong>et</strong></span> <span class='ocrx_word' id='word_1_13' title='bbox 1170 395 1409 458; x_wconf 76' lang='lat' dir='ltr'><strong>potestas</strong></span> <span class='ocrx_word' id='word_1_14' title='bbox 1445 400 1794 463; x_wconf 79' lang='lat' dir='ltr'><strong>poteStatem,</strong></span> <span class='ocrx_word' id='word_1_15' title='bbox 1833 402 1889 450; x_wconf 89' lang='lat' dir='ltr'><strong>et</strong></span> <span class='ocrx_word' id='word_1_16' title='bbox 1914 398 1970 459; x_wconf 82' lang='grc' dir='ltr'><strong>Α</strong></span> <span class='ocrx_word' id='word_1_17' title='bbox 1993 395 2142 452; x_wconf 90' lang='lat' dir='ltr'><strong>lubili</strong></span> <span class='ocrx_word' id='word_1_18' title='bbox 2171 398 2451 470; x_wconf 70' lang='lat' dir='ltr'><strong>abnegatre</strong></span> <span class='ocrx_word' id='word_1_19' title='bbox 2479 398 2775 457; x_wconf 77' lang='lat' dir='ltr'><strong>divinitatis</strong></span> <span class='ocrx_word' id='word_1_20' title='bbox 2804 401 3140 474; x_wconf 72' lang='lat' dir='ltr'><strong>professione</strong></span> <span class='ocrx_word' id='word_1_21' title='bbox 3166 402 3497 463; x_wconf 89' lang='lat' dir='ltr'><strong>subvertisse</strong></span> <span class='ocrx_word' id='word_1_22' title='bbox 3521 421 3580 464; x_wconf 87' lang='lat' dir='ltr'><strong>se</strong></span> 
     </span>
    </p>
   </div>
   <div class='ocr_carea' id='block_1_5' title="bbox 276 484 1875 560">
    <p class='ocr_par' dir='ltr' id='par_1_5' title="bbox 276 484 1875 560">
     <span class='ocr_line' id='line_1_5' title="bbox 276 484 1875 560; baseline 0.006 -25"><span class='ocrx_word' id='word_1_23' title='bbox 276 488 469 536; x_wconf 87' lang='lat' dir='ltr'><strong>natura</strong></span> <span class='ocrx_word' id='word_1_24' title='bbox 512 488 793 546; x_wconf 89' lang='lat' dir='ltr'><strong>naturam;</strong></span> <span class='ocrx_word' id='word_1_25' title='bbox 841 489 1031 537; x_wconf 80' lang='lat' dir='ltr'><strong>tenens</strong></span> <span class='ocrx_word' id='word_1_26' title='bbox 1076 497 1173 552; x_wconf 89' lang='lat' dir='ltr'><strong>per</strong></span> <span class='ocrx_word' id='word_1_27' title='bbox 1206 484 1543 543; x_wconf 78' lang='lat' dir='ltr'><strong>nativitatem</strong></span> <span class='ocrx_word' id='word_1_28' title='bbox 1586 487 1701 558; x_wconf 87' lang='lat' dir='ltr'><strong>ipsa</strong></span> <span class='ocrx_word' id='word_1_29' title='bbox 1732 490 1875 560; x_wconf 89' lang='lat' dir='ltr'><strong>quod</strong></span> 
     </span>
    </p>
   </div>
   <div class='ocr_carea' id='block_1_6' title="bbox 276 572 1874 653">
    <p class='ocr_par' dir='ltr' id='par_1_6' title="bbox 276 572 1874 653">
     <span class='ocr_line' id='line_1_6' title="bbox 276 572 1874 653; baseline 0.006 -25"><span class='ocrx_word' id='word_1_30' title='bbox 276 586 433 629; x_wconf 81' lang='lat' dir='ltr'><strong>suum</strong></span> <span class='ocrx_word' id='word_1_31' title='bbox 462 579 565 638; x_wconf 89' lang='lat' dir='ltr'><strong>est,</strong></span> <span class='ocrx_word' id='word_1_32' title='bbox 600 580 658 627; x_wconf 88' lang='lat' dir='ltr'><strong>et</strong></span> <span class='ocrx_word' id='word_1_33' title='bbox 684 586 752 627; x_wconf 79' lang='lat' dir='ltr'><strong>ex</strong></span> <span class='ocrx_word' id='word_1_34' title='bbox 777 586 836 627; x_wconf 91' lang='lat' dir='ltr'><strong>se</strong></span> <span class='ocrx_word' id='word_1_35' title='bbox 863 572 938 645; x_wconf 70' lang='lat' dir='ltr'><strong>(tr)</strong></span> <span class='ocrx_word' id='word_1_36' title='bbox 984 589 1083 644; x_wconf 87' lang='lat' dir='ltr'><strong>per</strong></span> <span class='ocrx_word' id='word_1_37' title='bbox 1125 575 1412 646; x_wconf 83' lang='lat' dir='ltr'><strong>imaginem</strong></span> <span class='ocrx_word' id='word_1_38' title='bbox 1452 579 1694 636; x_wconf 87' lang='lat' dir='ltr'><strong>reterens</strong></span> <span class='ocrx_word' id='word_1_39' title='bbox 1729 581 1874 653; x_wconf 90' lang='lat' dir='ltr'><strong>quod</strong></span> 
     </span>
    </p>
   </div>
   <div class='ocr_carea' id='block_1_7' title="bbox 276 667 1873 747">
    <p class='ocr_par' dir='ltr' id='par_1_7' title="bbox 276 667 1873 747">
     <span class='ocr_line' id='line_1_7' title="bbox 276 667 1873 747; baseline 0.003 -22"><span class='ocrx_word' id='word_1_40' title='bbox 276 667 330 725; x_wconf 91' lang='lat' dir='ltr'><strong>in</strong></span> <span class='ocrx_word' id='word_1_41' title='bbox 364 683 424 725; x_wconf 91' lang='lat' dir='ltr'><strong>se</strong></span> <span class='ocrx_word' id='word_1_42' title='bbox 453 676 559 734; x_wconf 89' lang='lat' dir='ltr'><strong>est,</strong></span> <span class='ocrx_word' id='word_1_43' title='bbox 589 667 719 723; x_wconf 91' lang='lat' dir='ltr'><strong>dum</strong></span> <span class='ocrx_word' id='word_1_44' title='bbox 752 679 804 723; x_wconf 89' lang='lat' dir='ltr'><strong>et</strong></span> <span class='ocrx_word' id='word_1_45' title='bbox 827 669 1003 741; x_wconf 80' lang='lat' dir='ltr'><strong>imago</strong></span> <span class='ocrx_word' id='word_1_46' title='bbox 1027 680 1109 727; x_wconf 86' lang='lat' dir='ltr'><strong>est</strong></span> <span class='ocrx_word' id='word_1_47' title='bbox 1138 673 1373 728; x_wconf 80' lang='lat' dir='ltr'><strong>auctoris</strong></span> <span class='ocrx_word' id='word_1_48' title='bbox 1401 682 1457 730; x_wconf 92' lang='lat' dir='ltr'><strong>et</strong></span> <span class='ocrx_word' id='word_1_49' title='bbox 1485 675 1716 742; x_wconf 89' lang='lat' dir='ltr'><strong>veritas;</strong></span> <span class='ocrx_word' id='word_1_50' title='bbox 1750 676 1873 747; x_wconf 90' lang='lat' dir='ltr'><strong>quia</strong></span> 
     </span>
    </p>
   </div>
   <div class='ocr_carea' id='block_1_8' title="bbox 274 763 1875 842">
    <p class='ocr_par' dir='ltr' id='par_1_8' title="bbox 274 763 1875 842">
     <span class='ocr_line' id='line_1_8' title="bbox 274 763 1875 842; baseline 0.006 -23"><span class='ocrx_word' id='word_1_51' title='bbox 274 763 516 836; x_wconf 87' lang='lat' dir='ltr'><strong>perfecta</strong></span> <span class='ocrx_word' id='word_1_52' title='bbox 561 766 818 821; x_wconf 87' lang='lat' dir='ltr'><strong>nativitas</strong></span> <span class='ocrx_word' id='word_1_53' title='bbox 863 765 1158 836; x_wconf 79' lang='lat' dir='ltr'><strong>perfectam</strong></span> <span class='ocrx_word' id='word_1_54' title='bbox 1201 769 1487 840; x_wconf 83' lang='lat' dir='ltr'><strong>imaginem</strong></span> <span class='ocrx_word' id='word_1_55' title='bbox 1531 780 1773 842; x_wconf 72' lang='lat' dir='ltr'><strong>prmSIat,</strong></span> <span class='ocrx_word' id='word_1_56' title='bbox 1820 781 1875 828; x_wconf 90' lang='lat' dir='ltr'><strong>et</strong></span> 
     </span>
    </p>
   </div>
   <div class='ocr_carea' id='block_1_9' title="bbox 269 855 1864 931">
    <p class='ocr_par' dir='ltr' id='par_1_9' title="bbox 269 855 1864 931">
     <span class='ocr_line' id='line_1_9' title="bbox 269 855 1864 931; baseline 0.006 -20"><span class='ocrx_word' id='word_1_57' title='bbox 269 855 551 927; x_wconf 81' lang='lat' dir='ltr'><strong>plenitudo</strong></span> <span class='ocrx_word' id='word_1_58' title='bbox 576 856 878 913; x_wconf 80' lang='lat' dir='ltr'><strong>divinitatis</strong></span> <span class='ocrx_word' id='word_1_59' title='bbox 914 860 1275 931; x_wconf 89' lang='lat' dir='ltr'><strong>corporaliter</strong></span> <span class='ocrx_word' id='word_1_60' title='bbox 1313 860 1619 919; x_wconf 85' lang='lat' dir='ltr'><strong>inhabitans</strong></span> <span class='ocrx_word' id='word_1_61' title='bbox 1648 874 1864 920; x_wconf 90' lang='lat' dir='ltr'><strong>natura-</strong></span> 
     </span>
    </p>
   </div>
   <div class='ocr_carea' id='block_1_10' title="bbox 270 947 956 1007">
    <p class='ocr_par' dir='ltr' id='par_1_10' title="bbox 270 947 956 1007">
     <span class='ocr_line' id='line_1_10' title="bbox 270 947 956 1007; baseline 0.003 -3"><span class='ocrx_word' id='word_1_62' title='bbox 270 947 381 1005; x_wconf 91' lang='lat' dir='ltr'><strong>lem</strong></span> <span class='ocrx_word' id='word_1_63' title='bbox 410 947 620 1006; x_wconf 86' lang='lat' dir='ltr'><strong>obtinet</strong></span> <span class='ocrx_word' id='word_1_64' title='bbox 647 951 956 1007; x_wconf 82' lang='lat' dir='ltr'><strong>veritatem.</strong></span> 
     </span>
    </p>
   </div>
   <div class='ocr_carea' id='block_1_11' title="bbox 339 1042 1871 1115">
    <p class='ocr_par' dir='ltr' id='par_1_11' title="bbox 339 1042 1871 1115">
     <span class='ocr_line' id='line_1_11' title="bbox 339 1042 1871 1115; baseline 0.005 -18"><span class='ocrx_word' id='word_1_65' title='bbox 339 1043 395 1097; x_wconf 72' lang='lat'><strong>2.</strong></span> <span class='ocrx_word' id='word_1_66' title='bbox 437 1042 741 1115; x_wconf 75' lang='lat' dir='ltr'><strong>Scripturtc-</strong></span> <span class='ocrx_word' id='word_1_67' title='bbox 768 1044 952 1115; x_wconf 81' lang='lat' dir='ltr'><strong>quibus</strong></span> <span class='ocrx_word' id='word_1_68' title='bbox 993 1046 1278 1102; x_wconf 85' lang='lat' dir='ltr'><strong>abutuntur</strong></span> <span class='ocrx_word' id='word_1_69' title='bbox 1310 1048 1515 1104; x_wconf 81' lang='lat' dir='ltr'><strong>Ariani.</strong></span> <span class='ocrx_word' id='word_1_70' title='bbox 1552 1047 1656 1103; x_wconf 87' lang='lat' dir='ltr'><strong>Cur</strong></span> <span class='ocrx_word' id='word_1_71' title='bbox 1694 1067 1871 1105; x_wconf 84' lang='lat' dir='ltr'><strong>earum</strong></span> 
     </span>
    </p>
   </div>
   <div class='ocr_carea' id='block_1_12' title="bbox 266 1140 1871 1214">
    <p class='ocr_par' dir='ltr' id='par_1_12' title="bbox 266 1140 1871 1214">
     <span class='ocr_line' id='line_1_12' title="bbox 266 1140 1871 1214; baseline 0.005 -24"><span class='ocrx_word' id='word_1_72' title='bbox 266 1151 474 1191; x_wconf 83' lang='lat' dir='ltr'><strong>sensum</strong></span> <span class='ocrx_word' id='word_1_73' title='bbox 517 1152 620 1190; x_wconf 87' lang='lat' dir='ltr'><strong>non</strong></span> <span class='ocrx_word' id='word_1_74' title='bbox 664 1148 1027 1209; x_wconf 82' lang='lat' dir='ltr'><strong>assequuntur.</strong></span> <span class='ocrx_word' id='word_1_75' title='bbox 1053 1168 1126 1179; x_wconf 89' lang='lat'><strong>——</strong></span> <span class='ocrx_word' id='word_1_76' title='bbox 1154 1140 1221 1195; x_wconf 89' lang='lat' dir='ltr'><strong>Et</strong></span> <span class='ocrx_word' id='word_1_77' title='bbox 1265 1140 1382 1196; x_wconf 66' lang='lat' dir='ltr'><strong>haec</strong></span> <span class='ocrx_word' id='word_1_78' title='bbox 1421 1140 1639 1212; x_wconf 87' lang='lat' dir='ltr'><strong>quidem</strong></span> <span class='ocrx_word' id='word_1_79' title='bbox 1682 1146 1871 1214; x_wconf 52' lang='lat' dir='ltr'><strong>quam;</strong></span> 
     </span>
    </p>
   </div>
   <div class='ocr_carea' id='block_1_13' title="bbox 262 1228 1869 1306">
    <p class='ocr_par' dir='ltr' id='par_1_13' title="bbox 262 1228 1869 1306">
     <span class='ocr_line' id='line_1_13' title="bbox 262 1228 1869 1306; baseline 0.004 -20"><span class='ocrx_word' id='word_1_80' title='bbox 262 1231 344 1286; x_wconf 86' lang='lat' dir='ltr'><strong>vis</strong></span> <span class='ocrx_word' id='word_1_81' title='bbox 374 1228 446 1303; x_wconf 87' lang='lat' dir='ltr'><strong>(c)</strong></span> <span class='ocrx_word' id='word_1_82' title='bbox 469 1231 543 1285; x_wconf 91' lang='lat' dir='ltr'><strong>ita</strong></span> <span class='ocrx_word' id='word_1_83' title='bbox 566 1245 627 1287; x_wconf 90' lang='lat' dir='ltr'><strong>se</strong></span> <span class='ocrx_word' id='word_1_84' title='bbox 657 1241 714 1286; x_wconf 93' lang='lat' dir='ltr'><strong>ut</strong></span> <span class='ocrx_word' id='word_1_85' title='bbox 739 1243 869 1288; x_wconf 91' lang='lat' dir='ltr'><strong>sunt</strong></span> <span class='ocrx_word' id='word_1_86' title='bbox 903 1233 1171 1299; x_wconf 88' lang='lat' dir='ltr'><strong>habeant,</strong></span> <span class='ocrx_word' id='word_1_87' title='bbox 1204 1235 1328 1306; x_wconf 87' lang='lat' dir='ltr'><strong>quia</strong></span> <span class='ocrx_word' id='word_1_88' title='bbox 1370 1236 1631 1291; x_wconf 88' lang='lat' dir='ltr'><strong>naturalis</strong></span> <span class='ocrx_word' id='word_1_89' title='bbox 1658 1252 1725 1293; x_wconf 82' lang='lat' dir='ltr'><strong>ex</strong></span> <span class='ocrx_word' id='word_1_90' title='bbox 1756 1238 1869 1293; x_wconf 88' lang='lat' dir='ltr'><strong>Deo</strong></span> 
     </span>
    </p>
   </div>
   <div class='ocr_carea' id='block_1_14' title="bbox 262 1323 1866 1395">
    <p class='ocr_par' dir='ltr' id='par_1_14' title="bbox 262 1323 1866 1395">
     <span class='ocr_line' id='line_1_14' title="bbox 262 1323 1866 1395; baseline 0.004 -16"><span class='ocrx_word' id='word_1_91' title='bbox 262 1323 409 1380; x_wconf 87' lang='lat' dir='ltr'><strong>Deus</strong></span> <span class='ocrx_word' id='word_1_92' title='bbox 452 1340 560 1379; x_wconf 90' lang='lat' dir='ltr'><strong>non</strong></span> <span class='ocrx_word' id='word_1_93' title='bbox 602 1334 780 1395; x_wconf 85' lang='lat' dir='ltr'><strong>potest</strong></span> <span class='ocrx_word' id='word_1_94' title='bbox 832 1329 934 1383; x_wconf 87' lang='lat' dir='ltr'><strong>nisi</strong></span> <span class='ocrx_word' id='word_1_95' title='bbox 976 1329 1029 1383; x_wconf 91' lang='lat' dir='ltr'><strong>in</strong></span> <span class='ocrx_word' id='word_1_96' title='bbox 1071 1344 1132 1384; x_wconf 90' lang='lat' dir='ltr'><strong>ea</strong></span> <span class='ocrx_word' id='word_1_97' title='bbox 1178 1330 1476 1386; x_wconf 87' lang='lat' dir='ltr'><strong>nativitatis</strong></span> <span class='ocrx_word' id='word_1_98' title='bbox 1520 1347 1633 1387; x_wconf 71' lang='lat' dir='ltr'><strong>sure</strong></span> <span class='ocrx_word' id='word_1_99' title='bbox 1676 1341 1866 1386; x_wconf 88' lang='lat' dir='ltr'><strong>natura</strong></span> 
     </span>
    </p>
   </div>
   <div class='ocr_carea' id='block_1_15' title="bbox 262 1414 1867 1490">
    <p class='ocr_par' dir='ltr' id='par_1_15' title="bbox 262 1414 1867 1490">
     <span class='ocr_line' id='line_1_15' title="bbox 262 1414 1867 1490; baseline 0.006 -19"><span class='ocrx_word' id='word_1_100' title='bbox 262 1428 388 1471; x_wconf 84' lang='lat' dir='ltr'><strong>esse</strong></span> <span class='ocrx_word' id='word_1_101' title='bbox 410 1414 488 1490; x_wconf 79' lang='grc' dir='ltr'><strong>(ά)</strong></span> <span class='ocrx_word' id='word_1_102' title='bbox 513 1430 615 1487; x_wconf 89' lang='lat' dir='ltr'><strong>qua</strong></span> <span class='ocrx_word' id='word_1_103' title='bbox 642 1416 787 1473; x_wconf 90' lang='lat' dir='ltr'><strong>Deus</strong></span> <span class='ocrx_word' id='word_1_104' title='bbox 824 1428 928 1485; x_wconf 86' lang='lat' dir='ltr'><strong>est,</strong></span> <span class='ocrx_word' id='word_1_105' title='bbox 956 1428 1009 1474; x_wconf 92' lang='lat' dir='ltr'><strong>et</strong></span> <span class='ocrx_word' id='word_1_106' title='bbox 1031 1421 1263 1476; x_wconf 91' lang='lat' dir='ltr'><strong>viventis</strong></span> <span class='ocrx_word' id='word_1_107' title='bbox 1300 1432 1510 1477; x_wconf 69' lang='lat' dir='ltr'><strong>natura:</strong></span> <span class='ocrx_word' id='word_1_108' title='bbox 1549 1422 1867 1481; x_wconf 77' lang='lat' dir='ltr'><strong>indifferens</strong></span> 
     </span>
    </p>
   </div>
   <div class='ocr_carea' id='block_1_16' title="bbox 260 1508 1867 1579">
    <p class='ocr_par' dir='ltr' id='par_1_16' title="bbox 260 1508 1867 1579">
     <span class='ocr_line' id='line_1_16' title="bbox 260 1508 1867 1579; baseline 0.006 -16"><span class='ocrx_word' id='word_1_109' title='bbox 260 1508 444 1563; x_wconf 85' lang='lat' dir='ltr'><strong>unitas</strong></span> <span class='ocrx_word' id='word_1_110' title='bbox 480 1508 860 1579; x_wconf 87' lang='lat' dir='ltr'><strong>inseparabilis</strong></span> <span class='ocrx_word' id='word_1_111' title='bbox 899 1526 929 1566; x_wconf 91' lang='lat' dir='ltr'><strong>a</strong></span> <span class='ocrx_word' id='word_1_112' title='bbox 967 1525 1026 1567; x_wconf 91' lang='lat' dir='ltr'><strong>se</strong></span> <span class='ocrx_word' id='word_1_113' title='bbox 1053 1522 1139 1568; x_wconf 91' lang='lat' dir='ltr'><strong>est</strong></span> <span class='ocrx_word' id='word_1_114' title='bbox 1179 1512 1280 1568; x_wconf 90' lang='lat' dir='ltr'><strong>sub</strong></span> <span class='ocrx_word' id='word_1_115' title='bbox 1321 1514 1550 1570; x_wconf 88' lang='lat' dir='ltr'><strong>viventis</strong></span> <span class='ocrx_word' id='word_1_116' title='bbox 1590 1514 1867 1573; x_wconf 80' lang='lat' dir='ltr'><strong>nativitate</strong></span> 
     </span>
    </p>
   </div>
   <div class='ocr_carea' id='block_1_17' title="bbox 258 1600 1866 1675">
    <p class='ocr_par' dir='ltr' id='par_1_17' title="bbox 258 1600 1866 1675">
     <span class='ocr_line' id='line_1_17' title="bbox 258 1600 1866 1675; baseline 0.004 -20"><span class='ocrx_word' id='word_1_117' title='bbox 258 1608 472 1655; x_wconf 66' lang='lat' dir='ltr'><strong>natura:</strong></span> <span class='ocrx_word' id='word_1_118' title='bbox 500 1615 514 1653; x_wconf 89' lang='lat'><strong>:</strong></span> <span class='ocrx_word' id='word_1_119' title='bbox 546 1608 728 1657; x_wconf 87' lang='lat' dir='ltr'><strong>tamen</strong></span> <span class='ocrx_word' id='word_1_120' title='bbox 754 1617 850 1672; x_wconf 89' lang='lat' dir='ltr'><strong>per</strong></span> <span class='ocrx_word' id='word_1_121' title='bbox 876 1600 999 1658; x_wconf 84' lang='lat' dir='ltr'><strong>ﬁdei</strong></span> <span class='ocrx_word' id='word_1_122' title='bbox 1036 1604 1362 1675; x_wconf 68' lang='lat' dir='ltr'><strong>evangelica:</strong></span> <span class='ocrx_word' id='word_1_123' title='bbox 1401 1607 1695 1662; x_wconf 85' lang='lat' dir='ltr'><strong>salutarem</strong></span> <span class='ocrx_word' id='word_1_124' title='bbox 1735 1622 1866 1663; x_wconf 88' lang='lat' dir='ltr'><strong>con-</strong></span> 
     </span>
    </p>
   </div>
   <div class='ocr_carea' id='block_1_18' title="bbox 255 1690 1860 1770">
    <p class='ocr_par' dir='ltr' id='par_1_18' title="bbox 255 1690 1860 1770">
     <span class='ocr_line' id='line_1_18' title="bbox 255 1690 1860 1770; baseline 0.004 -22"><span class='ocrx_word' id='word_1_125' title='bbox 255 1690 548 1748; x_wconf 79' lang='lat' dir='ltr'><strong>fessionem</strong></span> <span class='ocrx_word' id='word_1_126' title='bbox 579 1693 882 1765; x_wconf 88' lang='lat' dir='ltr'><strong>subrepunt</strong></span> <span class='ocrx_word' id='word_1_127' title='bbox 925 1696 1164 1751; x_wconf 68' lang='lat' dir='ltr'><strong>haeretici</strong></span> <span class='ocrx_word' id='word_1_128' title='bbox 1199 1697 1268 1770; x_wconf 91' lang='lat' dir='ltr'><strong>(e)</strong></span> <span class='ocrx_word' id='word_1_129' title='bbox 1315 1696 1382 1753; x_wconf 90' lang='lat' dir='ltr'><strong>ad</strong></span> <span class='ocrx_word' id='word_1_130' title='bbox 1425 1698 1669 1755; x_wconf 89' lang='lat' dir='ltr'><strong>veritatis</strong></span> <span class='ocrx_word' id='word_1_131' title='bbox 1711 1700 1860 1755; x_wconf 82' lang='lat' dir='ltr'><strong>exci-</strong></span> 
     </span>
    </p>
   </div>
   <div class='ocr_carea' id='block_1_19' title="bbox 1981 490 3581 570">
    <p class='ocr_par' dir='ltr' id='par_1_19' title="bbox 1981 490 3581 570">
     <span class='ocr_line' id='line_1_19' title="bbox 1981 490 3581 570; baseline 0.005 -23"><span class='ocrx_word' id='word_1_132' title='bbox 1981 490 2141 548; x_wconf 83' lang='lat' dir='ltr'><strong>ﬁdem</strong></span> <span class='ocrx_word' id='word_1_133' title='bbox 2165 493 2426 551; x_wconf 66' lang='lat' dir='ltr'><strong>Ecclesia:</strong></span> <span class='ocrx_word' id='word_1_134' title='bbox 2446 495 2763 568; x_wconf 79' lang='lat' dir='ltr'><strong>gloriantur,</strong></span> <span class='ocrx_word' id='word_1_135' title='bbox 2794 512 2918 553; x_wconf 93' lang='lat' dir='ltr'><strong>cum</strong></span> <span class='ocrx_word' id='word_1_136' title='bbox 2945 498 3191 570; x_wconf 83' lang='lat' dir='ltr'><strong>relegunt</strong></span> <span class='ocrx_word' id='word_1_137' title='bbox 3222 517 3235 554; x_wconf 90' lang='lat'><strong>:</strong></span> <span class='ocrx_word' id='word_1_138' title='bbox 3268 498 3348 555; x_wconf 88' lang='lat' dir='ltr'><strong>De</strong></span> <span class='ocrx_word' id='word_1_139' title='bbox 3373 500 3455 555; x_wconf 88' lang='lat' dir='ltr'><strong>die</strong></span> <span class='ocrx_word' id='word_1_140' title='bbox 3483 518 3581 555; x_wconf 87' lang='lat' dir='ltr'><strong>au-</strong></span> 
     </span>
    </p>
   </div>
   <div class='ocr_carea' id='block_1_20' title="bbox 1980 584 3579 663">
    <p class='ocr_par' dir='ltr' id='par_1_20' title="bbox 1980 584 3579 663">
     <span class='ocr_line' id='line_1_20' title="bbox 1980 584 3579 663; baseline 0.007 -25"><span class='ocrx_word' id='word_1_141' title='bbox 1980 593 2079 639; x_wconf 84' lang='lat' dir='ltr'><strong>tent</strong></span> <span class='ocrx_word' id='word_1_142' title='bbox 2107 584 2202 641; x_wconf 83' lang='lat' dir='ltr'><strong>illa</strong></span> <span class='ocrx_word' id='word_1_143' title='bbox 2226 595 2271 640; x_wconf 93' lang='lat' dir='ltr'><strong>et</strong></span> <span class='ocrx_word' id='word_1_144' title='bbox 2308 587 2434 641; x_wconf 84' lang='lat' dir='ltr'><strong>hora</strong></span> <span class='ocrx_word' id='word_1_145' title='bbox 2462 604 2610 642; x_wconf 89' lang='lat' dir='ltr'><strong>nemo</strong></span> <span class='ocrx_word' id='word_1_146' title='bbox 2640 591 2756 656; x_wconf 84' lang='lat' dir='ltr'><strong>scit,</strong></span> <span class='ocrx_word' id='word_1_147' title='bbox 2788 606 2948 661; x_wconf 87' lang='lat' dir='ltr'><strong>neque</strong></span> <span class='ocrx_word' id='word_1_148' title='bbox 2990 590 3172 663; x_wconf 80' lang='lat' dir='ltr'><strong>Angeli</strong></span> <span class='ocrx_word' id='word_1_149' title='bbox 3202 592 3256 645; x_wconf 88' lang='lat' dir='ltr'><strong>in</strong></span> <span class='ocrx_word' id='word_1_150' title='bbox 3283 593 3442 661; x_wconf 69' lang='lat' dir='ltr'><strong>caelis,</strong></span> <span class='ocrx_word' id='word_1_151' title='bbox 3486 609 3579 649; x_wconf 88' lang='lat' dir='ltr'><strong>nec</strong></span> 
     </span>
    </p>
   </div>
   <div class='ocr_carea' id='block_1_21' title="bbox 1979 676 3575 755">
    <p class='ocr_par' dir='ltr' id='par_1_21' title="bbox 1979 676 3575 755">
     <span class='ocr_line' id='line_1_21' title="bbox 1979 676 3575 755; baseline 0.006 -23"><span class='ocrx_word' id='word_1_152' title='bbox 1979 676 2170 745; x_wconf 86' lang='lat' dir='ltr'><strong>Filius,</strong></span> <span class='ocrx_word' id='word_1_153' title='bbox 2218 681 2320 734; x_wconf 88' lang='lat' dir='ltr'><strong>nisi</strong></span> <span class='ocrx_word' id='word_1_154' title='bbox 2361 677 2519 735; x_wconf 91' lang='lat' dir='ltr'><strong>Pater</strong></span> <span class='ocrx_word' id='word_1_155' title='bbox 2556 685 2698 737; x_wconf 84' lang='lat' dir='ltr'><strong>satus</strong></span> <span class='ocrx_word' id='word_1_156' title='bbox 2735 682 2929 751; x_wconf 82' lang='lat' dir='ltr'><strong>(Marc.</strong></span> <span class='ocrx_word' id='word_1_157' title='bbox 2965 699 3086 751; x_wconf 82' lang='lat' dir='ltr'><strong>xm,</strong></span> <span class='ocrx_word' id='word_1_158' title='bbox 3120 684 3232 755; x_wconf 75' lang='grc'>52).</span> <span class='ocrx_word' id='word_1_159' title='bbox 3267 683 3382 740; x_wconf 86' lang='grc' dir='ltr'><strong>Νοιι</strong></span> <span class='ocrx_word' id='word_1_160' title='bbox 3430 687 3575 743; x_wconf 88' lang='lat' dir='ltr'><strong>enim</strong></span> 
     </span>
    </p>
   </div>
   <div class='ocr_carea' id='block_1_22' title="bbox 1977 773 3573 847">
    <p class='ocr_par' dir='ltr' id='par_1_22' title="bbox 1977 773 3573 847">
     <span class='ocr_line' id='line_1_22' title="bbox 1977 773 3573 847; baseline 0.003 -19"><span class='ocrx_word' id='word_1_161' title='bbox 1977 773 2191 830; x_wconf 87' lang='lat' dir='ltr'><strong>videtur</strong></span> <span class='ocrx_word' id='word_1_162' title='bbox 2236 774 2586 846; x_wconf 82' lang='lat' dir='ltr'><strong>exaequabilis</strong></span> <span class='ocrx_word' id='word_1_163' title='bbox 2640 790 2735 846; x_wconf 88' lang='lat' dir='ltr'><strong>per</strong></span> <span class='ocrx_word' id='word_1_164' title='bbox 2784 776 3120 833; x_wconf 88' lang='lat' dir='ltr'><strong>nativitatem</strong></span> <span class='ocrx_word' id='word_1_165' title='bbox 3173 791 3296 833; x_wconf 90' lang='lat' dir='ltr'><strong>esse</strong></span> <span class='ocrx_word' id='word_1_166' title='bbox 3347 788 3573 847; x_wconf 89' lang='lat' dir='ltr'><strong>natura,</strong></span> 
     </span>
    </p>
   </div>
   <div class='ocr_carea' id='block_1_23' title="bbox 1975 869 3574 940">
    <p class='ocr_par' dir='ltr' id='par_1_23' title="bbox 1975 869 3574 940">
     <span class='ocr_line' id='line_1_23' title="bbox 1975 869 3574 940; baseline 0.005 -19"><span class='ocrx_word' id='word_1_167' title='bbox 1975 884 2095 940; x_wconf 72' lang='lat' dir='ltr'><strong>qua:</strong></span> <span class='ocrx_word' id='word_1_168' title='bbox 2144 869 2497 940; x_wconf 86' lang='lat' dir='ltr'><strong>ignorationis</strong></span> <span class='ocrx_word' id='word_1_169' title='bbox 2540 870 2613 924; x_wconf 89' lang='lat' dir='ltr'><strong>sit</strong></span> <span class='ocrx_word' id='word_1_170' title='bbox 2655 871 2978 927; x_wconf 86' lang='lat' dir='ltr'><strong>necessitate</strong></span> <span class='ocrx_word' id='word_1_171' title='bbox 3019 871 3266 939; x_wconf 84' lang='lat' dir='ltr'><strong>diversa;</strong></span> <span class='ocrx_word' id='word_1_172' title='bbox 3308 882 3361 927; x_wconf 90' lang='lat' dir='ltr'><strong>et</strong></span> <span class='ocrx_word' id='word_1_173' title='bbox 3409 872 3574 930; x_wconf 88' lang='lat' dir='ltr'><strong>Pater</strong></span> 
     </span>
    </p>
   </div>
   <div class='ocr_carea' id='block_1_24' title="bbox 1975 959 3571 1020">
    <p class='ocr_par' dir='ltr' id='par_1_24' title="bbox 1975 959 3571 1020">
     <span class='ocr_line' id='line_1_24' title="bbox 1975 959 3571 1020; baseline 0.003 -4"><span class='ocrx_word' id='word_1_174' title='bbox 1975 960 2200 1017; x_wconf 87' lang='lat' dir='ltr'><strong>sciendo</strong></span> <span class='ocrx_word' id='word_1_175' title='bbox 2227 975 2289 1015; x_wconf 91' lang='lat' dir='ltr'><strong>ac</strong></span> <span class='ocrx_word' id='word_1_176' title='bbox 2314 959 2487 1016; x_wconf 90' lang='lat' dir='ltr'><strong>Filius</strong></span> <span class='ocrx_word' id='word_1_177' title='bbox 2528 962 2822 1017; x_wconf 88' lang='lat' dir='ltr'><strong>nesciendo</strong></span> <span class='ocrx_word' id='word_1_178' title='bbox 2851 963 3198 1019; x_wconf 89' lang='lat' dir='ltr'><strong>manifestent</strong></span> <span class='ocrx_word' id='word_1_179' title='bbox 3233 964 3571 1020; x_wconf 89' lang='lat' dir='ltr'><strong>dissimilitu-</strong></span> 
     </span>
    </p>
   </div>
   <div class='ocr_carea' id='block_1_25' title="bbox 1973 1051 3573 1126">
    <p class='ocr_par' dir='ltr' id='par_1_25' title="bbox 1973 1051 3573 1126">
     <span class='ocr_line' id='line_1_25' title="bbox 1973 1051 3573 1126; baseline 0.003 -18"><span class='ocrx_word' id='word_1_180' title='bbox 1973 1051 2153 1108; x_wconf 91' lang='lat' dir='ltr'><strong>dinem</strong></span> <span class='ocrx_word' id='word_1_181' title='bbox 2194 1052 2491 1109; x_wconf 89' lang='lat' dir='ltr'><strong>divinitatis</strong></span> <span class='ocrx_word' id='word_1_182' title='bbox 2527 1070 2539 1107; x_wconf 95' lang='lat'>:</span> <span class='ocrx_word' id='word_1_183' title='bbox 2573 1054 2695 1124; x_wconf 86' lang='lat' dir='ltr'><strong>quia</strong></span> <span class='ocrx_word' id='word_1_184' title='bbox 2737 1063 2792 1110; x_wconf 90' lang='lat' dir='ltr'><strong>et</strong></span> <span class='ocrx_word' id='word_1_185' title='bbox 2837 1054 3087 1126; x_wconf 87' lang='lat' dir='ltr'><strong>ignorare</strong></span> <span class='ocrx_word' id='word_1_186' title='bbox 3121 1056 3261 1111; x_wconf 89' lang='lat' dir='ltr'><strong>Deus</strong></span> <span class='ocrx_word' id='word_1_187' title='bbox 3303 1055 3433 1112; x_wconf 89' lang='lat' dir='ltr'><strong>nihil</strong></span> <span class='ocrx_word' id='word_1_188' title='bbox 3477 1056 3573 1113; x_wconf 87' lang='lat' dir='ltr'><strong>de-</strong></span> 
     </span>
    </p>
   </div>
   <div class='ocr_carea' id='block_1_26' title="bbox 1973 1146 3568 1218">
    <p class='ocr_par' dir='ltr' id='par_1_26' title="bbox 1973 1146 3568 1218">
     <span class='ocr_line' id='line_1_26' title="bbox 1973 1146 3568 1218; baseline 0.003 -16"><span class='ocrx_word' id='word_1_189' title='bbox 1973 1146 2120 1213; x_wconf 88' lang='lat' dir='ltr'><strong>beat,</strong></span> <span class='ocrx_word' id='word_1_190' title='bbox 2154 1155 2209 1202; x_wconf 93' lang='lat' dir='ltr'><strong>et</strong></span> <span class='ocrx_word' id='word_1_191' title='bbox 2238 1147 2494 1218; x_wconf 85' lang='lat' dir='ltr'><strong>ignorans</strong></span> <span class='ocrx_word' id='word_1_192' title='bbox 2523 1161 2629 1201; x_wconf 92' lang='lat' dir='ltr'><strong>non</strong></span> <span class='ocrx_word' id='word_1_193' title='bbox 2662 1147 3057 1217; x_wconf 82' lang='lat' dir='ltr'><strong>comparandus</strong></span> <span class='ocrx_word' id='word_1_194' title='bbox 3086 1149 3158 1204; x_wconf 85' lang='lat' dir='ltr'><strong>sit</strong></span> <span class='ocrx_word' id='word_1_195' title='bbox 3185 1148 3250 1203; x_wconf 90' lang='lat' dir='ltr'><strong>ad</strong></span> <span class='ocrx_word' id='word_1_196' title='bbox 3284 1148 3568 1206; x_wconf 89' lang='lat' dir='ltr'><strong>scientem.</strong></span> 
     </span>
    </p>
   </div>
   <div class='ocr_carea' id='block_1_27' title="bbox 1971 1238 3571 1311">
    <p class='ocr_par' dir='ltr' id='par_1_27' title="bbox 1971 1238 3571 1311">
     <span class='ocr_line' id='line_1_27' title="bbox 1971 1238 3571 1311; baseline 0.002 -16"><span class='ocrx_word' id='word_1_197' title='bbox 1971 1238 2077 1295; x_wconf 89' lang='lat' dir='ltr'><strong>Sed</strong></span> <span class='ocrx_word' id='word_1_198' title='bbox 2107 1239 2223 1295; x_wconf 63' lang='lat' dir='ltr'><strong>haec</strong></span> <span class='ocrx_word' id='word_1_199' title='bbox 2251 1240 2429 1294; x_wconf 84' lang='lat' dir='ltr'><strong>omnia</strong></span> <span class='ocrx_word' id='word_1_200' title='bbox 2454 1280 2470 1305; x_wconf 93' lang='lat'><strong>,</strong></span> <span class='ocrx_word' id='word_1_201' title='bbox 2504 1254 2604 1294; x_wconf 86' lang='lat' dir='ltr'><strong>nec</strong></span> <span class='ocrx_word' id='word_1_202' title='bbox 2632 1239 2840 1295; x_wconf 81' lang='lat' dir='ltr'><strong>ratione</strong></span> <span class='ocrx_word' id='word_1_203' title='bbox 2871 1240 3264 1311; x_wconf 87' lang='lat' dir='ltr'><strong>intelligentes,</strong></span> <span class='ocrx_word' id='word_1_204' title='bbox 3307 1256 3406 1297; x_wconf 88' lang='lat' dir='ltr'><strong>nec</strong></span> <span class='ocrx_word' id='word_1_205' title='bbox 3436 1250 3571 1298; x_wconf 90' lang='lat' dir='ltr'><strong>tem-</strong></span> 
     </span>
    </p>
   </div>
   <div class='ocr_carea' id='block_1_28' title="bbox 1970 1331 3564 1406">
    <p class='ocr_par' dir='ltr' id='par_1_28' title="bbox 1970 1331 3564 1406">
     <span class='ocr_line' id='line_1_28' title="bbox 1970 1331 3564 1406; baseline 0.004 -21"><span class='ocrx_word' id='word_1_206' title='bbox 1970 1332 2190 1402; x_wconf 89' lang='lat' dir='ltr'><strong>poribus</strong></span> <span class='ocrx_word' id='word_1_207' title='bbox 2230 1331 2622 1397; x_wconf 88' lang='lat' dir='ltr'><strong>discernentes,</strong></span> <span class='ocrx_word' id='word_1_208' title='bbox 2666 1348 2766 1387; x_wconf 92' lang='lat' dir='ltr'><strong>ncc</strong></span> <span class='ocrx_word' id='word_1_209' title='bbox 2813 1332 2892 1406; x_wconf 87' lang='grc' dir='ltr'><strong>(Ιι)</strong></span> <span class='ocrx_word' id='word_1_210' title='bbox 2933 1333 3284 1390; x_wconf 87' lang='lat' dir='ltr'><strong>sacramentis</strong></span> <span class='ocrx_word' id='word_1_211' title='bbox 3332 1348 3564 1406; x_wconf 88' lang='lat' dir='ltr'><strong>evange-</strong></span> 
     </span>
    </p>
   </div>
   <div class='ocr_carea' id='block_1_29' title="bbox 1969 1424 3555 1499">
    <p class='ocr_par' dir='ltr' id='par_1_29' title="bbox 1969 1424 3555 1499">
     <span class='ocr_line' id='line_1_29' title="bbox 1969 1424 3555 1499; baseline 0 -18"><span class='ocrx_word' id='word_1_212' title='bbox 1969 1424 2087 1482; x_wconf 86' lang='lat' dir='ltr'><strong>licis</strong></span> <span class='ocrx_word' id='word_1_213' title='bbox 2136 1424 2643 1496; x_wconf 86' lang='lat' dir='ltr'><strong>apprehendentes,</strong></span> <span class='ocrx_word' id='word_1_214' title='bbox 2689 1440 2790 1481; x_wconf 87' lang='lat' dir='ltr'><strong>nec</strong></span> <span class='ocrx_word' id='word_1_215' title='bbox 2837 1426 3105 1481; x_wconf 89' lang='lat' dir='ltr'><strong>dictorum</strong></span> <span class='ocrx_word' id='word_1_216' title='bbox 3156 1426 3445 1482; x_wconf 88' lang='lat' dir='ltr'><strong>virtutibus</strong></span> <span class='ocrx_word' id='word_1_217' title='bbox 3493 1427 3555 1499; x_wconf 84' lang='lat' dir='ltr'><strong>(i)</strong></span> 
     </span>
    </p>
   </div>
   <div class='ocr_carea' id='block_1_30' title="bbox 1967 1518 3566 1590">
    <p class='ocr_par' dir='ltr' id='par_1_30' title="bbox 1967 1518 3566 1590">
     <span class='ocr_line' id='line_1_30' title="bbox 1967 1518 3566 1590; baseline 0.003 -17"><span class='ocrx_word' id='word_1_218' title='bbox 1967 1518 2288 1585; x_wconf 89' lang='lat' dir='ltr'><strong>sentientes,</strong></span> <span class='ocrx_word' id='word_1_219' title='bbox 2321 1519 2486 1573; x_wconf 91' lang='lat' dir='ltr'><strong>stulto</strong></span> <span class='ocrx_word' id='word_1_220' title='bbox 2512 1528 2674 1590; x_wconf 88' lang='lat' dir='ltr'><strong>atque</strong></span> <span class='ocrx_word' id='word_1_221' title='bbox 2702 1519 2955 1589; x_wconf 88' lang='lat' dir='ltr'><strong>imperito</strong></span> <span class='ocrx_word' id='word_1_222' title='bbox 2981 1518 3164 1575; x_wconf 81' lang='lat' dir='ltr'><strong>furore</strong></span> <span class='ocrx_word' id='word_1_223' title='bbox 3189 1520 3455 1576; x_wconf 89' lang='lat' dir='ltr'><strong>adversus</strong></span> <span class='ocrx_word' id='word_1_224' title='bbox 3484 1520 3566 1577; x_wconf 81' lang='lat' dir='ltr'><strong>di-</strong></span> 
     </span>
    </p>
   </div>
   <div class='ocr_carea' id='block_1_31' title="bbox 1966 1614 3567 1688">
    <p class='ocr_par' dir='ltr' id='par_1_31' title="bbox 1966 1614 3567 1688">
     <span class='ocr_line' id='line_1_31' title="bbox 1966 1614 3567 1688; baseline 0.004 -20"><span class='ocrx_word' id='word_1_225' title='bbox 1966 1614 2209 1669; x_wconf 91' lang='lat' dir='ltr'><strong>viuitatis</strong></span> <span class='ocrx_word' id='word_1_226' title='bbox 2263 1623 2513 1669; x_wconf 89' lang='lat' dir='ltr'><strong>naturam</strong></span> <span class='ocrx_word' id='word_1_227' title='bbox 2566 1615 2882 1685; x_wconf 88' lang='lat' dir='ltr'><strong>loquuntur,</strong></span> <span class='ocrx_word' id='word_1_228' title='bbox 2934 1616 2999 1670; x_wconf 92' lang='lat' dir='ltr'><strong>ad</strong></span> <span class='ocrx_word' id='word_1_229' title='bbox 3052 1616 3352 1688; x_wconf 87' lang='lat' dir='ltr'><strong>implendas</strong></span> <span class='ocrx_word' id='word_1_230' title='bbox 3408 1633 3567 1674; x_wconf 89' lang='lat' dir='ltr'><strong>aures</strong></span> 
     </span>
    </p>
   </div>
   <div class='ocr_carea' id='block_1_32' title="bbox 1967 1705 3567 1778">
    <p class='ocr_par' dir='ltr' id='par_1_32' title="bbox 1967 1705 3567 1778">
     <span class='ocr_line' id='line_1_32' title="bbox 1967 1705 3567 1778; baseline 0.004 -18"><span class='ocrx_word' id='word_1_231' title='bbox 1967 1705 2329 1778; x_wconf 87' lang='lat' dir='ltr'><strong>ignorantium</strong></span> <span class='ocrx_word' id='word_1_232' title='bbox 2354 1708 2465 1760; x_wconf 89' lang='lat' dir='ltr'><strong>sola</strong></span> <span class='ocrx_word' id='word_1_233' title='bbox 2512 1707 2627 1762; x_wconf 69' lang='lat' dir='ltr'><strong>haec</strong></span> <span class='ocrx_word' id='word_1_234' title='bbox 2656 1715 2709 1761; x_wconf 90' lang='lat' dir='ltr'><strong>et</strong></span> <span class='ocrx_word' id='word_1_235' title='bbox 2750 1706 2886 1762; x_wconf 92' lang='lat' dir='ltr'><strong>nuda</strong></span> <span class='ocrx_word' id='word_1_236' title='bbox 2919 1717 3305 1773; x_wconf 87' lang='lat' dir='ltr'><strong>memorantes,</strong></span> <span class='ocrx_word' id='word_1_237' title='bbox 3335 1719 3427 1763; x_wconf 90' lang='lat' dir='ltr'><strong>aut</strong></span> <span class='ocrx_word' id='word_1_238' title='bbox 3470 1711 3567 1767; x_wconf 88' lang='lat' dir='ltr'><strong>ab-</strong></span> 
     </span>
    </p>
   </div>
   <div class='ocr_carea' id='block_1_33' title="bbox 255 1783 1864 1867">
    <p class='ocr_par' dir='ltr' id='par_1_33' title="bbox 255 1783 1857 1859">
     <span class='ocr_line' id='line_1_33' title="bbox 255 1783 1857 1859; baseline 0.004 -19"><span class='ocrx_word' id='word_1_239' title='bbox 255 1783 433 1853; x_wconf 88' lang='lat' dir='ltr'><strong>dium,</strong></span> <span class='ocrx_word' id='word_1_240' title='bbox 466 1796 524 1841; x_wconf 90' lang='lat' dir='ltr'><strong>ut</strong></span> <span class='ocrx_word' id='word_1_241' title='bbox 558 1787 862 1842; x_wconf 88' lang='lat' dir='ltr'><strong>naturalem</strong></span> <span class='ocrx_word' id='word_1_242' title='bbox 907 1787 1044 1842; x_wconf 87' lang='lat' dir='ltr'><strong>Filio</strong></span> <span class='ocrx_word' id='word_1_243' title='bbox 1072 1787 1361 1844; x_wconf 88' lang='lat' dir='ltr'><strong>detrahant</strong></span> <span class='ocrx_word' id='word_1_244' title='bbox 1400 1793 1661 1846; x_wconf 89' lang='lat' dir='ltr'><strong>unitatem</strong></span> <span class='ocrx_word' id='word_1_245' title='bbox 1684 1834 1699 1859; x_wconf 89' lang='lat'><strong>,</strong></span> <span class='ocrx_word' id='word_1_246' title='bbox 1731 1792 1857 1847; x_wconf 90' lang='lat' dir='ltr'><strong>dum</strong></span> 
     </span>
    </p>
   </div>
   <div class='ocr_carea' id='block_1_34' title="bbox 1970 1783 3563 1867">
    <p class='ocr_par' dir='ltr' id='par_1_34' title="bbox 1970 1801 3563 1867">
     <span class='ocr_line' id='line_1_34' title="bbox 1970 1801 3563 1867; baseline 0.002 -11"><span class='ocrx_word' id='word_1_247' title='bbox 1970 1801 2321 1857; x_wconf 88' lang='lat' dir='ltr'><strong>solutionibus</strong></span> <span class='ocrx_word' id='word_1_248' title='bbox 2350 1815 2537 1856; x_wconf 90' lang='lat' dir='ltr'><strong>eorum</strong></span> <span class='ocrx_word' id='word_1_249' title='bbox 2569 1801 2765 1867; x_wconf 90' lang='lat' dir='ltr'><strong>tacitis,</strong></span> <span class='ocrx_word' id='word_1_250' title='bbox 2795 1809 2886 1855; x_wconf 89' lang='lat' dir='ltr'><strong>aut</strong></span> <span class='ocrx_word' id='word_1_251' title='bbox 2907 1801 3123 1857; x_wconf 88' lang='lat' dir='ltr'><strong>causis:</strong></span> <span class='ocrx_word' id='word_1_252' title='bbox 3152 1817 3273 1857; x_wconf 90' lang='lat' dir='ltr'><strong>cum</strong></span> <span class='ocrx_word' id='word_1_253' title='bbox 3296 1801 3563 1859; x_wconf 87' lang='lat' dir='ltr'><strong>dictorum</strong></span> 
     </span>
    </p>
   </div>
   <div class='ocr_carea' id='block_1_35' title="bbox 258 1879 1864 1956">
    <p class='ocr_par' dir='ltr' id='par_1_35' title="bbox 258 1879 1864 1956">
     <span class='ocr_line' id='line_1_35' title="bbox 258 1879 1864 1956; baseline 0.005 -21"><span class='ocrx_word' id='word_1_254' title='bbox 258 1879 417 1936; x_wconf 87' lang='lat' dir='ltr'><strong>aliter</strong></span> <span class='ocrx_word' id='word_1_255' title='bbox 440 1888 603 1952; x_wconf 88' lang='lat' dir='ltr'><strong>atque</strong></span> <span class='ocrx_word' id='word_1_256' title='bbox 629 1880 695 1936; x_wconf 91' lang='lat' dir='ltr'><strong>ad</strong></span> <span class='ocrx_word' id='word_1_257' title='bbox 724 1881 866 1937; x_wconf 89' lang='lat' dir='ltr'><strong>aliud</strong></span> <span class='ocrx_word' id='word_1_258' title='bbox 890 1881 1054 1947; x_wconf 91' lang='lat' dir='ltr'><strong>dicta,</strong></span> <span class='ocrx_word' id='word_1_259' title='bbox 1083 1883 1239 1939; x_wconf 90' lang='lat' dir='ltr'><strong>aliter</strong></span> <span class='ocrx_word' id='word_1_260' title='bbox 1259 1892 1423 1956; x_wconf 89' lang='lat' dir='ltr'><strong>atque</strong></span> <span class='ocrx_word' id='word_1_261' title='bbox 1453 1886 1504 1940; x_wconf 89' lang='lat' dir='ltr'><strong>iu</strong></span> <span class='ocrx_word' id='word_1_262' title='bbox 1533 1886 1675 1941; x_wconf 90' lang='lat' dir='ltr'><strong>aliud</strong></span> <span class='ocrx_word' id='word_1_263' title='bbox 1705 1888 1864 1942; x_wconf 88' lang='lat' dir='ltr'><strong>intel-</strong></span> 
     </span>
    </p>
   </div>
   <div class='ocr_carea' id='block_1_36' title="bbox 259 1974 1862 2049">
    <p class='ocr_par' dir='ltr' id='par_1_36' title="bbox 259 1974 1862 2049">
     <span class='ocr_line' id='line_1_36' title="bbox 259 1974 1862 2049; baseline 0.004 -19"><span class='ocrx_word' id='word_1_264' title='bbox 259 1974 471 2047; x_wconf 84' lang='lat' dir='ltr'><strong>ligenda</strong></span> <span class='ocrx_word' id='word_1_265' title='bbox 496 1984 845 2047; x_wconf 88' lang='lat' dir='ltr'><strong>componunt.</strong></span> <span class='ocrx_word' id='word_1_266' title='bbox 871 1976 1138 2048; x_wconf 88' lang='lat' dir='ltr'><strong>Negantes</strong></span> <span class='ocrx_word' id='word_1_267' title='bbox 1162 1980 1338 2049; x_wconf 86' lang='lat' dir='ltr'><strong>itaque</strong></span> <span class='ocrx_word' id='word_1_268' title='bbox 1364 1980 1455 2035; x_wconf 89' lang='lat' dir='ltr'><strong>Dei</strong></span> <span class='ocrx_word' id='word_1_269' title='bbox 1483 1980 1676 2048; x_wconf 85' lang='lat' dir='ltr'><strong>tilium,</strong></span> <span class='ocrx_word' id='word_1_270' title='bbox 1706 1990 1862 2037; x_wconf 86' lang='lat' dir='ltr'><strong>utun-</strong></span> 
     </span>
    </p>
   </div>
   <div class='ocr_carea' id='block_1_37' title="bbox 258 2071 1862 2143">
    <p class='ocr_par' dir='ltr' id='par_1_37' title="bbox 258 2071 1862 2143">
     <span class='ocr_line' id='line_1_37' title="bbox 258 2071 1862 2143; baseline 0.004 -19"><span class='ocrx_word' id='word_1_271' title='bbox 258 2078 342 2125; x_wconf 80' lang='lat' dir='ltr'><strong>tur</strong></span> <span class='ocrx_word' id='word_1_272' title='bbox 369 2084 432 2125; x_wconf 90' lang='lat' dir='ltr'><strong>ea</strong></span> <span class='ocrx_word' id='word_1_273' title='bbox 460 2071 778 2126; x_wconf 86' lang='lat' dir='ltr'><strong>auctoritate</strong></span> <span class='ocrx_word' id='word_1_274' title='bbox 804 2087 908 2143; x_wconf 87' lang='lat' dir='ltr'><strong>qua</strong></span> <span class='ocrx_word' id='word_1_275' title='bbox 941 2072 1138 2129; x_wconf 77' lang='lat' dir='ltr'><strong>dixerit</strong></span> <span class='ocrx_word' id='word_1_276' title='bbox 1167 2091 1179 2128; x_wconf 94' lang='lat'>:</span> <span class='ocrx_word' id='word_1_277' title='bbox 1213 2073 1352 2140; x_wconf 82' lang='lat' dir='ltr'><strong>Quid</strong></span> <span class='ocrx_word' id='word_1_278' title='bbox 1381 2091 1459 2129; x_wconf 89' lang='lat' dir='ltr'><strong>me</strong></span> <span class='ocrx_word' id='word_1_279' title='bbox 1482 2074 1611 2129; x_wconf 84' lang='lat' dir='ltr'><strong>dicis</strong></span> <span class='ocrx_word' id='word_1_280' title='bbox 1642 2075 1862 2131; x_wconf 84' lang='lat' dir='ltr'><strong>bonum?</strong></span> 
     </span>
    </p>
   </div>
   <div class='ocr_carea' id='block_1_38' title="bbox 258 2159 1861 2237">
    <p class='ocr_par' dir='ltr' id='par_1_38' title="bbox 258 2159 1861 2237">
     <span class='ocr_line' id='line_1_38' title="bbox 258 2159 1861 2237; baseline 0.005 -22"><span class='ocrx_word' id='word_1_281' title='bbox 258 2159 430 2216; x_wconf 81' lang='lat' dir='ltr'><strong>Nemo</strong></span> <span class='ocrx_word' id='word_1_282' title='bbox 455 2171 531 2215; x_wconf 85' lang='lat' dir='ltr'><strong>est</strong></span> <span class='ocrx_word' id='word_1_283' title='bbox 561 2161 721 2216; x_wconf 85' lang='lat' dir='ltr'><strong>bonus</strong></span> <span class='ocrx_word' id='word_1_284' title='bbox 745 2163 845 2217; x_wconf 89' lang='lat' dir='ltr'><strong>nisi</strong></span> <span class='ocrx_word' id='word_1_285' title='bbox 864 2179 1000 2219; x_wconf 89' lang='lat' dir='ltr'><strong>unus</strong></span> <span class='ocrx_word' id='word_1_286' title='bbox 1031 2161 1173 2219; x_wconf 84' lang='lat' dir='ltr'><strong>Deus</strong></span> <span class='ocrx_word' id='word_1_287' title='bbox 1194 2163 1387 2237; x_wconf 78' lang='lat' dir='ltr'><strong>(Marc.</strong></span> <span class='ocrx_word' id='word_1_288' title='bbox 1416 2181 1470 2231; x_wconf 80' lang='grc' dir='ltr'><strong>ιι,</strong></span> <span class='ocrx_word' id='word_1_289' title='bbox 1503 2164 1592 2237; x_wconf 79' lang='grc'><strong>18)</strong></span> <span class='ocrx_word' id='word_1_290' title='bbox 1618 2185 1630 2219; x_wconf 96' lang='lat'>:</span> <span class='ocrx_word' id='word_1_291' title='bbox 1658 2177 1712 2220; x_wconf 91' lang='grc' dir='ltr'><strong>ιιι</strong></span> <span class='ocrx_word' id='word_1_292' title='bbox 1738 2168 1861 2237; x_wconf 84' lang='lat' dir='ltr'><strong>quia</strong></span> 
     </span>
    </p>
   </div>
   <div class='ocr_carea' id='block_1_39' title="bbox 256 2252 1859 2330">
    <p class='ocr_par' dir='ltr' id='par_1_39' title="bbox 256 2252 1859 2330">
     <span class='ocr_line' id='line_1_39' title="bbox 256 2252 1859 2330; baseline 0.004 -21"><span class='ocrx_word' id='word_1_293' title='bbox 256 2268 421 2309; x_wconf 87' lang='lat' dir='ltr'><strong>unum</strong></span> <span class='ocrx_word' id='word_1_294' title='bbox 452 2252 622 2308; x_wconf 89' lang='lat' dir='ltr'><strong>Deum</strong></span> <span class='ocrx_word' id='word_1_295' title='bbox 663 2255 930 2324; x_wconf 85' lang='lat' dir='ltr'><strong>professio</strong></span> <span class='ocrx_word' id='word_1_296' title='bbox 967 2255 1084 2324; x_wconf 78' lang='lat' dir='ltr'><strong>ejus</strong></span> <span class='ocrx_word' id='word_1_297' title='bbox 1131 2256 1307 2312; x_wconf 90' lang='lat' dir='ltr'><strong>locuta</strong></span> <span class='ocrx_word' id='word_1_298' title='bbox 1353 2260 1446 2326; x_wconf 91' lang='lat' dir='ltr'><strong>sit,</strong></span> <span class='ocrx_word' id='word_1_299' title='bbox 1492 2258 1748 2330; x_wconf 87' lang='lat' dir='ltr'><strong>quidquid</strong></span> <span class='ocrx_word' id='word_1_300' title='bbox 1792 2260 1859 2315; x_wconf 81' lang='lat' dir='ltr'><strong>il-</strong></span> 
     </span>
    </p>
   </div>
   <div class='ocr_carea' id='block_1_40' title="bbox 256 2346 1860 2423">
    <p class='ocr_par' dir='ltr' id='par_1_40' title="bbox 256 2346 1860 2423">
     <span class='ocr_line' id='line_1_40' title="bbox 256 2346 1860 2423; baseline 0.005 -20"><span class='ocrx_word' id='word_1_301' title='bbox 256 2346 343 2403; x_wconf 91' lang='lat' dir='ltr'><strong>lud</strong></span> <span class='ocrx_word' id='word_1_302' title='bbox 374 2346 448 2420; x_wconf 76' lang='grc' dir='ltr'><strong>(Ῑ)</strong></span> <span class='ocrx_word' id='word_1_303' title='bbox 484 2348 681 2404; x_wconf 81' lang='lat' dir='ltr'><strong>exinde</strong></span> <span class='ocrx_word' id='word_1_304' title='bbox 704 2349 756 2403; x_wconf 87' lang='lat' dir='ltr'><strong>in</strong></span> <span class='ocrx_word' id='word_1_305' title='bbox 792 2349 885 2404; x_wconf 86' lang='lat' dir='ltr'><strong>Dei</strong></span> <span class='ocrx_word' id='word_1_306' title='bbox 921 2351 1140 2407; x_wconf 88' lang='lat' dir='ltr'><strong>nomine</strong></span> <span class='ocrx_word' id='word_1_307' title='bbox 1166 2352 1290 2420; x_wconf 89' lang='lat' dir='ltr'><strong>erit,</strong></span> <span class='ocrx_word' id='word_1_308' title='bbox 1316 2353 1426 2423; x_wconf 89' lang='lat' dir='ltr'><strong>jam</strong></span> <span class='ocrx_word' id='word_1_309' title='bbox 1457 2371 1560 2409; x_wconf 87' lang='lat' dir='ltr'><strong>non</strong></span> <span class='ocrx_word' id='word_1_310' title='bbox 1590 2355 1641 2409; x_wconf 93' lang='lat' dir='ltr'><strong>iu</strong></span> <span class='ocrx_word' id='word_1_311' title='bbox 1668 2365 1860 2412; x_wconf 89' lang='lat' dir='ltr'><strong>natura</strong></span> 
     </span>
    </p>
   </div>
   <div class='ocr_carea' id='block_1_41' title="bbox 258 2445 1861 2524">
    <p class='ocr_par' dir='ltr' id='par_1_41' title="bbox 258 2445 1861 2524">
     <span class='ocr_line' id='line_1_41' title="bbox 258 2445 1861 2524; baseline 0.004 -22"><span class='ocrx_word' id='word_1_312' title='bbox 258 2445 352 2503; x_wconf 87' lang='lat' dir='ltr'><strong>Dei</strong></span> <span class='ocrx_word' id='word_1_313' title='bbox 385 2456 623 2514; x_wconf 87' lang='lat' dir='ltr'><strong>maneat,</strong></span> <span class='ocrx_word' id='word_1_314' title='bbox 662 2447 788 2518; x_wconf 86' lang='lat' dir='ltr'><strong>quia</strong></span> <span class='ocrx_word' id='word_1_315' title='bbox 828 2447 971 2503; x_wconf 91' lang='lat' dir='ltr'><strong>Dens</strong></span> <span class='ocrx_word' id='word_1_316' title='bbox 1012 2464 1150 2504; x_wconf 91' lang='lat' dir='ltr'><strong>unus</strong></span> <span class='ocrx_word' id='word_1_317' title='bbox 1178 2460 1279 2504; x_wconf 86' lang='lat' dir='ltr'><strong>est.</strong></span> <span class='ocrx_word' id='word_1_318' title='bbox 1323 2451 1498 2523; x_wconf 84' lang='lat' dir='ltr'><strong>Atque</strong></span> <span class='ocrx_word' id='word_1_319' title='bbox 1526 2461 1583 2507; x_wconf 92' lang='grc' dir='ltr'><strong>ιιι</strong></span> <span class='ocrx_word' id='word_1_320' title='bbox 1610 2451 1684 2518; x_wconf 89' lang='lat' dir='ltr'><strong>id,</strong></span> <span class='ocrx_word' id='word_1_321' title='bbox 1717 2453 1861 2524; x_wconf 89' lang='lat' dir='ltr'><strong>quod</strong></span> 
     </span>
    </p>
   </div>
   <div class='ocr_carea' id='block_1_42' title="bbox 256 2540 1860 2616">
    <p class='ocr_par' dir='ltr' id='par_1_42' title="bbox 256 2540 1860 2616">
     <span class='ocr_line' id='line_1_42' title="bbox 256 2540 1860 2616; baseline 0.003 -18"><span class='ocrx_word' id='word_1_322' title='bbox 256 2542 377 2613; x_wconf 90' lang='lat' dir='ltr'><strong>ipse</strong></span> <span class='ocrx_word' id='word_1_323' title='bbox 410 2542 551 2598; x_wconf 87' lang='lat' dir='ltr'><strong>Deus</strong></span> <span class='ocrx_word' id='word_1_324' title='bbox 577 2540 796 2610; x_wconf 90' lang='lat' dir='ltr'><strong>dicitur,</strong></span> <span class='ocrx_word' id='word_1_325' title='bbox 821 2544 1222 2614; x_wconf 84' lang='lat' dir='ltr'><strong>nuncupatione</strong></span> <span class='ocrx_word' id='word_1_326' title='bbox 1253 2546 1428 2615; x_wconf 85' lang='lat' dir='ltr'><strong>pctius</strong></span> <span class='ocrx_word' id='word_1_327' title='bbox 1450 2562 1610 2616; x_wconf 91' lang='lat' dir='ltr'><strong>quam</strong></span> <span class='ocrx_word' id='word_1_328' title='bbox 1633 2546 1860 2603; x_wconf 88' lang='lat' dir='ltr'><strong>veritate</strong></span> 
     </span>
    </p>
   </div>
   <div class='ocr_carea' id='block_1_43' title="bbox 259 2634 1861 2710">
    <p class='ocr_par' dir='ltr' id='par_1_43' title="bbox 259 2634 1861 2710">
     <span class='ocr_line' id='line_1_43' title="bbox 259 2634 1861 2710; baseline 0.002 -18"><span class='ocrx_word' id='word_1_329' title='bbox 259 2636 359 2702; x_wconf 79' lang='lat' dir='ltr'><strong>sit;</strong></span> <span class='ocrx_word' id='word_1_330' title='bbox 388 2634 514 2691; x_wconf 89' lang='lat' dir='ltr'><strong>hinc</strong></span> <span class='ocrx_word' id='word_1_331' title='bbox 538 2635 865 2694; x_wconf 83' lang='lat' dir='ltr'><strong>conﬁrmare</strong></span> <span class='ocrx_word' id='word_1_332' title='bbox 893 2637 1155 2704; x_wconf 88' lang='lat' dir='ltr'><strong>nituntur,</strong></span> <span class='ocrx_word' id='word_1_333' title='bbox 1188 2638 1309 2710; x_wconf 84' lang='lat' dir='ltr'><strong>quia</strong></span> <span class='ocrx_word' id='word_1_334' title='bbox 1349 2639 1548 2695; x_wconf 85' lang='lat' dir='ltr'><strong>dixerit</strong></span> <span class='ocrx_word' id='word_1_335' title='bbox 1577 2657 1589 2694; x_wconf 91' lang='lat'><strong>:</strong></span> <span class='ocrx_word' id='word_1_336' title='bbox 1622 2638 1751 2695; x_wconf 71' lang='lat' dir='ltr'><strong>Haec</strong></span> <span class='ocrx_word' id='word_1_337' title='bbox 1789 2649 1861 2695; x_wconf 90' lang='lat' dir='ltr'><strong>est</strong></span> 
     </span>
    </p>
   </div>
   <div class='ocr_carea' id='block_1_44' title="bbox 259 2730 1860 2807">
    <p class='ocr_par' dir='ltr' id='par_1_44' title="bbox 259 2730 1860 2807">
     <span class='ocr_line' id='line_1_44' title="bbox 259 2730 1860 2807; baseline 0.002 -24"><span class='ocrx_word' id='word_1_338' title='bbox 259 2740 431 2784; x_wconf 82' lang='lat' dir='ltr'><strong>autem</strong></span> <span class='ocrx_word' id='word_1_339' title='bbox 465 2730 570 2784; x_wconf 80' lang='lat' dir='ltr'><strong>vita</strong></span> <span class='ocrx_word' id='word_1_340' title='bbox 608 2739 823 2796; x_wconf 76' lang='lat' dir='ltr'><strong>wterna,</strong></span> <span class='ocrx_word' id='word_1_341' title='bbox 853 2740 910 2785; x_wconf 89' lang='lat' dir='ltr'><strong>ut</strong></span> <span class='ocrx_word' id='word_1_342' title='bbox 937 2742 1249 2803; x_wconf 88' lang='lat' dir='ltr'><strong>cognoscant</strong></span> <span class='ocrx_word' id='word_1_343' title='bbox 1276 2742 1325 2788; x_wconf 89' lang='lat' dir='ltr'><strong>te</strong></span> <span class='ocrx_word' id='word_1_344' title='bbox 1370 2731 1451 2807; x_wconf 70' lang='grc' dir='ltr'><strong>(θ)</strong></span> <span class='ocrx_word' id='word_1_345' title='bbox 1478 2732 1645 2788; x_wconf 84' lang='lat' dir='ltr'><strong>solum</strong></span> <span class='ocrx_word' id='word_1_346' title='bbox 1686 2749 1860 2789; x_wconf 83' lang='lat' dir='ltr'><strong>verum</strong></span> 
     </span>
    </p>
   </div>
   <div class='ocr_carea' id='block_1_45' title="bbox 260 2819 1861 2895">
    <p class='ocr_par' dir='ltr' id='par_1_45' title="bbox 260 2819 1861 2895">
     <span class='ocr_line' id='line_1_45' title="bbox 260 2819 1861 2895; baseline 0.003 -20"><span class='ocrx_word' id='word_1_347' title='bbox 260 2819 428 2876; x_wconf 85' lang='lat' dir='ltr'><strong>Deum</strong></span> <span class='ocrx_word' id='word_1_348' title='bbox 459 2819 637 2893; x_wconf 76' lang='lat' dir='ltr'><strong>(Ioan.</strong></span> <span class='ocrx_word' id='word_1_349' title='bbox 666 2838 795 2888; x_wconf 66' lang='grc' dir='ltr'><strong>χιιι,</strong></span> <span class='ocrx_word' id='word_1_350' title='bbox 830 2823 905 2895; x_wconf 74' lang='grc' dir='ltr'><strong>ὅ).</strong></span> <span class='ocrx_word' id='word_1_351' title='bbox 937 2822 1005 2878; x_wconf 84' lang='grc' dir='ltr'><strong>Ει</strong></span> <span class='ocrx_word' id='word_1_352' title='bbox 1041 2834 1098 2878; x_wconf 91' lang='grc' dir='ltr'><strong>ιιι</strong></span> <span class='ocrx_word' id='word_1_353' title='bbox 1133 2832 1283 2879; x_wconf 83' lang='lat' dir='ltr'><strong>extra</strong></span> <span class='ocrx_word' id='word_1_354' title='bbox 1328 2825 1715 2895; x_wconf 84' lang='lat' dir='ltr'><strong>proprietatem</strong></span> <span class='ocrx_word' id='word_1_355' title='bbox 1745 2825 1861 2880; x_wconf 89' lang='lat' dir='ltr'><strong>veri</strong></span> 
     </span>
    </p>
   </div>
   <div class='ocr_carea' id='block_1_46' title="bbox 259 2913 1861 2990">
    <p class='ocr_par' dir='ltr' id='par_1_46' title="bbox 259 2913 1861 2990">
     <span class='ocr_line' id='line_1_46' title="bbox 259 2913 1861 2990; baseline 0.001 -19"><span class='ocrx_word' id='word_1_356' title='bbox 259 2915 350 2971; x_wconf 87' lang='lat' dir='ltr'><strong>Dei</strong></span> <span class='ocrx_word' id='word_1_357' title='bbox 382 2916 477 2980; x_wconf 89' lang='lat' dir='ltr'><strong>sit,</strong></span> <span class='ocrx_word' id='word_1_358' title='bbox 514 2915 567 2971; x_wconf 88' lang='lat' dir='ltr'><strong>id</strong></span> <span class='ocrx_word' id='word_1_359' title='bbox 602 2914 865 2986; x_wconf 85' lang='lat' dir='ltr'><strong>adjiciunt</strong></span> <span class='ocrx_word' id='word_1_360' title='bbox 893 2933 907 2970; x_wconf 90' lang='lat'><strong>:</strong></span> <span class='ocrx_word' id='word_1_361' title='bbox 941 2913 1064 2971; x_wconf 85' lang='lat' dir='ltr'><strong>Non</strong></span> <span class='ocrx_word' id='word_1_362' title='bbox 1094 2926 1258 2990; x_wconf 86' lang='lat' dir='ltr'><strong>potest</strong></span> <span class='ocrx_word' id='word_1_363' title='bbox 1301 2915 1473 2971; x_wconf 80' lang='lat' dir='ltr'><strong>Filius</strong></span> <span class='ocrx_word' id='word_1_364' title='bbox 1504 2921 1676 2990; x_wconf 81' lang='lat' dir='ltr'><strong>facere</strong></span> <span class='ocrx_word' id='word_1_365' title='bbox 1708 2918 1771 2973; x_wconf 89' lang='lat' dir='ltr'><strong>ab</strong></span> <span class='ocrx_word' id='word_1_366' title='bbox 1807 2934 1861 2973; x_wconf 86' lang='lat' dir='ltr'><strong>se</strong></span> 
     </span>
    </p>
   </div>
   <div class='ocr_carea' id='block_1_47' title="bbox 257 3009 1857 3086">
    <p class='ocr_par' dir='ltr' id='par_1_47' title="bbox 257 3009 1857 3086">
     <span class='ocr_line' id='line_1_47' title="bbox 257 3009 1857 3086; baseline 0.004 -24"><span class='ocrx_word' id='word_1_367' title='bbox 257 3009 558 3082; x_wconf 73' lang='lat' dir='ltr'><strong>quidquam,</strong></span> <span class='ocrx_word' id='word_1_368' title='bbox 580 3011 681 3063; x_wconf 84' lang='lat' dir='ltr'><strong>nisi</strong></span> <span class='ocrx_word' id='word_1_369' title='bbox 709 3010 848 3081; x_wconf 86' lang='lat' dir='ltr'><strong>quod</strong></span> <span class='ocrx_word' id='word_1_370' title='bbox 863 3010 1042 3065; x_wconf 81' lang='lat' dir='ltr'><strong>viderit</strong></span> <span class='ocrx_word' id='word_1_371' title='bbox 1063 3009 1273 3065; x_wconf 82' lang='lat' dir='ltr'><strong>Patrem</strong></span> <span class='ocrx_word' id='word_1_372' title='bbox 1295 3012 1568 3082; x_wconf 78' lang='lat' dir='ltr'><strong>facientem</strong></span> <span class='ocrx_word' id='word_1_373' title='bbox 1594 3011 1773 3086; x_wconf 81' lang='lat' dir='ltr'><strong>(Joan.</strong></span> <span class='ocrx_word' id='word_1_374' title='bbox 1804 3029 1857 3079; x_wconf 88' lang='lat' dir='ltr'><strong>v,</strong></span> 
     </span>
    </p>
   </div>
   <div class='ocr_carea' id='block_1_48' title="bbox 260 3099 1861 3181">
    <p class='ocr_par' dir='ltr' id='par_1_48' title="bbox 260 3099 1861 3181">
     <span class='ocr_line' id='line_1_48' title="bbox 260 3099 1861 3181; baseline 0.004 -25"><span class='ocrx_word' id='word_1_375' title='bbox 260 3099 374 3173; x_wconf 75' lang='lat' dir='ltr'><strong>i9).</strong></span> <span class='ocrx_word' id='word_1_376' title='bbox 402 3102 640 3159; x_wconf 88' lang='lat' dir='ltr'><strong>Teutant</strong></span> <span class='ocrx_word' id='word_1_377' title='bbox 671 3119 884 3175; x_wconf 90' lang='lat' dir='ltr'><strong>quoque</strong></span> <span class='ocrx_word' id='word_1_378' title='bbox 924 3113 977 3159; x_wconf 89' lang='lat' dir='ltr'><strong>ct</strong></span> <span class='ocrx_word' id='word_1_379' title='bbox 1008 3104 1137 3159; x_wconf 91' lang='lat' dir='ltr'><strong>illud</strong></span> <span class='ocrx_word' id='word_1_380' title='bbox 1171 3122 1184 3158; x_wconf 93' lang='lat'>:</span> <span class='ocrx_word' id='word_1_381' title='bbox 1216 3104 1371 3159; x_wconf 84' lang='lat' dir='ltr'><strong>Pater</strong></span> <span class='ocrx_word' id='word_1_382' title='bbox 1398 3106 1565 3175; x_wconf 83' lang='lat' dir='ltr'><strong>major</strong></span> <span class='ocrx_word' id='word_1_383' title='bbox 1587 3106 1752 3181; x_wconf 70' lang='lat'><strong>259</strong></span> <span class='ocrx_word' id='word_1_384' title='bbox 1780 3122 1861 3162; x_wconf 86' lang='lat' dir='ltr'><strong>mc</strong></span> 
     </span>
    </p>
   </div>
   <div class='ocr_carea' id='block_1_49' title="bbox 1968 1892 3563 1968">
    <p class='ocr_par' dir='ltr' id='par_1_49' title="bbox 1968 1892 3563 1968">
     <span class='ocr_line' id='line_1_49' title="bbox 1968 1892 3563 1968; baseline 0.001 -19"><span class='ocrx_word' id='word_1_385' title='bbox 1968 1894 2319 1967; x_wconf 83' lang='lat' dir='ltr'><strong>intelligentia</strong></span> <span class='ocrx_word' id='word_1_386' title='bbox 2352 1905 2444 1950; x_wconf 92' lang='lat' dir='ltr'><strong>aut</strong></span> <span class='ocrx_word' id='word_1_387' title='bbox 2479 1892 2544 1950; x_wconf 68' lang='lat' dir='ltr'><strong>e&#39;x</strong></span> <span class='ocrx_word' id='word_1_388' title='bbox 2586 1894 2891 1965; x_wconf 70' lang='lat' dir='ltr'><strong>prmpositis</strong></span> <span class='ocrx_word' id='word_1_389' title='bbox 2933 1903 3023 1949; x_wconf 90' lang='lat' dir='ltr'><strong>aut</strong></span> <span class='ocrx_word' id='word_1_390' title='bbox 3063 1910 3128 1951; x_wconf 81' lang='lat' dir='ltr'><strong>ex</strong></span> <span class='ocrx_word' id='word_1_391' title='bbox 3169 1896 3563 1968; x_wconf 89' lang='lat' dir='ltr'><strong>consequenti-</strong></span> 
     </span>
    </p>
   </div>
   <div class='ocr_carea' id='block_1_50' title="bbox 1967 1986 2502 2060">
    <p class='ocr_par' dir='ltr' id='par_1_50' title="bbox 1967 1986 2502 2060">
     <span class='ocr_line' id='line_1_50' title="bbox 1967 1986 2502 2060; baseline -0.002 -18"><span class='ocrx_word' id='word_1_392' title='bbox 1967 1988 2068 2042; x_wconf 93' lang='lat' dir='ltr'><strong>bus</strong></span> <span class='ocrx_word' id='word_1_393' title='bbox 2093 1986 2163 2060; x_wconf 87' lang='lat' dir='ltr'><strong>(j)</strong></span> <span class='ocrx_word' id='word_1_394' title='bbox 2195 1997 2502 2055; x_wconf 81' lang='lat' dir='ltr'><strong>expetatur.</strong></span> 
     </span>
    </p>
   </div>
   <div class='ocr_carea' id='block_1_51' title="bbox 2038 2078 3568 2137">
    <p class='ocr_par' dir='ltr' id='par_1_51' title="bbox 2038 2078 3568 2137">
     <span class='ocr_line' id='line_1_51' title="bbox 2038 2078 3568 2137; baseline 0 -1"><span class='ocrx_word' id='word_1_395' title='bbox 2038 2082 2093 2136; x_wconf 79' lang='grc'><strong>5.</strong></span> <span class='ocrx_word' id='word_1_396' title='bbox 2122 2078 2357 2135; x_wconf 79' lang='lat' dir='ltr'><strong>Christus</strong></span> <span class='ocrx_word' id='word_1_397' title='bbox 2382 2090 2430 2135; x_wconf 90' lang='lat' dir='ltr'><strong>et</strong></span> <span class='ocrx_word' id='word_1_398' title='bbox 2460 2078 2601 2136; x_wconf 87' lang='lat' dir='ltr'><strong>Deus</strong></span> <span class='ocrx_word' id='word_1_399' title='bbox 2623 2089 2699 2135; x_wconf 85' lang='lat' dir='ltr'><strong>est</strong></span> <span class='ocrx_word' id='word_1_400' title='bbox 2722 2090 2769 2135; x_wconf 89' lang='lat' dir='ltr'><strong>et</strong></span> <span class='ocrx_word' id='word_1_401' title='bbox 2799 2081 2968 2135; x_wconf 81' lang='lat' dir='ltr'><strong>homo.</strong></span> <span class='ocrx_word' id='word_1_402' title='bbox 2988 2080 3269 2137; x_wconf 75' lang='lat' dir='ltr'><strong>Attendunt</strong></span> <span class='ocrx_word' id='word_1_403' title='bbox 3291 2080 3568 2136; x_wconf 86' lang='lat' dir='ltr'><strong>Nestorius</strong></span> 
     </span>
    </p>
   </div>
   <div class='ocr_carea' id='block_1_52' title="bbox 1963 2173 3567 2246">
    <p class='ocr_par' dir='ltr' id='par_1_52' title="bbox 1963 2173 3567 2246">
     <span class='ocr_line' id='line_1_52' title="bbox 1963 2173 3567 2246; baseline 0.001 -17"><span class='ocrx_word' id='word_1_404' title='bbox 1963 2184 2012 2229; x_wconf 90' lang='lat' dir='ltr'><strong>et</strong></span> <span class='ocrx_word' id='word_1_405' title='bbox 2042 2173 2402 2246; x_wconf 72' lang='lat' dir='ltr'><strong>Eutychrs.——</strong></span> <span class='ocrx_word' id='word_1_406' title='bbox 2432 2176 2606 2245; x_wconf 85' lang='lat' dir='ltr'><strong>Atque</strong></span> <span class='ocrx_word' id='word_1_407' title='bbox 2630 2174 2823 2230; x_wconf 88' lang='lat' dir='ltr'><strong>horum</strong></span> <span class='ocrx_word' id='word_1_408' title='bbox 2847 2174 3066 2246; x_wconf 77' lang='lat' dir='ltr'><strong>quidem</strong></span> <span class='ocrx_word' id='word_1_409' title='bbox 3088 2176 3339 2244; x_wconf 88' lang='lat' dir='ltr'><strong>superius</strong></span> <span class='ocrx_word' id='word_1_410' title='bbox 3360 2190 3567 2232; x_wconf 88' lang='lat' dir='ltr'><strong>memo-</strong></span> 
     </span>
    </p>
   </div>
   <div class='ocr_carea' id='block_1_53' title="bbox 1966 2269 3568 2342">
    <p class='ocr_par' dir='ltr' id='par_1_53' title="bbox 1966 2269 3568 2342">
     <span class='ocr_line' id='line_1_53' title="bbox 1966 2269 3568 2342; baseline 0.001 -17"><span class='ocrx_word' id='word_1_411' title='bbox 1966 2278 2205 2325; x_wconf 88' lang='lat' dir='ltr'><strong>ratorum</strong></span> <span class='ocrx_word' id='word_1_412' title='bbox 2235 2269 2500 2324; x_wconf 89' lang='lat' dir='ltr'><strong>rationem</strong></span> <span class='ocrx_word' id='word_1_413' title='bbox 2527 2284 2596 2324; x_wconf 88' lang='lat' dir='ltr'><strong>ex</strong></span> <span class='ocrx_word' id='word_1_414' title='bbox 2620 2269 2752 2340; x_wconf 88' lang='lat' dir='ltr'><strong>ipsis</strong></span> <span class='ocrx_word' id='word_1_415' title='bbox 2772 2269 2854 2324; x_wconf 90' lang='lat' dir='ltr'><strong>vel</strong></span> <span class='ocrx_word' id='word_1_416' title='bbox 2885 2269 3213 2342; x_wconf 89' lang='lat' dir='ltr'><strong>evangelicis</strong></span> <span class='ocrx_word' id='word_1_417' title='bbox 3241 2270 3324 2326; x_wconf 87' lang='lat' dir='ltr'><strong>vel</strong></span> <span class='ocrx_word' id='word_1_418' title='bbox 3347 2280 3568 2342; x_wconf 86' lang='lat' dir='ltr'><strong>aposto-</strong></span> 
     </span>
    </p>
   </div>
   <div class='ocr_carea' id='block_1_54' title="bbox 1964 2362 3567 2435">
    <p class='ocr_par' dir='ltr' id='par_1_54' title="bbox 1964 2362 3567 2435">
     <span class='ocr_line' id='line_1_54' title="bbox 1964 2362 3567 2435; baseline 0.003 -17"><span class='ocrx_word' id='word_1_419' title='bbox 1964 2362 2084 2418; x_wconf 84' lang='lat' dir='ltr'><strong>licis</strong></span> <span class='ocrx_word' id='word_1_420' title='bbox 2115 2362 2543 2433; x_wconf 83' lang='lat' dir='ltr'><strong>professionibus</strong></span> <span class='ocrx_word' id='word_1_421' title='bbox 2577 2362 2649 2435; x_wconf 65' lang='lat' dir='ltr'><strong>(te)</strong></span> <span class='ocrx_word' id='word_1_422' title='bbox 2680 2363 2976 2434; x_wconf 83' lang='lat' dir='ltr'><strong>praestituri</strong></span> <span class='ocrx_word' id='word_1_423' title='bbox 3000 2407 3015 2431; x_wconf 91' lang='lat'><strong>,</strong></span> <span class='ocrx_word' id='word_1_424' title='bbox 3043 2364 3418 2422; x_wconf 83' lang='lat' dir='ltr'><strong>admonendos</strong></span> <span class='ocrx_word' id='word_1_425' title='bbox 3444 2381 3567 2423; x_wconf 89' lang='lat' dir='ltr'><strong>esse</strong></span> 
     </span>
    </p>
   </div>
   <div class='ocr_carea' id='block_1_55' title="bbox 1963 2454 3567 2529">
    <p class='ocr_par' dir='ltr' id='par_1_55' title="bbox 1963 2454 3567 2529">
     <span class='ocr_line' id='line_1_55' title="bbox 1963 2454 3567 2529; baseline 0.002 -19"><span class='ocrx_word' id='word_1_426' title='bbox 1963 2468 2155 2510; x_wconf 89' lang='lat' dir='ltr'><strong>omnes</strong></span> <span class='ocrx_word' id='word_1_427' title='bbox 2183 2456 2488 2510; x_wconf 89' lang='lat' dir='ltr'><strong>communis</strong></span> <span class='ocrx_word' id='word_1_428' title='bbox 2517 2454 2638 2512; x_wconf 89' lang='lat' dir='ltr'><strong>tidei</strong></span> <span class='ocrx_word' id='word_1_429' title='bbox 2667 2457 3043 2512; x_wconf 89' lang='lat' dir='ltr'><strong>existimamus</strong></span> <span class='ocrx_word' id='word_1_430' title='bbox 3069 2474 3081 2510; x_wconf 91' lang='lat'><strong>:</strong></span> <span class='ocrx_word' id='word_1_431' title='bbox 3115 2466 3175 2512; x_wconf 90' lang='lat' dir='ltr'><strong>ut</strong></span> <span class='ocrx_word' id='word_1_432' title='bbox 3212 2457 3264 2513; x_wconf 91' lang='lat' dir='ltr'><strong>in</strong></span> <span class='ocrx_word' id='word_1_433' title='bbox 3305 2473 3408 2529; x_wconf 88' lang='lat' dir='ltr'><strong>qua</strong></span> <span class='ocrx_word' id='word_1_434' title='bbox 3436 2472 3567 2513; x_wconf 89' lang='lat' dir='ltr'><strong>con-</strong></span> 
     </span>
    </p>
   </div>
   <div class='ocr_carea' id='block_1_56' title="bbox 1964 2546 3569 2623">
    <p class='ocr_par' dir='ltr' id='par_1_56' title="bbox 1964 2546 3569 2623">
     <span class='ocr_line' id='line_1_56' title="bbox 1964 2546 3569 2623; baseline 0.003 -21"><span class='ocrx_word' id='word_1_435' title='bbox 1964 2546 2206 2604; x_wconf 85' lang='lat' dir='ltr'><strong>fessione</strong></span> <span class='ocrx_word' id='word_1_436' title='bbox 2245 2548 2519 2603; x_wconf 67' lang='lat' dir='ltr'><strong>aeternitas</strong></span> <span class='ocrx_word' id='word_1_437' title='bbox 2550 2549 2672 2604; x_wconf 68' lang='lat' dir='ltr'><strong>vita:</strong></span> <span class='ocrx_word' id='word_1_438' title='bbox 2701 2560 2806 2613; x_wconf 88' lang='lat' dir='ltr'><strong>est,</strong></span> <span class='ocrx_word' id='word_1_439' title='bbox 2846 2550 2897 2604; x_wconf 90' lang='lat' dir='ltr'><strong>in</strong></span> <span class='ocrx_word' id='word_1_440' title='bbox 2924 2549 3115 2604; x_wconf 88' lang='lat' dir='ltr'><strong>eadem</strong></span> <span class='ocrx_word' id='word_1_441' title='bbox 3151 2551 3221 2606; x_wconf 89' lang='lat' dir='ltr'><strong>sit</strong></span> <span class='ocrx_word' id='word_1_442' title='bbox 3260 2549 3569 2623; x_wconf 83' lang='lat' dir='ltr'><strong>intelligen-</strong></span> 
     </span>
    </p>
   </div>
   <div class='ocr_carea' id='block_1_57' title="bbox 1967 2639 3564 2714">
    <p class='ocr_par' dir='ltr' id='par_1_57' title="bbox 1967 2639 3564 2714">
     <span class='ocr_line' id='line_1_57' title="bbox 1967 2639 3564 2714; baseline 0.003 -19"><span class='ocrx_word' id='word_1_443' title='bbox 1967 2640 2036 2695; x_wconf 89' lang='lat' dir='ltr'><strong>tia</strong></span> <span class='ocrx_word' id='word_1_444' title='bbox 2054 2639 2444 2714; x_wconf 74' lang='lat' dir='ltr'><strong>(t):cternitatis</strong></span> <span class='ocrx_word' id='word_1_445' title='bbox 2463 2642 2584 2710; x_wconf 84' lang='lat' dir='ltr'><strong>(nt).</strong></span> <span class='ocrx_word' id='word_1_446' title='bbox 2603 2640 2785 2697; x_wconf 86' lang='lat' dir='ltr'><strong>Nescit</strong></span> <span class='ocrx_word' id='word_1_447' title='bbox 2811 2641 2967 2711; x_wconf 89' lang='lat' dir='ltr'><strong>plane</strong></span> <span class='ocrx_word' id='word_1_448' title='bbox 2989 2642 3153 2697; x_wconf 87' lang='lat' dir='ltr'><strong>vitam</strong></span> <span class='ocrx_word' id='word_1_449' title='bbox 3173 2658 3347 2711; x_wconf 88' lang='lat' dir='ltr'><strong>suam,</strong></span> <span class='ocrx_word' id='word_1_450' title='bbox 3370 2646 3564 2713; x_wconf 86' lang='lat' dir='ltr'><strong>nescit,</strong></span> 
     </span>
    </p>
   </div>
   <div class='ocr_carea' id='block_1_58' title="bbox 1963 2732 3565 2806">
    <p class='ocr_par' dir='ltr' id='par_1_58' title="bbox 1963 2732 3565 2806">
     <span class='ocr_line' id='line_1_58' title="bbox 1963 2732 3565 2806; baseline 0.002 -17"><span class='ocrx_word' id='word_1_451' title='bbox 1963 2735 2053 2806; x_wconf 90' lang='lat' dir='ltr'><strong>qui</strong></span> <span class='ocrx_word' id='word_1_452' title='bbox 2098 2732 2373 2789; x_wconf 90' lang='lat' dir='ltr'><strong>Christum</strong></span> <span class='ocrx_word' id='word_1_453' title='bbox 2415 2732 2597 2788; x_wconf 85' lang='lat' dir='ltr'><strong>Jesum</strong></span> <span class='ocrx_word' id='word_1_454' title='bbox 2639 2741 2697 2787; x_wconf 92' lang='lat' dir='ltr'><strong>ut</strong></span> <span class='ocrx_word' id='word_1_455' title='bbox 2732 2748 2919 2788; x_wconf 88' lang='lat' dir='ltr'><strong>verum</strong></span> <span class='ocrx_word' id='word_1_456' title='bbox 2963 2733 3131 2789; x_wconf 91' lang='lat' dir='ltr'><strong>Deum</strong></span> <span class='ocrx_word' id='word_1_457' title='bbox 3180 2734 3252 2788; x_wconf 89' lang='lat' dir='ltr'><strong>ita</strong></span> <span class='ocrx_word' id='word_1_458' title='bbox 3290 2743 3344 2789; x_wconf 87' lang='lat' dir='ltr'><strong>et</strong></span> <span class='ocrx_word' id='word_1_459' title='bbox 3377 2750 3565 2792; x_wconf 88' lang='lat' dir='ltr'><strong>verum</strong></span> 
     </span>
    </p>
   </div>
   <div class='ocr_carea' id='block_1_59' title="bbox 1965 2826 3565 2901">
    <p class='ocr_par' dir='ltr' id='par_1_59' title="bbox 1965 2826 3565 2901">
     <span class='ocr_line' id='line_1_59' title="bbox 1965 2826 3565 2901; baseline 0 -18"><span class='ocrx_word' id='word_1_460' title='bbox 1965 2828 2237 2884; x_wconf 87' lang='lat' dir='ltr'><strong>hominem</strong></span> <span class='ocrx_word' id='word_1_461' title='bbox 2268 2826 2346 2901; x_wconf 76' lang='grc'><strong>(1)</strong></span> <span class='ocrx_word' id='word_1_462' title='bbox 2393 2829 2625 2899; x_wconf 89' lang='lat' dir='ltr'><strong>ignorat.</strong></span> <span class='ocrx_word' id='word_1_463' title='bbox 2667 2827 2736 2883; x_wconf 86' lang='lat' dir='ltr'><strong>Et</strong></span> <span class='ocrx_word' id='word_1_464' title='bbox 2780 2828 3021 2899; x_wconf 85' lang='lat' dir='ltr'><strong>ejusdem</strong></span> <span class='ocrx_word' id='word_1_465' title='bbox 3064 2829 3289 2899; x_wconf 90' lang='lat' dir='ltr'><strong>periculi</strong></span> <span class='ocrx_word' id='word_1_466' title='bbox 3332 2845 3421 2886; x_wconf 90' lang='lat' dir='ltr'><strong>res</strong></span> <span class='ocrx_word' id='word_1_467' title='bbox 3459 2839 3565 2898; x_wconf 88' lang='lat' dir='ltr'><strong>est,</strong></span> 
     </span>
    </p>
   </div>
   <div class='ocr_carea' id='block_1_60' title="bbox 1964 2918 3566 2991">
    <p class='ocr_par' dir='ltr' id='par_1_60' title="bbox 1964 2918 3566 2991">
     <span class='ocr_line' id='line_1_60' title="bbox 1964 2918 3566 2991; baseline 0.001 -14"><span class='ocrx_word' id='word_1_468' title='bbox 1964 2920 2235 2977; x_wconf 89' lang='lat' dir='ltr'><strong>Christum</strong></span> <span class='ocrx_word' id='word_1_469' title='bbox 2279 2920 2465 2977; x_wconf 83' lang='lat' dir='ltr'><strong>Jesum</strong></span> <span class='ocrx_word' id='word_1_470' title='bbox 2507 2920 2594 2977; x_wconf 90' lang='lat' dir='ltr'><strong>vel</strong></span> <span class='ocrx_word' id='word_1_471' title='bbox 2643 2918 2905 2991; x_wconf 89' lang='lat' dir='ltr'><strong>Spiritum</strong></span> <span class='ocrx_word' id='word_1_472' title='bbox 2953 2922 3156 2989; x_wconf 91' lang='lat' dir='ltr'><strong>Deum,</strong></span> <span class='ocrx_word' id='word_1_473' title='bbox 3207 2921 3294 2977; x_wconf 85' lang='lat' dir='ltr'><strong>vel</strong></span> <span class='ocrx_word' id='word_1_474' title='bbox 3346 2936 3566 2978; x_wconf 87' lang='lat' dir='ltr'><strong>carnem</strong></span> 
     </span>
    </p>
   </div>
   <div class='ocr_carea' id='block_1_61' title="bbox 1964 3013 3569 3088">
    <p class='ocr_par' dir='ltr' id='par_1_61' title="bbox 1964 3013 3569 3088">
     <span class='ocr_line' id='line_1_61' title="bbox 1964 3013 3569 3088; baseline 0.001 -18"><span class='ocrx_word' id='word_1_475' title='bbox 1964 3015 2134 3071; x_wconf 90' lang='lat' dir='ltr'><strong>nostri</strong></span> <span class='ocrx_word' id='word_1_476' title='bbox 2165 3014 2409 3086; x_wconf 90' lang='lat' dir='ltr'><strong>corporis</strong></span> <span class='ocrx_word' id='word_1_477' title='bbox 2433 3014 2728 3084; x_wconf 88' lang='lat' dir='ltr'><strong>denegare.</strong></span> <span class='ocrx_word' id='word_1_478' title='bbox 2765 3013 2945 3069; x_wconf 77' lang='lat' dir='ltr'><strong>Omnis</strong></span> <span class='ocrx_word' id='word_1_479' title='bbox 2973 3030 3094 3085; x_wconf 89' lang='lat' dir='ltr'><strong>ergo</strong></span> <span class='ocrx_word' id='word_1_480' title='bbox 3120 3013 3202 3088; x_wconf 82' lang='grc' dir='ltr'><strong>(ιι)</strong></span> <span class='ocrx_word' id='word_1_481' title='bbox 3234 3016 3322 3087; x_wconf 90' lang='lat' dir='ltr'><strong>qui</strong></span> <span class='ocrx_word' id='word_1_482' title='bbox 3354 3016 3569 3085; x_wconf 62' lang='lat' dir='ltr'><strong>confitcv</strong></span> 
     </span>
    </p>
   </div>
   <div class='ocr_carea' id='block_1_62' title="bbox 1965 3107 3569 3178">
    <p class='ocr_par' dir='ltr' id='par_1_62' title="bbox 1965 3107 3569 3178">
     <span class='ocr_line' id='line_1_62' title="bbox 1965 3107 3569 3178; baseline -0.004 -13"><span class='ocrx_word' id='word_1_483' title='bbox 1965 3109 2101 3165; x_wconf 87' lang='lat' dir='ltr'><strong>bitur</strong></span> <span class='ocrx_word' id='word_1_484' title='bbox 2126 3124 2207 3162; x_wconf 86' lang='lat' dir='ltr'><strong>me</strong></span> <span class='ocrx_word' id='word_1_485' title='bbox 2228 3124 2402 3162; x_wconf 83' lang='lat' dir='ltr'><strong>coram</strong></span> <span class='ocrx_word' id='word_1_486' title='bbox 2424 3107 2735 3171; x_wconf 83' lang='lat' dir='ltr'><strong>hominibus,</strong></span> <span class='ocrx_word' id='word_1_487' title='bbox 2759 3107 3039 3178; x_wconf 83' lang='lat' dir='ltr'><strong>conﬁtebor</strong></span> <span class='ocrx_word' id='word_1_488' title='bbox 3065 3116 3112 3160; x_wconf 89' lang='lat' dir='ltr'><strong>et</strong></span> <span class='ocrx_word' id='word_1_489' title='bbox 3137 3123 3231 3178; x_wconf 87' lang='lat' dir='ltr'><strong>ego</strong></span> <span class='ocrx_word' id='word_1_490' title='bbox 3258 3122 3374 3160; x_wconf 89' lang='lat' dir='ltr'><strong>eum</strong></span> <span class='ocrx_word' id='word_1_491' title='bbox 3396 3122 3569 3160; x_wconf 89' lang='lat' dir='ltr'><strong>coram</strong></span> 
     </span>
    </p>
   </div>
   <div class='ocr_carea' id='block_1_63' title="bbox 258 3193 3569 3274">
    <p class='ocr_par' dir='ltr' id='par_1_63' title="bbox 258 3193 3569 3274">
     <span class='ocr_line' id='line_1_63' title="bbox 258 3193 3569 3274; baseline 0.001 -24"><span class='ocrx_word' id='word_1_492' title='bbox 258 3203 328 3250; x_wconf 80' lang='lat' dir='ltr'><strong>est</strong></span> <span class='ocrx_word' id='word_1_493' title='bbox 356 3194 541 3268; x_wconf 83' lang='lat' dir='ltr'><strong>(Joan.</strong></span> <span class='ocrx_word' id='word_1_494' title='bbox 570 3211 680 3263; x_wconf 83' lang='lat' dir='ltr'><strong>x1v,</strong></span> <span class='ocrx_word' id='word_1_495' title='bbox 709 3195 826 3269; x_wconf 73' lang='lat'><strong>28).</strong></span> <span class='ocrx_word' id='word_1_496' title='bbox 858 3195 1145 3253; x_wconf 88' lang='lat' dir='ltr'><strong>Postremo</strong></span> <span class='ocrx_word' id='word_1_497' title='bbox 1168 3196 1279 3269; x_wconf 86' lang='lat' dir='ltr'><strong>jam</strong></span> <span class='ocrx_word' id='word_1_498' title='bbox 1322 3207 1592 3269; x_wconf 87' lang='lat' dir='ltr'><strong>tamquam</strong></span> <span class='ocrx_word' id='word_1_499' title='bbox 1623 3199 1853 3256; x_wconf 80' lang='lat' dir='ltr'><strong>indisso-</strong></span> <span class='ocrx_word' id='word_1_500' title='bbox 1886 3193 1931 3255; x_wconf 88' lang='lat' dir='ltr'><strong>C</strong></span> <span class='ocrx_word' id='word_1_501' title='bbox 1966 3210 2111 3273; x_wconf 82' lang='lat' dir='ltr'><strong>patre</strong></span> <span class='ocrx_word' id='word_1_502' title='bbox 2164 3216 2307 3269; x_wconf 89' lang='lat' dir='ltr'><strong>meo,</strong></span> <span class='ocrx_word' id='word_1_503' title='bbox 2355 3201 2443 3274; x_wconf 85' lang='lat' dir='ltr'><strong>qui</strong></span> <span class='ocrx_word' id='word_1_504' title='bbox 2495 3208 2567 3254; x_wconf 84' lang='lat' dir='ltr'><strong>est</strong></span> <span class='ocrx_word' id='word_1_505' title='bbox 2627 3200 2682 3254; x_wconf 90' lang='lat' dir='ltr'><strong>in</strong></span> <span class='ocrx_word' id='word_1_506' title='bbox 2733 3199 2889 3254; x_wconf 70' lang='lat' dir='ltr'><strong>cretis.</strong></span> <span class='ocrx_word' id='word_1_507' title='bbox 2949 3197 3049 3265; x_wconf 87' lang='lat' dir='ltr'><strong>Qui</strong></span> <span class='ocrx_word' id='word_1_508' title='bbox 3100 3209 3266 3254; x_wconf 87' lang='lat' dir='ltr'><strong>autem</strong></span> <span class='ocrx_word' id='word_1_509' title='bbox 3314 3199 3569 3270; x_wconf 79' lang='lat' dir='ltr'><strong>negaverit</strong></span> 
     </span>
    </p>
   </div>
   <div class='ocr_carea' id='block_1_64' title="bbox 326 3357 1708 3434">
    <p class='ocr_par' dir='ltr' id='par_1_64' title="bbox 326 3357 1708 3434">
     <span class='ocr_line' id='line_1_64' title="bbox 326 3357 1708 3434; baseline 0.001 -21"><span class='ocrx_word' id='word_1_510' title='bbox 326 3358 409 3434; x_wconf 84' lang='grc' dir='ltr'><strong>(ι)</strong></span> <span class='ocrx_word' id='word_1_511' title='bbox 442 3357 665 3415; x_wconf 81' lang='lat' dir='ltr'><strong>Addidit</strong></span> <span class='ocrx_word' id='word_1_512' title='bbox 691 3373 722 3414; x_wconf 91' lang='lat' dir='ltr'><strong>e</strong></span> <span class='ocrx_word' id='word_1_513' title='bbox 748 3360 971 3430; x_wconf 89' lang='lat' dir='ltr'><strong>regione</strong></span> <span class='ocrx_word' id='word_1_514' title='bbox 992 3358 1265 3425; x_wconf 88' lang='lat' dir='ltr'><strong>librarius,</strong></span> <span class='ocrx_word' id='word_1_515' title='bbox 1297 3358 1362 3413; x_wconf 87' lang='lat' dir='ltr'><strong>de</strong></span> <span class='ocrx_word' id='word_1_516' title='bbox 1391 3372 1509 3414; x_wconf 82' lang='lat' dir='ltr'><strong>vera</strong></span> <span class='ocrx_word' id='word_1_517' title='bbox 1533 3374 1708 3414; x_wconf 87' lang='lat' dir='ltr'><strong>carne.</strong></span> 
     </span>
    </p>
   </div>
   <div class='ocr_carea' id='block_1_65' title="bbox 260 3497 1850 3567">
    <p class='ocr_par' dir='ltr' id='par_1_65' title="bbox 260 3497 1850 3567">
     <span class='ocr_line' id='line_1_65' title="bbox 260 3497 1850 3567; baseline -0.003 -9"><span class='ocrx_word' id='word_1_518' title='bbox 260 3508 443 3558; x_wconf 82' lang='lat' dir='ltr'><strong>essent</strong></span> <span class='ocrx_word' id='word_1_519' title='bbox 470 3517 485 3553; x_wconf 88' lang='lat'><strong>:</strong></span> <span class='ocrx_word' id='word_1_520' title='bbox 509 3514 632 3556; x_wconf 88' lang='lat' dir='ltr'><strong>eum</strong></span> <span class='ocrx_word' id='word_1_521' title='bbox 665 3497 953 3556; x_wconf 87' lang='lat' dir='ltr'><strong>manifeste</strong></span> <span class='ocrx_word' id='word_1_522' title='bbox 981 3497 1290 3554; x_wconf 87' lang='lat' dir='ltr'><strong>referantur</strong></span> <span class='ocrx_word' id='word_1_523' title='bbox 1316 3497 1382 3553; x_wconf 88' lang='lat' dir='ltr'><strong>ad</strong></span> <span class='ocrx_word' id='word_1_524' title='bbox 1408 3499 1593 3564; x_wconf 83' lang='lat' dir='ltr'><strong>verba,</strong></span> <span class='ocrx_word' id='word_1_525' title='bbox 1619 3499 1673 3553; x_wconf 84' lang='lat' dir='ltr'><strong>id</strong></span> <span class='ocrx_word' id='word_1_526' title='bbox 1691 3500 1850 3567; x_wconf 80' lang='lat' dir='ltr'><strong>quod,</strong></span> 
     </span>
    </p>
   </div>
   <div class='ocr_carea' id='block_1_66' title="bbox 266 3571 1858 3645">
    <p class='ocr_par' dir='ltr' id='par_1_66' title="bbox 266 3571 1858 3645">
     <span class='ocr_line' id='line_1_66' title="bbox 266 3571 1858 3645; baseline -0.001 -18"><span class='ocrx_word' id='word_1_527' title='bbox 266 3588 383 3645; x_wconf 64' lang='lat' dir='ltr'><strong>quae</strong></span> <span class='ocrx_word' id='word_1_528' title='bbox 408 3573 671 3645; x_wconf 75' lang='lat' dir='ltr'><strong>licetnon</strong></span> <span class='ocrx_word' id='word_1_529' title='bbox 712 3572 944 3641; x_wconf 88' lang='lat' dir='ltr'><strong>amplius</strong></span> <span class='ocrx_word' id='word_1_530' title='bbox 982 3572 1230 3645; x_wconf 81' lang='lat' dir='ltr'><strong>repetita,</strong></span> <span class='ocrx_word' id='word_1_531' title='bbox 1266 3572 1419 3625; x_wconf 77' lang='lat' dir='ltr'><strong>facile</strong></span> <span class='ocrx_word' id='word_1_532' title='bbox 1454 3579 1630 3645; x_wconf 86' lang='lat' dir='ltr'><strong>tamen</strong></span> <span class='ocrx_word' id='word_1_533' title='bbox 1659 3571 1858 3645; x_wconf 85' lang='lat' dir='ltr'><strong>intelli-</strong></span> 
     </span>
    </p>
   </div>
   <div class='ocr_carea' id='block_1_67' title="bbox 262 3641 1857 3716">
    <p class='ocr_par' dir='ltr' id='par_1_67' title="bbox 262 3641 1857 3716">
     <span class='ocr_line' id='line_1_67' title="bbox 262 3641 1857 3716; baseline -0.001 -17"><span class='ocrx_word' id='word_1_534' title='bbox 262 3641 458 3716; x_wconf 75' lang='lat' dir='ltr'><strong>guntur</strong></span> <span class='ocrx_word' id='word_1_535' title='bbox 482 3642 709 3716; x_wconf 86' lang='lat' dir='ltr'><strong>subinde</strong></span> <span class='ocrx_word' id='word_1_536' title='bbox 738 3641 1035 3716; x_wconf 83' lang='lat' dir='ltr'><strong>repetenda</strong></span> <span class='ocrx_word' id='word_1_537' title='bbox 1055 3685 1071 3707; x_wconf 94' lang='lat'><strong>,</strong></span> <span class='ocrx_word' id='word_1_538' title='bbox 1104 3643 1243 3716; x_wconf 81' lang='lat' dir='ltr'><strong>sicut</strong></span> <span class='ocrx_word' id='word_1_539' title='bbox 1283 3652 1337 3697; x_wconf 92' lang='lat' dir='ltr'><strong>et</strong></span> <span class='ocrx_word' id='word_1_540' title='bbox 1376 3643 1633 3716; x_wconf 79' lang='lat' dir='ltr'><strong>vocabula</strong></span> <span class='ocrx_word' id='word_1_541' title='bbox 1663 3643 1726 3716; x_wconf 84' lang='lat' dir='ltr'><strong>in</strong></span> <span class='ocrx_word' id='word_1_542' title='bbox 1747 3659 1805 3696; x_wconf 91' lang='lat' dir='ltr'><strong>eo</strong></span> <span class='ocrx_word' id='word_1_543' title='bbox 1837 3658 1857 3698; x_wconf 88' lang='lat'><strong><em>:</em></strong></span> 
     </span>
    </p>
   </div>
   <div class='ocr_carea' id='block_1_68' title="bbox 262 3714 1858 3788">
    <p class='ocr_par' dir='ltr' id='par_1_68' title="bbox 262 3714 1858 3788">
     <span class='ocr_line' id='line_1_68' title="bbox 262 3714 1858 3788; baseline -0.001 -20"><span class='ocrx_word' id='word_1_544' title='bbox 262 3714 312 3775; x_wconf 65' lang='grc' dir='ltr'><strong>ἦ.</strong></span> <span class='ocrx_word' id='word_1_545' title='bbox 340 3733 417 3788; x_wconf 72' lang='lat'><strong>3.,</strong></span> <span class='ocrx_word' id='word_1_546' title='bbox 450 3723 497 3771; x_wconf 88' lang='lat' dir='ltr'><strong>et</strong></span> <span class='ocrx_word' id='word_1_547' title='bbox 530 3714 585 3769; x_wconf 82' lang='lat' dir='ltr'><strong>id</strong></span> <span class='ocrx_word' id='word_1_548' title='bbox 617 3715 755 3788; x_wconf 85' lang='lat' dir='ltr'><strong>quod</strong></span> <span class='ocrx_word' id='word_1_549' title='bbox 795 3732 897 3788; x_wconf 88' lang='lat' dir='ltr'><strong>non</strong></span> <span class='ocrx_word' id='word_1_550' title='bbox 933 3714 1097 3788; x_wconf 81' lang='lat' dir='ltr'><strong>solum</strong></span> <span class='ocrx_word' id='word_1_551' title='bbox 1125 3714 1176 3766; x_wconf 88' lang='lat' dir='ltr'><strong>in</strong></span> <span class='ocrx_word' id='word_1_552' title='bbox 1208 3730 1267 3788; x_wconf 74' lang='lat' dir='ltr'><strong>eo</strong></span> <span class='ocrx_word' id='word_1_553' title='bbox 1297 3723 1487 3780; x_wconf 86' lang='lat' dir='ltr'><strong>manet,</strong></span> <span class='ocrx_word' id='word_1_554' title='bbox 1518 3714 1607 3768; x_wconf 80' lang='lat' dir='ltr'><strong>sed</strong></span> <span class='ocrx_word' id='word_1_555' title='bbox 1636 3723 1681 3767; x_wconf 88' lang='lat' dir='ltr'><strong>et</strong></span> <span class='ocrx_word' id='word_1_556' title='bbox 1707 3714 1762 3788; x_wconf 80' lang='lat' dir='ltr'><strong>in</strong></span> <span class='ocrx_word' id='word_1_557' title='bbox 1799 3730 1858 3788; x_wconf 83' lang='lat' dir='ltr'><strong>eo</strong></span> 
     </span>
    </p>
   </div>
   <div class='ocr_carea' id='block_1_69' title="bbox 264 3784 1861 3859">
    <p class='ocr_par' dir='ltr' id='par_1_69' title="bbox 264 3784 1861 3859">
     <span class='ocr_line' id='line_1_69' title="bbox 264 3784 1861 3859; baseline -0.002 -17"><span class='ocrx_word' id='word_1_558' title='bbox 264 3784 539 3859; x_wconf 55' lang='lat' dir='ltr'><strong>operatur;</strong></span> <span class='ocrx_word' id='word_1_559' title='bbox 567 3796 613 3840; x_wconf 88' lang='lat' dir='ltr'><strong>et</strong></span> <span class='ocrx_word' id='word_1_560' title='bbox 630 3784 695 3840; x_wconf 85' lang='lat' dir='ltr'><strong>id</strong></span> <span class='ocrx_word' id='word_1_561' title='bbox 714 3787 852 3859; x_wconf 72' lang='lat' dir='ltr'><strong>quod</strong></span> <span class='ocrx_word' id='word_1_562' title='bbox 878 3803 980 3839; x_wconf 86' lang='lat' dir='ltr'><strong>non</strong></span> <span class='ocrx_word' id='word_1_563' title='bbox 1008 3784 1176 3840; x_wconf 85' lang='lat' dir='ltr'><strong>solum</strong></span> <span class='ocrx_word' id='word_1_564' title='bbox 1200 3785 1254 3839; x_wconf 89' lang='lat' dir='ltr'><strong>in</strong></span> <span class='ocrx_word' id='word_1_565' title='bbox 1281 3801 1338 3839; x_wconf 91' lang='lat' dir='ltr'><strong>eo</strong></span> <span class='ocrx_word' id='word_1_566' title='bbox 1366 3796 1609 3859; x_wconf 84' lang='lat' dir='ltr'><strong>operatur</strong></span> <span class='ocrx_word' id='word_1_567' title='bbox 1628 3794 1677 3840; x_wconf 87' lang='lat' dir='ltr'><strong>et</strong></span> <span class='ocrx_word' id='word_1_568' title='bbox 1698 3785 1861 3857; x_wconf 87' lang='lat' dir='ltr'><strong>loqui-</strong></span> 
     </span>
    </p>
   </div>
   <div class='ocr_carea' id='block_1_70' title="bbox 264 3858 969 3921">
    <p class='ocr_par' dir='ltr' id='par_1_70' title="bbox 264 3858 969 3921">
     <span class='ocr_line' id='line_1_70' title="bbox 264 3858 969 3921; baseline -0.004 -6"><span class='ocrx_word' id='word_1_569' title='bbox 264 3870 369 3921; x_wconf 74' lang='lat' dir='ltr'><strong>tur,</strong></span> <span class='ocrx_word' id='word_1_570' title='bbox 391 3858 482 3915; x_wconf 79' lang='lat' dir='ltr'><strong>sed</strong></span> <span class='ocrx_word' id='word_1_571' title='bbox 506 3868 555 3913; x_wconf 85' lang='lat' dir='ltr'><strong>et</strong></span> <span class='ocrx_word' id='word_1_572' title='bbox 584 3859 636 3912; x_wconf 86' lang='lat' dir='ltr'><strong>in</strong></span> <span class='ocrx_word' id='word_1_573' title='bbox 660 3858 969 3913; x_wconf 43' lang='lat' dir='ltr'><strong>ea&#39;videtur.</strong></span> 
     </span>
    </p>
   </div>
   <div class='ocr_carea' id='block_1_71' title="bbox 333 3928 1863 4003">
    <p class='ocr_par' dir='ltr' id='par_1_71' title="bbox 333 3928 1863 4003">
     <span class='ocr_line' id='line_1_71' title="bbox 333 3928 1863 4003; baseline -0.005 -16"><span class='ocrx_word' id='word_1_574' title='bbox 333 3932 407 4003; x_wconf 89' lang='lat' dir='ltr'><strong>(a)</strong></span> <span class='ocrx_word' id='word_1_575' title='bbox 428 3930 487 3986; x_wconf 87' lang='lat' dir='ltr'><strong>In</strong></span> <span class='ocrx_word' id='word_1_576' title='bbox 527 3945 634 3985; x_wconf 90' lang='lat' dir='ltr'><strong>uno</strong></span> <span class='ocrx_word' id='word_1_577' title='bbox 663 3944 694 3985; x_wconf 89' lang='lat' dir='ltr'><strong>e</strong></span> <span class='ocrx_word' id='word_1_578' title='bbox 723 3944 852 3984; x_wconf 87' lang='lat' dir='ltr'><strong>mss.</strong></span> <span class='ocrx_word' id='word_1_579' title='bbox 886 3928 1085 3996; x_wconf 81' lang='lat' dir='ltr'><strong>\&#39;atie.,</strong></span> <span class='ocrx_word' id='word_1_580' title='bbox 1118 3928 1606 4003; x_wconf 54' lang='lat' dir='ltr'><strong>virtutisjtirtuteltt,</strong></span> <span class='ocrx_word' id='word_1_581' title='bbox 1620 3937 1667 3980; x_wconf 87' lang='lat' dir='ltr'><strong>et</strong></span> <span class='ocrx_word' id='word_1_582' title='bbox 1694 3937 1863 4003; x_wconf 76' lang='lat' dir='ltr'><strong>potes-</strong></span> 
     </span>
    </p>
   </div>
   <div class='ocr_carea' id='block_1_72' title="bbox 267 3998 1864 4074">
    <p class='ocr_par' dir='ltr' id='par_1_72' title="bbox 267 3998 1864 4074">
     <span class='ocr_line' id='line_1_72' title="bbox 267 3998 1864 4074; baseline -0.002 -18"><span class='ocrx_word' id='word_1_583' title='bbox 267 3998 386 4057; x_wconf 82' lang='lat' dir='ltr'><strong>tatis</strong></span> <span class='ocrx_word' id='word_1_584' title='bbox 401 4012 719 4074; x_wconf 85' lang='lat' dir='ltr'><strong>potestatem,</strong></span> <span class='ocrx_word' id='word_1_585' title='bbox 741 4010 788 4056; x_wconf 92' lang='lat' dir='ltr'><strong>et</strong></span> <span class='ocrx_word' id='word_1_586' title='bbox 810 4010 1009 4074; x_wconf 70' lang='lat' dir='ltr'><strong>natura:</strong></span> <span class='ocrx_word' id='word_1_587' title='bbox 1030 4009 1286 4055; x_wconf 84' lang='lat' dir='ltr'><strong>naturam.</strong></span> <span class='ocrx_word' id='word_1_588' title='bbox 1303 3999 1485 4074; x_wconf 67' lang='lat' dir='ltr'><strong>Virtus</strong></span> <span class='ocrx_word' id='word_1_589' title='bbox 1508 3998 1677 4074; x_wconf 61' lang='lat' dir='ltr'><strong>Eilius</strong></span> <span class='ocrx_word' id='word_1_590' title='bbox 1700 3999 1864 4074; x_wconf 75' lang='lat' dir='ltr'><strong>habet</strong></span> 
     </span>
    </p>
   </div>
   <div class='ocr_carea' id='block_1_73' title="bbox 265 4070 1861 4144">
    <p class='ocr_par' dir='ltr' id='par_1_73' title="bbox 265 4070 1861 4144">
     <span class='ocr_line' id='line_1_73' title="bbox 265 4070 1861 4144; baseline -0.006 -13"><span class='ocrx_word' id='word_1_591' title='bbox 265 4076 316 4131; x_wconf 86' lang='lat' dir='ltr'><strong>in</strong></span> <span class='ocrx_word' id='word_1_592' title='bbox 345 4070 411 4129; x_wconf 77' lang='lat' dir='ltr'><strong>se</strong></span> <span class='ocrx_word' id='word_1_593' title='bbox 449 4074 706 4129; x_wconf 87' lang='lat' dir='ltr'><strong>virtutem</strong></span> <span class='ocrx_word' id='word_1_594' title='bbox 742 4089 863 4144; x_wconf 68' lang='lat' dir='ltr'><strong>qua:</strong></span> <span class='ocrx_word' id='word_1_595' title='bbox 890 4072 1050 4127; x_wconf 89' lang='lat' dir='ltr'><strong>Pater</strong></span> <span class='ocrx_word' id='word_1_596' title='bbox 1076 4082 1160 4127; x_wconf 90' lang='lat' dir='ltr'><strong>est</strong></span> <span class='ocrx_word' id='word_1_597' title='bbox 1190 4088 1204 4125; x_wconf 89' lang='lat'><strong>:</strong></span> <span class='ocrx_word' id='word_1_598' title='bbox 1235 4072 1382 4144; x_wconf 70' lang='lat' dir='ltr'><strong>quia,</strong></span> <span class='ocrx_word' id='word_1_599' title='bbox 1415 4081 1470 4124; x_wconf 94' lang='lat' dir='ltr'><strong>ut</strong></span> <span class='ocrx_word' id='word_1_600' title='bbox 1498 4070 1694 4124; x_wconf 90' lang='lat' dir='ltr'><strong>dicitur</strong></span> <span class='ocrx_word' id='word_1_601' title='bbox 1722 4070 1861 4123; x_wconf 89' lang='lat' dir='ltr'><strong>libro</strong></span> 
     </span>
    </p>
   </div>
   <div class='ocr_carea' id='block_1_74' title="bbox 266 4142 1859 4215">
    <p class='ocr_par' dir='ltr' id='par_1_74' title="bbox 266 4142 1859 4215">
     <span class='ocr_line' id='line_1_74' title="bbox 266 4142 1859 4215; baseline -0.006 -15"><span class='ocrx_word' id='word_1_602' title='bbox 266 4148 568 4215; x_wconf 87' lang='lat' dir='ltr'><strong>superiore,</strong></span> <span class='ocrx_word' id='word_1_603' title='bbox 597 4142 893 4209; x_wconf 67' lang='lat' dir='ltr'><strong>n.2-i,non</strong></span> <span class='ocrx_word' id='word_1_604' title='bbox 914 4144 1056 4199; x_wconf 87' lang='lat' dir='ltr'><strong>aliud</strong></span> <span class='ocrx_word' id='word_1_605' title='bbox 1080 4153 1205 4198; x_wconf 90' lang='lat' dir='ltr'><strong>sunt</strong></span> <span class='ocrx_word' id='word_1_606' title='bbox 1224 4145 1281 4215; x_wconf 78' lang='lat' dir='ltr'><strong>in</strong></span> <span class='ocrx_word' id='word_1_607' title='bbox 1310 4142 1421 4215; x_wconf 71' lang='grc' dir='ltr'><strong>Ι)ςο</strong></span> <span class='ocrx_word' id='word_1_608' title='bbox 1450 4156 1568 4212; x_wconf 84' lang='lat' dir='ltr'><strong>quae</strong></span> <span class='ocrx_word' id='word_1_609' title='bbox 1594 4154 1690 4194; x_wconf 90' lang='lat' dir='ltr'><strong>sua</strong></span> <span class='ocrx_word' id='word_1_610' title='bbox 1710 4152 1859 4215; x_wconf 66' lang='lat' dir='ltr'><strong>sunt,</strong></span> 
     </span>
    </p>
   </div>
   <div class='ocr_carea' id='block_1_75' title="bbox 267 4208 1858 4289">
    <p class='ocr_par' dir='ltr' id='par_1_75' title="bbox 267 4208 1858 4289">
     <span class='ocr_line' id='line_1_75' title="bbox 267 4208 1858 4289; baseline -0.004 -17"><span class='ocrx_word' id='word_1_611' title='bbox 267 4208 427 4289; x_wconf 59' lang='lat' dir='ltr'><strong>quam</strong></span> <span class='ocrx_word' id='word_1_612' title='bbox 453 4208 594 4287; x_wconf 81' lang='lat' dir='ltr'><strong>quod</strong></span> <span class='ocrx_word' id='word_1_613' title='bbox 635 4228 717 4272; x_wconf 86' lang='lat' dir='ltr'><strong>est</strong></span> <span class='ocrx_word' id='word_1_614' title='bbox 759 4216 873 4287; x_wconf 90' lang='lat' dir='ltr'><strong>ipse</strong></span> <span class='ocrx_word' id='word_1_615' title='bbox 904 4232 918 4269; x_wconf 84' lang='lat'><strong>:</strong></span> <span class='ocrx_word' id='word_1_616' title='bbox 951 4226 1007 4270; x_wconf 93' lang='lat' dir='ltr'><strong>et</strong></span> <span class='ocrx_word' id='word_1_617' title='bbox 1037 4230 1183 4289; x_wconf 77' lang='lat' dir='ltr'><strong>num.</strong></span> <span class='ocrx_word' id='word_1_618' title='bbox 1214 4214 1284 4289; x_wconf 65' lang='lat'><strong>26</strong></span> <span class='ocrx_word' id='word_1_619' title='bbox 1313 4231 1327 4266; x_wconf 89' lang='lat'><strong>:</strong></span> <span class='ocrx_word' id='word_1_620' title='bbox 1361 4208 1689 4268; x_wconf 56' lang='lat' dir='ltr'><strong>Res&#39;natura:</strong></span> <span class='ocrx_word' id='word_1_621' title='bbox 1727 4208 1776 4262; x_wconf 83' lang='lat' dir='ltr'><strong><em>F</em></strong></span> <span class='ocrx_word' id='word_1_622' title='bbox 1781 4212 1858 4266; x_wconf 88' lang='lat' dir='ltr'><strong>itii</strong></span> 
     </span>
    </p>
   </div>
   <div class='ocr_carea' id='block_1_76' title="bbox 266 4285 1403 4355">
    <p class='ocr_par' dir='ltr' id='par_1_76' title="bbox 266 4285 1403 4355">
     <span class='ocr_line' id='line_1_76' title="bbox 266 4285 1403 4355; baseline -0.005 -11"><span class='ocrx_word' id='word_1_623' title='bbox 266 4285 334 4344; x_wconf 69' lang='lat' dir='ltr'><strong>est</strong></span> <span class='ocrx_word' id='word_1_624' title='bbox 352 4304 379 4355; x_wconf 86' lang='lat'><em>;</em></span> <span class='ocrx_word' id='word_1_625' title='bbox 403 4285 487 4343; x_wconf 80' lang='lat' dir='ltr'><strong>sed</strong></span> <span class='ocrx_word' id='word_1_626' title='bbox 509 4288 690 4344; x_wconf 80' lang='lat' dir='ltr'><strong>eadem</strong></span> <span class='ocrx_word' id='word_1_627' title='bbox 717 4285 799 4342; x_wconf 78' lang='lat' dir='ltr'><strong>res</strong></span> <span class='ocrx_word' id='word_1_628' title='bbox 818 4296 863 4340; x_wconf 86' lang='lat' dir='ltr'><strong>et</strong></span> <span class='ocrx_word' id='word_1_629' title='bbox 884 4297 1083 4341; x_wconf 69' lang='lat' dir='ltr'><strong>natura:</strong></span> <span class='ocrx_word' id='word_1_630' title='bbox 1112 4285 1283 4339; x_wconf 83' lang='lat' dir='ltr'><strong>Patris</strong></span> <span class='ocrx_word' id='word_1_631' title='bbox 1310 4295 1403 4339; x_wconf 84' lang='lat' dir='ltr'><strong>est.</strong></span> 
     </span>
    </p>
   </div>
   <div class='ocr_carea' id='block_1_77' title="bbox 334 4354 1859 4429">
    <p class='ocr_par' dir='ltr' id='par_1_77' title="bbox 334 4354 1859 4429">
     <span class='ocr_line' id='line_1_77' title="bbox 334 4354 1859 4429; baseline -0.002 -17"><span class='ocrx_word' id='word_1_632' title='bbox 334 4359 419 4428; x_wconf 68' lang='lat' dir='ltr'><strong>(li)</strong></span> <span class='ocrx_word' id='word_1_633' title='bbox 448 4360 600 4428; x_wconf 78' lang='lat' dir='ltr'><strong>Apud</strong></span> <span class='ocrx_word' id='word_1_634' title='bbox 631 4359 785 4422; x_wconf 86' lang='lat' dir='ltr'><strong>Bad.,</strong></span> <span class='ocrx_word' id='word_1_635' title='bbox 826 4358 921 4412; x_wconf 88' lang='lat' dir='ltr'><strong>Er.</strong></span> <span class='ocrx_word' id='word_1_636' title='bbox 951 4357 1085 4412; x_wconf 89' lang='lat' dir='ltr'><strong>etin</strong></span> <span class='ocrx_word' id='word_1_637' title='bbox 1113 4372 1216 4429; x_wconf 86' lang='lat' dir='ltr'><strong>ms.</strong></span> <span class='ocrx_word' id='word_1_638' title='bbox 1252 4356 1368 4411; x_wconf 81' lang='lat' dir='ltr'><strong>Vat.</strong></span> <span class='ocrx_word' id='word_1_639' title='bbox 1399 4357 1540 4420; x_wconf 88' lang='lat' dir='ltr'><strong>bas.,</strong></span> <span class='ocrx_word' id='word_1_640' title='bbox 1570 4371 1662 4429; x_wconf 87' lang='lat' dir='ltr'><strong>per</strong></span> <span class='ocrx_word' id='word_1_641' title='bbox 1694 4354 1859 4429; x_wconf 80' lang='lat' dir='ltr'><strong>ipsius</strong></span> 
     </span>
    </p>
   </div>
   <div class='ocr_carea' id='block_1_78' title="bbox 266 4427 1859 4503">
    <p class='ocr_par' dir='ltr' id='par_1_78' title="bbox 266 4427 1859 4503">
     <span class='ocr_line' id='line_1_78' title="bbox 266 4427 1859 4503; baseline -0.003 -19"><span class='ocrx_word' id='word_1_642' title='bbox 266 4427 556 4503; x_wconf 71' lang='lat' dir='ltr'><strong>imaginem.</strong></span> <span class='ocrx_word' id='word_1_643' title='bbox 594 4430 725 4488; x_wconf 59' lang='lat' dir='ltr'><strong>Haec</strong></span> <span class='ocrx_word' id='word_1_644' title='bbox 753 4431 824 4503; x_wconf 83' lang='lat' dir='ltr'><strong>ita</strong></span> <span class='ocrx_word' id='word_1_645' title='bbox 858 4428 1205 4503; x_wconf 66' lang='lat' dir='ltr'><strong>intelligenda</strong></span> <span class='ocrx_word' id='word_1_646' title='bbox 1240 4444 1253 4481; x_wconf 91' lang='lat'><strong>:</strong></span> <span class='ocrx_word' id='word_1_647' title='bbox 1287 4437 1460 4503; x_wconf 76' lang='lat' dir='ltr'><strong>tenens</strong></span> <span class='ocrx_word' id='word_1_648' title='bbox 1498 4427 1588 4495; x_wconf 73' lang='lat' dir='ltr'><strong>per</strong></span> <span class='ocrx_word' id='word_1_649' title='bbox 1617 4427 1859 4503; x_wconf 54' lang='lat' dir='ltr'><strong>nativita-</strong></span> 
     </span>
    </p>
   </div>
   <div class='ocr_carea' id='block_1_79' title="bbox 268 4497 1859 4568">
    <p class='ocr_par' dir='ltr' id='par_1_79' title="bbox 268 4497 1859 4568">
     <span class='ocr_line' id='line_1_79' title="bbox 268 4497 1859 4568; baseline -0.004 -11"><span class='ocrx_word' id='word_1_650' title='bbox 268 4497 398 4566; x_wconf 61' lang='lat' dir='ltr'><strong>tem;</strong></span> <span class='ocrx_word' id='word_1_651' title='bbox 417 4516 509 4558; x_wconf 84' lang='lat' dir='ltr'><strong>seu</strong></span> <span class='ocrx_word' id='word_1_652' title='bbox 532 4511 595 4558; x_wconf 91' lang='lat' dir='ltr'><strong>ut</strong></span> <span class='ocrx_word' id='word_1_653' title='bbox 618 4502 833 4559; x_wconf 87' lang='lat' dir='ltr'><strong>soboles</strong></span> <span class='ocrx_word' id='word_1_654' title='bbox 866 4497 1060 4565; x_wconf 71' lang='lat' dir='ltr'><strong>Patris,</strong></span> <span class='ocrx_word' id='word_1_655' title='bbox 1087 4502 1202 4568; x_wconf 83' lang='lat' dir='ltr'><strong>ipsa</strong></span> <span class='ocrx_word' id='word_1_656' title='bbox 1235 4499 1373 4568; x_wconf 82' lang='lat' dir='ltr'><strong>quod</strong></span> <span class='ocrx_word' id='word_1_657' title='bbox 1402 4515 1572 4563; x_wconf 85' lang='lat' dir='ltr'><strong>suum,</strong></span> <span class='ocrx_word' id='word_1_658' title='bbox 1602 4508 1728 4568; x_wconf 86' lang='lat' dir='ltr'><strong>puta</strong></span> <span class='ocrx_word' id='word_1_659' title='bbox 1757 4497 1859 4551; x_wconf 86' lang='lat' dir='ltr'><strong>Pa-</strong></span> 
     </span>
    </p>
   </div>
   <div class='ocr_carea' id='block_1_80' title="bbox 269 4571 1858 4647">
    <p class='ocr_par' dir='ltr' id='par_1_80' title="bbox 269 4571 1858 4647">
     <span class='ocr_line' id='line_1_80' title="bbox 269 4571 1858 4647; baseline -0.001 -20"><span class='ocrx_word' id='word_1_660' title='bbox 269 4573 397 4638; x_wconf 86' lang='lat' dir='ltr'><strong>tris,</strong></span> <span class='ocrx_word' id='word_1_661' title='bbox 425 4584 534 4647; x_wconf 75' lang='lat' dir='ltr'><strong>est;</strong></span> <span class='ocrx_word' id='word_1_662' title='bbox 558 4587 611 4631; x_wconf 86' lang='lat' dir='ltr'><strong>et</strong></span> <span class='ocrx_word' id='word_1_663' title='bbox 638 4591 731 4647; x_wconf 84' lang='lat' dir='ltr'><strong>per</strong></span> <span class='ocrx_word' id='word_1_664' title='bbox 757 4573 1052 4647; x_wconf 62' lang='lat' dir='ltr'><strong>imaginem,</strong></span> <span class='ocrx_word' id='word_1_665' title='bbox 1079 4586 1179 4647; x_wconf 77' lang='lat' dir='ltr'><strong>seu</strong></span> <span class='ocrx_word' id='word_1_666' title='bbox 1207 4579 1471 4647; x_wconf 76' lang='lat' dir='ltr'><strong>quatenus</strong></span> <span class='ocrx_word' id='word_1_667' title='bbox 1497 4571 1674 4641; x_wconf 86' lang='lat' dir='ltr'><strong>imago</strong></span> <span class='ocrx_word' id='word_1_668' title='bbox 1690 4584 1858 4647; x_wconf 35' lang='lat' dir='ltr'><strong>.Aqlm</strong></span> 
     </span>
    </p>
   </div>
   <div class='ocr_carea' id='block_1_81' title="bbox 267 4630 1940 4714">
    <p class='ocr_par' dir='ltr' id='par_1_81' title="bbox 267 4630 1940 4714">
     <span class='ocr_line' id='line_1_81' title="bbox 267 4630 1940 4714; baseline -0.004 -14"><span class='ocrx_word' id='word_1_669' title='bbox 267 4661 331 4700; x_wconf 67' lang='lat' dir='ltr'><strong>ex</strong></span> <span class='ocrx_word' id='word_1_670' title='bbox 381 4630 447 4707; x_wconf 70' lang='lat' dir='ltr'><strong>ie.</strong></span> <span class='ocrx_word' id='word_1_671' title='bbox 475 4645 525 4701; x_wconf 90' lang='lat' dir='ltr'><strong>id</strong></span> <span class='ocrx_word' id='word_1_672' title='bbox 549 4630 656 4710; x_wconf 61' lang='lat' dir='ltr'><strong>eSt&#39;,</strong></span> <span class='ocrx_word' id='word_1_673' title='bbox 694 4661 759 4701; x_wconf 78' lang='lat' dir='ltr'><strong>ex</strong></span> <span class='ocrx_word' id='word_1_674' title='bbox 795 4630 912 4714; x_wconf 65' lang='lat' dir='ltr'><strong>ipsa</strong></span> <span class='ocrx_word' id='word_1_675' title='bbox 949 4630 1123 4698; x_wconf 67' lang='lat' dir='ltr'><strong>Putris</strong></span> <span class='ocrx_word' id='word_1_676' title='bbox 1152 4630 1452 4697; x_wconf 86' lang='lat' dir='ltr'><strong>substantia</strong></span> <span class='ocrx_word' id='word_1_677' title='bbox 1483 4650 1566 4697; x_wconf 88' lang='lat' dir='ltr'><strong>est</strong></span> <span class='ocrx_word' id='word_1_678' title='bbox 1585 4630 1860 4713; x_wconf 49' lang='lat' dir='ltr'><strong>,Vreferens</strong></span> <span class='ocrx_word' id='word_1_679' title='bbox 1885 4630 1940 4693; x_wconf 86' lang='grc' dir='ltr'><strong>Ι)</strong></span> 
     </span>
    </p>
   </div>
   <div class='ocr_carea' id='block_1_82' title="bbox 270 4714 1261 4785">
    <p class='ocr_par' dir='ltr' id='par_1_82' title="bbox 270 4714 1261 4785">
     <span class='ocr_line' id='line_1_82' title="bbox 270 4714 1261 4785; baseline -0.005 -14"><span class='ocrx_word' id='word_1_680' title='bbox 270 4718 411 4785; x_wconf 81' lang='lat' dir='ltr'><strong>quod</strong></span> <span class='ocrx_word' id='word_1_681' title='bbox 433 4717 485 4772; x_wconf 87' lang='lat' dir='ltr'><strong>in</strong></span> <span class='ocrx_word' id='word_1_682' title='bbox 503 4735 579 4785; x_wconf 85' lang='lat' dir='ltr'><strong>se,</strong></span> <span class='ocrx_word' id='word_1_683' title='bbox 608 4717 727 4772; x_wconf 89' lang='lat' dir='ltr'><strong>scil.</strong></span> <span class='ocrx_word' id='word_1_684' title='bbox 758 4717 811 4771; x_wconf 90' lang='lat' dir='ltr'><strong>in</strong></span> <span class='ocrx_word' id='word_1_685' title='bbox 834 4716 950 4785; x_wconf 85' lang='lat' dir='ltr'><strong>ipso</strong></span> <span class='ocrx_word' id='word_1_686' title='bbox 974 4714 1137 4770; x_wconf 87' lang='lat' dir='ltr'><strong>Patre</strong></span> <span class='ocrx_word' id='word_1_687' title='bbox 1164 4723 1261 4768; x_wconf 83' lang='lat' dir='ltr'><strong>est.</strong></span> 
     </span>
    </p>
   </div>
   <div class='ocr_carea' id='block_1_83' title="bbox 344 4785 1186 4861">
    <p class='ocr_par' dir='ltr' id='par_1_83' title="bbox 344 4785 1186 4861">
     <span class='ocr_line' id='line_1_83' title="bbox 344 4785 1186 4861; baseline -0.002 -19"><span class='ocrx_word' id='word_1_688' title='bbox 344 4786 425 4861; x_wconf 77' lang='grc' dir='ltr'><strong>(ι)</strong></span> <span class='ocrx_word' id='word_1_689' title='bbox 458 4789 577 4861; x_wconf 74' lang='lat' dir='ltr'><strong>Par.</strong></span> <span class='ocrx_word' id='word_1_690' title='bbox 607 4790 683 4842; x_wconf 86' lang='lat' dir='ltr'><strong>ita</strong></span> <span class='ocrx_word' id='word_1_691' title='bbox 711 4797 766 4841; x_wconf 88' lang='lat' dir='ltr'><strong>ut</strong></span> <span class='ocrx_word' id='word_1_692' title='bbox 790 4787 843 4841; x_wconf 88' lang='lat' dir='ltr'><strong>in</strong></span> <span class='ocrx_word' id='word_1_693' title='bbox 864 4802 919 4861; x_wconf 87' lang='lat' dir='ltr'><strong>s_e</strong></span> <span class='ocrx_word' id='word_1_694' title='bbox 935 4785 1186 4861; x_wconf 54' lang='lat' dir='ltr'><strong>trabeam.</strong></span> 
     </span>
    </p>
   </div>
   <div class='ocr_carea' id='block_1_84' title="bbox 345 4853 1861 4931">
    <p class='ocr_par' dir='ltr' id='par_1_84' title="bbox 345 4853 1861 4931">
     <span class='ocr_line' id='line_1_84' title="bbox 345 4853 1861 4931; baseline -0.002 -19"><span class='ocrx_word' id='word_1_695' title='bbox 345 4853 428 4931; x_wconf 72' lang='grc' dir='ltr'><strong>(α’)</strong></span> <span class='ocrx_word' id='word_1_696' title='bbox 458 4859 568 4915; x_wconf 91' lang='lat' dir='ltr'><strong>Duo</strong></span> <span class='ocrx_word' id='word_1_697' title='bbox 600 4875 734 4915; x_wconf 90' lang='lat' dir='ltr'><strong>mss.</strong></span> <span class='ocrx_word' id='word_1_698' title='bbox 766 4857 902 4931; x_wconf 76' lang='lat' dir='ltr'><strong>quod</strong></span> <span class='ocrx_word' id='word_1_699' title='bbox 924 4855 1063 4931; x_wconf 79' lang='lat' dir='ltr'><strong>Deus</strong></span> <span class='ocrx_word' id='word_1_700' title='bbox 1088 4867 1180 4912; x_wconf 91' lang='lat' dir='ltr'><strong>est.</strong></span> <span class='ocrx_word' id='word_1_701' title='bbox 1211 4854 1349 4911; x_wconf 85' lang='lat' dir='ltr'><strong>Tum</strong></span> <span class='ocrx_word' id='word_1_702' title='bbox 1371 4854 1493 4911; x_wconf 83' lang='lat' dir='ltr'><strong>Vat.</strong></span> <span class='ocrx_word' id='word_1_703' title='bbox 1525 4854 1639 4931; x_wconf 84' lang='lat' dir='ltr'><strong>bas.</strong></span> <span class='ocrx_word' id='word_1_704' title='bbox 1665 4853 1861 4931; x_wconf 81' lang='lat' dir='ltr'><strong>codcx_,</strong></span> 
     </span>
    </p>
   </div>
   <div class='ocr_carea' id='block_1_85' title="bbox 272 4927 1863 4999">
    <p class='ocr_par' dir='ltr' id='par_1_85' title="bbox 272 4927 1863 4999">
     <span class='ocr_line' id='line_1_85' title="bbox 272 4927 1863 4999; baseline -0.003 -15"><span class='ocrx_word' id='word_1_705' title='bbox 272 4940 329 4985; x_wconf 74' lang='lat' dir='ltr'><strong>ut</strong></span> <span class='ocrx_word' id='word_1_706' title='bbox 347 4927 573 4997; x_wconf 63' lang='lat' dir='ltr'><strong>uiuentis,</strong></span> <span class='ocrx_word' id='word_1_707' title='bbox 603 4948 712 4987; x_wconf 91' lang='lat' dir='ltr'><strong>non</strong></span> <span class='ocrx_word' id='word_1_708' title='bbox 739 4927 809 4985; x_wconf 77' lang='lat' dir='ltr'><strong>et.</strong></span> <span class='ocrx_word' id='word_1_709' title='bbox 834 4929 961 4984; x_wconf 76' lang='lat' dir='ltr'><strong>Dua:</strong></span> <span class='ocrx_word' id='word_1_710' title='bbox 991 4929 1080 4984; x_wconf 90' lang='lat' dir='ltr'><strong>hic</strong></span> <span class='ocrx_word' id='word_1_711' title='bbox 1109 4935 1401 4999; x_wconf 82' lang='lat' dir='ltr'><strong>tanguntur</strong></span> <span class='ocrx_word' id='word_1_712' title='bbox 1440 4927 1710 4999; x_wconf 88' lang='lat' dir='ltr'><strong>rationes,</strong></span> <span class='ocrx_word' id='word_1_713' title='bbox 1734 4927 1863 4999; x_wconf 85' lang='lat' dir='ltr'><strong>qui-</strong></span> 
     </span>
    </p>
   </div>
   <div class='ocr_carea' id='block_1_86' title="bbox 272 4997 1860 5068">
    <p class='ocr_par' dir='ltr' id='par_1_86' title="bbox 272 4997 1860 5068">
     <span class='ocr_line' id='line_1_86' title="bbox 272 4997 1860 5068; baseline -0.004 -11"><span class='ocrx_word' id='word_1_714' title='bbox 272 5003 382 5057; x_wconf 87' lang='lat' dir='ltr'><strong>bus</strong></span> <span class='ocrx_word' id='word_1_715' title='bbox 405 5000 675 5059; x_wconf 81' lang='lat' dir='ltr'><strong>Chrismm</strong></span> <span class='ocrx_word' id='word_1_716' title='bbox 706 5003 873 5058; x_wconf 89' lang='lat' dir='ltr'><strong>Deum</strong></span> <span class='ocrx_word' id='word_1_717' title='bbox 906 5015 1028 5056; x_wconf 91' lang='lat' dir='ltr'><strong>esse</strong></span> <span class='ocrx_word' id='word_1_718' title='bbox 1056 4997 1351 5056; x_wconf 82' lang='lat' dir='ltr'><strong>doceamur</strong></span> <span class='ocrx_word' id='word_1_719' title='bbox 1379 5015 1391 5051; x_wconf 90' lang='lat'><strong>:</strong></span> <span class='ocrx_word' id='word_1_720' title='bbox 1421 4998 1589 5066; x_wconf 88' lang='lat' dir='ltr'><strong>prima</strong></span> <span class='ocrx_word' id='word_1_721' title='bbox 1620 4997 1860 5068; x_wconf 89' lang='lat' dir='ltr'><strong>quidem,</strong></span> 
     </span>
    </p>
   </div>
   <div class='ocr_carea' id='block_1_87' title="bbox 274 5069 1863 5145">
    <p class='ocr_par' dir='ltr' id='par_1_87' title="bbox 274 5069 1863 5145">
     <span class='ocr_line' id='line_1_87' title="bbox 274 5069 1863 5145; baseline -0.003 -19"><span class='ocrx_word' id='word_1_722' title='bbox 274 5073 416 5145; x_wconf 86' lang='lat' dir='ltr'><strong>quod</strong></span> <span class='ocrx_word' id='word_1_723' title='bbox 441 5083 692 5130; x_wconf 85' lang='lat' dir='ltr'><strong>nascatur</strong></span> <span class='ocrx_word' id='word_1_724' title='bbox 716 5090 780 5130; x_wconf 80' lang='lat' dir='ltr'><strong>ex</strong></span> <span class='ocrx_word' id='word_1_725' title='bbox 809 5072 942 5135; x_wconf 86' lang='lat' dir='ltr'><strong>Deo,</strong></span> <span class='ocrx_word' id='word_1_726' title='bbox 970 5071 1305 5145; x_wconf 66' lang='lat' dir='ltr'><strong>proindeque</strong></span> <span class='ocrx_word' id='word_1_727' title='bbox 1330 5079 1421 5124; x_wconf 87' lang='lat' dir='ltr'><strong>aut</strong></span> <span class='ocrx_word' id='word_1_728' title='bbox 1450 5069 1617 5145; x_wconf 84' lang='lat' dir='ltr'><strong>Deus,</strong></span> <span class='ocrx_word' id='word_1_729' title='bbox 1635 5078 1741 5145; x_wconf 85' lang='lat' dir='ltr'><strong>_aut</strong></span> <span class='ocrx_word' id='word_1_730' title='bbox 1767 5069 1863 5145; x_wconf 81' lang='lat' dir='ltr'><strong>de-</strong></span> 
     </span>
    </p>
   </div>
   <div class='ocr_carea' id='block_1_88' title="bbox 274 5140 1861 5216">
    <p class='ocr_par' dir='ltr' id='par_1_88' title="bbox 274 5140 1861 5216">
     <span class='ocr_line' id='line_1_88' title="bbox 274 5140 1861 5216; baseline -0.006 -15"><span class='ocrx_word' id='word_1_731' title='bbox 274 5140 470 5216; x_wconf 68' lang='lat' dir='ltr'><strong>gener;</strong></span> <span class='ocrx_word' id='word_1_732' title='bbox 497 5147 668 5202; x_wconf 78' lang='lat' dir='ltr'><strong>altera</strong></span> <span class='ocrx_word' id='word_1_733' title='bbox 699 5159 850 5209; x_wconf 90' lang='lat' dir='ltr'><strong>vero,</strong></span> <span class='ocrx_word' id='word_1_734' title='bbox 881 5142 1024 5216; x_wconf 84' lang='lat' dir='ltr'><strong>quod</strong></span> <span class='ocrx_word' id='word_1_735' title='bbox 1054 5140 1411 5216; x_wconf 24' lang='lat' dir='ltr'><strong>sicutiPater,</strong></span> <span class='ocrx_word' id='word_1_736' title='bbox 1451 5142 1524 5194; x_wconf 89' lang='lat' dir='ltr'><strong>ita</strong></span> <span class='ocrx_word' id='word_1_737' title='bbox 1553 5149 1605 5195; x_wconf 90' lang='lat' dir='ltr'><strong>et</strong></span> <span class='ocrx_word' id='word_1_738' title='bbox 1635 5140 1749 5216; x_wconf 81' lang='lat' dir='ltr'><strong>ipse</strong></span> <span class='ocrx_word' id='word_1_739' title='bbox 1780 5140 1861 5193; x_wconf 81' lang='lat' dir='ltr'><strong>vi-</strong></span> 
     </span>
    </p>
   </div>
   <div class='ocr_carea' id='block_1_89' title="bbox 276 5212 1862 5343">
    <p class='ocr_par' dir='ltr' id='par_1_89' title="bbox 276 5212 1862 5343">
     <span class='ocr_line' id='line_1_89' title="bbox 276 5212 1862 5343; baseline -0.005 -71"><span class='ocrx_word' id='word_1_740' title='bbox 276 5212 605 5343; x_wconf 53' lang='lat' dir='ltr'><strong>tam‘gabeat</strong></span> <span class='ocrx_word' id='word_1_741' title='bbox 629 5218 684 5274; x_wconf 90' lang='lat' dir='ltr'><strong>in</strong></span> <span class='ocrx_word' id='word_1_742' title='bbox 704 5212 1023 5286; x_wconf 80' lang='lat' dir='ltr'><strong>semetipso.</strong></span> <span class='ocrx_word' id='word_1_743' title='bbox 1053 5213 1267 5271; x_wconf 85' lang='lat' dir='ltr'><strong>Videsis</strong></span> <span class='ocrx_word' id='word_1_744' title='bbox 1296 5213 1489 5269; x_wconf 89' lang='lat' dir='ltr'><strong>librum</strong></span> <span class='ocrx_word' id='word_1_745' title='bbox 1527 5212 1862 5282; x_wconf 89' lang='lat' dir='ltr'><strong>superiorem</strong></span> 
     </span>
     <span class='ocr_line' id='line_1_90' title="bbox 277 5302 453 5343; baseline 0 0"><span class='ocrx_word' id='word_1_746' title='bbox 277 5302 337 5343; x_wconf 91' lang='grc' dir='ltr'><strong>ιι.</strong></span> <span class='ocrx_word' id='word_1_747' title='bbox 441 5331 453 5343; x_wconf 96' lang='grc'><strong>.</strong></span> 
     </span>
    </p>
   </div>
   <div class='ocr_carea' id='block_1_90' title="bbox 277 5290 453 5345">
    <p class='ocr_par' dir='ltr' id='par_1_90' title="bbox 277 5290 453 5345">
     <span class='ocr_line' id='line_1_91' title="bbox 277 5290 453 5345; baseline 0 -1"><span class='ocrx_word' id='word_1_748' title='bbox 277 5302 337 5344; x_wconf 91' lang='grc' dir='ltr'><strong>ιι.</strong></span> <span class='ocrx_word' id='word_1_749' title='bbox 368 5290 453 5345; x_wconf 65' lang='grc'><strong>45.</strong></span> 
     </span>
    </p>
   </div>
   <div class='ocr_carea' id='block_1_91' title="bbox 355 5351 1865 5430">
    <p class='ocr_par' dir='ltr' id='par_1_91' title="bbox 355 5351 1865 5430">
     <span class='ocr_line' id='line_1_92' title="bbox 355 5351 1865 5430; baseline -0.005 -16"><span class='ocrx_word' id='word_1_750' title='bbox 355 5361 422 5430; x_wconf 79' lang='grc' dir='ltr'>(ε)</span> <span class='ocrx_word' id='word_1_751' title='bbox 446 5360 499 5416; x_wconf 83' lang='lat' dir='ltr'><strong>In</strong></span> <span class='ocrx_word' id='word_1_752' title='bbox 526 5375 636 5415; x_wconf 86' lang='lat' dir='ltr'><strong>uno</strong></span> <span class='ocrx_word' id='word_1_753' title='bbox 668 5375 700 5415; x_wconf 90' lang='lat' dir='ltr'><strong>e</strong></span> <span class='ocrx_word' id='word_1_754' title='bbox 733 5374 868 5416; x_wconf 90' lang='lat' dir='ltr'><strong>mss.</strong></span> <span class='ocrx_word' id='word_1_755' title='bbox 901 5357 1073 5414; x_wconf 83' lang='lat' dir='ltr'><strong>Vatic.</strong></span> <span class='ocrx_word' id='word_1_756' title='bbox 1107 5357 1177 5430; x_wconf 70' lang='lat' dir='ltr'><strong>ad</strong></span> <span class='ocrx_word' id='word_1_757' title='bbox 1200 5355 1428 5430; x_wconf 72' lang='lat' dir='ltr'><strong>veritatis</strong></span> <span class='ocrx_word' id='word_1_758' title='bbox 1450 5354 1780 5430; x_wconf 74' lang='lat' dir='ltr'><strong>diversitatis.</strong></span> <span class='ocrx_word' id='word_1_759' title='bbox 1806 5351 1865 5407; x_wconf 87' lang='lat' dir='ltr'><strong>In</strong></span> 
     </span>
    </p>
   </div>
   <div class='ocr_carea' id='block_1_92' title="bbox 279 5426 1868 5501">
    <p class='ocr_par' dir='ltr' id='par_1_92' title="bbox 279 5426 1868 5501">
     <span class='ocr_line' id='line_1_93' title="bbox 279 5426 1868 5501; baseline -0.003 -18"><span class='ocrx_word' id='word_1_760' title='bbox 279 5426 464 5501; x_wconf 74' lang='lat' dir='ltr'><strong>altero.</strong></span> <span class='ocrx_word' id='word_1_761' title='bbox 489 5432 558 5487; x_wconf 82' lang='lat' dir='ltr'><strong>ad</strong></span> <span class='ocrx_word' id='word_1_762' title='bbox 584 5432 896 5487; x_wconf 80' lang='lat' dir='ltr'><strong>diversitatis</strong></span> <span class='ocrx_word' id='word_1_763' title='bbox 927 5447 945 5485; x_wconf 94' lang='lat'><strong><em>:</em></strong></span> <span class='ocrx_word' id='word_1_764' title='bbox 979 5428 1124 5501; x_wconf 85' lang='lat' dir='ltr'><strong>quod</strong></span> <span class='ocrx_word' id='word_1_765' title='bbox 1148 5429 1430 5501; x_wconf 84' lang='lat' dir='ltr'><strong>legendum</strong></span> <span class='ocrx_word' id='word_1_766' title='bbox 1451 5426 1868 5501; x_wconf 79' lang='lat' dir='ltr'><strong>snSpicatus_est</strong></span> 
     </span>
    </p>
   </div>
   <div class='ocr_carea' id='block_1_93' title="bbox 279 5495 1867 5574">
    <p class='ocr_par' dir='ltr' id='par_1_93' title="bbox 279 5495 1867 5574">
     <span class='ocr_line' id='line_1_94' title="bbox 279 5495 1867 5574; baseline -0.004 -19"><span class='ocrx_word' id='word_1_767' title='bbox 279 5500 552 5574; x_wconf 78' lang='lat' dir='ltr'><strong>Erasmus,</strong></span> <span class='ocrx_word' id='word_1_768' title='bbox 576 5505 693 5574; x_wconf 87' lang='lat' dir='ltr'><strong>ipse</strong></span> <span class='ocrx_word' id='word_1_769' title='bbox 713 5519 835 5559; x_wconf 90' lang='lat' dir='ltr'><strong>cum</strong></span> <span class='ocrx_word' id='word_1_770' title='bbox 861 5495 1275 5574; x_wconf 55' lang='lat' dir='ltr'><strong>Badfeahibeiis</strong></span> <span class='ocrx_word' id='word_1_771' title='bbox 1301 5499 1371 5574; x_wconf 74' lang='lat' dir='ltr'><strong>ad</strong></span> <span class='ocrx_word' id='word_1_772' title='bbox 1391 5497 1733 5574; x_wconf 72' lang='lat' dir='ltr'><strong>qdversitutis.</strong></span> <span class='ocrx_word' id='word_1_773' title='bbox 1760 5495 1867 5574; x_wconf 48' lang='lat' dir='ltr'><strong>Re:</strong></span> 
     </span>
    </p>
   </div>
   <div class='ocr_carea' id='block_1_94' title="bbox 281 5567 1869 5635">
    <p class='ocr_par' dir='ltr' id='par_1_94' title="bbox 281 5567 1869 5635">
     <span class='ocr_line' id='line_1_95' title="bbox 281 5567 1869 5635; baseline -0.006 -5"><span class='ocrx_word' id='word_1_774' title='bbox 281 5567 554 5631; x_wconf 77' lang='lat' dir='ltr'><strong>linendum</strong></span> <span class='ocrx_word' id='word_1_775' title='bbox 585 5567 711 5630; x_wconf 79' lang='lat' dir='ltr'><strong>eum</strong></span> <span class='ocrx_word' id='word_1_776' title='bbox 754 5574 877 5629; x_wconf 90' lang='lat' dir='ltr'><strong>aliis</strong></span> <span class='ocrx_word' id='word_1_777' title='bbox 913 5572 1086 5635; x_wconf 88' lang='lat' dir='ltr'><strong>libris,</strong></span> <span class='ocrx_word' id='word_1_778' title='bbox 1119 5572 1185 5627; x_wconf 84' lang='lat' dir='ltr'><strong>ad</strong></span> <span class='ocrx_word' id='word_1_779' title='bbox 1226 5571 1453 5626; x_wconf 83' lang='lat' dir='ltr'><strong>veritatis</strong></span> <span class='ocrx_word' id='word_1_780' title='bbox 1491 5568 1769 5634; x_wconf 70' lang='lat' dir='ltr'><strong>excidium,</strong></span> <span class='ocrx_word' id='word_1_781' title='bbox 1815 5567 1869 5622; x_wconf 91' lang='lat' dir='ltr'><strong>id</strong></span> 
     </span>
    </p>
   </div>
   <div class='ocr_carea' id='block_1_95' title="bbox 281 5643 1415 5707">
    <p class='ocr_par' dir='ltr' id='par_1_95' title="bbox 281 5643 1415 5707">
     <span class='ocr_line' id='line_1_96' title="bbox 281 5643 1415 5707; baseline 0 -11"><span class='ocrx_word' id='word_1_782' title='bbox 281 5652 391 5707; x_wconf 81' lang='lat' dir='ltr'><strong>est.</strong></span> <span class='ocrx_word' id='word_1_783' title='bbox 416 5657 469 5700; x_wconf 89' lang='lat' dir='ltr'><strong>ut</strong></span> <span class='ocrx_word' id='word_1_784' title='bbox 491 5663 675 5704; x_wconf 88' lang='lat' dir='ltr'><strong>veram</strong></span> <span class='ocrx_word' id='word_1_785' title='bbox 702 5646 840 5702; x_wconf 89' lang='lat' dir='ltr'><strong>Filio</strong></span> <span class='ocrx_word' id='word_1_786' title='bbox 872 5656 1117 5699; x_wconf 89' lang='lat' dir='ltr'><strong>naturam</strong></span> <span class='ocrx_word' id='word_1_787' title='bbox 1148 5643 1415 5699; x_wconf 85' lang='lat' dir='ltr'><strong>auferant.</strong></span> 
     </span>
    </p>
   </div>
   <div class='ocr_carea' id='block_1_96' title="bbox 368 5709 1871 5789">
    <p class='ocr_par' dir='ltr' id='par_1_96' title="bbox 368 5709 1871 5789">
     <span class='ocr_line' id='line_1_97' title="bbox 368 5709 1871 5789; baseline -0.003 -16"><span class='ocrx_word' id='word_1_788' title='bbox 368 5712 430 5788; x_wconf 62' lang='grc' dir='ltr'><strong>(ί)</strong></span> <span class='ocrx_word' id='word_1_789' title='bbox 452 5717 737 5789; x_wconf 60' lang='lat' dir='ltr'><strong>Particulo!</strong></span> <span class='ocrx_word' id='word_1_790' title='bbox 762 5718 949 5773; x_wconf 75' lang='lat' dir='ltr'><strong>exinde</strong></span> <span class='ocrx_word' id='word_1_791' title='bbox 971 5726 1023 5774; x_wconf 88' lang='lat' dir='ltr'><strong>et</strong></span> <span class='ocrx_word' id='word_1_792' title='bbox 1040 5717 1156 5787; x_wconf 85' lang='lat' dir='ltr'><strong>jam</strong></span> <span class='ocrx_word' id='word_1_793' title='bbox 1187 5716 1240 5773; x_wconf 91' lang='lat' dir='ltr'><strong>in</strong></span> <span class='ocrx_word' id='word_1_794' title='bbox 1267 5711 1497 5786; x_wconf 78' lang='lat' dir='ltr'><strong>vulgatis</strong></span> <span class='ocrx_word' id='word_1_795' title='bbox 1545 5709 1761 5769; x_wconf 74' lang='lat' dir='ltr'><strong>omissa:</strong></span> <span class='ocrx_word' id='word_1_796' title='bbox 1783 5725 1871 5769; x_wconf 54' lang='lat' dir='ltr'><strong>res</strong></span> 
     </span>
    </p>
   </div>
   <div class='ocr_carea' id='block_1_97' title="bbox 285 5786 861 5863">
    <p class='ocr_par' dir='ltr' id='par_1_97' title="bbox 285 5786 861 5863">
     <span class='ocr_line' id='line_1_98' title="bbox 285 5786 861 5863; baseline 0.009 -24"><span class='ocrx_word' id='word_1_797' title='bbox 285 5786 576 5849; x_wconf 77' lang='lat' dir='ltr'><strong>stituuutur</strong></span> <span class='ocrx_word' id='word_1_798' title='bbox 598 5804 703 5863; x_wconf 86' lang='lat' dir='ltr'><strong>ope</strong></span> <span class='ocrx_word' id='word_1_799' title='bbox 729 5798 861 5849; x_wconf 78' lang='lat' dir='ltr'><strong>mss.</strong></span> 
     </span>
    </p>
   </div>
   <div class='ocr_carea' id='block_1_98' title="bbox 2043 3496 3571 3572">
    <p class='ocr_par' dir='ltr' id='par_1_98' title="bbox 2043 3496 3571 3572">
     <span class='ocr_line' id='line_1_99' title="bbox 2043 3496 3571 3572; baseline 0 -18"><span class='ocrx_word' id='word_1_800' title='bbox 2043 3497 2209 3572; x_wconf 12' lang='lat' dir='ltr'><strong>(g)iln</strong></span> <span class='ocrx_word' id='word_1_801' title='bbox 2240 3496 2475 3563; x_wconf 82' lang='lat' dir='ltr'><strong>excusis,</strong></span> <span class='ocrx_word' id='word_1_802' title='bbox 2507 3499 2675 3572; x_wconf 75' lang='lat' dir='ltr'><strong>solum</strong></span> <span class='ocrx_word' id='word_1_803' title='bbox 2701 3506 2746 3552; x_wconf 89' lang='lat' dir='ltr'><strong>et</strong></span> <span class='ocrx_word' id='word_1_804' title='bbox 2773 3514 2967 3553; x_wconf 82' lang='lat' dir='ltr'><strong>verum.</strong></span> <span class='ocrx_word' id='word_1_805' title='bbox 2994 3498 3158 3554; x_wconf 82' lang='lat' dir='ltr'><strong>Abest</strong></span> <span class='ocrx_word' id='word_1_806' title='bbox 3183 3506 3230 3553; x_wconf 85' lang='lat' dir='ltr'><strong>et</strong></span> <span class='ocrx_word' id='word_1_807' title='bbox 3257 3512 3286 3553; x_wconf 89' lang='lat' dir='ltr'><strong>a</strong></span> <span class='ocrx_word' id='word_1_808' title='bbox 3315 3511 3493 3566; x_wconf 72' lang='lat' dir='ltr'><strong>grmco</strong></span> <span class='ocrx_word' id='word_1_809' title='bbox 3515 3508 3571 3554; x_wconf 92' lang='lat' dir='ltr'><strong>et</strong></span> 
     </span>
    </p>
   </div>
   <div class='ocr_carea' id='block_1_99' title="bbox 1961 3570 3564 3640">
    <p class='ocr_par' dir='ltr' id='par_1_99' title="bbox 1961 3570 3564 3640">
     <span class='ocr_line' id='line_1_100' title="bbox 1961 3570 3564 3640; baseline -0.001 -13"><span class='ocrx_word' id='word_1_810' title='bbox 1961 3570 2107 3640; x_wconf 63' lang='lat' dir='ltr'><strong>mss.</strong></span> <span class='ocrx_word' id='word_1_811' title='bbox 2128 3571 2179 3623; x_wconf 93' lang='lat' dir='ltr'><strong>in</strong></span> <span class='ocrx_word' id='word_1_812' title='bbox 2212 3584 2440 3639; x_wconf 89' lang='lat' dir='ltr'><strong>quorum</strong></span> <span class='ocrx_word' id='word_1_813' title='bbox 2492 3570 2764 3640; x_wconf 88' lang='lat' dir='ltr'><strong>plerisque</strong></span> <span class='ocrx_word' id='word_1_814' title='bbox 2795 3586 2916 3623; x_wconf 81' lang='lat' dir='ltr'><strong>mox</strong></span> <span class='ocrx_word' id='word_1_815' title='bbox 2945 3580 3172 3633; x_wconf 84' lang='lat' dir='ltr'><strong>teneant,</strong></span> <span class='ocrx_word' id='word_1_816' title='bbox 3210 3584 3317 3624; x_wconf 89' lang='lat' dir='ltr'><strong>non</strong></span> <span class='ocrx_word' id='word_1_817' title='bbox 3350 3579 3564 3626; x_wconf 88' lang='lat' dir='ltr'><strong>tentant.</strong></span> 
     </span>
    </p>
   </div>
   <div class='ocr_carea' id='block_1_100' title="bbox 2035 3648 3567 3723">
    <p class='ocr_par' dir='ltr' id='par_1_100' title="bbox 2035 3648 3567 3723">
     <span class='ocr_line' id='line_1_101' title="bbox 2035 3648 3567 3723; baseline 0.001 -21"><span class='ocrx_word' id='word_1_818' title='bbox 2035 3648 2114 3723; x_wconf 90' lang='lat' dir='ltr'><strong>(It)</strong></span> <span class='ocrx_word' id='word_1_819' title='bbox 2163 3649 2282 3703; x_wconf 80' lang='lat' dir='ltr'><strong>Vat.</strong></span> <span class='ocrx_word' id='word_1_820' title='bbox 2334 3648 2452 3723; x_wconf 77' lang='lat' dir='ltr'><strong>has.</strong></span> <span class='ocrx_word' id='word_1_821' title='bbox 2504 3666 2665 3723; x_wconf 29' lang='lat' dir='ltr'><strong>ms.,-</strong></span> <span class='ocrx_word' id='word_1_822' title='bbox 2692 3658 3013 3723; x_wconf 79' lang='lat' dir='ltr'><strong>sacramenta</strong></span> <span class='ocrx_word' id='word_1_823' title='bbox 3055 3650 3346 3723; x_wconf 79' lang='lat' dir='ltr'><strong>evangelica</strong></span> <span class='ocrx_word' id='word_1_824' title='bbox 3390 3665 3409 3702; x_wconf 82' lang='lat'><strong>.&#39;</strong></span> <span class='ocrx_word' id='word_1_825' title='bbox 3443 3663 3567 3723; x_wconf 77' lang='lat' dir='ltr'><strong>cor-</strong></span> 
     </span>
    </p>
   </div>
   <div class='ocr_carea' id='block_1_101' title="bbox 1962 3720 3569 3789">
    <p class='ocr_par' dir='ltr' id='par_1_101' title="bbox 1962 3720 3569 3789">
     <span class='ocr_line' id='line_1_102' title="bbox 1962 3720 3569 3789; baseline -0.002 -11"><span class='ocrx_word' id='word_1_826' title='bbox 1962 3720 2233 3778; x_wconf 77' lang='lat' dir='ltr'><strong>rectorem</strong></span> <span class='ocrx_word' id='word_1_827' title='bbox 2265 3721 2405 3788; x_wconf 84' lang='lat' dir='ltr'><strong>sapit</strong></span> <span class='ocrx_word' id='word_1_828' title='bbox 2430 3735 2534 3774; x_wconf 90' lang='lat' dir='ltr'><strong>non</strong></span> <span class='ocrx_word' id='word_1_829' title='bbox 2566 3720 2698 3775; x_wconf 90' lang='lat' dir='ltr'><strong>satis</strong></span> <span class='ocrx_word' id='word_1_830' title='bbox 2722 3720 3201 3786; x_wconf 77' lang='lat' dir='ltr'><strong>circumsnectum,</strong></span> <span class='ocrx_word' id='word_1_831' title='bbox 3226 3720 3314 3789; x_wconf 90' lang='lat' dir='ltr'><strong>qui</strong></span> <span class='ocrx_word' id='word_1_832' title='bbox 3346 3734 3450 3774; x_wconf 90' lang='lat' dir='ltr'><strong>non</strong></span> <span class='ocrx_word' id='word_1_833' title='bbox 3474 3722 3569 3775; x_wconf 88' lang='lat' dir='ltr'><strong>ad-</strong></span> 
     </span>
    </p>
   </div>
   <div class='ocr_carea' id='block_1_102' title="bbox 1963 3790 3564 3863">
    <p class='ocr_par' dir='ltr' id='par_1_102' title="bbox 1963 3790 3564 3863">
     <span class='ocr_line' id='line_1_103' title="bbox 1963 3790 3564 3863; baseline -0.002 -15"><span class='ocrx_word' id='word_1_834' title='bbox 1963 3792 2128 3848; x_wconf 89' lang='lat' dir='ltr'><strong>vertit</strong></span> <span class='ocrx_word' id='word_1_835' title='bbox 2153 3803 2274 3863; x_wconf 92' lang='lat' dir='ltr'><strong>post</strong></span> <span class='ocrx_word' id='word_1_836' title='bbox 2305 3790 2744 3863; x_wconf 80' lang='lat' dir='ltr'><strong>apprehendentes</strong></span> <span class='ocrx_word' id='word_1_837' title='bbox 2781 3790 3055 3846; x_wconf 88' lang='lat' dir='ltr'><strong>subaudiri</strong></span> <span class='ocrx_word' id='word_1_838' title='bbox 3096 3790 3207 3845; x_wconf 77' lang='lat' dir='ltr'><strong>lucc</strong></span> <span class='ocrx_word' id='word_1_839' title='bbox 3248 3791 3439 3853; x_wconf 83' lang='lat' dir='ltr'><strong>omnia,</strong></span> <span class='ocrx_word' id='word_1_840' title='bbox 3482 3791 3564 3863; x_wconf 80' lang='lat' dir='ltr'><strong>vi-</strong></span> 
     </span>
    </p>
   </div>
   <div class='ocr_carea' id='block_1_103' title="bbox 1968 3862 3568 3930">
    <p class='ocr_par' dir='ltr' id='par_1_103' title="bbox 1968 3862 3568 3930">
     <span class='ocr_line' id='line_1_104' title="bbox 1968 3862 3568 3930; baseline -0.001 -11"><span class='ocrx_word' id='word_1_841' title='bbox 1968 3864 2167 3920; x_wconf 80' lang='lat' dir='ltr'><strong>delicet</strong></span> <span class='ocrx_word' id='word_1_842' title='bbox 2235 3863 2528 3930; x_wconf 74' lang='lat' dir='ltr'><strong>Scriptura:</strong></span> <span class='ocrx_word' id='word_1_843' title='bbox 2591 3862 2900 3916; x_wconf 88' lang='lat' dir='ltr'><strong>testimonia</strong></span> <span class='ocrx_word' id='word_1_844' title='bbox 2970 3863 3287 3916; x_wconf 82' lang='lat' dir='ltr'><strong>Arianorum</strong></span> <span class='ocrx_word' id='word_1_845' title='bbox 3349 3862 3568 3918; x_wconf 87' lang='lat' dir='ltr'><strong>nomine</strong></span> 
     </span>
    </p>
   </div>
   <div class='ocr_carea' id='block_1_104' title="bbox 1968 3932 3566 4008">
    <p class='ocr_par' dir='ltr' id='par_1_104' title="bbox 1968 3932 3566 4008">
     <span class='ocr_line' id='line_1_105' title="bbox 1968 3932 3566 4008; baseline -0.001 -18"><span class='ocrx_word' id='word_1_846' title='bbox 1968 3934 2215 4008; x_wconf 78' lang='lat' dir='ltr'><strong>proxime</strong></span> <span class='ocrx_word' id='word_1_847' title='bbox 2252 3935 2410 4008; x_wconf 66' lang='lat' dir='ltr'><strong>allata</strong></span> <span class='ocrx_word' id='word_1_848' title='bbox 2443 3948 2602 4008; x_wconf 83' lang='lat' dir='ltr'><strong>:quac</strong></span> <span class='ocrx_word' id='word_1_849' title='bbox 2646 3933 2721 3987; x_wconf 89' lang='lat' dir='ltr'><strong>illi</strong></span> <span class='ocrx_word' id='word_1_850' title='bbox 2768 3943 3067 4008; x_wconf 86' lang='lat' dir='ltr'><strong>arguuntur</strong></span> <span class='ocrx_word' id='word_1_851' title='bbox 3108 3948 3213 3987; x_wconf 93' lang='lat' dir='ltr'><strong>non</strong></span> <span class='ocrx_word' id='word_1_852' title='bbox 3258 3932 3566 4008; x_wconf 78' lang='lat' dir='ltr'><strong>expendere</strong></span> 
     </span>
    </p>
   </div>
   <div class='ocr_carea' id='block_1_105' title="bbox 1968 4003 3565 4075">
    <p class='ocr_par' dir='ltr' id='par_1_105' title="bbox 1968 4003 3565 4075">
     <span class='ocr_line' id='line_1_106' title="bbox 1968 4003 3565 4075; baseline -0.002 -14"><span class='ocrx_word' id='word_1_853' title='bbox 1968 4003 2262 4062; x_wconf 77' lang='lat' dir='ltr'><strong>secundum</strong></span> <span class='ocrx_word' id='word_1_854' title='bbox 2296 4003 2613 4075; x_wconf 55' lang='lat' dir='ltr'><strong>Evange&#39;lica</strong></span> <span class='ocrx_word' id='word_1_855' title='bbox 2639 4013 2996 4065; x_wconf 86' lang='lat' dir='ltr'><strong>sacramenta.</strong></span> <span class='ocrx_word' id='word_1_856' title='bbox 3017 4007 3118 4058; x_wconf 86' lang='lat' dir='ltr'><strong>huc</strong></span> <span class='ocrx_word' id='word_1_857' title='bbox 3141 4013 3246 4067; x_wconf 80' lang='lat' dir='ltr'><strong>est,</strong></span> <span class='ocrx_word' id='word_1_858' title='bbox 3269 4003 3565 4058; x_wconf 90' lang='lat' dir='ltr'><strong>secundum</strong></span> 
     </span>
    </p>
   </div>
   <div class='ocr_carea' id='block_1_106' title="bbox 1969 4075 3568 4147">
    <p class='ocr_par' dir='ltr' id='par_1_106' title="bbox 1969 4075 3568 4147">
     <span class='ocr_line' id='line_1_107' title="bbox 1969 4075 3568 4147; baseline -0.002 -14"><span class='ocrx_word' id='word_1_859' title='bbox 1969 4094 2031 4133; x_wconf 90' lang='lat' dir='ltr'><strong>ea</strong></span> <span class='ocrx_word' id='word_1_860' title='bbox 2062 4093 2183 4147; x_wconf 81' lang='lat' dir='ltr'><strong>quae</strong></span> <span class='ocrx_word' id='word_1_861' title='bbox 2211 4077 2365 4131; x_wconf 91' lang='lat' dir='ltr'><strong>nobis</strong></span> <span class='ocrx_word' id='word_1_862' title='bbox 2398 4076 2745 4147; x_wconf 70' lang='lat' dir='ltr'><strong>Evangelith</strong></span> <span class='ocrx_word' id='word_1_863' title='bbox 2775 4076 3035 4130; x_wconf 88' lang='lat' dir='ltr'><strong>revelavit</strong></span> <span class='ocrx_word' id='word_1_864' title='bbox 3067 4093 3080 4131; x_wconf 93' lang='lat'>:</span> <span class='ocrx_word' id='word_1_865' title='bbox 3111 4076 3165 4129; x_wconf 89' lang='lat' dir='ltr'><strong>in</strong></span> <span class='ocrx_word' id='word_1_866' title='bbox 3198 4075 3392 4146; x_wconf 89' lang='lat' dir='ltr'><strong>quibus</strong></span> <span class='ocrx_word' id='word_1_867' title='bbox 3427 4090 3568 4147; x_wconf 70' lang='lat' dir='ltr'><strong>pra!-</strong></span> 
     </span>
    </p>
   </div>
   <div class='ocr_carea' id='block_1_107' title="bbox 1970 4144 3567 4218">
    <p class='ocr_par' dir='ltr' id='par_1_107' title="bbox 1970 4144 3567 4218">
     <span class='ocr_line' id='line_1_108' title="bbox 1970 4144 3567 4218; baseline -0.003 -13"><span class='ocrx_word' id='word_1_868' title='bbox 1970 4144 2183 4218; x_wconf 83' lang='lat' dir='ltr'><strong>ciptium</strong></span> <span class='ocrx_word' id='word_1_869' title='bbox 2214 4148 2388 4202; x_wconf 91' lang='lat' dir='ltr'><strong>locum</strong></span> <span class='ocrx_word' id='word_1_870' title='bbox 2426 4144 2635 4203; x_wconf 84' lang='lat' dir='ltr'><strong>obtinet</strong></span> <span class='ocrx_word' id='word_1_871' title='bbox 2659 4144 2858 4202; x_wconf 88' lang='lat' dir='ltr'><strong>Christi</strong></span> <span class='ocrx_word' id='word_1_872' title='bbox 2895 4159 3005 4201; x_wconf 90' lang='lat' dir='ltr'><strong>tum</strong></span> <span class='ocrx_word' id='word_1_873' title='bbox 3025 4144 3250 4214; x_wconf 70' lang='lat' dir='ltr'><strong>teterua,</strong></span> <span class='ocrx_word' id='word_1_874' title='bbox 3284 4156 3397 4202; x_wconf 91' lang='lat' dir='ltr'><strong>tum</strong></span> <span class='ocrx_word' id='word_1_875' title='bbox 3430 4144 3567 4203; x_wconf 83' lang='lat' dir='ltr'><strong>tem-</strong></span> 
     </span>
    </p>
   </div>
   <div class='ocr_carea' id='block_1_108' title="bbox 1966 4219 2462 4290">
    <p class='ocr_par' dir='ltr' id='par_1_108' title="bbox 1966 4219 2462 4290">
     <span class='ocr_line' id='line_1_109' title="bbox 1966 4219 2462 4290; baseline -0.002 -15"><span class='ocrx_word' id='word_1_876' title='bbox 1966 4219 2166 4290; x_wconf 91' lang='lat' dir='ltr'><strong>poralis</strong></span> <span class='ocrx_word' id='word_1_877' title='bbox 2193 4219 2462 4274; x_wconf 88' lang='lat' dir='ltr'><strong>nativitas.</strong></span> 
     </span>
    </p>
   </div>
   <div class='ocr_carea' id='block_1_109' title="bbox 2039 4310 3566 4384">
    <p class='ocr_par' dir='ltr' id='par_1_109' title="bbox 2039 4310 3566 4384">
     <span class='ocr_line' id='line_1_110' title="bbox 2039 4310 3566 4384; baseline -0.002 -17"><span class='ocrx_word' id='word_1_878' title='bbox 2039 4315 2100 4384; x_wconf 90' lang='lat' dir='ltr'><strong>(i)</strong></span> <span class='ocrx_word' id='word_1_879' title='bbox 2130 4312 2248 4368; x_wconf 83' lang='lat' dir='ltr'><strong>Vat.</strong></span> <span class='ocrx_word' id='word_1_880' title='bbox 2280 4312 2404 4367; x_wconf 88' lang='lat' dir='ltr'><strong>bas.</strong></span> <span class='ocrx_word' id='word_1_881' title='bbox 2435 4311 2628 4384; x_wconf 81' lang='lat' dir='ltr'><strong>codex,</strong></span> <span class='ocrx_word' id='word_1_882' title='bbox 2661 4312 2896 4367; x_wconf 83' lang='lat' dir='ltr'><strong>scientes.</strong></span> <span class='ocrx_word' id='word_1_883' title='bbox 2932 4310 3210 4384; x_wconf 86' lang='lat' dir='ltr'><strong>Baudiuus</strong></span> <span class='ocrx_word' id='word_1_884' title='bbox 3235 4320 3413 4367; x_wconf 89' lang='lat' dir='ltr'><strong>autem</strong></span> <span class='ocrx_word' id='word_1_885' title='bbox 3445 4320 3566 4382; x_wconf 88' lang='lat' dir='ltr'><strong>post</strong></span> 
     </span>
    </p>
   </div>
   <div class='ocr_carea' id='block_1_110' title="bbox 1964 4383 3563 4454">
    <p class='ocr_par' dir='ltr' id='par_1_110' title="bbox 1964 4383 3563 4454">
     <span class='ocr_line' id='line_1_111' title="bbox 1964 4383 3563 4454; baseline -0.002 -14"><span class='ocrx_word' id='word_1_886' title='bbox 1964 4384 2234 4440; x_wconf 87' lang='lat' dir='ltr'><strong>Latinium</strong></span> <span class='ocrx_word' id='word_1_887' title='bbox 2280 4400 2347 4439; x_wconf 78' lang='lat' dir='ltr'><strong>ex</strong></span> <span class='ocrx_word' id='word_1_888' title='bbox 2383 4383 2718 4454; x_wconf 86' lang='lat' dir='ltr'><strong>conjectura,</strong></span> <span class='ocrx_word' id='word_1_889' title='bbox 2767 4384 3154 4439; x_wconf 80' lang='lat' dir='ltr'><strong>consentientes.</strong></span> <span class='ocrx_word' id='word_1_890' title='bbox 3201 4383 3563 4440; x_wconf 76' lang='lat' dir='ltr'><strong>Retinendutn</strong></span> 
     </span>
    </p>
   </div>
   <div class='ocr_carea' id='block_1_111' title="bbox 1962 4455 3563 4525">
    <p class='ocr_par' dir='ltr' id='par_1_111' title="bbox 1962 4455 3563 4525">
     <span class='ocr_line' id='line_1_112' title="bbox 1962 4455 3563 4525; baseline -0.002 -13"><span class='ocrx_word' id='word_1_891' title='bbox 1962 4457 2186 4512; x_wconf 88' lang='lat' dir='ltr'><strong>omnino</strong></span> <span class='ocrx_word' id='word_1_892' title='bbox 2230 4456 2519 4520; x_wconf 84' lang='lat' dir='ltr'><strong>sentientes,</strong></span> <span class='ocrx_word' id='word_1_893' title='bbox 2562 4455 2665 4510; x_wconf 93' lang='lat' dir='ltr'><strong>hoc</strong></span> <span class='ocrx_word' id='word_1_894' title='bbox 2710 4462 2794 4509; x_wconf 89' lang='lat' dir='ltr'><strong>est</strong></span> <span class='ocrx_word' id='word_1_895' title='bbox 2818 4455 3108 4510; x_wconf 87' lang='lat' dir='ltr'><strong>verborum</strong></span> <span class='ocrx_word' id='word_1_896' title='bbox 3132 4455 3563 4525; x_wconf 84' lang='lat' dir='ltr'><strong>evangelicorum</strong></span> 
     </span>
    </p>
   </div>
   <div class='ocr_carea' id='block_1_112' title="bbox 1964 4526 3565 4599">
    <p class='ocr_par' dir='ltr' id='par_1_112' title="bbox 1964 4526 3565 4599">
     <span class='ocr_line' id='line_1_113' title="bbox 1964 4526 3565 4599; baseline -0.002 -16"><span class='ocrx_word' id='word_1_897' title='bbox 1964 4529 2209 4599; x_wconf 81' lang='lat' dir='ltr'><strong>proxime</strong></span> <span class='ocrx_word' id='word_1_898' title='bbox 2247 4527 2531 4582; x_wconf 88' lang='lat' dir='ltr'><strong>allatorum</strong></span> <span class='ocrx_word' id='word_1_899' title='bbox 2577 4527 2626 4581; x_wconf 89' lang='lat' dir='ltr'><strong>vi</strong></span> <span class='ocrx_word' id='word_1_900' title='bbox 2672 4526 2814 4581; x_wconf 90' lang='lat' dir='ltr'><strong>haud</strong></span> <span class='ocrx_word' id='word_1_901' title='bbox 2865 4527 2997 4583; x_wconf 90' lang='lat' dir='ltr'><strong>satis</strong></span> <span class='ocrx_word' id='word_1_902' title='bbox 3048 4527 3268 4599; x_wconf 88' lang='lat' dir='ltr'><strong>probata</strong></span> <span class='ocrx_word' id='word_1_903' title='bbox 3315 4539 3565 4598; x_wconf 83' lang='lat' dir='ltr'><strong>perspec-</strong></span> 
     </span>
    </p>
   </div>
   <div class='ocr_carea' id='block_1_113' title="bbox 1966 4609 2144 4669">
    <p class='ocr_par' dir='ltr' id='par_1_113' title="bbox 1966 4609 2144 4669">
     <span class='ocr_line' id='line_1_114' title="bbox 1966 4609 2144 4669; baseline 0 -13"><span class='ocrx_word' id='word_1_904' title='bbox 1966 4609 2144 4669; x_wconf 85' lang='lat' dir='ltr'><strong>taque.</strong></span> 
     </span>
    </p>
   </div>
   <div class='ocr_carea' id='block_1_114' title="bbox 2040 4689 3564 4767">
    <p class='ocr_par' dir='ltr' id='par_1_114' title="bbox 2040 4689 3564 4767">
     <span class='ocr_line' id='line_1_115' title="bbox 2040 4689 3564 4767; baseline -0.001 -23"><span class='ocrx_word' id='word_1_905' title='bbox 2040 4691 2112 4767; x_wconf 56' lang='grc' dir='ltr'><strong>(ᾖ</strong></span> <span class='ocrx_word' id='word_1_906' title='bbox 2161 4692 2235 4746; x_wconf 90' lang='lat' dir='ltr'><strong>Ita</strong></span> <span class='ocrx_word' id='word_1_907' title='bbox 2276 4691 2606 4767; x_wconf 84' lang='lat' dir='ltr'><strong>antiquiores</strong></span> <span class='ocrx_word' id='word_1_908' title='bbox 2657 4689 2778 4745; x_wconf 91' lang='lat' dir='ltr'><strong>libri</strong></span> <span class='ocrx_word' id='word_1_909' title='bbox 2825 4689 3370 4767; x_wconf 82' lang='lat' dir='ltr'><strong>(quorum__plerique</strong></span> <span class='ocrx_word' id='word_1_910' title='bbox 3408 4698 3564 4743; x_wconf 90' lang='lat' dir='ltr'><strong>antea</strong></span> 
     </span>
    </p>
   </div>
   <div class='ocr_carea' id='block_1_115' title="bbox 1967 4760 3565 4890">
    <p class='ocr_par' dir='ltr' id='par_1_115' title="bbox 1967 4760 3565 4890">
     <span class='ocr_line' id='line_1_116' title="bbox 1969 4760 3565 4835; baseline -0.004 -16"><span class='ocrx_word' id='word_1_911' title='bbox 1969 4760 2173 4820; x_wconf 77' lang='lat' dir='ltr'><strong>habent</strong></span> <span class='ocrx_word' id='word_1_912' title='bbox 2202 4763 2478 4833; x_wconf 79' lang='lat' dir='ltr'><strong>propositis</strong></span> <span class='ocrx_word' id='word_1_913' title='bbox 2510 4776 2617 4817; x_wconf 91' lang='grc' dir='ltr'><strong>ιιοιι</strong></span> <span class='ocrx_word' id='word_1_914' title='bbox 2674 4760 3013 4835; x_wconf 79' lang='lat' dir='ltr'><strong>prwpositis).</strong></span> <span class='ocrx_word' id='word_1_915' title='bbox 3039 4760 3143 4817; x_wconf 83' lang='lat' dir='ltr'><strong>Alii</strong></span> <span class='ocrx_word' id='word_1_916' title='bbox 3173 4773 3320 4827; x_wconf 89' lang='lat' dir='ltr'><strong>vero,</strong></span> <span class='ocrx_word' id='word_1_917' title='bbox 3352 4774 3565 4830; x_wconf 71' lang='lat' dir='ltr'><strong>exspec-</strong></span> 
     </span>
     <span class='ocr_line' id='line_1_117' title="bbox 1967 4845 2123 4890; baseline -0.006 0"><span class='ocrx_word' id='word_1_918' title='bbox 1967 4845 2123 4890; x_wconf 89' lang='lat' dir='ltr'><strong>tetur.</strong></span> 
     </span>
    </p>
   </div>
   <div class='ocr_carea' id='block_1_116' title="bbox 2041 4923 3637 5000">
    <p class='ocr_par' dir='ltr' id='par_1_116' title="bbox 2041 4923 3637 5000">
     <span class='ocr_line' id='line_1_118' title="bbox 2041 4923 3637 5000; baseline -0.003 -17"><span class='ocrx_word' id='word_1_919' title='bbox 2041 4928 2116 5000; x_wconf 83' lang='lat' dir='ltr'><strong>(k)</strong></span> <span class='ocrx_word' id='word_1_920' title='bbox 2138 4930 2232 4985; x_wconf 79' lang='lat' dir='ltr'><strong>Er.</strong></span> <span class='ocrx_word' id='word_1_921' title='bbox 2262 4928 2492 5000; x_wconf 15' lang='lat' dir='ltr'><strong>Lips.ict</strong></span> <span class='ocrx_word' id='word_1_922' title='bbox 2520 4927 2643 4982; x_wconf 91' lang='lat' dir='ltr'><strong>Par.</strong></span> <span class='ocrx_word' id='word_1_923' title='bbox 2678 4927 3021 5000; x_wconf 72' lang='lat' dir='ltr'><strong>prtestnturi;</strong></span> <span class='ocrx_word' id='word_1_924' title='bbox 3050 4923 3565 5000; x_wconf 74' lang='lat' dir='ltr'><strong>refragantibushie</strong></span> <span class='ocrx_word' id='word_1_925' title='bbox 3636 4932 3637 4943; x_wconf 85' lang='lat'>‘</span> 
     </span>
    </p>
   </div>
   <div class='ocr_carea' id='block_1_117' title="bbox 1971 4995 3564 5072">
    <p class='ocr_par' dir='ltr' id='par_1_117' title="bbox 1971 4995 3564 5072">
     <span class='ocr_line' id='line_1_119' title="bbox 1971 4995 3564 5072; baseline -0.004 -16"><span class='ocrx_word' id='word_1_926' title='bbox 1971 4995 2108 5056; x_wconf 46' lang='lat' dir='ltr'><strong>Bad.’</strong></span> <span class='ocrx_word' id='word_1_927' title='bbox 2132 5010 2189 5056; x_wconf 86' lang='lat' dir='ltr'><strong>et</strong></span> <span class='ocrx_word' id='word_1_928' title='bbox 2212 4995 2511 5072; x_wconf 81' lang='lat' dir='ltr'><strong>potioribus</strong></span> <span class='ocrx_word' id='word_1_929' title='bbox 2528 4995 2688 5062; x_wconf 59' lang='lat' dir='ltr'><strong>mss.,&#39;</strong></span> <span class='ocrx_word' id='word_1_930' title='bbox 2713 4998 2927 5072; x_wconf 84' lang='lat' dir='ltr'><strong>etiamsi</strong></span> <span class='ocrx_word' id='word_1_931' title='bbox 2956 4996 3048 5052; x_wconf 91' lang='lat' dir='ltr'><strong>lib.</strong></span> <span class='ocrx_word' id='word_1_932' title='bbox 3080 5012 3154 5061; x_wconf 86' lang='grc' dir='ltr'><strong>ιν,</strong></span> <span class='ocrx_word' id='word_1_933' title='bbox 3184 5010 3252 5072; x_wconf 63' lang='grc' dir='ltr'><strong>ιι.Δ</strong></span> <span class='ocrx_word' id='word_1_934' title='bbox 3272 4997 3327 5061; x_wconf 88' lang='grc'><strong>7,</strong></span> <span class='ocrx_word' id='word_1_935' title='bbox 3354 5006 3409 5051; x_wconf 89' lang='lat' dir='ltr'><strong>et</strong></span> <span class='ocrx_word' id='word_1_936' title='bbox 3436 4995 3564 5051; x_wconf 89' lang='lat' dir='ltr'><strong>alibi</strong></span> 
     </span>
    </p>
   </div>
   <div class='ocr_carea' id='block_1_118' title="bbox 1971 5067 3400 5129">
    <p class='ocr_par' dir='ltr' id='par_1_118' title="bbox 1971 5067 3400 5129">
     <span class='ocr_line' id='line_1_120' title="bbox 1971 5067 3400 5129; baseline -0.003 -1"><span class='ocrx_word' id='word_1_937' title='bbox 1971 5074 2075 5129; x_wconf 91' lang='lat' dir='ltr'><strong>hoc</strong></span> <span class='ocrx_word' id='word_1_938' title='bbox 2100 5067 2325 5129; x_wconf 82' lang='lat' dir='ltr'><strong>verbum</strong></span> <span class='ocrx_word' id='word_1_939' title='bbox 2358 5072 2410 5127; x_wconf 90' lang='lat' dir='ltr'><strong>in</strong></span> <span class='ocrx_word' id='word_1_940' title='bbox 2436 5072 2519 5126; x_wconf 91' lang='lat' dir='ltr'><strong>his</strong></span> <span class='ocrx_word' id='word_1_941' title='bbox 2548 5072 2712 5125; x_wconf 90' lang='lat' dir='ltr'><strong>etiam</strong></span> <span class='ocrx_word' id='word_1_942' title='bbox 2738 5084 2801 5124; x_wconf 91' lang='lat' dir='ltr'><strong>ea</strong></span> <span class='ocrx_word' id='word_1_943' title='bbox 2833 5069 3040 5124; x_wconf 78' lang='lat' dir='ltr'><strong>ratione</strong></span> <span class='ocrx_word' id='word_1_944' title='bbox 3068 5067 3400 5123; x_wconf 88' lang='lat' dir='ltr'><strong>enuntietur.</strong></span> 
     </span>
    </p>
   </div>
   <div class='ocr_carea' id='block_1_119' title="bbox 2046 5156 3569 5235">
    <p class='ocr_par' dir='ltr' id='par_1_119' title="bbox 2046 5156 3569 5235">
     <span class='ocr_line' id='line_1_121' title="bbox 2046 5156 3569 5235; baseline -0.005 -17"><span class='ocrx_word' id='word_1_945' title='bbox 2046 5164 2109 5235; x_wconf 86' lang='grc' dir='ltr'><strong>(ι)</strong></span> <span class='ocrx_word' id='word_1_946' title='bbox 2142 5163 2257 5220; x_wconf 83' lang='lat' dir='ltr'><strong>Hoc</strong></span> <span class='ocrx_word' id='word_1_947' title='bbox 2286 5171 2390 5226; x_wconf 87' lang='lat' dir='ltr'><strong>est,</strong></span> <span class='ocrx_word' id='word_1_948' title='bbox 2416 5171 2475 5235; x_wconf 89' lang='lat' dir='ltr'><strong>ut</strong></span> <span class='ocrx_word' id='word_1_949' title='bbox 2516 5159 2971 5235; x_wconf 79' lang='lat' dir='ltr'><strong>quemadmodum</strong></span> <span class='ocrx_word' id='word_1_950' title='bbox 2999 5159 3183 5225; x_wconf 88' lang='lat' dir='ltr'><strong>Pater,</strong></span> <span class='ocrx_word' id='word_1_951' title='bbox 3216 5159 3287 5213; x_wconf 90' lang='lat' dir='ltr'><strong>ita</strong></span> <span class='ocrx_word' id='word_1_952' title='bbox 3318 5168 3375 5213; x_wconf 90' lang='lat' dir='ltr'><strong>et</strong></span> <span class='ocrx_word' id='word_1_953' title='bbox 3398 5156 3569 5235; x_wconf 62' lang='lat' dir='ltr'><strong>Filius</strong></span> 
     </span>
    </p>
   </div>
   <div class='ocr_carea' id='block_1_120' title="bbox 1972 5229 3568 5301">
    <p class='ocr_par' dir='ltr' id='par_1_120' title="bbox 1972 5229 3568 5301">
     <span class='ocr_line' id='line_1_122' title="bbox 1972 5229 3568 5301; baseline -0.004 -10"><span class='ocrx_word' id='word_1_954' title='bbox 1972 5236 2026 5292; x_wconf 91' lang='lat' dir='ltr'><strong>in</strong></span> <span class='ocrx_word' id='word_1_955' title='bbox 2054 5229 2260 5291; x_wconf 58' lang='lat' dir='ltr'><strong>aeterna</strong></span> <span class='ocrx_word' id='word_1_956' title='bbox 2286 5251 2382 5291; x_wconf 88' lang='lat' dir='ltr'><strong>seu</strong></span> <span class='ocrx_word' id='word_1_957' title='bbox 2410 5229 2591 5290; x_wconf 83' lang='lat' dir='ltr'><strong>divina</strong></span> <span class='ocrx_word' id='word_1_958' title='bbox 2622 5233 2955 5301; x_wconf 89' lang='lat' dir='ltr'><strong>intelligatur</strong></span> <span class='ocrx_word' id='word_1_959' title='bbox 2985 5246 3108 5286; x_wconf 88' lang='lat' dir='ltr'><strong>esse</strong></span> <span class='ocrx_word' id='word_1_960' title='bbox 3131 5238 3346 5295; x_wconf 90' lang='lat' dir='ltr'><strong>natura,</strong></span> <span class='ocrx_word' id='word_1_961' title='bbox 3371 5229 3417 5284; x_wconf 86' lang='lat' dir='ltr'><strong>si</strong></span> <span class='ocrx_word' id='word_1_962' title='bbox 3446 5229 3568 5299; x_wconf 90' lang='lat' dir='ltr'><strong>qui-</strong></span> 
     </span>
    </p>
   </div>
   <div class='ocr_carea' id='block_1_121' title="bbox 1971 5303 3568 5377">
    <p class='ocr_par' dir='ltr' id='par_1_121' title="bbox 1971 5303 3568 5377">
     <span class='ocr_line' id='line_1_123' title="bbox 1971 5303 3568 5377; baseline -0.006 -13"><span class='ocrx_word' id='word_1_963' title='bbox 1971 5308 2098 5364; x_wconf 89' lang='lat' dir='ltr'><strong>dem</strong></span> <span class='ocrx_word' id='word_1_964' title='bbox 2124 5307 2284 5377; x_wconf 88' lang='lat' dir='ltr'><strong>hujus</strong></span> <span class='ocrx_word' id='word_1_965' title='bbox 2306 5317 2363 5362; x_wconf 91' lang='lat' dir='ltr'><strong>ut</strong></span> <span class='ocrx_word' id='word_1_966' title='bbox 2380 5306 2525 5362; x_wconf 87' lang='lat' dir='ltr'><strong>illius</strong></span> <span class='ocrx_word' id='word_1_967' title='bbox 2548 5303 2820 5377; x_wconf 75' lang='lat' dir='ltr'><strong>confessio</strong></span> <span class='ocrx_word' id='word_1_968' title='bbox 2843 5303 3141 5377; x_wconf 9' lang='lat' dir='ltr'><strong>vitmgnobis</strong></span> <span class='ocrx_word' id='word_1_969' title='bbox 3164 5308 3385 5377; x_wconf 65' lang='lat' dir='ltr'><strong>priestat</strong></span> <span class='ocrx_word' id='word_1_970' title='bbox 3409 5311 3568 5356; x_wconf 84' lang='lat' dir='ltr'><strong>aeter-</strong></span> 
     </span>
    </p>
   </div>
   <div class='ocr_carea' id='block_1_122' title="bbox 1973 5372 3386 5451">
    <p class='ocr_par' dir='ltr' id='par_1_122' title="bbox 1973 5372 3386 5451">
     <span class='ocr_line' id='line_1_124' title="bbox 1973 5372 3386 5451; baseline -0.006 -16"><span class='ocrx_word' id='word_1_971' title='bbox 1973 5372 2241 5436; x_wconf 74' lang='lat' dir='ltr'><strong>nitatem:</strong></span> <span class='ocrx_word' id='word_1_972' title='bbox 2276 5379 2418 5451; x_wconf 90' lang='lat' dir='ltr'><strong>quod</strong></span> <span class='ocrx_word' id='word_1_973' title='bbox 2445 5377 2644 5433; x_wconf 88' lang='lat' dir='ltr'><strong>clarius</strong></span> <span class='ocrx_word' id='word_1_974' title='bbox 2674 5375 2835 5444; x_wconf 81' lang='lat' dir='ltr'><strong>infra,</strong></span> <span class='ocrx_word' id='word_1_975' title='bbox 2869 5392 2924 5431; x_wconf 87' lang='grc' dir='ltr'><strong>ιι.</strong></span> <span class='ocrx_word' id='word_1_976' title='bbox 2954 5375 3047 5442; x_wconf 73' lang='grc'><strong>55,</strong></span> <span class='ocrx_word' id='word_1_977' title='bbox 3078 5372 3386 5443; x_wconf 79' lang='lat' dir='ltr'><strong>exponitur.</strong></span> 
     </span>
    </p>
   </div>
   <div class='ocr_carea' id='block_1_123' title="bbox 2045 5465 3566 5598">
    <p class='ocr_par' dir='ltr' id='par_1_123' title="bbox 2045 5465 3566 5598">
     <span class='ocr_line' id='line_1_125' title="bbox 2045 5465 3566 5598; baseline -0.006 -72"><span class='ocrx_word' id='word_1_978' title='bbox 2045 5469 2141 5598; x_wconf 41' lang='grc' dir='ltr'><strong>ἔτι)</strong></span> <span class='ocrx_word' id='word_1_979' title='bbox 2166 5471 2291 5527; x_wconf 71' lang='grc' dir='ltr'><strong>Ητιιο</strong></span> <span class='ocrx_word' id='word_1_980' title='bbox 2307 5469 2681 5526; x_wconf 87' lang='lat' dir='ltr'><strong>citautLeoad</strong></span> <span class='ocrx_word' id='word_1_981' title='bbox 2695 5470 2955 5532; x_wconf 89' lang='lat' dir='ltr'><strong>Leonem,</strong></span> <span class='ocrx_word' id='word_1_982' title='bbox 2984 5467 3124 5538; x_wconf 82' lang='lat' dir='ltr'><strong>Aug.</strong></span> <span class='ocrx_word' id='word_1_983' title='bbox 3154 5465 3314 5537; x_wconf 87' lang='lat' dir='ltr'><strong>epist.</strong></span> <span class='ocrx_word' id='word_1_984' title='bbox 3348 5479 3566 5532; x_wconf 76' lang='lat' dir='ltr'><strong>cxxxrv,</strong></span> 
     </span>
     <span class='ocr_line' id='line_1_126' title="bbox 2093 5540 3030 5598; baseline -0.006 0"><span class='ocrx_word' id='word_1_985' title='bbox 2093 5584 2108 5598; x_wconf 91' lang='lat'><strong>.</strong></span> <span class='ocrx_word' id='word_1_986' title='bbox 2139 5552 2195 5598; x_wconf 91' lang='lat' dir='ltr'><strong>et</strong></span> <span class='ocrx_word' id='word_1_987' title='bbox 2219 5543 2549 5598; x_wconf 86' lang='lat' dir='ltr'><strong>Theodoret.</strong></span> <span class='ocrx_word' id='word_1_988' title='bbox 2580 5559 2618 5598; x_wconf 91' lang='grc' dir='ltr'><strong>ιι</strong></span> <span class='ocrx_word' id='word_1_989' title='bbox 2652 5541 2789 5597; x_wconf 90' lang='lat' dir='ltr'><strong>Dial.</strong></span> <span class='ocrx_word' id='word_1_990' title='bbox 2823 5557 2877 5598; x_wconf 81' lang='grc' dir='ltr'><strong>ι).</strong></span> <span class='ocrx_word' id='word_1_991' title='bbox 2905 5540 3030 5595; x_wconf 80' lang='grc'><strong>106.</strong></span> 
     </span>
    </p>
   </div>
   <div class='ocr_carea' id='block_1_124' title="bbox 1969 5540 3030 5611">
    <p class='ocr_par' dir='ltr' id='par_1_124' title="bbox 1969 5540 3030 5611">
     <span class='ocr_line' id='line_1_127' title="bbox 1969 5540 3030 5611; baseline -0.007 -12"><span class='ocrx_word' id='word_1_992' title='bbox 1969 5557 2020 5599; x_wconf 92' lang='lat' dir='ltr'><strong>c.</strong></span> <span class='ocrx_word' id='word_1_993' title='bbox 2052 5540 2195 5609; x_wconf 46' lang='grc' dir='ltr'><strong>ὄζει</strong></span> <span class='ocrx_word' id='word_1_994' title='bbox 2219 5543 2549 5600; x_wconf 82' lang='lat' dir='ltr'><strong>Tlteodoret.</strong></span> <span class='ocrx_word' id='word_1_995' title='bbox 2580 5559 2618 5598; x_wconf 90' lang='grc' dir='ltr'><strong>ιι</strong></span> <span class='ocrx_word' id='word_1_996' title='bbox 2652 5541 2789 5597; x_wconf 91' lang='lat' dir='ltr'><strong>Dial.</strong></span> <span class='ocrx_word' id='word_1_997' title='bbox 2823 5557 2877 5611; x_wconf 92' lang='lat' dir='ltr'><strong>p.</strong></span> <span class='ocrx_word' id='word_1_998' title='bbox 2905 5540 3030 5595; x_wconf 77' lang='grc'><strong>106.</strong></span> 
     </span>
    </p>
   </div>
   <div class='ocr_carea' id='block_1_125' title="bbox 2046 5629 3571 5708">
    <p class='ocr_par' dir='ltr' id='par_1_125' title="bbox 2046 5629 3571 5708">
     <span class='ocr_line' id='line_1_128' title="bbox 2046 5629 3571 5708; baseline -0.003 -17"><span class='ocrx_word' id='word_1_999' title='bbox 2046 5634 2123 5708; x_wconf 80' lang='grc' dir='ltr'><strong>(η)</strong></span> <span class='ocrx_word' id='word_1_1000' title='bbox 2158 5634 2393 5693; x_wconf 84' lang='lat' dir='ltr'><strong>Verbum</strong></span> <span class='ocrx_word' id='word_1_1001' title='bbox 2421 5636 2585 5706; x_wconf 87' lang='lat' dir='ltr'><strong>inquit</strong></span> <span class='ocrx_word' id='word_1_1002' title='bbox 2613 5636 2666 5690; x_wconf 90' lang='lat' dir='ltr'><strong>in</strong></span> <span class='ocrx_word' id='word_1_1003' title='bbox 2699 5633 2926 5705; x_wconf 77' lang='lat' dir='ltr'><strong>vulgatis</strong></span> <span class='ocrx_word' id='word_1_1004' title='bbox 2949 5631 3037 5686; x_wconf 89' lang='lat' dir='ltr'><strong>hic</strong></span> <span class='ocrx_word' id='word_1_1005' title='bbox 3066 5629 3333 5699; x_wconf 80' lang='lat' dir='ltr'><strong>adjectum</strong></span> <span class='ocrx_word' id='word_1_1006' title='bbox 3365 5630 3571 5708; x_wconf 80' lang='lat' dir='ltr'><strong>absque</strong></span> 
     </span>
    </p>
   </div>
   <div class='ocr_carea' id='block_1_126' title="bbox 1971 5704 3572 5839">
    <p class='ocr_par' dir='ltr' id='par_1_126' title="bbox 1971 5704 3572 5839">
     <span class='ocr_line' id='line_1_129' title="bbox 1971 5704 3572 5792; baseline -0.003 -27"><span class='ocrx_word' id='word_1_1007' title='bbox 1971 5704 2113 5792; x_wconf 58' lang='lat' dir='ltr'><strong>mss;</strong></span> <span class='ocrx_word' id='word_1_1008' title='bbox 2128 5708 2470 5779; x_wconf 82' lang='lat' dir='ltr'><strong>auctoritate,</strong></span> <span class='ocrx_word' id='word_1_1009' title='bbox 2490 5704 2953 5780; x_wconf 69' lang='lat' dir='ltr'><strong>Supervacaneum</strong></span> <span class='ocrx_word' id='word_1_1010' title='bbox 2977 5716 3100 5762; x_wconf 86' lang='lat' dir='ltr'><strong>esse</strong></span> <span class='ocrx_word' id='word_1_1011' title='bbox 3119 5709 3333 5761; x_wconf 88' lang='lat' dir='ltr'><strong>constat</strong></span> <span class='ocrx_word' id='word_1_1012' title='bbox 3351 5717 3416 5761; x_wconf 79' lang='lat' dir='ltr'><strong>ex</strong></span> <span class='ocrx_word' id='word_1_1013' title='bbox 3443 5704 3572 5762; x_wconf 37' lang='lat' dir='ltr'><strong>sub!</strong></span> 
     </span>
     <span class='ocr_line' id='line_1_130' title="bbox 1972 5788 2146 5839; baseline -0.017 -2"><span class='ocrx_word' id='word_1_1014' title='bbox 1972 5788 2146 5839; x_wconf 77' lang='lat' dir='ltr'><strong>uetus.</strong></span> 
     </span>
    </p>
   </div>
   <div class='ocr_carea' id='block_1_127' title="bbox 2134 5812 2146 5834">
    <p class='ocr_par' dir='ltr' id='par_1_127' title="bbox 2134 5812 2146 5834">
     <span class='ocr_line' id='line_1_131' title="bbox 2134 5812 2146 5834; baseline 0 0"><span class='ocrx_word' id='word_1_1015' title='bbox 2134 5812 2146 5834; x_wconf 79' lang='grc' dir='ltr'><strong>ι</strong></span> 
     </span>
    </p>
   </div>
  </div>
