4094 6180
414 223 524 279 233

1621 216 1866 285 SANCTI
1906 214 2160 287 ιιιιιιιιιι
2192 215 2501 287 EPISGOPI

3610 200 3716 267 εει

414 354 495 393 me
541 351 713 405 coram
773 334 1098 416 transmittas,
1156 333 1355 407 negabo
1403 343 1450 397 et
1509 348 1602 407 ego
1656 350 1774 397 eum
1839 347 2011 405 carent
2043 333 2097 407 Α
2125 346 2231 401 non
2278 332 2351 405 (f)
2392 330 2766 404 imprudenter
2795 329 3096 407 proiectum
3139 338 3344 397 naturae
3372 330 3596 403 potioris
3625 346 3720 389 ex-

416 438 564 501 patre
616 444 761 499 ineo,
810 426 900 500 qui
951 435 1027 481 est
1078 425 1132 491 in
1187 424 1348 490 cretis.
1410 423 1541 495 limo
1594 424 1827 497 Verbum
1884 439 2013 495 caro

417 520 617 594 factum
648 518 985 597 loquebatur,
1014 526 1069 572 et
1097 518 1258 585 homo
1286 515 1447 587 Jesus
1476 516 1724 592 Christus
1754 517 2013 583 Dominus

419 611 718 684 maiestatis
742 609 972 677 docebat
1001 625 1014 679 ς
1047 607 1310 679 Mediator
1349 608 1463 681 ipse
1494 607 1548 664 in
1587 622 1647 673 se
1676 608 1743 675 ad
1785 609 2011 673 salutem

422 686 681 759 Ecclesiae
704 702 1047 771 constitutus,
1072 709 1126 771 et
1150 701 1314 791 360
1340 698 1432 755 illo
1464 701 1581 773 ipso
1606 701 1748 756 inter
1770 701 1937 771 Deum
1961 711 2015 771 et

423 797 670 867 homines
708 795 1022 853 mediatoris
1059 803 1401 850 sacramento
1436 798 1725 869 utramque
1754 795 1833 870 (1)
1879 811 2016 852 unus

420 890 710 956 exsistens,
753 890 882 946 dum
934 890 1048 971 ipse
1084 905 1149 944 ex
1201 891 1365 961 unitis
1407 892 1459 949 in
1510 874 1740 975 idipsum
1785 893 2013 961 naturis,

420 993 629 1045 natura:
666 986 941 1058 utriusque
971 998 1058 1040 res
1086 984 1277 1041 eadem
1310 993 1427 1049 est;
1460 986 1529 1049 ita
1563 996 1762 1059 tamen,
1798 997 1853 1057 ut
1887 1003 2019 1055 neno

421 1087 506 1133 tro
553 1087 766 1134 careret
812 1079 865 1134 in
910 1086 1161 1149 utroque,
1209 1094 1278 1134 ne
1324 1077 1460 1134 forte
1503 1079 1647 1135 Deus
1687 1094 1807 1139 esse
1857 1081 2018 1147 homo

422 1172 693 1227 nascendo
716 1170 1014 1238 desineret,
1045 1180 1100 1231 et
1125 1171 1288 1227 homo
1325 1185 1537 1229 rursum
1569 1173 1711 1241 Deus
1749 1173 2020 1243 manendo

426 1280 533 1319 non
584 1271 746 1318 esset.
793 1262 920 1319 limo
970 1265 1151 1336 itaque
1200 1264 1449 1335 humanae
1495 1265 1841 1325 beatitudinis
1885 1267 2018 1331 fides

425 1371 551 1423 vera
594 1366 700 1423 est,
732 1354 900 1410 Deum
946 1364 1002 1410 et
1041 1356 1313 1411 hominem
1347 1358 1673 1428 praedicare,
1703 1358 1935 1429 Verbum
1966 1369 2021 1425 et

425 1464 643 1505 carnem
685 1450 930 1517 conliteri
961 1466 972 1502 :
1006 1464 1181 1521 neque
1220 1450 1387 1505 Deum
1430 1452 1644 1507 nescire
1683 1452 1825 1523 quod
1856 1454 2018 1511 homo

425 1542 514 1605 sit,
549 1557 720 1610 neque
745 1555 963 1611 carnem
994 1542 1239 1612 ignorare
1264 1542 1406 1613 quod
1440 1543 1670 1611 Verbum
1703 1546 1794 1600 sit.

496 1635 551 1693 4.
590 1633 743 1702 Quod
766 1642 915 1687 natus
946 1634 1097 1688 homo
1127 1633 1264 1693 Deus
1297 1645 1534 1703 maneat,
1563 1653 1742 1703 sensus
1768 1639 1887 1710 jam
1915 1654 2019 1697 non

2118 434 2327 503 speciat
2351 444 2365 485 :
2392 427 2478 487 cui
2505 435 2560 493 et.
2589 427 2985 495 incrementum
3013 424 3312 491 secundum
3338 434 3582 489 naturam
3609 436 3719 492 est,

2116 527 2171 575 et
2212 518 2515 587 imminutio
2554 527 2745 583 contra
2793 526 3043 581 naturam
3082 526 3187 577 est.
3218 517 3335 575 Deo
3376 517 3560 588 itaque
3589 533 3719 588 ιιιιιιτ

2118 612 2295 681 prium
2339 609 2455 676 fuit,
2505 624 2629 667 esse
2674 609 2820 666 aliud
2865 624 3029 681 quam
3068 609 3342 678 manebat,
3393 624 3493 669 nec
3537 618 3720 677 tamen

2119 718 2225 761 non
2254 718 2375 759 esse
2404 704 2562 783 εει
2588 703 2731 776 quod
2776 711 3080 770 manserat;
3113 704 3262 769 nasci
3296 702 3375 778 (9)
3417 703 3470 761 in
3502 705 3724 773 homine

2120 796 2312 866 Deum,
2346 813 2443 857 nec
2470 806 2648 859 tamen
2685 797 2855 857 Deum
2899 813 3022 861 esse
3065 797 3355 865 desinere;
3397 798 3725 867 contrahere

2120 904 2180 944 se
2210 904 2377 959 usque
2402 889 2469 944 ad
2498 901 2820 960 conceptum
2847 900 2900 944 et
2920 905 3088 945 cunas
3112 900 3167 947 et
3190 889 3495 959 infantiam,
3521 906 3620 949 nec
3643 901 3723 959 ta-

2120 996 2246 1037 men
2277 981 2372 1047 Dei
2419 992 2685 1055 poteState
2708 982 2996 1045 decedere.
3025 983 3138 1039 Hoc
3162 998 3267 1038 non
3291 982 3415 1051 sibi,
3439 984 3536 1047 sed
3559 984 3715 1056 nobis

2121 1085 2203 1133 est
2233 1074 2312 1151 (Ιι)
2348 1083 2767 1139 sacramentum.
2810 1077 2994 1147 Neque
3032 1078 3330 1159 assumptio
3373 1088 3556 1147 nostra
3602 1080 3717 1145 Deo

2123 1168 2397 1238 profectus
2428 1177 2511 1235 est
2546 1186 2558 1225 :
2592 1169 2687 1227 sed
2715 1168 3059 1237 contumeliae
3090 1185 3203 1227 sua:
3227 1169 3497 1241 voluntas,
3531 1180 3719 1240 nostra

2123 1261 2400 1332 provecdo
2429 1271 2542 1325 est;
2571 1260 2697 1323 dum
2726 1276 2828 1318 nec
2855 1261 3053 1333 amittit
3076 1261 3165 1321 ille
3191 1261 3333 1334 quod
3358 1261 3501 1318 Deus
3528 1272 3632 1335 est,
3665 1270 3724 1331 et

2126 1351 2328 1407 homini
2362 1353 2588 1424 acquirit
2618 1363 2675 1411 ut
2708 1354 2846 1419 Deus
2875 1355 2964 1410 sit.

2195 1444 2250 1503 5.
2283 1442 2382 1499 Dei
2410 1432 2457 1499 et
2500 1445 2720 1502 hominis
2757 1462 2810 1503 se
2837 1445 3003 1519 ﬁlium
3032 1444 3181 1505 dictis
3223 1454 3270 1507 et
3296 1445 3451 1518 gestis
3486 1442 3727 1515 Christus

2125 1538 2364 1593 ostendit.
2399 1537 2548 1597 Unde
2586 1539 2788 1603 occasio
2819 1537 3087 1597 hereseos.
3113 1566 3183 1577 —
3217 1536 3384 1595 Natus
3416 1537 3577 1609 igitur
3606 1541 3728 1597 uui-

2126 1632 2338 1703 genitus
2374 1633 2514 1689 Dens
2542 1647 2608 1699 ex
2645 1631 2864 1702 Virgine
2894 1631 3088 1699 homo,
3115 1641 3169 1687 et
3211 1631 3508 1687 secundum
3558 1631 3732 1703 pleni-

425 1727 710 1801 refugitr-e
734 1726 865 1781 Cum
894 1736 1098 1801 autem,
1121 1737 1309 1781 contra
1342 1738 1589 1783 naturam
1612 1743 1806 1787 sensus
1828 1733 2020 1801 nostri,
2055 1731 2103 1792 B
2130 1725 2367 1783 tudinem
2388 1733 2689 1793 temporum
2718 1724 2768 1779 ill
2797 1720 3092 1793 semetipso
3112 1729 3467 1794 prorecturus
3487 1721 3540 1777 in
3559 1721 3732 1791 Deum

429 1821 574 1878 Dens
621 1835 847 1874 manens
897 1818 1059 1874 homo
1103 1819 1383 1885 nascitur;
1407 1820 1521 1891 jam
1566 1835 1670 1876 non
1710 1830 1795 1877 est
1836 1830 2026 1879 contra

429 1924 677 1970 naturam
708 1913 835 1984 .spei
865 1923 1087 1979 nostrm,
1119 1923 1172 1968 nt
1218 1925 1375 1969 natus
1402 1915 1566 1971 homo
1597 1917 1736 1974 Deus
1764 1928 1978 1979 maneat
2008 1936 2023 1974 :

428 2022 551 2064 enm
582 2006 756 2077 potior
780 2013 968 2067 natura
1000 2006 1053 2065 in
1088 2006 1395 2079 inferiorem
1430 2017 1555 2079 nata
1584 2008 1745 2064 fidem
1777 2019 2020 2081 praestet,

430 2098 743 2154 inferiorem
772 2098 825 2153 in
856 2110 1100 2155 naturam
1134 2098 1279 2153 nasci
1308 2114 1468 2177 posse
1494 2099 1784 2172 potiorem.
1818 2102 1883 2171 Et
1910 2102 2027 2173 qui-

429 2191 577 2254 dem,
606 2191 903 2247 secundum
933 2192 1109 2263 legem
1138 2200 1191 2259 et
1220 2184 1670 2263 consuetudinem
1701 2192 1911 2265 mundi,
1946 2192 2023 2277 (α)

431 2286 730 2358 promptior
755 2284 925 2365 magis
946 2286 1059 2359 spei
1089 2295 1488 2363 nostrze,quam
1512 2284 1676 2341 divini
1701 2286 2025 2355 sacramenti

431 2379 656 2436 elfectns
687 2389 788 2435 est.
821 2377 1063 2450 Namque
1103 2379 1335 2437 mundus
1367 2380 1421 2435 in
1465 2379 1551 2439 his
1579 2396 1701 2466 qua:
1732 2392 2029 2447 nascuntur

432 2474 594 2529 habet
624 2474 943 2533 incrementi
972 2473 1225 2531 virtutem
1246 2518 1260 2543 ,
1294 2492 1401 2549 non
1442 2474 1607 2532 habet
1644 2475 2028 2533 deminutionis

430 2576 777 2639 potestatem.
806 2565 880 2639 (ὁ)
914 2567 1087 2623 Cerne
1112 2568 1355 2631 arbores,
1388 2577 1525 2647 sata,
1561 2568 1815 2640 pecudes.
1848 2568 2028 2641 Ipsum

431 2674 645 2738 quoque
677 2660 991 2729 participem
1019 2659 1244 2714 rationis
1272 2659 1542 2716 hominem
1565 2671 1824 2733 contuere
1848 2679 1861 2716 :
1885 2675 2029 2719 sem-

432 2767 528 2821 per
554 2750 767 2835 profieit
806 2762 1120 2823 augmento,
1151 2768 1442 2824 numquam
1483 2768 1617 2821 vero
1656 2753 2029 2827 deminutione

429 2844 796 2918 contrahitur;
823 2859 922 2899 nec
943 2859 1061 2899 sese
1083 2853 1253 2908 caret,
1279 2846 1421 2919 quod
1446 2848 1684 2911 excrevit
1710 2844 1782 2933 (ε)
1808 2847 1859 2901 in
1883 2863 2025 2921 sese.

430 2935 562 2999 Nam
594 2936 805 3013 tametsi
847 2945 940 2991 aut
976 2944 1136 2993 aetate
1177 2948 1501 3008 marcescat,
1538 2950 1632 3007 aut
1676 2950 1851 3013 morte
1883 2942 2025 3017 peri-

430 3039 645 3097 matur;
681 3031 840 3085 habet
867 3030 1084 3102 quidem
1110 3041 1199 3085 aut
1226 3030 1651 3105 demutationem
1679 3032 1731 3087 in
1762 3042 2025 3111 tempore,

2130 1817 2193 1890 (i)
2236 1816 2547 1881 hominem,
2590 1817 2733 1881 hunc
2780 1830 2874 1886 per
2915 1817 3097 1879 omnia
3142 1814 3438 1887 evangelici
3464 1814 3734 1889 germanis

2129 1909 2346 1964 modum
2381 1908 2573 1976 tenuit,
2604 1920 2659 1965 ιιι
2687 1922 2746 1964 se
2768 1908 2934 1962 lilium
2965 1907 3058 1965 Dei
3088 1907 3235 1963 credi
3263 1906 3516 1979 doceret,
3548 1918 3602 1965 et
3630 1907 3731 1979 lio-

2131 2002 2291 2056 minis
2313 1998 2481 2073 filium
2510 1998 2789 2075 praedicari
2817 1998 3135 2059 admoneret
3167 2018 3181 2055 :
3214 1998 3426 2067 loculus,
3452 2008 3507 2065 et
3536 2013 3736 2077 gerens

2130 2091 2295 2147 homo
2317 2072 2568 2157 univerSa
2597 2106 2719 2163 quae
2753 2091 2846 2146 Dei
2882 2100 3027 2156 sunt,
3061 2090 3286 2169 loquens
3314 2090 3511 2161 deinde
3538 2072 3603 2151 et
3632 2107 3733 2163 ge-

2130 2200 2257 2242 rens
2288 2185 2428 2241 Deus
2459 2185 2709 2245 universa
2741 2200 2863 2256 quae
2888 2180 3127 2241 hominis
3157 2193 3313 2251 sunt;
3346 2184 3418 2241 ita
3447 2195 3649 2253 tamen,
3679 2192 3739 2245 ιιι

2132 2277 2212 2350 (2)
2245 2277 2363 2348 ipso
2390 2276 2484 2332 illo
2512 2276 2790 2347 utriusque
2814 2277 3033 2349 generis
3052 2291 3305 2335 sermone
3326 2292 3616 2349 numquam
3650 2277 3737 2338 ni-

2132 2371 2179 2427 si
2203 2386 2323 2425 cum
2352 2371 2748 2443 significatione
2778 2378 2833 2425 et
2862 2369 3100 2433 hominis
3131 2369 3345 2439 loeutus
3391 2379 3445 2425 et
3488 2368 3584 2441 Dei
3626 2369 3737 2437 sit;

2132 2477 2241 2535 uno
2268 2470 2445 2518 tamen
2478 2464 2587 2518 Deo
2611 2470 2762 2535 patre
2791 2476 3008 2533 semper
3029 2471 3281 2531 ostenso,
3304 2470 3360 2516 et
3378 2475 3438 2531 se
3466 2460 3517 2516 in
3546 2470 3739 2515 natura

2134 2556 2291 2625 unius
2322 2555 2416 2611 Dei
2449 2570 2544 2628 per
2582 2554 2882 2623 nativitatis
2913 2540 3200 2627 veritatem
3232 2550 3507 2627 professo;
3537 2552 3605 2623 (λ)
3640 2567 3744 2623 nec

2134 2661 2312 2723 tamen
2343 2664 2404 2706 se
2446 2649 2558 2704 Deo
2605 2649 2741 2723 patri
2785 2663 2895 2721 non
2941 2656 2997 2703 ct
3045 2645 3143 2701 lilii
3174 2649 3379 2719 honore
3408 2657 3461 2702 et
3505 2646 3743 2719 hominis

2132 2741 2441 2815 conditione
2469 2739 2732 2797 subdente
2760 2756 2773 2793 :
2806 2754 2927 2795 cum
2970 2747 3023 2794 et
3065 2738 3317 2811 nativitas
3355 2735 3435 2817 (Ir)
3473 2738 3652 2809 omnis
3681 2752 3745 2794 se

2132 2835 2337 2890 referat
2364 2832 2430 2887 ad
2461 2840 2736 2907 auctorem
2761 2871 2776 2896 ,
2809 2838 2863 2884 et
2892 2845 3022 2884 caro
3063 2844 3122 2885 se
3152 2829 3401 2897 universa
3440 2828 3741 2884 secundum

2133 2928 2300 2984 Deum
2331 2926 2645 2998 profiteatur
2673 2921 2962 2977 infirmam.
2992 2920 3127 2999 Hinc
3151 2921 3331 2993 itaque
3362 2920 3579 2977 fallendi
3610 2921 3741 2975 sim‘

2132 3022 2300 3092 plices
2327 3028 2487 3097 atque
2519 3004 2827 3089 ignorantes
2860 3016 3128 3091 haereticis
3156 3017 3371 3070 occasio
3397 3024 3501 3083 est,
3535 3025 3586 3068 ut
3620 3030 3745 3085 qua:

430 3133 524 3193 aut
551 3121 712 3195 ﬁnem
751 3121 832 3196 (Δ)
865 3123 916 3177 in
943 3123 1329 3185 constitutione
1356 3123 1566 3179 vivendi
1600 3141 1612 3193 ς
1645 3107 1899 3195 caeterum
1929 3126 2030 3195 ιιρε
2057 3113 2103 3177 C
2136 3117 2202 3171 ab
2228 3129 2294 3169 eo
2325 3111 2622 3168 secundum
2656 3112 2929 3165 hominem
2969 3109 3108 3164 dicta
3140 3116 3293 3178 Stllll,
3328 3107 3468 3163 dicta
3499 3122 3621 3163 esse
3649 3123 3744 3164 se-

431 3216 576 3288 quod
603 3217 674 3271 sit
706 3231 809 3270 non
841 3216 1004 3271 habet
1026 3214 1097 3287 (e)
1131 3216 1183 3270 in
1210 3217 1405 3272 virtute
1435 3231 1540 3271 non
1570 3231 1712 3282 esse,
1747 3227 1804 3273 ut
1834 3235 2030 3274 novum

433 3325 493 3364 se
524 3324 617 3379 per
644 3308 1073 3364 imrninutiOnem
1101 3308 1301 3363 condat
1325 3324 1391 3363 ex
1413 3309 1632 3375 eodem,
1664 3308 1717 3364 id
1744 3320 1847 3377 est,
1884 3320 1941 3364 nt
1966 3327 2032 3367 ex

434 3415 565 3456 sene
594 3398 822 3455 decedat
852 3402 902 3454 in
951 3400 1252 3465 parvulum.
1294 3400 1509 3456 Natura:
1540 3416 1668 3475 ergo
1705 3411 1904 3471 nostrae
1937 3418 2035 3459 ne—

433 3492 661 3550 cessitas
690 3494 741 3548 in
772 3502 1119 3565 augmentum
1150 3510 1367 3568 semper
1390 3495 1574 3551 mundi
1606 3496 1724 3573 lege
1752 3507 2028 3583 provecta,

509 3605 590 3681 (l)
624 3604 824 3665 Unum.

507 3719 584 3795 (α)
615 3721 670 3777 ld
698 3728 802 3787 est,
847 3719 1059 3777 facilius
1094 3721 1338 3795 capimus
1364 3722 1637 3795 hominem
1686 3721 1803 3780 fore
1833 3723 2027 3794 Deum,

437 3790 910 3867 qnat'spesnostra
935 3805 1037 3853 est.
1066 3790 1226 3863 quam
1246 3790 1419 3850 Deum
1444 3790 1645 3850 factum
1668 3795 1831 3859 fuisse
1861 3790 2033 3853 homi-

438 3862 561 3920 nem
584 3862 726 3937 q'nod
748 3862 995 3937 divinum
1011 3862 1429 3937 sacramentum.
1455 3866 1662 3937 Quibus
1684 3868 2035 3937 cnnsetttiens

437 3936 494 3992 S.
528 3934 656 4003 μοι),
690 3935 810 4005 Scr.
840 3936 873 3990 4
901 3936 951 4005 in
981 3934 1100 3991 Nat.
1126 3934 1282 3991 Dom.
1314 3952 1363 3991 c.
1397 3937 1427 3991 2
1462 3934 1687 3997 {Minus
1718 3943 1901 3993 mirum
1922 3934 2033 4000 est.

442 4008 645 4083 inquit,
672 4008 926 4083 hominem
964 4008 1031 4062 ad
1072 4006 1247 4083 divina
1275 4008 1545 4083 proficere,
1584 4026 1736 4083 quam
1767 4009 1932 4065 Deum
1971 4011 2038 4066 ad

442 4077 999 4152 Iiitinanagescendere
1028 4094 1047 4133 :
1076 4077 1142 4133 Et
1181 4077 1513 4152 Augustinus
1550 4077 1709 4152 epist.
1744 4098 1883 4137 nunc
1912 4097 2037 4149 exe,

443 4166 497 4224 ιι.
532 4151 652 4224 H_:_
670 4148 853 4224 Neque
898 4152 1030 4205 enim
1061 4153 1178 4224 jnm
1222 4148 1602 4224 desperandum
1655 4165 1726 4207 est
1758 4148 2041 4224 participar-

442 4222 579 4294 tione
612 4220 765 4275 Verbi
797 4238 944 4294 posse
973 4220 1204 4294 honiines
1233 4220 1343 4287 [ἱείὶ
1365 4224 1499 4291 ﬁlios
1533 4222 1649 4287 Dei,
1678 4220 1883 4294 quando
1906 4224 2047 4293 ﬁlius

442 4291 543 4346 Dei
568 4292 964 4367 participatione
1009 4293 1179 4367 cuiatis
1206 4297 1375 4364 factus
1420 4301 1495 4347 est
1524 4294 1661 4367 tilias
1690 4291 1933 4367 hominis.
1966 4294 2045 4350 Ne

443 4362 583 4417 vero
603 4364 687 4418 cui
718 4375 969 4429 suspecta
999 4362 1126 4425 sint,
1160 4362 1280 4433 qum
1312 4370 1497 4418 noster
1531 4364 1766 4421 llilarins
1797 4381 1858 4421 ea
1888 4365 1955 4420 de
1986 4380 2046 4421 re

445 4434 703 4501 deinceps
733 4433 988 4499 disserit;
1036 4434 1479 4503 przemonendnm
1513 4445 1785 4503 putamus.
1814 4452 1936 4491 eum
1971 4438 2044 4491 ita

444 4505 586 4561 velle
641 4506 915 4561 hominem
948 4505 1062 4561 fieri
1113 4506 1278 4559 Deum
1314 4521 1408 4574 per
1434 4506 1795 4561 arctissimam
1826 4521 1946 4561 cum
1977 4522 2046 4563 eo

444 4575 906 4646 coniunctionem,
932 4587 989 4631 ut
1011 4584 1198 4632 natura
1226 4575 1454 4648 humana
1476 4592 1809 4648 nequaquam
1830 4578 2047 4633 abolea-

448 4658 556 4714 tur,
591 4648 667 4703 uti
696 4650 901 4707 diserte
930 4648 1121 4718 probat
1148 4651 1198 4707 in
1232 4646 1375 4702 Psal.
1408 4664 1466 4713 tt,
1501 4646 1683 4717 ".41;
1711 4649 1796 4704 ubi
1824 4649 2044 4707 tandem

447 4720 721 4846 pitincludit
755 4740 768 4776 :
799 4719 889 4776 Fit
919 4737 1038 4792 ergo.
1074 4721 1377 4793 denmtqtio,
1406 4720 1496 4776 sed
1538 4738 1640 4776 non
1677 4720 1893 4791 cientur
1925 4722 2050 4779 aba-

471 4810 486 4845 1
512 4810 582 4846 10.

471 4793 582 4846 itio.

522 4863 598 4948 (ξιξ
624 4866 681 4922 1η
712 4882 813 4923 ms.
838 4864 960 4939 vat.
986 4866 1131 4933 bas.,
1156 4872 1309 4923 certe.
1334 4862 1394 4929 in
1415 4864 1645 4941 vulgatis
1671 4878 1904 4945 gramen,
1928 4863 2051 4921 loco

448 4932 598 4993 verbi
624 4955 794 4994 cerne.

523 5008 596 5078 (e)
631 5010 793 5075 Editi,
822 5026 885 5067 ea:
903 5025 1032 5069 sese.

524 5079 804 5207 (d)dy'etus
833 5082 1003 5137 codex
1031 5080 1185 5141 .Colb.
1222 5094 1343 5137 cum
1366 5079 1578 5149 Germ.,
1608 5080 1662 5135 in
1687 5080 2056 5155 consuetudine

524 5171 594 5206 1811
636 5171 672 5206 1.

452 5171 672 5212 υιυειιαι.

525 5223 596 5298 (e)
631 5225 761 5282 Bad.
792 5232 849 5281 et
884 5225 979 5292 Er,
1010 5225 1063 5279 in
1092 5224 1331 5298 veritate.
1350 5223 1543 5282 Verius
1576 5224 1675 5298 alii
1698 5223 1843 5298 libri,
1872 5224 1926 5287 in
1953 5222 2056 5298 uir-

456 5292 587 5361 tute,
615 5301 717 5352 hoc
756 5306 860 5360 est,
891 5298 944 5351 in
989 5292 1283 5367 potestate.
1307 5296 1622 5367 Argumenti
1668 5297 1828 5364 hujus
1858 5292 2056 5367 scriptis

456 5378 562 5434 est,
594 5384 692 5424 nos
717 5369 936 5441 quidem
970 5366 1423 5441 posseprofleere
1446 5366 1509 5421 ad
1553 5366 1604 5421 id
1636 5367 1778 5437 quod
1808 5367 1917 5421 non
1947 5367 2044 5420 ha-

457 5443 668 5506 bemus,
698 5438 793 5497 sed
820 5455 927 5496 non
954 5453 1074 5495 esse
1104 5438 1156 5493 id
1191 5439 1331 5509 quod
1354 5439 1464 5508 jam
1490 5454 1676 5493 sumus
1709 5454 1813 5492 non
1845 5452 2005 5508 posse
2039 5454 2052 5467 ·

458 5528 522 5568 ac
570 5527 754 5567 senem
785 5530 835 5565 ν.
887 5528 938 5582 ς.
972 5526 1234 5565 annorum
1267 5510 1376 5578 iam
1415 5520 1729 5567 exacturum
1774 5523 2058 5571 numerum

465 5598 665 5654 augere
687 5597 869 5654 posse,
899 5583 993 5639 sed
1022 5597 1129 5639 non
1162 5583 1234 5637 ita
1259 5582 1595 5645 imminuere.

544 5653 616 5727 (Γ)
667 5651 727 5712 In
756 5671 891 5729 mss:
924 5655 1107 5729 probae
1134 5663 1296 5729 noue,
1324 5652 1818 5729 intp_udenter._blox
1845 5651 1978 5729 Ded.
2007 5658 2065 5725 et

475 5724 579 5785 Er.
598 5724 721 5783 cum
749 5741 853 5782 ms.
877 5724 994 5785 bas.
1020 5725 1167 5794 Ἴθι,
1197 5724 1409 5804 prioris,
1428 5724 1549 5781 loco
1579 5725 1809 5798 potioris.

2140 3207 2375 3264 cundum
2408 3216 2613 3261 natura:
2652 3204 2849 3260 divina:
2882 3200 3246 3256 inﬁrmitatem
3281 3202 3610 3255 mentiantur
3643 3217 3656 3252 :
3690 3207 3747 3253 et

2138 3304 2261 3373 quia
2277 3316 2418 3358 unus
2435 3310 2596 3371 atque
2615 3298 2754 3365 idem
2774 3306 2858 3357 est
2884 3295 3111 3367 loquens
3137 3295 3318 3351 omnia
3333 3309 3452 3366 qua:
3470 3294 3743 3365 loquatur,

2137 3400 2203 3455 de
2233 3396 2297 3470 (Ι)
2324 3411 2381 3451 se
2404 3396 2523 3466 ipso
2547 3394 2726 3449 omnia
2753 3408 2877 3448 eum
2902 3391 3139 3446 locutum
3158 3403 3279 3444 esse
3295 3387 3644 3444 contendant.

2208 3492 2373 3575 262
2415 3492 2468 3550 6.
2518 3490 2631 3548 Alia
2669 3497 2789 3561 sunt
2823 3488 2963 3561 dicta
2991 3482 3183 3541 Christi
3213 3484 3440 3557 nandum
3469 3485 3575 3553 nati
3594 3526 3609 3553 ,
3639 3483 3748 3539 alia

2214 3609 2293 3685 (ι)
2326 3608 2393 3664 In
2418 3607 2510 3663 illo
2535 3606 2671 3678 ipso.

2206 3724 2287 3799 (g)
2318 3724 2408 3799 Sic
2423 3717 3046 3799 mss.,_quomodo_infra.
3074 3735 3224 3799 num.
3238 3719 3296 3799 _8,
3318 3718 3547 3799 legimus
3567 3726 3750 3799 uatum

2206 3744 2287 3851 t’g)
2318 3744 2408 3782 δια
2423 3744 2579 3787 11188..
2602 3744 3046 3793 quuutuuuuttra,
3075 3744 3296 3788 "unua,
3321 3744 3547 3795 Iustinus
3567 3744 3744 3789 autth

2135 3798 2190 3852 in
2239 3797 2445 3859 tamine,
2477 3804 2526 3850 et
2563 3792 2658 3865 lib.
2696 3807 2748 3857 v,
2778 3808 2833 3846 ιι.
2862 3792 2950 3859 18,
2982 3784 3123 3847 Deus
3148 3791 3201 3847 in
3230 3788 3432 3865 nomine
3459 3793 3744 3855 nascendo.

2137 3870 2211 3933 At
2234 3867 2363 3929 editi
2389 3909 2405 3932 ,
2434 3866 2490 3922 iu
2517 3864 2742 3921 homine.

2215 3938 2293 4012 (Ii)
2324 3934 2377 4015 id
2409 3948 2513 4015 est,
2541 3937 2642 3990 hoc
2670 3941 3070 4015 sacramentum
3094 3942 3387 4015 assumpta:
3406 3932 3739 4015 carnisnosf

2142 4003 2241 4067 trai
2271 4003 2460 4067 Salutis
2489 4016 2574 4065 est
2603 4022 2796 4071 causa,
2831 4006 2940 4061 Deo
2967 4017 3147 4063 antem
3176 4003 3308 4063 nihil
3328 4008 3432 4071 aut
3460 4003 3625 4071 addit,
3654 4012 3749 4065 aut

2146 4062 2619 4137 deluitItfumvhis
2642 4062 2828 4134 confer
2860 4093 3008 4132 num.
3033 4062 3284 4132 48et’49
3314 4062 3511 4132 tibi“.

2222 4152 2285 4225 (ἰ)
2318 4150 2651 4225 Ambiguitas
2684 4149 2921 4213 tolletur,
2951 4146 2999 4205 si
3026 4148 3260 4225 legeris,
3291 4146 3623 4219 proveclurus
3655 4145 3751 4200 Ito—

2148 4222 2334 4279 minem
2364 4223 2417 4276 iu
2450 4222 2637 4277 Deum.

2220 4313 2418 4389 (j)-lta_
2443 4327 2574 4368 mss.
2611 4312 2752 4389 Egiti
2785 4327 2914 4389 vero
2938 4354 2979 4389 ,__
3000 4323 3048 4368 et
3079 4309 3515 4389 tamentomisso
3550 4309 3753 4369 deinde

2149 4382 2544 4441 noiLCbristus
2572 4399 2630 4439 se
2652 4382 2801 4441 Patri
2822 4384 3098 4441 subditum
3127 4382 3454 4450 signiﬁcavit
3476 4390 3532 4440 et
3555 4384 3783 4443 secnn-'

2149 4458 2275 4513 dum
2309 4467 2557 4513 naturam
2587 4455 2848 4515 divinam.
2874 4466 3139 4525 quatenus
3166 4456 3337 4522 filius;
3368 4462 3424 4510 et
3452 4454 3756 4513 secundum

2072 4554 2127 4616 Β
2151 4527 2443 4585 humanam
2465 4569 2479 4593 ,
2507 4536 2771 4597 quatenus
2801 4524 3066 4587 infirmus.

2223 4619 2299 4695 (k)
2322 4620 2388 4695 in
2411 4620 2752 4695 codiceYat.
2786 4621 2903 4675 has.
2936 4619 3021 4674 hic
3051 4620 3264 4676 additur
3294 4618 3392 4695 Dei
3410 4635 3429 4685 ;
3461 4618 3603 4689 quod
3635 4634 3757 4695 rec-

2154 4691 2261 4750 tius
2279 4691 2439 4748 abest
2474 4692 2543 4747 ab
2574 4692 2696 4747 aliis
2728 4702 2861 4765 :vest
2886 4695 3085 4764 quippe
3120 4693 3391 4779 generalis
3431 4691 3754 4761 propositio.

2148 4854 2151 4855 ν
2226 4786 2292 4861 (ι)
2321 4786 2578 4861 Editi,‘de
2606 4787 2893 4861 semetipso.
2930 4786 3234 4861 ﬁotapdnm
3270 4783 3402 4861 illud
3439 4784 3504 4838 de
3536 4799 3589 4839 se
3614 4785 3756 4861 ipso.

2154 4856 2647 4940 Licebﬂilariusin
2689 4856 2904 4925 Christo
2939 4856 3104 4940 Deum
3140 4857 3522 4940 lintttittemqtte
3562 4857 3755 4938 arctis-

2155 4932 2292 4988 sime
2324 4932 2375 4986 in
2412 4945 2569 4984 unam
2605 4943 2893 5000 personam
2937 4925 3283 5000 coniunctum
3312 4943 3359 4983 Cl
3375 4925 3531 4999 edat;
3567 4925 3646 4981 sic
3680 4938 3761 4980 ta-

2158 5019 2282 5071 men
2335 5002 2607 5058 hominem
2661 5008 2870 5071 speetat
2919 5001 3068 5061 velut
3116 5001 3184 5071 ab
3234 5001 3349 5071 ipso
3388 5000 3656 5067 alienum,
3704 5006 3763 5069 nt

2159 5068 2349 5148 arguat
2395 5066 2710 5148 hmreticos,
2759 5071 2903 5148 quod
2943 5088 3061 5143 qum
3200 5066 3448 5148 Altotuiue
3478 5066 3762 5148 assumpto

2158 5140 2433 5217 loquatur,
2464 5143 2527 5198 de
2554 5160 2607 5199 se
2635 5140 2916 5217 ipso,_;hoe
2942 5140 3027 5217 est
3047 5140 3167 5217 ,Ade
3199 5140 3758 5217 ipsa'dit'initate_5tta

2158 5208 2396 5272 locutum
2420 5208 2548 5270 eum
2573 5208 2695 5268 esse
2717 5208 2903 5268 velint;
2928 5208 3320 5281 Qno‘lonne'ndi
3345 5213 3507 5267 modo
3528 5210 3763 5267 Ambro-

2158 5290 2293 5353 sius,
2326 5288 2417 5342 lih.
2452 5302 2483 5341 ιι
2516 5285 2570 5351 in
2603 5285 2833 5357 Lucan.
2866 5288 2957 5350 6t,
2989 5285 3094 5357 ait,
3125 5284 3308 5357 Tristis
3332 5296 3500 5357 autem
3527 5292 3624 5347 est,
3659 5300 3761 5357 non

2161 5352 2293 5429 ipse,
2323 5358 2412 5413 sed
2437 5358 2629 5429 animo.
2661 5353 2860 5429 Eodem
2892 5352 3097 5429 spectat
3122 5355 3254 5410 illud
3281 5352 3495 5429 antiqui
3524 5352 3762 5429 auctoris

2165 5379 2179 5414 Ι
2221 5379 2293 5424 δε,
2323 5379 2408 5413 ὕεα
2437 5379 2629 5414 αηιιιια.
2661 5379 2860 5425 Γλυιιειῃ
2892 5379 2918 5410 5
2960 5379 3097 5411 ευιιιι
3123 5379 3254 5410 ιιιιιιι
3283 5379 3495 5429 ιιιιιμμιι
3524 5379 3760 5423 ιιιιυιυιιξ

2268 5431 2395 5505 Fide
2417 5426 2785 5505 orthodoxae
2808 5426 2861 5489 8.
2885 5379 3023 5501 aiiud
3043 5426 3411 5505 Ambrosium,
3440 5425 3760 5505 inmappend.

2166 5488 2322 5559 Tom.
2352 5518 2388 5563 ιι
2421 5488 2651 5560 ξ”Ηοιιιο
2679 5499 2767 5554 ille
2790 5488 3090 5571 passus'est,
3121 5514 3267 5569 quem
3300 5488 3442 5571 ﬁlius
3472 5488 3572 5551 Dei
3592 5488 3765 5571 Susre-z

2169 5574 2274 5647 pit,
2305 5570 2456 5644 quem
2488 5572 2688 5647 induit,
2722 5566 2868 5645 quem
2900 5566 3168 5647 pertudit;
3217 5566 3467 5647 sed_quia
3507 5578 3664 5647 totum
3684 5566 3767 5637 Γ(ιιι

2170 5634 2429 5702 auctorem
2461 5634 2793 5715 referebatur,
2840 5634 3088 5715 quidquid
3113 5634 3285 5697 'Itom'o
3309 5641 3400 5713 ille
3438 5634 3766 5715 patiebatur;

2180 5718 2295 5775 ideo
2316 5733 2454 5775 mors
2480 5704 2529 5772 ei
2548 5717 2717 5788 passio
2740 5704 3245 5793 Dominijudicatur.
