4094 6180
456 211 564 273 287

1657 207 1902 267 SANCTl
1944 206 2199 266 HILARII
2243 207 2549 266 EPISCOPI

3665 209 3769 264 288

454 331 742 407 passiones
775 331 888 388 Deo
911 327 1077 386 sociae
1103 324 1349 398 sunt,(l)
1381 332 1435 380 et
1465 324 1538 397 (a)
1569 323 1843 396 spiritales
1870 327 2060 396 nequi-
2089 325 2144 387 Α
2166 323 2410 394 corporis
2457 322 2624 378 nostri
2657 335 2878 378 manere
2899 363 2914 391 ,
2960 321 3056 379 sed
3093 322 3145 378 in
3193 322 3284 379 Dei
3323 322 3517 395 gloria.
3561 323 3633 379 Et
3663 322 3768 380 hoc

457 425 547 482 tiae
578 439 643 481 ac
682 424 902 479 malitia:
936 427 1233 492 potestates
1267 417 1539 489 triumpho
1571 417 1778 484 carnis,
1815 417 1926 472 De'o
1964 433 2062 488 per

457 533 679 576 carnem
709 517 998 578 moriente,
1031 512 1360 568 subduntur.

531 613 586 669 8.
619 611 826 665 Fideles
859 607 962 662 Deo
989 608 1044 660 in
1071 596 1282 660 Chrislo
1303 605 1458 676 pleni.
1484 633 1559 646 —
1588 603 1757 674 llujus
1785 602 1946 673 igitur
1975 617 2064 656 sa-

460 700 726 761 cramenti
753 700 1043 772 Apostolus
1063 697 1336 762 conscius,
1367 706 1420 752 et
1448 712 1543 766 per
1577 696 1859 751 Dominum
1891 697 2063 766 ipsum

462 795 587 853 ﬁdei
619 795 900 851 scientiam
931 792 1156 860 adeptus
1179 834 1192 858 ,
1222 805 1343 846 cum
1387 805 1492 845 non
1526 791 1800 861 ignoraret
1844 790 2066 860 incapa-

462 901 583 944 cem
610 886 728 956 ejus
753 899 874 941 esse
909 894 962 940 et
1004 882 1261 938 mundum
1285 925 1298 948 ,
1331 889 1387 937 et
1415 881 1696 950 homines,
1739 891 1793 936 et
1821 880 2067 952 philoso-

464 977 646 1050 phiam
673 1020 689 1046 ,
722 977 826 1042 ait,
870 975 1046 1030 Videte
1091 991 1154 1028 ne
1179 975 1292 1044 quis
1323 991 1410 1028 vos
1457 976 1664 1029 seducat
1705 990 1795 1044 per
1839 973 2069 1046 philoso-

466 1069 642 1143 phiam
667 1077 715 1124 et
740 1069 944 1125 inanem
983 1067 1335 1137 deceptionem
1377 1065 1655 1120 secundum
1695 1063 1777 1135 (2)
1835 1064 2073 1118 traditio-

466 1178 584 1216 nem
615 1160 689 1234 (b)
724 1161 1022 1226 hominum,
1055 1158 1336 1212 secundum
1381 1157 1628 1211 elementa
1668 1154 1868 1221 mundi,
1893 1164 1939 1209 et
1968 1171 2070 1209 non

467 1256 748 1310 secundum
772 1252 956 1308 Jesum
986 1250 1250 1307 Christum
1275 1268 1292 1305 :
1321 1252 1443 1320 quia
1470 1252 1522 1303 in
1548 1251 1660 1320 ipso
1684 1248 1936 1302 inhabitat
1961 1265 2071 1301 om-

469 1348 549 1402 nis
578 1346 844 1418 plenitudo
870 1346 1152 1400 divinitatis
1181 1344 1541 1412 corporaliter,
1573 1352 1620 1396 et
1645 1344 1763 1397 estis
1793 1343 1846 1396 in
1873 1342 1967 1396 illo
1992 1358 2072 1396 re-

479 1441 629 1510 pleti,
660 1438 729 1512 (c)
759 1438 897 1510 quod
922 1447 996 1492 est
1017 1448 1170 1508 caput
1202 1437 1366 1491 omnis
1395 1435 1713 1505 principatus
1735 1443 1780 1488 et
1809 1434 2072 1506 potestatis

472 1530 697 1605 (Coloss.
749 1545 818 1596 tt,
865 1531 897 1586 8
934 1539 981 1584 et
1020 1527 1204 1600 seqq).
1258 1529 1512 1598 Exposita
1558 1527 1739 1596 itaque
1781 1526 2072 1581 habitantis

469 1623 826 1693 corporaliter
855 1621 1150 1677 divinitatis
1179 1621 1232 1675 in
1267 1635 1332 1676 eo
1359 1618 1724 1690 plenitudine,
1756 1633 2070 1674 sacramen-

2169 417 2346 488 lingna
2373 416 2550 474 omnis
2578 416 2941 473 conﬁtebitur.
2974 417 3180 473 Etcum
3212 418 3454 474 coelestia
3482 429 3538 475 et
3566 427 3764 475 terres-

2170 511 2268 565 tria
2313 509 2392 582 (h)
2419 526 2559 578 genu
2599 507 2818 565 llectent
2848 527 2861 562 :
2893 509 2995 565 hoc
3038 521 3198 579 caput
3232 511 3409 565 omnis
3441 511 3772 581 principatus

2169 613 2224 661 et
2251 604 2532 674 potestatis
2562 613 2673 670 est,
2709 612 2770 657 ut
2793 604 2842 658 ei
2880 603 3129 658 universa
3171 619 3312 673 genu
3354 603 3623 658 ﬂectendo
3646 603 3775 660 sub-

2165 696 2306 766 jecta
2333 695 2470 762 sint,
2503 696 2554 749 in
2587 710 2692 761 quo
2721 711 2906 750 sumus
2935 695 3160 766 repleti,
3191 703 3245 750 et
3273 697 3363 764 qni
3397 711 3493 766 per
3522 695 3777 752 habitan-

2172 797 2276 844 tem
2307 791 2360 843 in
2388 804 2445 844 se
2472 789 2827 858 corporaliter
2857 788 3150 844 divinitatis
3193 789 3560 860 plenitudine,
3592 791 3644 845 in
3679 791 3775 848 Dei

2172 881 2339 952 patris
2365 881 2434 934 sit
2453 881 2622 951 gloria
2651 880 3010 936 conﬁtendus.

2244 975 2297 1029 9.
2328 972 2466 1028 Deus
2493 974 2627 1028 idem
2651 985 2830 1028 auctor
2858 976 3264 1046 regenerationis
3293 984 3482 1030 nostra:
3511 984 3558 1030 et
3587 976 3780 1032 Christi

2171 1067 2573 1121 resurrectionis.
2596 1097 2667 1106 —
2699 1066 3072 1121 Demonstrato
3096 1076 3274 1120 autem
3308 1075 3363 1122 et
3392 1075 3600 1122 natura:
3628 1084 3776 1134 sum,

2172 1167 2226 1214 et
2253 1159 2635 1229 assumptionis
2664 1167 2862 1213 nostrae
2890 1167 3251 1224 sacramento,
3282 1173 3407 1214 eum
3436 1160 3487 1213 in
3516 1175 3582 1215 eo
3607 1161 3782 1226 pleni-

2173 1249 2356 1305 tudine
2384 1249 2679 1305 divinitatis
2722 1260 3001 1316 manente,
3050 1265 3150 1306 nos
3197 1251 3248 1305 in
3286 1265 3353 1306 eo
3393 1265 3494 1322 per
3536 1251 3588 1305 id
3631 1251 3780 1322 quod

2173 1345 2336 1398 homo
2365 1353 2520 1397 natus
2541 1354 2621 1397 est
2646 1343 2954 1409 repleamur
2979 1362 2992 1396 :
3025 1343 3290 1413 reliquam
3313 1343 3781 1413 dispensationem

2173 1435 2423 1492 humana:
2455 1433 2647 1491 salutis
2671 1435 3007 1504 exsequitur,
3034 1435 3244 1502 dicens,
3274 1434 3338 1489 In
3360 1453 3460 1506 quo
3483 1445 3530 1489 et
3559 1438 3786 1490 circum-

2173 1528 2266 1581 cisi
2291 1527 2410 1581 estis
2434 1527 2822 1580 circumcisione
2851 1543 2951 1580 non
2983 1544 3137 1580 manu
3169 1527 3306 1597 facta
3322 1529 3378 1581 in
3412 1529 3786 1597 easpoliatione

2174 1620 2404 1686 corporis
2431 1619 2621 1683 carnis,
2653 1620 2743 1673 sed
2763 1620 2815 1674 in
2837 1620 3226 1674 circumcisione
3251 1619 3443 1674 Christi
3469 1623 3782 1691 consepulti,

470 1727 581 1772 tum
610 1716 998 1786 assumptionis
1025 1723 1223 1770 nostra:
1251 1714 1510 1769 continuo
1539 1713 1800 1782 subjecit,
1839 1711 2058 1767 dicens:
2094 1718 2142 1777 B
2167 1715 2213 1768 ei
2241 1714 2294 1766 in
2321 1711 2646 1780 baptismate,
2667 1712 2721 1765 in
2741 1728 2841 1778 quo
2866 1720 2911 1766 et
2945 1711 3024 1783 (5)
3046 1713 3499 1767 conresurrexistis
3519 1731 3608 1784 per
3629 1714 3787 1782 ﬁdem

467 1806 612 1863 Estis
641 1809 695 1862 in
715 1824 773 1862 eo
794 1807 994 1877 repleti.
1027 1805 1099 1862 Ut
1126 1807 1271 1862 enim
1303 1806 1357 1860 in
1388 1820 1454 1860 eo
1477 1805 1770 1860 divinitatis
1800 1802 1964 1878 26h.
1988 1812 2072 1860 est

471 1899 784 1971 plenitudo,
813 1900 884 1954 ita
928 1914 1026 1953 nos
1063 1899 1114 1954 in
1149 1914 1215 1954 eo
1256 1913 1442 1954 sumus
1474 1898 1684 1968 repleti.
1715 1898 1900 1970 Neque
1939 1913 2072 1954 sane

471 1991 569 2062 ait,
597 1992 728 2046 estis
749 1991 964 2061 repleti,
987 1990 1106 2056 sed,
1129 1991 1183 2046 in
1208 2006 1267 2045 eo
1289 1991 1408 2046 estis
1435 1991 1656 2058 repleti:
1676 1992 1798 2062 quia
1826 2005 1921 2061 per
1950 1990 2074 2046 fidei

471 2098 626 2156 Spem
655 2084 709 2138 in
754 2082 919 2138 vitam
951 2092 1210 2138 aeternam
1260 2082 1566 2154 rcgenerati
1609 2097 1672 2137 ac
1716 2081 2073 2152 regenerandi

472 2193 662 2236 omnes
683 2193 826 2234 nunc
856 2179 906 2233 in
920 2176 1124 2232 Christi
1151 2191 1384 2250 corpore
1413 2186 1633 2231 manent
1659 2176 1772 2250 (d);
1797 2175 2073 2246 replendis

472 2285 658 2348 postea
699 2274 855 2345 ipsis,
891 2289 996 2328 non
1025 2274 1136 2345 jam
1177 2275 1231 2329 in
1261 2291 1346 2338 eo,
1373 2273 1469 2330 sed
1505 2274 1558 2329 in
1588 2273 1744 2345 ipsis,
1776 2269 2074 2328 secundum

473 2379 686 2440 tempus
709 2369 843 2424 illud
873 2369 942 2424 de
972 2384 1078 2439 quo
1105 2367 1396 2438 Apostolus
1425 2367 1520 2434 ait,
1552 2367 1654 2433 Qui
1684 2366 1761 2437 (5)
1795 2367 2077 2437 transﬁgu-

471 2465 606 2520 rabit
633 2464 705 2538 (ε)
735 2481 924 2535 corpus
951 2463 1255 2518 humilitatis
1299 2473 1488 2516 nostra:
1509 2504 1524 2528 ,
1565 2466 1830 2534 conforme
1871 2461 2076 2531 corpori

471 2557 654 2630 gloria:
679 2573 788 2612 suae
831 2555 1004 2628 (Phil.
1062 2571 1152 2619 nt,
1181 2554 1295 2626 21).
1339 2554 1490 2610 Nunc
1520 2554 1681 2624 igitur
1705 2555 1760 2609 in
1789 2569 1854 2610 eo
1884 2553 2077 2624 repleti

471 2665 680 2714 sumus,
715 2649 765 2704 id
797 2659 903 2716 est,
938 2663 1033 2717 per
1056 2649 1481 2718 assumptionem
1509 2647 1688 2702 carnis
1713 2647 1861 2717 ejus,
1892 2648 1944 2701 in
1970 2662 2077 2716 quo

472 2741 768 2798 divinitatis
798 2739 1075 2810 plenitudo
1105 2739 1465 2809 corporaliter
1497 2737 1782 2794 inhabitat.
1815 2740 1879 2794 Et
1916 2738 2076 2809 hujus

471 2835 590 2906 spei
633 2843 836 2890 nostrae
863 2848 968 2888 non
1000 2832 1193 2902 exigua
1225 2832 1276 2886 in
1304 2846 1370 2885 eo
1413 2840 1652 2901 potestas
1689 2842 1792 2887 est.
1837 2831 2078 2902 Namque

472 2926 615 2999 quod
642 2925 827 2996 repleti
853 2925 905 2979 in
929 2940 995 2980 eo
1020 2939 1227 2987 sumus.
1254 2923 1356 2978 hoc
1376 2933 1459 2978 est
1481 2934 1641 2992 caput
1666 2940 1728 2980 ac
1756 2925 2076 2996 principium

473 3020 651 3074 omnis
683 3017 986 3090 potestatis,
1016 3017 1312 3073 secundum
1348 3017 1476 3074 illud
1510 3037 1523 3073 :
1552 3019 1620 3076 Ut
1649 3019 1700 3072 in
1731 3021 1950 3074 nomine
1977 3033 2077 3074 suo

473 3127 636 3168 omne
663 3125 802 3182 genu
834 3109 904 3184 (ι’)
931 3109 1143 3177 ﬂectat,
1173 3111 1506 3178 rtelestium,
1538 3121 1590 3166 et
1619 3113 1986 3180 terrestrium,
2023 3120 2078 3168 et

475 3205 842 3269 inl'ernorum;
875 3214 926 3260 et
965 3206 1144 3260 omnis
1185 3206 1361 3274 lingua
1411 3204 1751 3272 c0nliteatur,
1791 3207 1914 3277 quia
1961 3207 2069 3261 Do-

476 3296 653 3352 minus
675 3295 832 3352 Jesus
861 3295 940 3369 (4)
969 3295 1020 3351 in
1053 3295 1221 3366 gloria
1257 3295 1352 3350 Dei
1391 3297 1556 3365 patris
1606 3296 1830 3368 (Philip.
1864 3314 1922 3365 ιι,
1981 3299 2070 3364 10,

478 3389 588 3460 ll).
623 3387 906 3443 Confessio
953 3388 1130 3458 itaque
1159 3387 1274 3444 haec
1311 3391 1417 3445 erit
1444 3408 1456 3442 :
1489 3389 1671 3446 Iesum
1699 3393 1754 3444 in
1783 3391 1952 3462 gloria
1984 3393 2074 3445 Dei

476 3481 658 3552 patris,
683 3489 739 3535 et
766 3489 950 3536 natum
980 3480 1032 3535 in
1061 3479 1279 3536 homine
1303 3480 1380 3554 (g)
1398 3483 1508 3552 jam
1550 3497 1658 3538 non
1682 3483 1734 3538 in
1757 3483 2074 3540 inﬁrmitate

549 3617 628 3690 (1)
680 3615 746 3672 Et
785 3617 1036 3689 spiritalis
1066 3619 1304 3690 nequitia:
1326 3634 1389 3672 ac
1427 3619 1639 3674 malitia:
1681 3622 1965 3691 potestatis,
1990 3621 2081 3678 de-

474 3698 1004 3834 prgfti‘graditiones;
1033 3762 1191 3831 paulo
1214 3769 1355 3833 post,
1380 3771 1427 3816 et
1449 3779 1550 3817 non
1572 3767 1850 3818 secundum
1873 3763 2077 3833 Iesum,

479 3834 680 3888 omissa
708 3849 840 3888 voce
869 3833 1131 3888 Christum

549 3905 630 3976 (5)
657 3903 1106 3977 Transﬁguravit;
1136 3904 1356 3972 deinde,
1389 3905 1642 3977 corporis,
1677 3919 1784 3960 non
1811 3909 2040 3992 corpori.

548 4027 624 4098 (a)
667 4026 814 4090 Lips.
847 4035 898 4082 et
940 4027 1063 4081 Par.
1109 4027 1359 4098 spiritalis
1403 4028 1682 4096 uequitiw:
1721 4028 2081 4083 renitentibus

477 4099 599 4154 aliis
623 4098 794 4153 libris.
826 4099 947 4154 Mox
977 4098 1329 4154 Carnutensis
1353 4099 1546 4169 codex,
1571 4100 1625 4154 in
1657 4115 1831 4168 carne,
1863 4116 1968 4156 non
1992 4118 2082 4172 per

485 4186 712 4224 carnem.

551 4240 628 4314 (ιι)
657 4240 858 4314 Omnes
888 4255 1054 4310 pr0pe
1085 4255 1215 4296 mss.
1247 4241 1548 4314 traditiOnes
1576 4258 1597 4297 :
1627 4244 1872 4312 quamvis
1897 4259 2080 4313 supra,

477 4326 536 4367 ιι.
563 4314 584 4366 1
610 4354 625 4372 .
657 4313 798 4366 libro
823 4317 1103 4381 superiore
1133 4328 1186 4366 ιι.
1215 4313 1318 4380 55,
1351 4323 1405 4368 et
1433 4314 1471 4367 1.
1498 4329 1535 4377 ι,
1567 4329 1623 4368 ιι.
1651 4314 1720 4368 15
1741 4355 1756 4379 ,
1787 4315 2085 4371 exhibeant

479 4383 826 4437 traditionem.

2173 1807 2484 1878 Operationis
2511 1803 2644 1870 Dei,
2683 1806 2768 1874 qui
2798 1805 3034 1859 excitavit
3075 1821 3194 1859 eum
3233 1823 3264 1858 a
3304 1806 3518 1858 mortuis
3557 1805 3783 1876 (Coloss.

2173 1915 2232 1967 tt,
2275 1901 2329 1965 1,
2364 1898 2476 1968 ‘19.).
2495 1897 2944 1954 Circumcidimur
2963 1899 3166 1968 itaque,
3187 1914 3293 1953 non
3315 1898 3479 1971 265
3496 1897 3788 1955 circumci-

2175 1991 2329 2048 sione
2380 1991 2616 2059 carnali,
2666 1991 2762 2047 sed
2806 1991 3223 2048 circumcisione
3251 1989 3473 2056 Christi,
3507 1992 3558 2048 id
3589 2003 3695 2057 est,
3731 1993 3785 2048 in

2177 2104 2374 2142 novum
2407 2087 2680 2143 hominem
2709 2087 2903 2142 renati.
2932 2085 3066 2141 Cum
3097 2087 3239 2141 enim
3275 2086 3677 2153 consepelimur
3702 2088 3785 2159 (6)

2179 2181 2508 2254 baptismate
2540 2183 2604 2254 (ἰ)
2637 2181 2775 2250 ejus,
2807 2180 2948 2234 mori
2981 2194 3078 2233 nos
3107 2193 3335 2235 necesse
3364 2189 3447 2234 est
3486 2193 3554 2234 ex
3599 2189 3786 2236 vetere

2180 2277 2432 2341 homine;
2466 2277 2586 2346 quia
2619 2273 3223 2345 rcgencratiobaptismi
3253 2272 3673 2328 resurrectionis
3699 2283 3788 2328 est

2177 2372 2369 2426 virtus.
2403 2371 2468 2424 Et
2493 2369 2607 2424 lucc
2636 2368 2981 2424 circumcisio
3007 2367 3207 2422 Christi
3232 2375 3334 2432 est,
3353 2382 3458 2422 non
3488 2368 3791 2438 exspoliari

2182 2478 2348 2518 carne
2373 2461 2620 2532 prmputii
2642 2501 2657 2526 ,
2691 2460 2785 2514 sed
2818 2467 2963 2514 totos
2993 2459 3258 2514 commori
3287 2459 3336 2521 ei
3361 2501 3375 2525 ,
3407 2466 3464 2514 et
3488 2474 3585 2526 per
3614 2458 3666 2514 id
3698 2468 3786 2514 to-

2186 2568 2268 2613 tos
2305 2567 2487 2626 postea
2520 2555 2568 2610 ci
2606 2555 2813 2612 vivere.
2843 2555 2901 2609 In
2943 2569 3009 2609 eo
3043 2554 3185 2608 enim
3217 2553 3294 2628 (j)
3327 2553 3658 2624 resurgimus
3687 2570 3791 2624 per

2183 2652 2301 2722 ejus
2343 2650 2440 2705 Dei
2469 2650 2626 2705 [idem
2647 2693 2661 2718 ,
2702 2650 2792 2718 qui
2823 2664 2945 2704 eum
2983 2647 3267 2704 suscitavit
3297 2663 3326 2702 a
3359 2647 3609 2703 mortuis.
3645 2647 3792 2705 Cre-

2184 2741 2393 2798 dendus
2422 2757 2553 2813 ergo
2583 2741 2722 2796 Dens
2743 2749 2848 2807 est,
2873 2741 3030 2808 cujus
3059 2740 3381 2810 operatione
3406 2738 3658 2796 Christus
3683 2757 3792 2797 ex-

2184 2838 2378 2894 citatus
2408 2851 2438 2891 a
2467 2836 2697 2890 mortuis
2729 2844 2813 2891 est
2842 2852 2854 2888 :
2887 2835 3011 2905 quia
3044 2833 3176 2888 lides
3214 2834 3317 2889 ista
3345 2834 3690 2905 conresurgit
3729 2836 3791 2892 in

2184 2929 2423 2985 Christo.

2257 3024 2343 3080 10.
2383 3023 2532 3078 Idem
2559 3021 2795 3077 Christus
2821 3031 2872 3076 ut
2901 3020 3053 3076 homo
3079 3020 3316 3086 moritur,
3341 3029 3396 3074 ιιι
3424 3019 3561 3075 Deus
3587 3037 3640 3075 se
3663 3037 3789 3074 sus-

2181 3121 2326 3175 citat.
2376 3149 2447 3159 —
2490 3118 2911 3174 Consummatur
2939 3115 3136 3172 deinde
3186 3116 3257 3170 ita
3311 3131 3471 3171 omne
3518 3117 3792 3186 assumpti

2179 3213 2422 3269 hominis
2447 3221 2849 3268 sacramentum
2877 3228 2890 3264 :
2920 3210 2988 3264 Et
3032 3227 3119 3266 vos
3146 3211 3226 3282 (lt)
3255 3212 3447 3265 mortui
3468 3227 3582 3265 cum
3611 3212 3796 3267 essetis

2177 3308 2231 3362 in
2259 3305 2458 3359 delictis
2507 3313 2553 3359 et
2595 3305 2848 3376 praeputio
2893 3304 3065 3358 carnis
3111 3311 3308 3369 vestrte,
3357 3303 3626 3373 vivi/icavit
3665 3321 3793 3358 cum

2177 3397 2290 3462 illo,
2320 3397 2524 3450 donatis
2550 3397 2687 3451 vobis
2733 3396 2965 3450 omnibus
2991 3395 3210 3458 delictis,
3244 3395 3420 3450 delens
3443 3395 3579 3465 quael
3604 3396 3798 3451 aduer-

2179 3505 2293 3544 sum
2309 3505 2400 3544 nos
2425 3499 2531 3544 erat
2556 3486 2956 3560 chirographum
2982 3488 3032 3541 in
3057 3487 3340 3551 sententiis,
3364 3488 3500 3558 quod
3525 3499 3635 3542 erat
3665 3505 3799 3543 con-

2261 3622 2338 3695 (t)
2373 3625 2468 3679 ills.
2501 3624 2702 3680 Veron.
2734 3626 2787 3678 in
2813 3624 3031 3694 gloriam
3069 3632 3147 3678 est
3178 3620 3274 3677 Dei
3313 3621 3528 3690 Patris,
3570 3639 3748 3694 graece
3777 3668 3794 3692 ,

2187 3698 2260 3758 si;
2283 3695 2429 3762 δόξαν
2452 3700 2565 3753 θεοῦ
2583 3697 2802 3773 ποιτρόςς
2841 3695 2998 3773 paulo
3025 3704 3167 3765 post,
3199 3695 3380 3750 Jesum
3410 3695 3799 3751 substituimus

2185 3783 2249 3822 ex
2286 3778 2472 3822 nostro
2504 3782 2604 3822 ms.
2636 3766 2806 3823 Antea
2834 3766 3006 3821 Iesus.

2256 3837 2336 3912 (5)
2369 3837 2800 3912 Consurrexistis.

2255 3909 2335 3984 (6)
2376 3909 2606 3966 Prtel'crt
2631 3911 2908 3980 exemplar
2938 3911 3143 3966 Veron.
3175 3910 3469 3982 baptismati
3497 3911 3626 3982 ejus.

2260 4033 2337 4099 (el
2369 4032 2559 4087 Plures
2595 4047 2724 4086 mss.
2757 4030 3162 4101 trans/iguravit.
3197 4029 3410 4101 Martio.
3445 4029 3797 4101 trans/"orma-

2185 4098 2303 4158 vit:
2333 4103 2474 4172 quod
2517 4113 2572 4158 ct
2615 4103 2775 4158 habet
2811 4098 3091 4156 Vatfbas.
3126 4099 3334 4164 codex,
3368 4098 3458 4167 qui
3504 4114 3624 4153 cum
3651 4113 3800 4172 non-

2189 4174 2353 4299 nulllis
2382 4175 2506 4257 aliis
2531 4183 2714 4244 postea
2745 4172 2987 4243 subjicit,
3023 4175 3283 4245 conforme
3323 4172 3518 4242 faciens
3545 4171 3798 4242 corpori,

2190 4260 2256 4299 ve.
2304 4263 2554 4299 corporis.

2190 4260 2276 4301 vel
2304 4263 2554 4312 corporis.

2193 4388 2220 4390 _
2265 4315 2333 4390 (f)
2357 4317 2431 4372 lta
2465 4317 2690 4390 Bad.ac_
2707 4316 2950 4390 plerique
2980 4330 3110 4390 mss.
3143 4316 3211 4369 At
3239 4313 3381 4390 apud
3408 4313 3533 4390 Er._,_
3561 4312 3710 4390 Lips.
3739 4322 3801 4369 et

2192 4385 2351 4455 Paiﬁ,
2379 4391 2637 4458 ﬂectatur.
2669 4388 2726 4443 in
2758 4385 2873 4442 ms.
2893 4389 3016 4444 Vat.
3047 4389 3162 4442 bas.
3195 4395 3248 4441 et
3287 4387 3460 4441 altero
3491 4385 3666 4438 Vatic.
3688 4425 3704 4448 ,
3739 4396 3803 4439 ut

551 4453 623 4533 (c)
653 4453 745 4533 Sic
772 4453 1017 4533 plerique
1058 4469 1120 4533 ac
1153 4455 1405 4533 melioris
1433 4463 1574 4511 notte
1608 4469 1740 4533 mss.
1783 4456 2084 4513 faventibus
2112 4451 2163 4511 Ι)
2188 4451 2492 4533 ἱιιᾼηὸιὶιὶηε
2540 4459 2668 4514 Jesu
2716 4477 2890 4515 omnes
2937 4477 3069 4533 genu
3093 4461 3317 4533 (ﬂectant
3348 4476 3366 4512 :
3396 4472 3461 4512 ex
3505 4471 3612 4533 quo
3639 4458 3802 4533 sequi

478 4523 736 4580 subnexis
758 4567 772 4588 ,
811 4523 961 4590 Quod
986 4527 1163 4596 repleti
1201 4527 1255 4581 in
1282 4543 1340 4579 eo
1371 4543 1572 4594 sumus,
1613 4528 1712 4580 hoc
1735 4536 1811 4582 est
1837 4538 1989 4596 caput
2022 4546 2082 4582 ac

483 4597 795 4671 principium
819 4597 984 4671 omnis
1009 4598 1296 4671 potestatis.
1315 4596 1470 4671 (Editi
1502 4613 1658 4666 vero,
1687 4599 1774 4667 qui
1801 4609 1874 4654 est
1900 4611 2078 4671 caput,

481 4667 754 4739 quomodo
783 4667 1098 4739 legitnrlih.
1133 4685 1180 4731 ι.
1214 4686 1267 4724 n.
1306 4669 1390 4724 l3.

555 4737 634 4811 (d)
666 4739 721 4794 ln
739 4739 928 4794 codice
957 4738 1078 4794 Vat.
1115 4740 1229 4795 bas.
1255 4782 1269 4805 ,
1301 4739 1515 4794 Martio.
1535 4782 1552 4809 ,
1581 4741 1792 4796 duobus
1845 4739 1999 4797 Colb.
2029 4750 2084 4797 et

480 4826 590 4885 uno
631 4812 863 4885 Sorbon.
913 4827 1194 4885 perperam
1250 4812 1631 4885 hicadjicitur
1674 4813 1876 4885 repleti.
1925 4814 2083 4869 Ratio

479 4884 676 4952 quippe
718 4882 803 4938 hic
841 4883 1125 4951 subjicitur
1165 4899 1263 4939 cur
1294 4883 1480 4938 lldeles
1513 4885 1564 4939 in
1597 4882 1814 4940 Chrilsto
1846 4885 1955 4940 sint
1991 4902 2079 4942 re-

480 4953 612 5024 pleti
658 4953 800 5018 Deo,
842 4955 963 5023 quia
994 4955 1247 5010 nimirum
1287 4965 1507 5010 manent
1538 4958 1590 5010 in
1622 4957 1789 5024 ipsius
1815 4971 2040 5024 corpore
2061 4999 2076 5023 ,

479 5024 622 5095 quod
653 5027 837 5097 gloria:
863 5028 973 5092 jam
1015 5028 1281 5096 particeps
1312 5025 1536 5092 factum,
1570 5027 1680 5082 Deo
1715 5029 1938 5097 proinde
1967 5028 2080 5096 ple-

481 5112 609 5169 num
638 5097 728 5150 sit.
756 5095 971 5169 Manent
999 5114 1162 5168 porro
1193 5095 1244 5152 in
1276 5099 1394 5167 ejus
1423 5113 1672 5168 corpore,
1707 5095 1829 5169 quia
1862 5109 1918 5152 ιιι
1946 5095 2080 5155 dici-

482 5177 568 5224 tur
595 5167 646 5222 in
676 5168 809 5236 psal.
845 5184 915 5227 LI.
942 5167 1130 5225 n.716:
1157 5169 1389 5225 Christus
1419 5167 1656 5224 naturam
1683 5167 1740 5224 in
1756 5186 1808 5224 se
1832 5171 2078 5224 universa:

482 5241 651 5293 carnis
680 5241 974 5310 assumpsit.
1021 5239 1174 5294 Unde
1208 5257 1328 5309 cap.
1360 5239 1394 5293 4
1428 5241 1479 5294 in
1511 5241 1694 5295 Matth.
1726 5257 1781 5295 n.
1819 5241 1914 5307 l2,
1947 5257 2076 5297 caro

480 5310 679 5365 Christi
713 5315 900 5367 civitas
948 5326 1307 5382 nuneupatur,
1350 5311 1401 5365 itt
1439 5327 1540 5382 qua
1571 5312 1810 5382 qua'dam
1855 5314 2077 5368 universi

481 5383 680 5455 generis
711 5385 920 5455 humani
946 5387 1273 5455 congregatio
1296 5383 1604 5445 continetur;
1627 5384 1891 5449 adeoque,
1920 5395 1976 5438 ιιι
2002 5386 2078 5440 ait

482 5453 798 5525 Ambrosius
828 5471 916 5525 ep.
949 5453 1088 5510 nunc
1114 5473 1293 5515 Lxxv1.
1323 5455 1386 5508 ad
1413 5455 1691 5520 Irenaeum,
1726 5456 1832 5512 n.8
1861 5473 1873 5509 :
1907 5457 1960 5510 in
1984 5457 2078 5510 illa

480 5540 635 5599 carne
657 5524 844 5599 Christi
866 5524 955 5598 per
975 5529 1286 5582 consortium
1305 5527 1536 5599 ejusdem
1556 5538 1754 5582 natura:
1775 5543 1894 5581 caro
1915 5529 2078 5582 onmis

482 5596 693 5670 humani
715 5596 913 5670 generis
937 5599 1187 5654 honorata
1215 5611 1309 5655 est.
1327 5596 1709 5670 'Replebuntur
1731 5609 1911 5654 autem
1936 5600 1987 5654 in
2017 5615 2076 5656 se

479 5665 635 5792 gpsilsé
658 5681 780 5792 egit“
801 5669 986 5792 g‘loritn
1008 5670 1251 5740 ejusdem
1273 5673 1326 5729 in
1350 5665 1584 5742 propriis
1603 5670 1924 5742 corporibus
1947 5686 2080 5728 con-

515 5755 574 5792 or
636 5753 657 5792 s
749 5752 816 5792 un
851 5776 862 5790 .

515 5749 657 5794 ortes
685 5749 862 5793 erunt.

2187 4531 2440 4596 deberet,
2480 4533 2724 4594 caelestes,
2759 4547 2864 4586 non
2914 4528 3211 4586 cirlestium.
3270 4528 3489 4597 Grmce,
3517 4531 3598 4584 ἵνα
3645 4529 3692 4582 ἐν
3719 4537 3801 4603 τῷ

2187 4603 2395 4678 ὀνόματι
2416 4611 2560 4663 Ιησοῦ
2587 4610 2692 4659 πᾶν
2717 4605 2842 4679 γόνυ
2870 4605 3067 4677 κάμψῃ.
3194 4679 3204 4689 ι

2219 4697 2335 4778 ..(9)
2367 4694 2509 4749 Editi
2534 4694 2620 4751 hic
2641 4695 2846 4750 addunt
2875 4694 3074 4758 Deum;
3103 4709 3222 4766 quae
3246 4708 3349 4750 vox
3371 4693 3524 4749 abest
3543 4705 3571 4745 a
3599 4691 3778 4764 potio-

2188 4767 2336 4822 ribus
2369 4781 2500 4822 mss.

2259 4838 2339 4908 (h)
2371 4838 2425 4892 In
2460 4854 2558 4894 ms.
2593 4836 2807 4893 Martin.
2841 4837 2927 4893 hic
2953 4838 3205 4908 adjicitur
3233 4847 3279 4892 et
3307 4836 3533 4906 inferna.

2257 4905 2563 4983 Antiqui
2587 4909 2706 4983 libri
2737 4909 2948 4983 Martitt.
2977 4905 3122 4983 Vat“
3145 4905 3488 4983 rbas.,Colb.,
3514 4915 3646 4983 ctc_.,
3665 4905 3792 4983 bap-

2187 4978 2381 5037 tism'ati
2430 4978 2561 5053 ejus.
2597 4981 2964 5048 Retnigiantts,
3013 4981 3316 5053 baptismate
3357 4981 3402 5034 ei
3427 4996 3444 5032 :
3471 4978 3802 5053 quod_s_atis

2185 5050 2479 5124 arridebat.
2511 5053 2620 5108 Sed
2653 5053 2922 5120 quomodo
2964 5050 3126 5124 supra
3157 5051 3363 5124 dicitur,
3390 5050 3799 5124 _circumrisione

2187 5123 2401 5185 Christi,
2451 5124 2521 5177 ita
2568 5133 2622 5178 et
2667 5137 2810 5176 nunc
2841 5121 3145 5193 baptismate
3174 5125 3304 5192 eius,
3353 5121 3406 5177 id
3437 5133 3542 5188 cat,
3573 5135 3804 5192 suscep-

2187 5198 2334 5250 tione
2361 5195 2696 5264 haptismatis
2719 5194 2785 5248 ab
2809 5196 2926 5264 ipso
2959 5196 3211 5252 instituti.

2255 5288 2324 5362 (j)
2365 5287 2928 5362 Maritiniattusicodex
2951 5330 2967 5354 ,
3019 5289 3391 5362 resurreximus
3425 5304 3442 5342 :
3473 5295 3529 5343 et
3575 5295 3793 5358 postea,

2185 5358 2507 5415 consurrexit
2537 5360 2589 5413 in
2619 5358 2844 5427 Christo,
2877 5375 2984 5415 nou
3017 5360 3356 5432 conresurgit.

2257 5454 2330 5526 (Ιε)
2369 5453 2444 5509 lla
2474 5470 2608 5511 mss.
2641 5452 2785 5509 Etliti
2829 5469 2959 5511 vero
2987 5454 3302 5525 particulam
3346 5470 3462 5506 cum
3510 5452 3801 5523 praeﬁgunt

2185 5527 2353 5583 verbo
2383 5527 2589 5581 mortui.
2623 5527 2773 5594 Quod
2803 5527 2894 5582 lib.
2946 5543 2981 5582 ι.
3016 5542 3069 5580 ιι.
3108 5527 3191 5590 15,
3223 5540 3249 5578 a
3295 5539 3426 5579 mss.
3473 5526 3668 5580 abesse
3699 5541 3802 5578 an-

2187 5603 2516 5654 notavimus.
2570 5597 2693 5652 Mox
2722 5613 2822 5652 ms.
2856 5597 3070 5653 Martia.
3107 5599 3306 5652 donans
3332 5596 3471 5650 vobis
3493 5596 3670 5650 omnia
3697 5595 3794 5649 de-

2189 5670 2338 5796 gita,’
2381 5669 2652 5795 q'utiﬁodo
2683 5670 2877 5740 legitur
2922 5668 3018 5725 lib.
3065 5673 3122 5738 x,
3173 5665 3228 5725 ti.
3258 5663 3352 5737 47,
3405 5680 3561 5725 secus
3608 5675 3793 5724 autem
