4094 6180
269 275 372 332 289

1495 277 1582 334 DE
1621 274 1992 334 TRINITATE
2032 275 2236 333 LIBER
2275 277 2368 334 IX.

3469 280 3581 341 290

268 393 483 446 trarium
539 391 682 446 nobis
710 407 729 445 :
755 400 801 444 et
848 390 1021 463 ipsum
1065 391 1180 446 tulit
1208 407 1235 446 e
1264 391 1451 459 medio,
1483 393 1690 464 aﬁigens
1737 391 1872 445 illud
1900 398 1954 458 Α
1981 392 2084 446 luis
2115 392 2376 459 excitans,
2407 393 2496 464 qui
2520 402 2603 449 est
2625 404 2748 450 ante
2772 401 3001 452 mortem
3031 393 3277 452 Christus
3296 405 3573 466 operatus,

266 485 405 537 cruci
433 501 451 537 :
480 485 561 556 (l)
592 495 775 539 exutus
801 501 1027 548 carnem,
1059 496 1106 538 et
1135 493 1402 555 potestates
1429 485 1647 539 ostentui
1673 501 1778 539 esse
1800 485 1871 553 fe-

261 578 351 642 cit,
377 579 705 650 triumphatis
734 580 812 632 his
843 577 918 649 (o)
941 581 994 633 in
1020 582 1290 652 semetipso
1318 579 1480 651 (Ibid.
1513 581 1579 636 15
1604 591 1650 634 et
1674 582 1866 651 seqq.).

262 672 630 742 Apostolicam
661 673 820 727 ﬁdem
845 672 1026 728 Saeculi
1057 673 1218 729 homo
1247 689 1352 728 non
1381 675 1542 745 capit,
1574 686 1626 729 et
1649 673 1723 746 (1))
1747 689 1871 728 sen-

261 781 354 821 sus
399 769 478 822 sui
523 767 665 823 dicta
696 769 838 822 alius
867 775 1063 838 praeter
1106 783 1268 839 quam
1321 769 1488 839 ipsius
1531 782 1713 824 sermo
1760 783 1867 822 non

261 858 516 930 explicat.
550 860 691 916 Deus
712 857 990 916 Christum
1023 877 1050 914 a
1099 863 1328 917 mortuis
1359 863 1580 927 excitat,
1605 872 1660 917 et
1686 861 1871 918 Chris-

260 954 457 1008 tumin
504 970 609 1024 quo
653 956 1011 1024 corporaliter
1051 955 1351 1011 divinitatis
1385 955 1661 1025 plenitudo
1709 956 1860 1011 inha-

261 1045 415 1102 bitat.
450 1047 558 1102 Sed
586 1048 984 1104 eonvivilieavit
1016 1063 1114 1103 nos
1153 1064 1276 1104 cum
1307 1050 1422 1114 illo,
1472 1051 1682 1106 donans
1713 1049 1869 1105 nobis

261 1150 506 1212 peccata,
551 1149 608 1195 et
650 1141 840 1197 delens
870 1143 1289 1213 chirographum
1339 1143 1410 1215 (c)
1453 1143 1587 1214 legis
1636 1143 1862 1213 peccati,

259 1232 404 1306 quod
433 1251 529 1306 per
555 1236 852 1291 sententias
879 1237 1183 1291 anteriores
1213 1239 1542 1292 contrarium
1570 1238 1727 1293 nobis
1750 1247 1869 1293 erat

261 1325 365 1383 hoc
389 1328 583 1384 tollens
627 1327 694 1383 de
745 1328 944 1396 medio,
979 1337 1033 1384 et
1061 1329 1206 1384 cruci
1237 1328 1484 1399 alﬁgens,
1521 1331 1710 1386 mortis
1748 1331 1869 1402 lege

260 1432 427 1474 carne
475 1434 595 1474 sese
641 1421 920 1489 spolians,
972 1430 1272 1492 potestates
1317 1423 1552 1477 ostentui
1605 1423 1862 1490 reddens,

263 1515 605 1583 triumphalis
634 1513 718 1569 his
765 1515 818 1570 in
849 1516 1164 1586 semetipso.
1195 1517 1260 1572 Et
1289 1517 1356 1572 de
1396 1517 1742 1588 triumphalis
1767 1534 1866 1588 po-

263 1608 547 1663 testatibus
575 1609 630 1664 in
670 1610 988 1680 semetipso,
1020 1621 1183 1681 atque
1223 1615 1458 1668 ostentui
1487 1615 1733 1682 redditis,
1768 1614 1865 1669 de-

262 1697 480 1768 letoque
505 1699 889 1770 chirographo,
940 1702 1332 1770 viviﬁcatisquc
1361 1704 1535 1772 nobis,
1565 1705 1676 1775 jam
1707 1720 1866 1775 supe-

1977 497 2028 541 et
2063 487 2202 541 idem
2227 487 2296 543 sit
2321 488 2561 558 spolians
2589 505 2647 545 se
2667 505 2830 546 carne
2863 490 3174 546 moriturus.

2049 579 2135 634 il.
2164 579 2292 636 Caro
2320 581 2537 653 spoliata
2561 591 2608 636 et
2632 597 2783 636 carne
2807 599 2864 636 se
2883 581 3112 653 spoliatts
3139 599 3268 638 unus
3297 591 3370 637 est
3398 581 3579 636 Chris-

1973 673 2342 730 tus.—Jamne
2366 674 2672 745 apostolica:
2706 675 2829 731 ﬁdei
2857 685 3254 730 sacramentum
3281 674 3577 746 intelligis?

1971 767 2162 823 iamne
2192 766 2462 824 Christum
2486 767 2759 839 cognitum
2790 768 2996 824 habes?
3025 768 3224 837 Quer
3260 769 3403 824 enim
3436 785 3464 822 a
3499 779 3573 836 te,

1973 860 2092 930 quis
2123 861 2192 915 sit
2221 876 2386 917 carne
2415 877 2475 918 se
2521 861 2782 932 spolians,
2815 873 2867 917 et
2889 879 3011 934 quae
3037 863 3107 918 sit
3153 877 3281 917 caro
3322 862 3411 917 illa
3439 877 3570 933 Spo-

1971 953 2141 1008 liata?
2173 955 2407 1026 Dttplicis
2434 956 2576 1012 enim
2609 957 2981 1028 intelligentia:
3021 956 3089 1012 ab
3118 957 3380 1026 Apostolo
3407 967 3567 1013 teneo

1972 1045 2443 1115 signiﬁcationem,
2489 1049 2734 1120 spoliata:
2777 1051 2978 1118 carnis,
3032 1065 3199 1122 seque
3245 1067 3411 1107 carne
3449 1067 3577 1123 spo-

1971 1138 2152 1194 liantis
2177 1157 2192 1194 :
2224 1150 2278 1196 et
2296 1141 2436 1196 inter
2467 1140 2578 1196 haec
2595 1140 2865 1197 Christum
2889 1143 3050 1197 audio
3079 1158 3174 1212 per
3197 1143 3572 1213 operationem

1974 1233 2066 1289 Dei
2115 1250 2144 1288 a
2200 1235 2427 1291 mortuis
2475 1237 2784 1292 excitatum.
2840 1237 2905 1292 Et
2957 1252 3078 1292 eum
3121 1237 3192 1291 sit
3237 1235 3512 1291 Christum
3543 1251 3574 1292 a

1971 1329 2200 1381 mortuis
2231 1329 2469 1384 excitans
2500 1329 2663 1394 Deus,
2695 1330 2871 1399 sitque
2901 1339 2956 1385 et
2979 1329 3231 1385 Christus
3255 1330 3520 1384 excitatus
3543 1345 3576 1386 a

1971 1420 2199 1475 mortuis
2226 1438 2238 1473 :
2265 1421 2539 1492 interrogo
2559 1422 2681 1493 quis
2707 1435 2788 1478 est
2810 1439 2973 1479 carne
2999 1440 3057 1478 se
3089 1424 3348 1492 Spolians,
3375 1432 3430 1478 et
3450 1423 3572 1494 quis

1971 1521 2055 1568 est
2098 1513 2367 1568 Chrisutm
2399 1531 2429 1569 a
2459 1516 2684 1572 mortuis
2729 1518 2994 1583 excitans,
3030 1533 3235 1589 nosque
3280 1500 3570 1573 viviﬁcans

1970 1621 2092 1660 cmn
2122 1607 2374 1662 Christo?
2408 1608 2464 1664 Si
2492 1609 2636 1664 enim
2686 1626 2794 1664 non
2824 1610 2966 1666 idem
3013 1619 3099 1666 est
3141 1610 3390 1668 Christus
3431 1627 3577 1669 mor-

1974 1706 2114 1761 tuus,
2147 1699 2235 1767 qui
2282 1708 2364 1753 est
2405 1715 2532 1754 caro
2576 1700 2843 1769 spoliata;
2879 1702 3060 1756 carnis
3092 1703 3335 1769 Spoliataa
3375 1718 3573 1759 nomen

259 1793 375 1847 rius
402 1793 516 1866 (lib.
549 1809 602 1858 ι,
632 1812 686 1848 ιι.
725 1793 810 1864 l3)
845 1797 1215 1851 tractavimus.
1255 1798 1363 1852 lloc
1395 1814 1527 1853 vero
1557 1814 1866 1855 sacramen-

1973 1790 2232 1844 ostende:
2265 1801 2318 1846 et
2347 1806 2530 1845 rursus
2571 1804 2818 1846 naturam
2865 1793 3000 1861 ejus,
3053 1794 3143 1862 qui
3171 1809 3230 1848 se
3257 1809 3423 1850 carne
3449 1809 3578 1864 spo-

261 1895 374 1940 tum
404 1887 524 1956 quis
552 1887 633 1941 vel
664 1887 1058 1955 apprehendet,
1093 1890 1175 1944 vel
1203 1891 1365 1962 266
1389 1891 1708 1961 eloquetur?
1737 1892 1868 1948 Sus-

260 1983 391 2034 citat
412 1981 655 2050 operatio
683 1981 777 2036 Dei
799 1979 1080 2036 Christum
1108 1997 1137 2036 a
1168 1983 1416 2046 mortuis,
1447 1993 1501 2038 et
1526 1983 1642 2039 hare
1670 1984 1866 2040 eadem

261 2073 356 2128 Dei
378 2075 622 2144 Operatio
654 2089 751 2129 nos
778 2074 1010 2130 viviﬁeat
1031 2091 1152 2130 cum
1182 2074 1420 2141 Christo,
1453 2085 1507 2132 et
1529 2075 1645 2132 haec
1674 2077 1862 2133 eadem

262 2169 340 2241 (tl)
373 2172 617 2238 Operatio
661 2169 830 2225 donat
859 2179 1098 2240 peccata,
1149 2169 1573 2242 chirographum
1605 2172 1749 2226 delet
1770 2213 1784 2236 ,
1814 2181 1869 2226 et

261 2262 429 2334 afﬁgit
457 2264 605 2319 cruci
651 2284 664 2318 :
711 2278 933 2319 carnem
974 2279 1034 2318 se
1081 2265 1252 2330 exuit,
1306 2273 1600 2332 potestates
1627 2263 1865 2318 ostentui

263 2354 461 2420 reddit,
497 2370 559 2408 ac
584 2354 652 2410 de
681 2354 765 2409 his
793 2355 844 2410 in
873 2355 1169 2425 semetipso
1194 2354 1508 2425 triumphat.
1540 2354 1716 2410 Habes
1737 2370 1865 2422 ope-

263 2448 528 2504 rationem
559 2447 656 2504 Dei
701 2447 976 2504 Christum
1019 2465 1049 2503 a
1082 2449 1310 2504 mortuis
1335 2449 1626 2504 excitantis
1653 2467 1666 2502 :
1698 2449 1866 2504 habes

262 2551 311 2597 et
340 2541 618 2597 Christum
652 2542 766 2598 haec
800 2544 912 2614 ipsa
944 2545 996 2598 in
1045 2560 1104 2600 se
1133 2559 1252 2614 qua:
1302 2544 1444 2600 Deus
1491 2553 1752 2614 operatur
1795 2543 1866 2618 (ε)

261 2646 600 2706 operantem.
635 2634 880 2693 Christus
901 2638 1044 2691 enim
1069 2647 1312 2692 mortuus
1333 2645 1437 2701 est,
1468 2652 1632 2693 carne
1654 2653 1714 2692 se
1741 2652 1869 2707 Spo-

263 2728 419 2782 iians.
439 2727 590 2783 Tene
615 2744 744 2799 ergo
767 2728 1038 2783 Christum
1061 2728 1334 2785 hominem
1362 2746 1390 2783 a
1412 2730 1523 2784 Deo
1543 2745 1608 2784 ex
1641 2731 1868 2786 mortuis

265 2821 586 2886 excitatum,
622 2832 746 2878 tene
794 2823 962 2877 Deum
1014 2823 1285 2878 Christum
1318 2823 1508 2879 salutis
1537 2834 1735 2878 nostrae
1786 2822 1865 2896 (‘2)

266 2915 634 2982 Operationem
679 2931 800 2969 cum
855 2927 1002 2971 esset
1051 2917 1343 2972 moriturus
1392 2929 1709 2986 operantem
1750 2933 1762 2969 :
1810 2919 1900 2970 ut'

267 3023 386 3062 cum
416 3008 531 3062 haec
552 3007 695 3062 Deus
724 3018 977 3079 operatur
1005 3007 1058 3062 in
1081 3007 1321 3075 Christo,
1360 3007 1430 3080 (ί)
1461 3023 1698 3079 operans
1739 3008 1867 3063 licet

268 3099 428 3167 Deus,
480 3100 718 3170 spolians
745 3114 805 3156 se
853 3109 1026 3156 tamen
1060 3100 1306 3157 Christus
1357 3115 1520 3156 carne
1571 3101 1865 3156 moriturus

267 3192 334 3246 sit
358 3211 370 3244 :
397 3203 447 3249 et
479 3208 600 3247 cum
633 3193 882 3248 mortuus
905 3202 990 3248 est
1014 3191 1280 3259 Christus,
1303 3208 1535 3262 Operans
1563 3201 1691 3248 ante
1718 3208 1865 3248 mor-

1969 1883 2138 1949 liavit,
2187 1899 2421 1953 expone.
2476 1885 2636 1958 267
2692 1887 2954 1943 Eumdem
3008 1888 3151 1942 enim
3203 1903 3325 1944 esse
3358 1887 3576 1945 invenio

1971 1974 2138 2029 Deum
2169 1973 2441 2032 Christum
2491 1994 2520 2032 a
2565 1981 2793 2033 mortuis
2823 1980 3116 2034 excitatum
3139 2022 3153 2046 ,
3205 1980 3295 2051 qui
3325 1996 3488 2038 carne
3517 1995 3577 2039 se

1969 2067 2240 2138 Spoliavit,
2275 2081 2328 2124 et
2359 2085 2571 2125 rursum
2596 2072 2882 2142 spoliatam
2911 2087 3131 2127 carnem
3153 2072 3429 2128 Christum
3451 2089 3576 2131 esse

1971 2176 1999 2214 a
2033 2162 2258 2217 mortuis
2301 2163 2591 2218 excitatum
2624 2183 2636 2218 :
2672 2164 2870 2220 deinde
2898 2165 3229 2236 principatus
3255 2177 3315 2223 et
3339 2178 3578 2238 potesta-

1973 2263 2052 2308 tes
2079 2255 2313 2310 ostentui
2344 2256 2658 2312 reddentem
2711 2268 2765 2313 et
2795 2258 3213 2329 triumphantem
3261 2261 3474 2331 reperio
3519 2261 3575 2318 in

1971 2347 2285 2418 semetipso.
2341 2347 2682 2420 lntelligisne
2729 2350 2871 2406 hunc
2923 2351 3345 2423 triumphantem
3398 2367 3582 2425 petes-

1971 2445 2110 2493 tales
2137 2439 2188 2494 in
2237 2440 2568 2511 semetipso?
2597 2440 2849 2498 Sentisne
2879 2443 3020 2514 quod
3067 2459 3098 2499 a
3144 2461 3202 2500 se
3227 2463 3334 2501 non
3364 2447 3576 2502 diﬂ‘erat

1971 2547 2098 2587 caro
2147 2533 2396 2603 Spoliata,
2453 2543 2505 2589 et
2558 2549 2722 2590 carne
2747 2549 2807 2591 se
2854 2537 3138 2605 spolians?
3191 2537 3248 2593 In
3279 2541 3576 2610 semetipso

1971 2627 2115 2682 enim
2145 2628 2462 2698 triumphat,
2494 2627 2546 2682 id
2577 2639 2680 2694 est,
2710 2629 2762 2683 in
2792 2645 2854 2684 ea
2883 2646 2985 2700 qua
3019 2645 3080 2686 se
3110 2645 3276 2686 carne
3297 2633 3573 2703 spoliavit.

1977 2718 2213 2776 Videsne
2263 2721 2332 2774 ita
2382 2721 2549 2776 Deum
2591 2729 2645 2776 et
2673 2721 2946 2777 hominem
2979 2722 3300 2793 praedicari:
3333 2735 3389 2780 ut
3433 2742 3580 2784 mors

1975 2813 2199 2879 homini,
2235 2813 2346 2868 Deo
2374 2829 2506 2868 vero
2557 2813 2739 2869 carnis
2787 2814 3044 2870 excitatio
3089 2815 3414 2887 deputetur;
3469 2833 3578 2875 non

1974 2916 2152 2961 tamen
2185 2915 2242 2960 ut
2271 2905 2410 2960 alius
2439 2905 2507 2960 sit
2550 2907 2640 2977 qui
2670 2916 2916 2962 mortuus
2959 2917 3064 2974 est,
3115 2918 3172 2964 et
3199 2910 3339 2964 alius
3388 2909 3461 2966 sit
3485 2925 3582 2982 per

1969 3015 2128 3070 quem
2183 3009 2430 3054 mortuus
2487 2999 2766 3071 resurgit?
2829 2999 3072 3070 Spoliata
3121 3001 3266 3058 enim
3321 3001 3403 3074 (It)
3447 3017 3578 3060 caro

1941 3084 2215 3149 Christus
2243 3100 2328 3149 est
2372 3103 2615 3148 mortuus
2646 3111 2658 3146 :
2690 3103 2743 3148 et
2767 3110 2953 3149 rursus
2989 3094 3262 3150 Christum
3291 3112 3318 3149 a
3350 3096 3577 3152 mortuis

1970 3187 2232 3251 excitans,
2267 3187 2406 3242 idem
2433 3186 2683 3242 Christus
2713 3197 2796 3242 est
2821 3203 2984 3242 carne
3011 3203 3071 3244 se
3116 3188 3381 3256 Spolians.
3411 3187 3578 3244 Natu-

268 3292 373 3340 tem
405 3285 550 3341 Deus
572 3327 587 3349 ,
641 3295 912 3340 mortuum
947 3295 1124 3340 tamen
1175 3285 1451 3339 Christum
1491 3285 1740 3354 operatio
1769 3285 1865 3341 Dei
1895 3265 1940 3330 Ο
1973 3297 2086 3336 ram
2117 3281 2212 3335 Dei
2259 3281 2310 3335 itt
2342 3281 2542 3336 virtute
2589 3283 3004 3339 resurrectionis
3034 3283 3275 3354 intelligo
3303 3301 3317 3338 :
3348 3283 3574 3355 dispen-

267 3380 496 3444 excitet;
523 3393 644 3433 cum
674 3377 791 3449 ipse
818 3378 889 3432 sit
934 3377 1098 3447 (idem
1130 3377 1221 3449 sit)
1253 3375 1329 3448 (g)
1356 3375 1632 3434 Christum
1663 3392 1692 3432 a
1720 3393 1866 3434 mor-

338 3535 422 3607 (1)
463 3535 666 3592 Exutus
693 3551 871 3591 carne.

340 3674 416 3743 (a)
459 3673 516 3728 lu
549 3691 652 3729 ms.
695 3675 918 3730 Carnut.
952 3671 1038 3728 hic
1079 3672 1294 3727 additur
1324 3689 1438 3726 cum
1471 3672 1664 3742 ﬁducia
1689 3689 1706 3726 :
1729 3673 1872 3742 quod

271 3749 430 3803 etiam
458 3757 627 3801 exstat
661 3747 756 3801 lib.
787 3763 824 3810 ι,
857 3763 910 3799 ιι.
947 3745 1031 3810 13,
1074 3754 1127 3798 et
1153 3745 1246 3798 lib.
1275 3761 1330 3807 Χ,
1363 3761 1415 3798 ιι.
1447 3743 1537 3807 47,
1571 3743 1682 3798 ~ubi
1728 3744 1867 3799 idem

271 3819 359 3873 ille.
389 3817 534 3872 locus
563 3833 669 3872 non
694 3817 882 3872 eodem
911 3831 1132 3885 prorsus
1154 3815 1314 3870 modo
1335 3816 1641 3871 exhibetur.
1680 3815 1732 3868 In
1763 3831 1863 3870 ms.

268 3890 394 3945 Vat.
424 3891 534 3943 bas.
565 3900 619 3945 et
644 3889 857 3943 Martio.
891 3897 1078 3943 exutus
1119 3903 1340 3946 carnem.
1383 3897 1429 3941 et
1476 3887 1791 3957 principatus
1819 3898 1866 3941 et

268 3971 535 4030 potestates
565 3961 924 4025 dehonestum,
956 3968 1003 4013 et
1029 3975 1143 4012 cum
1173 3959 1367 4029 ﬁducia
1393 3959 1736 4026 triumphans.
1768 3959 1864 4013 llic

266 4043 445 4087 autem
477 4032 762 4102 diligenter
783 4030 1212 4096 observandum,
1257 4030 1396 4099 quod
1428 4040 1608 4083 exutus
1635 4045 1856 4102 carnem,

267 4121 378 4159 non
417 4099 639 4170 passive,
673 4102 766 4157 sed
811 4104 986 4156 active
1032 4113 1295 4164 sumatur,
1347 4102 1498 4171 quasi
1554 4099 1783 4171 spolians
1810 4117 1863 4154 se

267 4191 446 4237 came,
495 4175 765 4241 quomodo
821 4173 1018 4243 legitur
1064 4172 1222 4235 infra,
1253 4170 1374 4226 lib.’
1403 4187 1458 4238 κ,
1504 4186 1559 4224 n.
1595 4171 1702 4243 37,
1754 4170 1862 4243 imo

266 4249 432 4303 etiam
463 4239 543 4301 hic
567 4247 654 4300 ubi
682 4239 988 4300 eadem'illa
1014 4243 1173 4297 verba
1201 4243 1561 4311 etplicantur.
1595 4239 1662 4294 Et
1686 4240 1737 4294 in
1763 4241 1861 4295 hac

267 4319 484 4388 quidem
513 4315 902 4388 signiﬁcatione
929 4314 1100 4369 activa
1132 4323 1240 4368 stat
1284 4322 1392 4367 tota
1442 4313 1523 4367 vis
1557 4313 1861 4382 argumenti

266 4390 660 4458 subsequentis.
694 4388 1028 4456 Quamquam
1058 4400 1156 4458 pro
1181 4395 1394 4458 exutus
1428 4399 1633 4438 carnem
1679 4392 1727 4436 et
1767 4400 1862 4453 po-

266 4457 491 4523 testates,
521 4460 683 4514 modo
711 4461 761 4512 in
791 4458 973 4512 latinis
1021 4457 1297 4512 codicibus
1330 4459 1505 4526 legere
1537 4463 1639 4518 est,
1673 4471 1861 4526 exspo-

267 4531 409 4586 lian:
433 4532 744 4600 principatus
771 4547 788 4584 .'
819 4529 1270 4598 causentiuntque
1298 4525 1474 4600 graeca
1501 4525 1853 4600 exemplaria,

267 4598 843 4664 etiam‘Germanense,
875 4601 1015 4670 quod
1044 4600 1190 4654 Pauli
1222 4599 1478 4670 epistolas
1499 4613 1674 4667 gncce
1704 4605 1757 4652 et
1781 4598 1856 4670 la—

269 4673 386 4730 tine
415 4675 799 4745 complectitur,
827 4667 904 4725 ab
923 4671 1080 4745 ann‘is
1107 4667 1299 4724 saltem
1326 4669 1472 4745 mille
1491 4677 1789 4745 exaratum,
1814 4669 1864 4724 in
1899 4667 1946 4726 D

268 4760 380 4814 quo
408 4755 454 4799 ut
477 4737 668 4800 in'aliis
689 4752 866 4799 exstat
885 4741 1298 4814 ἀπεκδυσάμενος
1319 4743 1412 4800 τὰς
1435 4741 1628 4813 ἀρχάς.
1660 4737 1860 4814 verum

268 4812 333 4892 ex
364 4819 620 4873 Vocabula
646 4820 750 4892 erit;
769 4817 947 4892 a'tpxo'tg
977 4815 1130 4892 [acile
1152 4812 1348 4866 eonﬁci
1371 4812 1540 4881 pottttt
1565 4816 1653 4892 τήν
1667 4812 1859 4892 eripuit.

269 4887 334 4942 Et
359 4901 502 4944 certe
528 4885 956 4958 Augustinusde
979 4885 1355 4958 Peccat._mer.
1380 4891 1431 4936 et
1451 4885 1662 4937 remiss.
1688 4897 1738 4958 ρ.
1768 4885 1858 4949 27,

274 4971 326 5012 et
351 4960 446 5013 lib.
479 4975 567 5014 xvr
594 4954 781 5015 contra
811 4956 1067 5011 Faustum
1112 4971 1162 5009 e.
1195 4955 1286 5019 29,
1322 4968 1530 5008 noenon
1560 4957 1626 5008 de
1673 4954 1861 5022 Agone

267 5029 470 5084 Christ.
504 5047 550 5086 c.
583 5032 640 5098 9,
675 5046 796 5085 cum
831 5038 1016 5082 nostro
1046 5027 1250 5098 Hilario
1293 5027 1420 5095 legit
1444 5041 1630 5080 exuens
1669 5040 1728 5098 se
1748 5041 1862 5098 car-

271 5117 406 5154 nem.
438 5103 522 5158 Sic
549 5112 603 5158 et
626 5095 950 5157 Ambrosius
1002 5100 1097 5153 lib.
1155 5113 1188 5150 ν
1233 5097 1286 5152 ἰη
1331 5098 1550 5161 Lucam,
1609 5113 1661 5149 η.
1711 5095 1857 5150 107;

280 5170 486 5229 Exactis
509 5192 561 5229 se
586 5189 795 5228 carnem
823 5171 1144 5240 principatus
1172 5179 1216 5222 et
1245 5177 1520 5238 potestates
1548 5183 1722 5240 omnes
1750 5176 1876 5240 Atra-7

279 5245 450 5308 duxit,
500 5256 553 5301 ct
600 5245 740 5300 libro
795 5238 849 5297 ιιι
895 5243 961 5296 de
995 5238 1144 5295 'Fide
1191 5256 1239 5295 c.
1273 5241 1352 5294 2:
1391 5241 1491 5308 Qui
1536 5239 1695 5308 amarit
1741 5238 1876 5291 illud

282 5314 744 5388 (chirographum)
769 5315 927 5388 cruci,
955 5328 1162 5366 carnem
1189 5328 1242 5388 se
1264 5314 1448 5388 exuit:
1476 5317 1564 5388 sed
1595 5309 1873 5388 Rater_nou

274 5381 330 5439 se
347 5381 484 5441 exui?
497 5381 837 5451 cantent,etc.
860 5385 1080 5438 Domum
1106 5383 1242 5452 apud
1261 5385 1508 5438 eumdem
1524 5381 1872 5436 Ambrosium

283 5467 473 5512 auctor
498 5459 683 5514 Tract.
713 5459 765 5512 in
789 5456 1106 5527 Symbolum
1141 5454 1523 5523 Apostolorum
1555 5472 1567 5507 :
1607 5452 1732 5527 Non.
1754 5469 1873 5527 ergo

274 5529 590 5603 cujusquam
605 5533 732 5603 jure
755 5546 815 5603 ac
835 5523 1086 5597 potestate
1112 5537 1293 5580 exutus
1315 5539 1394 5603 est
1439 5540 1614 5603 carne,
1642 5523 1732 5578 sed
1761 5523 1872 5603 ipse

273 5595 506 5671 senuit.
543 5595 682 5657 Nam
725 5601 810 5671 qui
841 5595 1002 5670 potest
1053 5615 1154 5652 non
1195 5598 1394 5671 morisi
1461 5597 1637 5659 nollet,
1690 5595 1870 5665 procul

275 5668 434 5744 dubio
468 5675 584 5744 quia
615 5668 776 5727 uoluit
805 5668 1038 5744 mortuus
1066 5680 1160 5726 est.
1197 5669 1345 5735 Quod
1369 5671 1439 5721 ita
1486 5683 1592 5744 esse
1614 5680 1868 5744 conlpre-

275 5738 418 5795 bem:
436 5737 703 5814 Apostolus
747 5744 842 5817 ait,
871 5741 1130 5817 spoliatis
1157 5757 1210 5795 se
1235 5756 1406 5817 carne,
1458 5737 1868 5817 principatus“?

276 5807 549 5888 potestates
592 5807 938 5888 εταειιιριιιινὶι.⁷
955 5811 1070 5869 Hoc
1099 5821 1276 5868 tamen
1305 5811 1383 5868 illi
1423 5807 1491 5867 ab
1535 5807 1738 5866 Hilario
1767 5807 1871 5864 dil-

1973 3376 2236 3431 sationem
2270 3373 2507 3430 hominis
2537 3374 2590 3430 in
2635 3385 2811 3432 morte
2855 3391 3146 3448 cognosce.
3195 3375 3264 3432 Et
3305 3392 3426 3434 cum
3469 3377 3581 3433 sint

2053 3534 2134 3607 (2)
2179 3534 2506 3605 Operatioue.

1986 3671 2185 3753 ferunt.
2217 3672 2368 3753 quod
2389 3679 2517 3753 post
2538 3689 2823 3753 exueusse
2854 3690 3082 3753 carnem,
3136 3677 3394 3753 adjiciunt
3435 3679 3582 3753 priu-

1977 3745 2200 3814 cipatus,
2227 3745 2385 3818 quod
2407 3745 2628 3818 verbum
2657 3745 2889 3801 Hilarius
2919 3748 3171 3804 omittere
3193 3745 3330 3806 solet
3360 3745 3580 3818 :quam-

1975 3817 2054 3871 vis
2079 3815 2256 3894 tamen
2287 3815 2476 3871 eadem
2508 3816 2672 3871 lectio
2695 3832 2800 3872 non
2836 3818 3016 3888 ignota
3033 3821 3081 3875 ei
3112 3820 3293 3889 fuerit,
3325 3831 3383 3876 ut
3408 3815 3579 3894 liquet

1972 3901 2036 3942 ex
2071 3905 2124 3940 II.
2162 3889 2251 3942 11.

2043 3958 2136 4034 (ὑλ
2159 3959 2214 4013 Ιιι
2245 3975 2344 4013 ms.
2379 3959 2501 4034 Vat.
2536 3957 2676 4026 bas.,
2705 3975 2885 4034 sensus
2914 3965 3045 4034 ejus.
3088 3961 3203 4017 Non
3233 3971 3316 4018 est
3345 3963 3574 4019 audien-

1967 4028 2377 4105 dusErasmus,
2412 4031 2501 4105 qui
2522 4032 2909 4105 excessusloeo
2931 4028 3116 4105 sensus
3143 4034 3428 4105 legendum
3453 4051 3577 4092 esse

1965 4101 2252 4169 conjectat.
2291 4101 2403 4155 Hoc
2432 4101 2532 4156 sibi
2567 4101 2681 4155 vult
2709 4119 2721 4154 :
2754 4103 2904 4157 Pauli
2941 4104 3098 4158 tidem
3135 4101 3294 4161 hoino
3320 4109 3434 4161 sola
3467 4123 3575 4162 saa-

1967 4173 2072 4225 culi
2110 4173 2370 4247 sapientia
2401 4171 2698 4247 instructus
2747 4189 2850 4247 non
2883 4177 3211 4247 assequitur,
3259 4194 3434 4247 neque
3459 4178 3576 4234 dic-

1968 4245 2697 4322 torumilliusinterpr‘etatio
2715 4245 2933 4301 aliunde
2961 4251 3248 4317 repetenda
3276 4245 3381 4315 est,
3412 4266 3573 4322 quam

1971 4328 2037 4367 ex
2066 4315 2186 4369 aliis
2214 4315 2382 4382 ipsius
2408 4314 2587 4370 dictis.

2045 4384 2114 4456 (ο)
2157 4385 2310 4454 Quod
2359 4386 2446 4441 hic
2475 4386 3162 4463 l_lilarjus“chirographum
3189 4391 3316 4463 legis
3357 4395 3569 4463 peccati,

1967 4465 2021 4532 et
2054 4470 2424 4532 supraLnum.
2479 4458 2548 4532 7,
2584 4457 3091 4532 εἰιιιρίἱοίιειδιερεηι
3136 4457 3372 4532 peccati}
3418 4457 3575 4521 vocat

1965 4527 2002 4600 l_.
2039 4543 2078 4593 ι,
2110 4546 2163 4583 ιι.
2201 4531 2266 4584 13
2296 4545 2309 4582 :
2335 4531 2635 4584 sententiam
2657 4527 2854 4592 niortis,
2890 4527 3100 4589 favente
3136 4527 3501 4600 Tertull-iano,
3533 4537 3571 4592 Ι.

1960 4597 2028 4652 de
2042 4600 2300 4676 Pudicitia
2318 4617 2372 4654 ιι.
2401 4600 2486 4676 19,
2509 4602 2596 4654 ubi
2619 4602 2744 4676 legit
2743 4620 2780 4676 _:
2802 4603 2989 4676 donato
3010 4605 3352 4676 chirographo
3373 4597 3570 4661 mortis.

2045 4670 2124 4748 (tt)
2167 4671 2398 4748 R_ur_sum
2430 4671 2516 4726 hic
2547 4670 2861 4748 apud._Er._,_
2891 4674 3109 4744 Lips.et
3138 4670 3284 4743 Pari,
3316 4677 3418 4732 Dei
3444 4693 3570 4748 ope-

1973 4743 2107 4795 ratio
2138 4757 2157 4796 :
2186 4742 2314 4796 Bad.
2341 4751 2396 4796 et
2422 4758 2526 4798 ms.
2559 4742 2970 4800 dissidentibus.

2070 4815 2118 4881 e)
2161 4812 2519 4884 Solusicodex
2553 4813 2672 4869 Vat.
2703 4813 2844 4882 bas.,
2870 4827 3154 4884 operatum.

2154 4883 2368 4951 Excud,
2399 4893 2633 4954 operetur
2661 4884 2776 4938 licet
2805 4902 2818 4938 :
2852 4899 3039 4941 contra
3071 4887 3226 4943 ﬁdem
3257 4903 3388 4944 mss.

2072 4958 2126 5027 g)
2167 4954 2308 5009 Editi
2337 4966 2564 5022 excepto
2586 4955 2710 5010 Par.
2738 4954 2972 5012 Christus
2997 4975 3030 5012 a
3055 4960 3271 5015 mortuis
3296 4960 3573 5018 excitatus:

1974 5027 2377 5097 refragantibus
2405 5027 2642 5095 scriptis.

2047 5097 2122 5171 (h)
2165 5097 2318 5166 Apud
2347 5097 2580 5152 Leonem
2612 5099 2770 5168 epist.
2815 5115 2966 5154 nova:
2995 5101 3249 5157 editionis
3286 5118 3484 5159 exxxrv
3508 5101 3577 5160 ad

1981 5169 2218 5244 Leonem
2249 5170 2544 5244 Augustum
2570 5185 2615 5225 c.
2646 5172 2701 5244 5,
2728 5171 2819 5225 ubi
2845 5171 2960 5227 lucc
2982 5173 3191 5244 aliaque
3219 5173 3405 5230 Hilarii
3435 5176 3576 5230 dicta

1981 5241 2290 5315 laudantur,
2325 5242 2549 5315 spoliata
2591 5243 2726 5296 enim
2755 5259 2912 5297 carne
2943 5260 2960 5298 :
2991 5241 3148 5299 male.
3177 5245 3447 5315 Quidquid
3476 5246 3580 5304 hoc

1980 5311 2122 5367 libro
2152 5312 2414 5367 hactenus
2440 5313 2770 5383 disputatum
2795 5323 2900 5380 est,
2931 5316 3024 5370 sed
3053 5316 3170 5371 haec
3196 5311 3428 5373 maxime
3450 5333 3577 5374 sen-

1980 5385 2168 5448 tentia,
2225 5383 2278 5437 in
2326 5399 2448 5440 eum
2479 5401 2584 5438 non
2630 5387 2905 5451 convenit,
2959 5392 3047 5454 qui
3100 5389 3322 5442 verbum
3354 5404 3382 5442 a
3415 5405 3580 5445 carne

1978 5455 2179 5510 Christi
2208 5466 2421 5511 mortua
2447 5459 3027 5526 separatmnseuserit.
3064 5457 3219 5514 Unde
3251 5459 3486 5515 Hilarius
3511 5461 3581 5518 ab

1979 5541 2042 5580 ea
2063 5526 2320 5596 opinione
2343 5544 2448 5582 non
2473 5527 2742 5582 immerito
2765 5529 3005 5584 creditur
3025 5529 3250 5585 alienus.
3280 5533 3411 5586 Cum
3436 5534 3582 5588 enim

1977 5611 2140 5674 carne
2165 5613 2225 5654 se
2248 5598 2510 5674 spoliatis,
2546 5600 2948 5674 caro_3polia_ta,
2974 5613 3027 5656 et
3050 5617 3267 5658 carnem
3295 5603 3582 5674 spoliatam

1978 5671 2220 5724 excitans
2251 5671 2350 5739 ipsi
2385 5685 2522 5725 unus
2549 5679 2603 5726 et
2648 5671 2790 5725 idem
2821 5671 3069 5726 Christus
3097 5675 3188 5740 sit,
3222 5671 3420 5731 nec'sit
3442 5691 3586 5732 unus

1978 5741 2182 5796 unitate
2213 5749 2440 5808 naturae,
2473 5743 2567 5798 sed
2601 5757 2845 5812 persona:
2875 5761 2886 5797 :
2922 5745 3166 5813 sequitur
3192 5761 3317 5804 eum
3346 5748 3586 5806 sensisse

1977 5826 2265 5882 personam
2297 5813 2461 5871 Verbi
2482 5814 2632 5872 carni
2655 5814 2900 5886 spoliatae
2928 5817 3154 5876 unitum.
