4094 6180
1514 172 1549 180 ο

478 268 584 335 191

1708 270 1951 335 εικοτι
1992 268 2247 337 ιιιιΑιιιι
2287 270 2639 357 81³18001⁵1-

3676 273 3816 352 ιιι,

483 403 710 464 utraque
754 395 867 452 suis
910 399 1059 465 gesta
1112 392 1343 461 naturis,
1396 402 1562 446 unum
1596 399 1774 447 tamen
1805 386 2080 445 Christum
2112 392 2158 451 Δ
2262 384 2346 447 13.
2394 391 2615 448 Naturae
2636 392 2689 446 in
2717 389 2924 446 Christo
2948 389 3064 444 dua!
3085 399 3148 445 ea:
3172 384 3362 446 Paulo.
3396 415 3467 431 --
3496 387 3643 447 llaec
3689 389 3791 458 igi-

479 488 661 544 Jesum
687 504 810 544 eum
841 496 1112 544 memento
1141 500 1283 552 esse,
1309 485 1398 556 qui
1425 493 1710 554 utrumque
1737 491 1842 538 est.

556 585 643 639 12.
686 582 916 639 Christus
962 596 1056 636 sua
1104 582 1292 635 uirtute
1342 580 1665 634 suscitatur:
1693 592 1786 632 cur
1825 576 1922 631 hoc
1948 590 2081 647 opus

480 691 597 730 cum
627 668 794 729 Paulo
821 673 1010 727 tribuat
1048 671 1219 727 Patri.
1247 692 1320 713 sa-
1346 670 1679 739 Quatnquam
1712 668 1857 725 enim
1888 667 2081 723 mentio

484 767 653 822 nerim
703 765 1011 833 frequenter
1056 764 1123 819 ad
1155 764 1327 818 Deum
1375 773 1580 832 patrem
1614 771 1712 833 per
1760 761 2079 830 Apostolom

481 860 695 924 referri,
723 859 995 914 Christum
1026 873 1056 913 a
1085 859 1310 913 mortuis
1340 870 1461 913 esse
1481 857 1773 913 excitatum
1804 871 1816 908 :
1846 854 1940 910 sed
1972 868 2078 909 non

479 964 561 1010 est
586 953 876 1025 Apostolus
901 960 1054 1007 extra
1079 949 1450 1023 evangelicum
1480 947 1640 1005 (idem
1667 946 1745 1021 (a)
1777 947 1939 1004 dictis
1969 945 2082 1001 suis

478 1046 595 1116 ipse
642 1043 970 1109 contrarius,
1019 1044 1252 1098 maxime
1282 1042 1514 1096 Domino
1562 1040 1801 1106 dicente,
1859 1036 2084 1106 Propter

477 1138 574 1192 hoc
600 1152 681 1191 me
705 1135 860 1191 Pater
886 1135 1076 1206 diligit,
1106 1133 1245 1204 quod
1288 1148 1385 1203 ego
1426 1144 1562 1204 pono
1611 1131 1837 1185 animum
1879 1142 2079 1194 meum,

479 1228 555 1303 (b)
578 1240 635 1285 ut
659 1231 840 1284 iterum
867 1228 1121 1298 accipiam
1147 1242 1275 1281 eant.
1309 1224 1477 1280 Nemo
1500 1222 1584 1296 (1)
1615 1223 1757 1279 tollet
1785 1239 1900 1278 eam
1928 1239 1959 1275 a
1980 1232 2081 1286 me,

476 1323 567 1378 sed
592 1338 686 1392 ego
708 1337 842 1394 pono
866 1337 976 1376 eam
1003 1330 1034 1374 a
1058 1334 1157 1373 me.
1186 1317 1499 1372 Potestatem
1520 1317 1679 1371 habeo
1708 1314 1932 1388 ponendi
1947 1326 2083 1378 eain;

478 1420 524 1469 et
553 1423 853 1487 potestatem
882 1412 1042 1467 habeo
1072 1412 1261 1466 iterum
1303 1408 1592 1481 accipiendi
1617 1420 1755 1463 eam.
1791 1405 1910 1461 Hoc
1937 1418 2085 1459 mun-

478 1505 659 1561 datum
696 1506 871 1573 accepi
920 1522 953 1558 a
999 1502 1160 1559 Patre
1191 1500 1378 1575 (Joan.
1433 1518 1491 1571 κ,
1540 1503 1632 1569 17,
1662 1503 1778 1573 18).
1809 1501 1908 1558 Vel
1957 1512 2083 1557 cum

2184 492 2270 538 tur
2299 484 2485 540 beatus
2514 484 2808 556 Apostolus
2838 482 3070 554 geminas
3111 483 3163 536 in
3192 481 3411 537 Christo
3440 481 3790 551 signiﬁcatio-

2184 579 2267 632 nis
2297 578 2465 632 tenuit
2496 574 2931 646 praedicationem
2961 585 3019 630 ιιι
3046 585 3100 631 et
3129 575 3497 631 inﬁrmitatem
3524 576 3576 629 In
3600 590 3669 630 eo
3693 574 3792 630 ho-

2182 668 2364 734 minis,
2388 676 2442 722 et
2467 670 2717 723 virttttem
2743 668 2835 722 Dei
2864 681 2927 723 ac
2947 676 3190 722 naturam
3221 667 3459 733 doceret,
3486 664 3784 721 secundum

2183 757 2311 813 illud
2334 758 2626 814 Corinthiis
2652 760 2855 814 dictum
2886 774 2904 813 :
2938 757 3077 812 Nam
3121 759 3216 812 etsi
3251 758 3533 824 cruciﬁxus
3572 765 3647 810 est
3704 756 3788 830 (2)

2183 868 2248 908 ea:
2265 851 2566 922 inﬁrmitate
2597 850 2699 925 (g),
2724 851 2814 907 sed
2843 852 2960 906 uiuit
2990 866 3056 905 ex
3078 851 3265 905 uirtute
3290 842 3389 903 Dei
3408 847 3479 920 (ll
3525 848 3647 903 Cor.
3672 861 3788 917 xm,

2185 946 2265 1016 4),
2298 955 2527 1000 ntortem
2562 944 2889 1000 inﬁrmitatis
2913 947 3182 1009 humanm,
3217 945 3381 999 vitam
3407 956 3534 997 vero
3566 942 3657 1000 Dei
3680 942 3790 998 vir-

2184 1036 2314 1091 tutis
2342 1035 2636 1092 ostendens
2667 1053 2680 1090 :
2713 1047 2768 1092 et
2794 1036 2925 1092 illud
2954 1036 3023 1092 ad
3049 1035 3346 1101 Romanos,
3383 1033 3537 1100 Quod
3553 1035 3687 1089 enim
3709 1032 3791 1108 (Is)

2185 1139 2414 1185 mortuus
2442 1140 2516 1185 est
2560 1140 2787 1200 peccato,
2839 1140 3073 1185 mrtuus
3114 1138 3189 1185 est
3232 1128 3392 1184 semel
3415 1129 3594 1200 :quod
3618 1137 3794 1184 autem

2184 1224 2325 1291 uiuit,
2352 1223 2473 1278 uiuit
2516 1220 2647 1278 Deo.
2680 1222 2772 1280 Sic
2799 1231 2847 1278 et
2894 1238 2983 1277 vos
3012 1222 3255 1293 deputata
3296 1222 3629 1292 vosmetipsos
3655 1232 3797 1275 more

2187 1325 2302 1369 tuos
2328 1315 2532 1386 quidem
2557 1331 2668 1370 esse
2696 1322 2923 1385 peccato,
2953 1315 3120 1370 vivere
3143 1323 3316 1368 autem
3349 1312 3476 1392 .Deo
3507 1316 3562 1369 in
3585 1311 3795 1369 Christo

2185 1407 2312 1464 Iesu
2360 1409 2541 1483 (Rom.
2588 1422 2678 1476 vr;
2700 1410 2789 1475 10,
2853 1406 2942 1480 11)
2976 1427 2989 1464 :
3021 1420 3249 1463 mortem
3298 1417 3543 1479 peccato,
3605 1408 3657 1462 id
3686 1415 3794 1471 est,

2186 1504 2398 1573 corpori
2428 1510 2613 1557 nostra
2639 1500 2978 1570 adscribens,
3015 1501 3180 1556 vitam
3206 1510 3384 1556 autem
3435 1500 3566 1567 Deo,
3595 1499 3683 1557 cui
3711 1506 3798 1555 est

480 1598 806 1666 postulatum
839 1596 905 1650 ab
928 1611 992 1650 eo
1012 1604 1180 1659 esset,
1210 1602 1271 1649 ut
1297 1595 1507 1663 signum
1531 1594 1598 1649 ad
1629 1595 1791 1650 fidem
1825 1594 1894 1649 de
1914 1610 1975 1648 se
1996 1607 2088 1649 os—
2190 1595 2431 1650 naturale
2450 1594 2592 1665 quod
2622 1594 2772 1660 virit,
2804 1604 2859 1650 et
2882 1609 2977 1664 per
2994 1594 3045 1648 id
3069 1610 3168 1649 nos
3194 1595 3409 1662 corpori
3432 1602 3623 1648 nostro
3653 1593 3795 1647 mori

479 1687 745 1754 tenderet,
777 1686 852 1741 ait
878 1685 947 1741 de
969 1687 1171 1756 templo
1193 1687 1444 1755 corporis
1469 1685 1574 1752 sui,
1607 1686 1806 1741 Solvite
1829 1687 1923 1741 hoc
1947 1697 2048 1741 tem
2065 1713 2079 1724 -

2190 1698 2462 1759 oportere,
2496 1697 2551 1743 ut
2572 1687 2684 1744 Deo
2711 1689 2954 1743 vivamus
2977 1687 3029 1742 in
3050 1685 3271 1743 Christo
3289 1686 3442 1751 Jesu,
3471 1688 3559 1756 qui
3584 1686 3796 1758 peccstl

478 1778 643 1848 plum,
667 1787 715 1832 et
737 1793 831 1847 ego
851 1778 904 1830 in
927 1776 1096 1831 triduo
1119 1776 1378 1832 suscitabo
1398 1777 1533 1832 illud
1556 1776 1736 1848 (Joan.
1762 1792 1800 1832 ιι
1819 1819 1832 1841 ,
1862 1777 1957 1843 t9;
1987 1778 2091 1832 vid.
2124 1781 2172 1843 Β
2201 1781 2367 1835 nostri
2396 1794 2594 1849 corpus
2619 1779 2686 1851 (i)
2717 1793 3025 1846 assumens,
3058 1787 3203 1833 totus
3239 1778 3350 1848 jam
3379 1778 3493 1832 Deo
3521 1777 3673 1841 vivit,
3697 1791 3799 1833 nae

477 1880 628 1926 tract.
661 1870 808 1927 Psal.
857 1885 1001 1937 cxu,
1037 1887 1177 1924 num.
1222 1869 1304 1941 6).
1349 1866 1485 1925 Cum
1510 1870 1658 1926 enim
1705 1879 1760 1925 et
1803 1885 1899 1941 per
1943 1870 2085 1926 arci-

480 1963 690 2035 piandus
732 1964 928 2019 anima:
959 1969 1279 2034 potestatem
1309 1971 1364 2018 et
1411 1977 1508 2032 per
1554 1961 1853 2018 suseitandi
1898 1962 2084 2032 templi

476 2056 733 2111 virtutem
765 2058 939 2125 ipsum
968 2070 1028 2110 se
1049 2055 1149 2109 sibi
1177 2054 1591 2110 resurrectionis
1636 2068 1753 2108 sitat
1787 2055 1955 2109 Deum
1984 2054 2083 2110 do-

478 2158 616 2212 ceat,
646 2149 811 2221 208
837 2158 1006 2203 totum
1041 2150 1143 2203 huc
1167 2159 1347 2203 tamen
1384 2147 1451 2202 ad
1483 2146 1726 2203 mandati
1759 2148 1969 2219 paterni
1999 2147 2083 2220 (e)

480 2241 721 2296 referens
770 2240 1148 2296 auctoritatem
1197 2250 1211 2295 τ
1259 2256 1367 2295 non
1422 2239 1696 2296 contrarie
1754 2240 2084 2308 intelligitur

479 2335 791 2406 Apostolus,
822 2333 1098 2390 Christum
1133 2334 1228 2390 Dei
1276 2336 1528 2390 virtutem
1558 2335 1734 2401 et,Dei
1764 2335 2082 2405 sapientiora

479 2428 560 2500 (ά)
592 2428 913 2498 praedicans,
947 2435 1165 2483 omnem
1205 2428 1385 2498 operis
1424 2427 1506 2482 sul
1539 2427 1989 2497 magniﬁcentiam
2014 2423 2083 2499 (e)

478 2536 574 2592 per
594 2519 646 2575 id
668 2520 734 2575 ad
760 2519 936 2575 Patris
952 2518 1179 2591 gloriam
1203 2518 1470 2585 retulisse,
1501 2520 1626 2589 quia
1648 2518 1907 2590 quidquid
1929 2518 2086 2572 Chri-

479 2623 596 2667 stus
622 2613 781 2682 gerit,
818 2610 989 2666 virtus
1021 2610 1114 2665 Dei
1139 2620 1193 2664 et
1219 2610 1487 2679 sapientia
1533 2610 1712 2681 gerit;
1746 2619 1799 2665 et
1823 2608 2085 2680 quidquid

478 2705 651 2759 virtus
681 2703 775 2759 Dei
804 2714 860 2759 et
886 2702 1153 2774 sapientia
1201 2703 1366 2773 gerit,
1394 2702 1512 2757 sine
1557 2701 1723 2757 dubio
1754 2703 1896 2757 Deus
1920 2703 2081 2772 gerit,

477 2795 631 2867 cujus
650 2805 707 2851 et
727 2793 991 2863 sapientia
1015 2803 1100 2848 est
1118 2791 1366 2849 Christus
1385 2800 1436 2849 et
1460 2792 1649 2848 virtus.
1676 2792 1921 2863 Denique
1941 2802 2086 2848 notio

478 2902 576 2959 per
621 2889 995 2957 operationem
1028 2886 1123 2943 Dei
1168 2886 1435 2942 excitatus
1482 2883 1733 2942 Christus
1782 2901 1811 2939 a
1853 2885 2085 2940 mortuis

475 2977 756 3049 estzquia
804 2993 970 3049 opera
1021 2977 1119 3033 Dci
1167 2977 1334 3047 patris
1381 2978 1500 3047 ipse
1548 2977 1620 3049 (f)
1649 2987 1840 3034 natura
1890 2993 1919 3032 a
1971 2978 2084 3035 Deo

478 3087 588 3128 non
630 3070 898 3128 differenti
943 3079 1201 3142 operatus
1243 3079 1350 3126 est.
1404 3071 1472 3127 Et
1519 3073 1572 3126 in
1618 3086 1685 3127 eo
1730 3071 1845 3128 Deo
1898 3086 2081 3128 resur-

476 3166 735 3223 rectionis
781 3165 916 3222 lldcs
941 3176 1043 3234 est,
1095 3164 1191 3237 qui
1236 3163 1512 3221 Christum
1542 3166 1823 3222 suscitavit
1871 3181 1904 3223 a
1932 3180 2080 3222 mor-

483 3260 608 3315 tuis.

554 3427 633 3506 (t)
671 3426 831 3506 Tollit
855 3444 1031 3499 graece
1057 3429 1218 3506 etiam
1244 3428 1471 3485 habetur
1491 3426 1645 3506 αἴρει.
1677 3426 1834 3484 Tollit
1862 3443 2079 3501 quoque

479 3500 675 3572 legitur
699 3501 790 3555 lib.
824 3516 881 3567 ς,
915 3516 1064 3556 ιιιιιιι.
1094 3501 1184 3556 57.

549 3640 631 3711 (a)
669 3640 726 3697 In
756 3640 1023 3711 plerisque
1053 3656 1155 3694 ms.
1185 3639 1307 3694 dicti
1331 3641 1430 3695 sui.
1460 3639 1631 3696 Paulo
1654 3648 1779 3696 ante
1804 3637 1858 3694 in
1885 3638 2072 3706 Carm,

479 3712 796 3779 memineris,
822 3729 928 3768 non
953 3711 1288 3766 meminerim.

549 3785 627 3854 (b)
670 3778 832 3850 Editi,
860 3793 907 3838 et
930 3783 1113 3839 iterum
1139 3783 1383 3854 recipiam
1412 3798 1431 3838 :
1456 3778 1844 3838 dissidentibus
1872 3795 2004 3836 mss.

549 3854 620 3927 (ε)
666 3854 821 3927 Βιιί..
852 3856 939 3909 Er.
970 3863 1024 3909 et
1070 3854 1250 3927 Lips.2
1273 3854 1470 3927 refert:
1498 3855 1729 3927 alisque_
1749 3855 2073 3927 auctoritate

479 3923 612 3983 mss.
641 3926 775 3981 Tum
806 3940 901 3993 pro
921 3927 1195 3990 contrarie,
1226 3924 1470 3980 Latinius
1497 3923 1656 3995 atque
1697 3923 1971 3979 Bandinus
1998 3924 2076 3977 Ie.

476 3998 709 4067 gendum
733 3995 1122 4067 conjectarunt,
1152 3996 1446 4052 contraire:
1475 3996 1551 4050 nil
1575 4010 1801 4052 necesse
1829 4004 1888 4050 ut
1913 3995 2076 4066 quid-

478 4086 638 4140 quam
668 4068 998 4140 immutetur.

555 4139 633 4211 (ά)
670 4139 819 4211 Lips.
844 4150 897 4194 et
922 4139 1070 4204 Pan,
1096 4136 1403 4211 praedicasse
1429 4154 1530 4211 {ac
1555 4136 1751 4194 deinde
1771 4153 1892 4194 cmn
1917 4137 2078 4193 editis

479 4208 621 4275 aliis,
644 4208 942 4279 omnemque
962 4208 1152 4277 operis,
1181 4220 1287 4265 etc.
1310 4209 1653 4280 Castignntur
1675 4225 1741 4263 ex
1776 4224 1905 4263 mss.

552 4281 625 4351 (e)
668 4280 771 4338 Vat
814 4281 933 4337 bas.
967 4296 1065 4335 tus.
1093 4299 1183 4352 per
1203 4280 1257 4335 id
1277 4280 1413 4349 quod
1439 4279 1506 4335 ad
1539 4279 1709 4334 Patris
1730 4280 1957 4401 gloriam
1989 4297 2074 4333 re-

552 4353 676 4401 isset
699 4369 719 4401 :
744 4351 1054 4401 deliramus-
1085 4366 1206 4401 cum
1238 4352 1352 4401 hanc
1374 4352 1473 4401 sibi
1501 4350 1665 4401 velint
1690 4368 1701 4401 :
1727 4368 1739 4401 ι
1770 4368 1839 4401 0n
1874 4349 2072 4401 intelli-

480 4349 676 4406 tulisiet
699 4369 719 4418 ;
744 4351 1054 4419 depraVate,
1085 4349 1206 4407 Cum
1238 4352 1352 4406 luce
1374 4352 1473 4405 sibi
1501 4350 1665 4407 velint
1690 4368 1701 4402 :
1727 4349 1839 4405 Non
1874 4349 2072 4406 intelli-

479 4424 624 4494 gitur
651 4424 938 4494 Apostolus
979 4420 1679 4494 sensuproximis_Christi
1712 4422 1893 4476 verbis
1939 4437 2072 4476 con—

481 4490 649 4548 trario
696 4492 764 4547 ad
815 4490 990 4564 Patris
1030 4493 1256 4564 gloriam
1315 4490 1566 4549 retulisse
1625 4506 1842 4546 onmem
1892 4495 2071 4562 operis

479 4564 679 4619 Christi
707 4561 1179 4632 magnificentiam.

551 4635 620 4707 (Γ)
659 4632 732 4691 Ita
764 4626 895 4689 υἷες.
939 4634 1071 4707 Vat._
1094 4637 1208 4690 has.
1251 4642 1308 4690 et
1324 4626 1541 4707 _Mitl'lin.
1574 4627 1881 4691 faventibus
1924 4634 2066 4707 aliis.

480 4696 723 4769 At‘e'diti,
754 4716 953 4761 natura
977 4724 1011 4762 a
1041 4705 1145 4760 Deo
1170 4723 1273 4761 non
1299 4699 1581 4774 (ii/Terenti:
1609 4717 1849 4775 aperatus
1875 4717 1969 4761 est.
1996 4696 2063 4759 Et

476 4778 533 4832 in
555 4796 634 4844 eo,
667 4780 867 4832 oniisso
914 4777 1041 4848 Deo.
1092 4777 1210 4833 iam
1239 4793 1400 4848 supra
1443 4776 1747 4833 audivimus
1793 4775 2070 4834 Christum

477 4850 860 4906 resurrectionis
885 4864 994 4905 sum
1016 4847 1202 4904 Deum.

553 4920 628 5005 (ο)
664 4920 723 5004 In
753 4923 998 5005 vulgatis,
1028 4938 1093 4976 ea:
1114 4919 1411 5005 infirmitate
1449 4914 1851 5005 nostram-Abest
1892 4927 2071 5005 nostra

478 5008 508 5048 a
531 4984 913 5048 siii'eeriorthits
956 4984 1087 5048 mss.
1117 4984 1227 5048 et'a
1255 5007 1452 5062 graeco,
1483 5000 1543 5047 ut
1567 5004 1619 5062 et
1643 4984 1740 5047 lib.
1786 5006 1843 5058 x,
1877 5008 1932 5047 ιι.
1975 4991 2070 5048 liti.

477 5063 597 5121 Mox
626 5067 786 5120 etiam
810 5065 961 5119 abest
982 5063 1223 5119 humanae
1246 5058 1279 5118 εἰ
1300 5062 1453 5120 Colb.
1483 5078 1547 5119 ac
1573 5058 1759 5120 Germ.

552 5134 634 5210 (ἡ)
677 5137 1066 5210 Editi_excepto
1094 5134 1255 5210 Puri,
1275 5144 1534 5210 mortuum
1556 5145 1632 5189 est
1674 5140 1902 5206 peccato,
1931 5144 2069 5210 mor-

480 5197 628 5264 ιυιὶηἰ
662 5217 755 5264 est.
809 5197 1002 5263 Postea
1054 5222 1157 5262 ms.
1204 5197 1442 5271 Marum,
1492 5197 1765 5277 reputate,
1819 5197 1927 5262 ιιοίι
1978 5206 2071 5260 de-

516 5288 673 5335 utate.

478 5296 744 5421 Ραὶἳῖεὲίρ
771 5346 865 5405 lib.
900 5365 938 5417 ι,
968 5365 1024 5403 ιι.
1054 5336 1121 5403 13
1147 5366 1160 5402 :
1193 5338 1414 5421 carnem
1448 5344 1583 5403 enim
1603 5348 1804 5421 peccati
1830 5349 2021 5417 recepit
2051 5363 2071 5405 :

555 5366 619 5421 υ)
659 5366 744 5405 διο
772 5366 865 5405 ιιι).
900 5366 938 5417 ι,
968 5366 1024 5403 ιι.
1054 5366 1160 5403 to:
1193 5366 1414 5404 carnem
1448 5366 1583 5403 enim
1643 5366 1804 5403 eccau
1830 5366 2021 5417 recepit
2051 5366 2071 5405 .-

478 5424 599 5490 quia
631 5422 879 5477 nimirum
906 5435 1090 5476 veram
1131 5435 1197 5477 ex
1230 5416 1451 5492 Virgine
1492 5421 1560 5476 de
1585 5366 1756 5474 Idam
1787 5431 2072 5492 peccatore

480 5484 822 5564 propagatum
848 5506 1065 5564 carnem
1080 5484 1409 5564 assumpsit;
1427 5493 1692 5564 quamvis,
1713 5502 1769 5545 ut
1789 5484 1951 5561 plane
1978 5484 2071 5564 dc-

476 5556 835 5635 claraturlib.
866 5579 925 5630 ι,
958 5579 1012 5618 ιι.
1038 5556 1111 5620 25
1139 5580 1151 5615 :
1183 5556 1343 5635 neque
1383 5556 1499 5617 caro
1542 5562 1638 5617 illa
1680 5556 1809 5618 caro
1847 5556 2069 5635 peccati,

476 5633 574 5705 sed
588 5632 875 5705 similitudo
895 5636 1063 5689 carnis
1085 5634 1296 5705 peccati.

523 5770 536 5787 .
555 5703 626 5779 (j)
664 5702 791 5787 uss.
836 5702 958 5787 vat.
978 5696 1145 5787 .bas'.,
1166 5704 1372 5787 AC.orb.,
1400 5696 1569 5773 Prat.,
1597 5706 1734 5775 etc.,
1762 5704 1817 5760 in
1843 5721 2073 5762 commu-

480 5774 633 5831 nione
655 5774 947 5830 substantia:
972 5774 1298 5831 immortalis.

437 6003 474 6038 σθ

2189 1881 2323 1927 tunc
2362 1879 2561 1927 nostrae
2593 1871 2853 1927 societate
2882 1870 2961 1943 (5)
2996 1872 3047 1925 in
3087 1871 3524 1926 communionem
3556 1869 3629 1943 (j)
3659 1869 3799 1925 divio

2188 1982 2273 2021 nae
2301 1964 2723 2020 immortalitatis
2743 1965 2915 2019 unita.
3830 2036 3841 2038 ﬂ

2261 2061 2350 2116 14.
2393 2060 2511 2115 Alia
2543 2059 2659 2125 Dei,
2689 2058 2796 2114 alia
2819 2060 2953 2115 serui
2979 2061 3147 2130 forma
3174 2073 3193 2114 :
3217 2058 3354 2112 idem
3399 2055 3656 2113 Christus.
3700 2054 3799 2112 Dei

2187 2153 2357 2224 [arma
2383 2153 2556 2219 latuit,
2587 2164 2692 2207 non
2717 2152 2886 2221 periit.
2918 2180 2991 2193 —-
3021 2151 3147 2210 Haec
3171 2151 3331 2222 igitur
3368 2148 3797 2205 demonstranda

2188 2261 2216 2300 a
2247 2260 2332 2302 me
2365 2247 2550 2317 paucis
2580 2245 2818 2313 luerunt,
2846 2254 2901 2301 ut
2928 2245 3209 2316 utriusque
3232 2253 3439 2299 natura!
3494 2242 3570 2317 (lt)
3601 2252 3793 2313 perso-

2189 2355 2312 2394 nam
2344 2341 2561 2395 tractari
2591 2340 2645 2394 in
2674 2339 2906 2395 Domino
2932 2338 3060 2396 Jesu
3084 2340 3302 2395 Christo
3333 2339 3794 2395 meminissemus:

2188 2434 2312 2503 quia
2343 2432 2431 2502 qui
2455 2433 2506 2487 in
2540 2432 2710 2488 forma
2755 2432 2852 2487 Del
2884 2433 3153 2497 manebat,
3183 2430 3349 2505 209
3377 2431 3605 2486 formam
3650 2431 3799 2486 servi

2189 2526 2397 2596 accepit
2419 2524 2503 2598 (ι),
2539 2541 2637 2597 per
2663 2536 2822 2596 quam
2847 2524 3109 2580 obediens
3134 2539 3302 2596 usque
3323 2525 3389 2578 ad
3417 2532 3646 2579 mortem
3671 2522 3794 2578 fuit.

2188 2616 2509 2674 Obedientia
2535 2619 2680 2673 enim
2720 2620 2912 2674 mortis
2940 2634 3043 2673 non
3068 2626 3152 2673 est
3181 2618 3235 2673 in
3281 2618 3378 2674 Dei
3417 2617 3607 2681 torma,
3635 2615 3797 2672 sicuti

2191 2726 2292 2767 nec
2312 2712 2408 2767 Dei
2432 2710 2602 2766 ferina
2631 2712 2772 2767 inest
2794 2712 2845 2765 in
2874 2711 3042 2767 forma
3066 2711 3230 2765 servi.
3260 2711 3365 2766 Per
3387 2719 3788 2765 sacramentum

2188 2815 2369 2860 autem
2420 2807 2747 2877 evangeliea:
2789 2804 3210 2876 dispensationis
3258 2816 3367 2860 non
3413 2805 3556 2860 alius
3604 2806 3690 2860 est
3735 2803 3793 2858 in

2187 2899 2361 2957 forma
2385 2902 2551 2967 servi,
2581 2914 2741 2972 quam
2784 2900 2874 2971 qui
2900 2901 2953 2955 in
2978 2899 3148 2955 forma
3180 2898 3276 2953 Dei
3304 2905 3390 2953 est
3415 2917 3429 2953 :
3455 2912 3578 2953 cum
3610 2905 3796 2953 tamen

2188 2994 2329 3049 servi
2361 2992 2585 3048 formam
2618 2994 2886 3062 accipere,
2932 3002 2985 3049 et
3010 2992 3065 3048 in
3106 2990 3278 3046 forma
3303 2990 3398 3047 Dei
3428 3000 3651 3046 manere
3678 3004 3789 3046 non

2188 3083 2331 3140 idem
2358 3085 2464 3147 sit;
2518 3100 2747 3154 cumque
2774 3084 3024 3155 accipere
3068 3084 3295 3138 t'ormam
3322 3083 3486 3150 servi,
3536 3083 3642 3138 nisi
3690 3097 3798 3155 per

2187 3176 2594 3231 evacuationem
2619 3192 2795 3241 suam,
2822 3176 2921 3249 (m)
2946 3191 3051 3232 non
3077 3178 3312 3248 potuerit
3339 3177 3432 3247 qui
3461 3176 3715 3232 manebat
3740 3177 3797 3233 in

2111 3245 2159 3311 0
2190 3265 2285 3323 Dei
2316 3267 2511 3335 fortna,
2558 3283 2666 3324 non
2714 3245 3089 3325 conveniente
3117 3267 3223 3325 sibi
3268 3245 3458 3324 feriare
3505 3268 3795 3339 utriusque

2278 3430 2335 3501 Ξ)
2380 3428 2462 3485 Ea:
2484 3429 2788 3501 inﬁrmitate
2817 3437 3014 3484 nostra.

2278 3430 2335 3497 Ξ)
2380 3430 2462 3485 Ea:
2484 3430 2788 3501 inﬁrmitate
2817 3437 3014 3484 nostra.

2254 3430 2332 3575 i3)
2373 3501 2441 3557 In
2468 3502 2824 3557 communione
2850 3498 3154 3555 substantia:
3179 3498 3508 3557 immortalis.

2259 3636 2334 3711 (Is)
2376 3638 2562 3694 Potest
2605 3637 2707 3694 hoc
2760 3639 2829 3693 ita
2862 3639 3109 3710 intelligi,
3160 3637 3299 3692 utin
3325 3633 3545 3692 Christo
3590 3636 3797 3709 duplici

2187 3706 2325 3784 licet
2357 3715 2546 3765 natura
2572 3718 2857 3784 constante
2885 3750 2899 3773 ,
2944 3706 3104 3784 unam
3138 3718 3318 3784 tamen
3351 3723 3474 3765 esse
3503 3706 3797 3784 personam

2186 3782 2577 3837 admoneamur
2624 3798 2638 3839 :
2691 3782 2775 3836 cui
2840 3781 3212 3851 intelligentia:
3272 3779 3452 3835 favent
3516 3779 3786 3837 subneia.

2188 3852 2441 3909 Proxime
2469 3862 2647 3908 tamen
2671 3851 2818 3907 dicta
2848 3853 3139 3923 postulant,
3181 3863 3241 3905 ut
3270 3866 3501 3921 persona:
3528 3855 3797 3912 vocabulo

2190 3924 2296 3979 uoit
2326 3936 2432 3979 tam
2461 3922 2890 3989 subsistendum,
2919 3940 3080 3995 quam
3115 3932 3320 3995 natura:
3352 3922 3634 3995 utriusque
3660 3939 3797 3980 con-

2188 3995 2448 4051 ditionem
2490 4009 2553 4050 ac
2602 3993 2960 4065 proprietates
3005 3994 3389 4063 intelligamus.
3451 3993 3789 4065 Quoisensu

2184 4067 2525 4133 Ambrosius,
2555 4062 2650 4121 lib.
2684 4062 2720 4122 Ii
2747 4065 2815 4122 de
2845 4062 2978 4122 Fide
3000 4081 3049 4121 e.
3085 4065 3137 4131 8,
3164 4062 3220 4119 ιι.
3246 4068 3337 4132 Μ,
3367 4065 3493 4119 dicit
3525 4082 3539 4120 :
3575 4063 3794 4123 Miraris

2180 4139 2226 4191 si
2266 4155 2329 4193 ea:
2351 4154 2569 4210 persona
2613 4137 2834 4210 hominis
2863 4135 3074 4191 Patrem
3118 4137 3250 4191 dixit
3292 4140 3560 4210 nsojorem,
3590 4139 3682 4206 qui
3733 4138 3793 4193 in

2181 4208 2400 4270 persona
2430 4208 2650 4263 hominis
2676 4225 2731 4262 se
2758 4210 2888 4262 dixit
2917 4224 3135 4263 vermem
3162 4223 3180 4261 :
3208 4218 3263 4261 et
3304 4208 3462 4276 epist.
3498 4222 3687 4272 XLVIII,
3721 4226 3780 4264 ιι.

2177 4278 2212 4352 4
2241 4299 2254 4333 :
2282 4282 2369 4351 qui
2391 4281 2445 4334 in
2472 4296 2692 4352 persona
2717 4280 2936 4352 hominis
2963 4284 3182 4351 formans
3202 4278 3331 4352 serui
3354 4276 3597 4352 accepit:
3624 4282 3783 4352 quasi

2176 4344 2402 4414 diceret,
2426 4344 2515 4421 qui
2545 4359 2602 4405 ut
2626 4350 2790 4405 homo
2815 4344 3043 4405 {ortinam
3063 4352 3203 4421 servi
3231 4351 3435 4404 habuit.
3469 4344 3607 4405 Vide
3625 4344 3782 4406 Hila-

2178 4424 2318 4478 rium
2353 4424 2526 4488 ipsmn
2561 4423 2612 4475 in
2639 4424 2771 4488 psal.
2800 4437 2954 4488 LXIII,
2978 4438 3033 4476 ιι.
3058 4422 3112 4476 5.
3150 4484 3173 4488 η
3386 4482 3391 4487 ,

2253 4438 2318 4477 ιιιι
2353 4439 2364 4473 ι
2411 4437 2526 4476 sum
2561 4437 2612 4475 tu
2639 4436 2771 4488 psat.
2800 4437 2954 4488 Lxm,
2978 4438 3033 4476 ιι.
3058 4436 3112 4476 ‘e.
3386 4482 3391 4487 ,

2253 4436 2479 4565 (θέῗιιῐι
2511 4490 2652 4563 apud
2692 4492 2949 4565 Leonem
3010 4484 3265 4562 pra'dicta
3310 4486 3539 4565 epistola
3587 4505 3793 4565 cxgxsv

2183 4550 2373 4619 liiiitrii
2422 4550 2640 4619 nmnine
2691 4563 2919 4633 legitur,
2961 4550 3050 4633 qui
3098 4566 3149 4618 in
3189 4550 3360 4634 [omni
3385 4550 3485 4614 Dei
3511 4554 3786 4631 manebat,

2182 4639 2402 4707 formam
2453 4636 2581 4690 servi
2626 4636 2865 4708 accepit,
2920 4636 3030 4708 ipse
3081 4635 3412 4708 divinitatem
3462 4648 3789 4708 nequaquam

2174 4704 2385 4774 amisit;
2419 4704 2697 4776 probabile
2722 4719 2806 4761 est
2836 4704 3123 4775 postremis
3155 4707 3267 4760 illis
3306 4705 3486 4762 verbis
3507 4744 3523 4770 ,
3567 4719 3690 4772 quae
3731 4705 3787 4761 in

2178 4777 2339 4833 nullis
2363 4793 2494 4834 mss.
2520 4785 2754 4841 exstant,
2779 4790 2954 4849 neque
2976 4788 3192 4849 exstare
3218 4777 3438 4836 debent.
3468 4779 3788 4833 smnmatim

2179 4849 2491 4920 perstringi,
2514 4848 2657 4921 quod
2692 4846 2879 4920 postea
2904 4846 3151 4905 diffusius
3173 4848 3597 4921 demonstratur.

2248 4920 2354 5045 (aq|
2372 4919 2436 4976 In
2488 4919 2773 4976 (ei-vetustis
2794 4936 2925 4976 mss.
2954 4922 3142 4984 Carm,
3163 4919 3321 4975 Colb.
3351 4933 3415 4974 ac
3434 4919 3645 4980 Germ.,
3678 4934 3788 4975 non

2272 5008 2291 5045 :
2360 4937 2486 5045 and)
2495 4991 2859 5045 incommode.
2893 4993 2938 5045 si
2967 4990 3162 5045 deinde
3194 4990 3413 5045 tacitum
3445 4986 3784 5045 intelligatur

2175 4986 2291 5048 sit‘:
2323 4986 2467 5048 haud
2495 4991 2859 5057 incommode,
2893 4993 2938 5047 si
2967 4990 3162 5046 deinde
3194 4990 3413 5046 tacitum
3445 4986 3784 5060 intelligatur

2176 5064 2307 5133 ejus.
2362 5063 2476 5118 Huc
2505 5070 2715 5133 spectat
2743 5060 2888 5133 quod
2939 5061 3271 5133 Augustinus
3297 5062 3456 5132 epist.
3495 5075 3553 5133 at
3574 5101 3589 5126 ,
3619 5058 3686 5133 is.
3721 5058 3782 5127 4,

2205 5124 2569 5191 incarnationis
2599 5124 2976 5190 necessitatem
3007 5124 3428 5189 mintirmatn'rus
3457 5132 3532 5187 ait
3564 5124 3583 5184 τ’
3611 5124 3785 5186 Nemo

2178 5207 2315 5260 enim
2338 5221 2643 5275 quemquam
2682 5205 2829 5274 erigit
2858 5203 2927 5257 ad
2972 5205 3027 5258 id
3050 5204 3108 5259 in
3145 5220 3246 5275 quo
3270 5214 3369 5275 est,
3400 5204 3503 5275 nisi
3514 5198 3785 5275 “aliquan-

2178 5286 2286 5331 tum
2315 5266 2383 5330 ad
2410 5266 2544 5347 idin
2567 5292 2669 5347 quo
2705 5266 2781 5347 es?
2804 5275 2914 5337 ille.
2948 5266 3247 5347 descendat:
3276 5273 3378 5347 Cui
3403 5272 3580 5330 simile
3609 5266 3697 5328 est
3721 5266 3792 5328 il-

2177 5347 2265 5401 lud
2301 5346 2487 5402 Hilarii
2519 5338 2684 5402 ndstri
2734 5346 2828 5401 lib.
2880 5363 2983 5411 xu,
3017 5364 3071 5402 ιι.
3100 5347 3134 5402 6
3164 5363 3179 5400 :
3210 5338 3466 5401 Dect-dere
3505 5350 3680 5398 autem
3718 5356 3789 5401 ea:

2175 5410 2286 5475 Deo
2331 5417 2386 5472 in
2422 5419 2679 5491 hominem
2706 5419 2807 5474 nisi
2835 5435 2889 5473 se
2930 5410 2993 5474 ea;
3021 5422 3195 5491 formo
3224 5412 3322 5491 Dei
3353 5414 3786 5491 Deus‘evacuans

2173 5506 2278 5545 non
2309 5492 2495 5562 potuit,
2526 5500 2632 5545 etc.
2661 5490 2719 5562 in
2747 5506 2812 5545 eo
2845 5484 3032 5546 autem
3054 5484 3199 5560 quod
3246 5487 3333 5543 hic
3368 5486 3640 5556 sequitur,
3670 5502 3785 5544 non

2174 5561 2605 5642 conivenire'sihi
2652 5561 2840 5642 ferula;
2881 5562 3159 5632 utrimque
3218 5572 3543 5615 concursum
3571 5600 3605 5642 η
3634 5565 3789 5628 patet

2179 5632 2359 5757 {arma
2402 5635 2621 5690 nomine
2666 5632 2990 5690 exteriorem
3022 5641 3228 5687 tantum
3266 5641 3473 5686 natura:
3502 5632 3786 5700 utriusque

2200 5704 2418 5757 tahitum
2462 5703 2753 5757 designari.
2798 5702 2952 5757 Unde
2982 5701 3286 5757 intelligere
3315 5711 3401 5757 est
3433 5715 3539 5757 uua
3571 5699 3786 5757 ratione

2200 5704 2418 5776 [abitum
2450 5703 2753 5776 designari.
2798 5702 2952 5761 Unde
2982 5701 3286 5773 intelligere
3315 5711 3401 5757 est
3433 5715 3539 5772 qua
3567 5699 3787 5776 ratione

2181 5774 2413 5832 Hilarius
2433 5768 2711 5832 Christum
2741 5785 2861 5848 post
2881 5768 3340 5833 resurrectionem
3371 5768 3541 5832 totum
3567 5768 3744 5831 Deum
3768 5804 3785 5841 ο
