4094 6180
295 256 389 320 I93

1464 258 1554 323 os
1592 248 1971 324 ratut'rt'rs
2011 248 2217 322 uasa
2245 242 2340 324 tit.

3480 263 3589 335 Oili

294 385 569 433 conciti-sn.
596 375 704 438 sed
724 388 835 435 non
859 373 1000 435 allus
1025 380 1187 449 atque
1210 374 1456 436 diversus
1475 384 1579 445 est,
1605 376 1682 454 (tt)
1706 376 1796 451 qui
1821 390 1882 435 se
1906 372 1960 440 Α
1985 374 2143 433 irasci
2169 371 2487 449 intelligitur
2508 386 2569 434 se
2597 372 2799 437 bonum
2822 374 2947 436 dlcl.
3002 378 3071 437 Et
3101 376 3449 451 quaerendam
3501 394 3584 439 est

293 470 597 538 exinanivit,
647 479 701 526 et
740 468 831 541 qui
874 468 1111 525 turmam
1138 469 1282 526 servi
1330 472 1559 540 accepit.
1594 470 1885 541 Accepisse

293 564 423 621 enim
448 580 556 620 non
590 573 767 636 potest
788 564 910 635 ejus
930 572 1054 619 esse
1083 565 1173 633 qui
1204 578 1309 621 non
1352 564 1452 633 sit;
1486 564 1609 635 quia
1641 566 1759 635 ejus
1790 565 1881 630 sit,

292 657 370 728 qui
395 655 678 720 subsistat,
701 656 969 726 accipere.
986 653 1128 727 Ergo
1148 657 1433 712 evacuatlo
1458 658 1644 713 forma:
1666 670 1771 713 non
1800 664 1885 713 cst

293 748 500 804 abolitio
527 757 736 803 natura!
764 763 781 802 ε
809 747 935 820 quia
959 749 1052 819 qui
1070 763 1130 804 se
1148 757 1392 816 evacuat,
1429 760 1537 804 non
1560 759 1709 805 caret
1736 762 1879 816 sese;

291 839 359 914 (1)
408 850 462 896 et
489 842 581 912 qui
626 840 848 912 accipit,
897 850 1097 897 manet.
1143 842 1215 898 Et
1254 856 1378 898 cum
1425 841 1620 916 (idem)
1666 845 1783 913 ipse
1813 845 1886 899 sit

291 948 548 989 evacuans
566 944 621 988 et
642 934 932 1005 accipiens,
967 932 1131 990 habet
1154 935 1373 1005 quidem
1402 935 1547 990 ineo
1575 944 1884 991 sacramen-

295 1036 415 1094 tuoi,
444 1024 590 1097 quod
616 1037 926 1082 sesvacuat
962 1034 1021 1082 et
1060 1026 1294 1097 accipit;
1350 1044 1456 1083 non
1503 1035 1680 1083 tamen
1724 1028 1885 1083 habet

292 1118 575 1184 interitum,
606 1134 676 1174 ne
700 1134 811 1174 non
851 1126 1026 1175 exstet
1050 1130 1342 1185 eracuans,
1370 1127 1429 1177 et
1469 1131 1539 1177 ne
1565 1130 1673 1176 non
1702 1120 1883 1177 sitae-

293 1210 508 1281 cipiens.
559 1209 746 1281 itaque
789 1212 1074 1285 evacuatio
1124 1225 1193 1267 eo
1239 1211 1476 1282 proﬁcit,
1524 1220 1583 1268 ut
1630 1213 1881 1283 proﬁciat

291 1304 452 1359 forma
478 1303 645 1367 servi,
676 1318 784 1358 non
813 1311 872 1358 ut
898 1301 1171 1369 Christus,
1199 1305 1289 1374 qui
1321 1305 1373 1359 in
1415 1305 1587 1360 forma
1612 1300 1707 1360 Del
1736 1313 1877 1375 erat,

288 1395 356 1468 (li)
379 1396 627 1453 Christus
646 1411 769 1453 esse
789 1409 898 1452 non
922 1406 1173 1464 maneat;
1198 1410 1321 1453 cum
1350 1395 1582 1453 formam
1604 1399 1747 1455 serti
1771 1408 1879 1455 noh

291 1490 379 1546 nisi
402 1489 648 1547 Christus
688 1492 979 1561 acceperit.
1010 1489 1267 1560 Quicum
1312 1505 1376 1548 se
1404 1492 1769 1558 evacuaverit,
1822 1500 1883 1548 ut

290 1599 505 1640 nanctis
522 1583 758 1655 Spiritus
782 1582 1029 1640 Christus
1054 1583 1198 1640 idem
1225 1580 1475 1640 Christus
1503 1586 1666 1643 homo
1693 1590 1875 1653 esset;

289 1678 336 1733 in
358 1684 588 1747 corpore
608 1676 908 1733 demutatio
952 1676 1169 1733 habitus
1198 1682 1255 1733 et
1300 1680 1602 1748 assumptio
1642 1684 1875 1748 naturai,

1986 480 2146 538 quam
2177 467 2337 522 aliam
2368 467 2437 524 de
2465 478 2525 524 8e
2556 469 2949 538 professionem
2976 482 3185 543 arguat,
3213 474 3303 545 qui
3334 490 3441 530 non
3469 490 3588 531 crc-

1985 556 2196 618 dendus
2217 570 2301 618 est
2326 576 2519 618 nomen
2549 563 2601 618 in
2628 577 2689 620 se
2713 564 2968 619 bonitatis
2999 581 3245 635 arguere.

2057 653 2143 710 16.
2182 652 2363 709 Fidem
2396 656 2759 731 interrogantis
2791 658 2980 729 arguit,
3017 676 3118 714 non
3148 652 3587 717 didm—Videa-

1984 760 2107 804 mus
2138 750 2338 821 itaque.
2369 746 2496 821 quid
2538 758 2732 821 praiter
2753 751 2953 809 bonum
2992 755 3331 826 interrogans
3350 752 3547 811 dixerit
3573 773 3587 812 ε

1984 841 2057 895 ali
2090 842 2231 897 enim
2259 884 2273 909 ,
2330 834 2576 915 Magister
2605 842 2751 908 bone,
2772 846 2896 916 quid
2926 845 3043 900 boni
3072 844 3265 920 faciam
3309 844 3503 920 (Marci
3534 863 3589 913 κ,

1986 933 2053 989 17
2082 935 2142 1008 )?
2172 934 2315 991 Duas
2346 937 2510 1008 igitur
2535 948 2621 993 res
2648 940 3087 1012 connuncupavit
3121 962 3134 998 :
3170 942 3226 996 ei.
3264 936 3503 1009 bonum,
3537 949 3593 997 et

1983 1029 2323 1099 magistrum.
2354 1029 2421 1086 Et
2442 1033 2565 1101 quia
2593 1047 2701 1089 non
2731 1035 2907 1104 arguit
2952 1025 3151 1089 bonum
3199 1048 3260 1089 se
3301 1032 3444 1101 dici;
3489 1032 3591 1091 hoc

1986 1132 2215 1180 necesse
2238 1130 2322 1178 est.
2352 1132 2580 1195 arguat,
2627 1123 2771 1196 quod
2803 1126 3062 1197 magiSIér
3086 1122 3261 1182 bonus
3287 1124 3461 1182 dictus
3496 1125 3589 1182 sit.

1985 1214 2061 1272 lla
2085 1227 2268 1273 autent
2295 1218 2472 1290 arguit
2499 1234 2559 1276 se
2584 1221 2897 1291 magistrum
2930 1219 3132 1275 bonum
3165 1212 3272 1276 dici
3298 1260 3313 1284 ,
3345 1226 3403 1275 ut
3431 1214 3590 1275 ﬁdem

1984 1305 2366 1381 interrogantis
2387 1311 2586 1382 potius,
2604 1322 2765 1383 quam
2788 1312 2877 1369 vel
2898 1314 3137 1384 magistri
3166 1312 3220 1368 in
3243 1326 3303 1368 se
3342 1312 3426 1368 vel
3459 1310 3587 1367 boni

1984 1418 2183 1459 nomen
2220 1416 2490 1475 argueret.
2522 1405 2745 1463 iuvenis
2785 1407 2929 1462 enim
2977 1407 3219 1464 insolens
3270 1420 3365 1475 per
3414 1402 3595 1461 obser-

1982 1495 2217 1549 Vantiam
2243 1492 2379 1567 legis
2408 1494 2479 1570 (Γ)
2501 1539 2514 1563 ,
2548 1504 2602 1552 et
2627 1494 2787 1553 ﬁnem
2816 1495 2947 1570 legis
2976 1497 3065 1568 qui
3094 1494 3343 1553 Christus
3379 1506 3460 1552 est
3499 1511 3596 1552 ne-

1981 1586 2196 1656 sciens,
2229 1588 2285 1644 et
2328 1588 2676 1659 iustiﬁcatum
2704 1604 2766 1647 se
2806 1588 2858 1646 in
2886 1586 3143 1661 operibus
3168 1586 3508 1658 existimans,
3540 1594 3597 1645 et

1982 1692 2090 1736 non
2119 1678 2428 1752 intelligens
2467 1682 2680 1737 venisse
2710 1691 2831 1738 eum
2863 1682 2927 1736 ad
2961 1696 3090 1737 oves
3122 1676 3364 1751 perditas
3396 1680 3593 1736 domus

290 1780 524 1827 naturam
547 1768 624 1843 (ε)
670 1772 936 1826 manentis
964 1769 1262 1825 divinitatis
1305 1784 1415 1826 non
1448 1771 1673 1841 peremit
1708 1788 1721 1826 :
1753 1772 1880 1843 quia
1907 1759 1958 1831 3
1986 1771 2148 1829 Israel
2181 1772 2400 1843 (Matth.
2430 1786 2526 1843 xv,
2552 1772 2667 1847 24),
2689 1784 2740 1830 et
2770 1764 3104 1845 impossibile.
3121 1786 3243 1829 esse
3274 1772 3378 1845 legi
3410 1778 3504 1843 per
3535 1766 3597 1827 ii-

289 1876 414 1918 tutus
457 1872 623 1933 atque
651 1862 791 1919 idem
820 1860 1070 1920 Christus
1095 1864 1186 1930 sit,
1214 1870 1271 1918 et
1288 1862 1574 1919 demutans
1615 1865 1879 1935 habitum,

290 1966 336 2010 ει
363 1966 676 2011 assumens.

351 2046 437 2104 i5.
455 2045 843 2116 Espenduutur
887 2046 1087 2119 objecta
1107 2047 1483 2104 hereticorum.
1526 2047 1761 2104 Christus
1781 2056 1883 2104 uoti

289 2144 448 2215 arguit
470 2141 611 2213 quod
638 2142 843 2196 dicatur
867 2140 1354 2197 bonus.—Ostettsa
1384 2140 1563 2211 itaque
1577 2154 1879 2199 sacramen-

291 2244 449 2291 torum
481 2235 909 2306 dispensatioue,
952 2248 1051 2306 per
1093 2248 1254 2307 quam
1306 2234 1551 2291 haeretici
1572 2237 1883 2307 ignorantes

290 2342 525 2399 quosque
570 2327 851 2395 fallerent,
883 2336 941 2383 ut
968 2342 1054 2394 ea,
1083 2342 1203 2398 qua:
1231 2340 1326 2398 per
1352 2328 1617 2398 assumpti
1647 2329 1884 2384 hominis

288 2431 524 2477 naturam
539 2420 686 2477 dicta
700 2431 960 2492 gestaque
976 2422 1308 2485 sunt,omnia
1325 2419 1620 2478 inﬁrmitati
1634 2422 1886 2478 divinitas

289 2514 347 2568 tis
390 2513 790 2581 adscriberent,
837 2523 892 2571 et
918 2512 1105 2569 forma:
1124 2513 1218 2570 Dei
1240 2513 1585 2585 deputarent,
1624 2516 1882 2586 quidquid

286 2602 461 2660 format
480 2607 627 2662 serVi
649 2604 961 2678 propriam
983 2617 1166 2678 aptum
1187 2614 1298 2663 est:
1325 2622 1466 2664 nunc
1491 2609 1620 2679 ipsis
1641 2609 1887 2680 proposit-

287 2698 512 2754 tionibus
539 2713 730 2754 eorum
775 2699 1207 2770 respondendum
1272 2710 1375 2756 est.
1428 2700 1569 2756 Tuto
1603 2703 1746 2757 enim
1770 2703 1883 2772 jam

288 2791 543 2848 dictorum
591 2793 927 2864 singulorum
991 2804 1190 2866 genere
1258 2792 1718 2865 dijudicabttntur,
1760 2810 1883 2851 cum

289 2882 517 2943 Verbum
548 2894 607 2943 et
633 2902 853 2944 carnem
878 2928 893 2955 ,
921 2886 975 2943 id
1003 2896 1107 2955 est,
1131 2888 1299 2945 Deum
1321 2896 1380 2943 et
1404 2887 1676 2943 hominem
1698 2887 1882 2943 .lesum

287 2977 553 3036 Clu-istum
580 2981 698 3037 sola
729 2980 865 3037 ﬁdes
898 2982 969 3037 sit
1005 2980 1278 3038 conﬁteri.
1304 2981 1474 3038 Deum
1508 2982 1670 3052 igitur
1695 2980 1881 3036 Domib

293 3087 408 3126 uino
435 3084 682 3130 nostrum
711 3072 897 3130 Jesum
926 3072 1200 3129 Christum
1247 3087 1314 3129 ett
1354 3086 1425 3129 eo
1452 3072 1755 3143 negandum
1789 3084 1887 3143 per

1992 1869 2115 1925 dem
2140 1867 2541 1940 jusﬁﬁeationis
2570 1869 2779 1926 salirare
2807 1860 3097 1926 credentes
3134 1865 3313 1940 (Rom.
3347 1881 3460 1935 vni,
3509 1860 3592 1938 '5),

1986 1964 2262 2033 tamquam
2291 1964 2662 2019 communium
2692 1971 3086 2033 praeceptorum
3109 1963 3163 2017 et
3200 1962 3251 2017 in
3282 1960 3400 2033 lege
3428 1958 3599 2033 scrip—

1986 2050 2166 2111 torum
2197 2056 2513 2127 magistrum
2546 2055 2844 2126 interrogat
2885 2050 3172 2110 Dominum
3206 2052 3339 2124 legis
3385 2050 3440 2107 et
3476 2047 3600 2106 uni—

1985 2147 2227 2217 genitum
2265 2142 2458 2202 Deum.
2488 2146 2799 2203 Detestatus
2848 2144 3029 2216 itaque
3059 2140 3320 2201 Dominus
3362 2140 3504 2197 hanc
3529 2140 3599 2198 de

1982 2242 2047 2295 se
2066 2228 2386 2310 irreligiosa:
2416 2237 2539 2294 ﬁdei
2573 2238 2985 2308 professionem,
3008 2232 3150 2308 quod
3183 2244 3455 2305 tamquam
3480 2240 3596 2287 ma-

1986 2330 2152 2403 gister
2178 2329 2313 2402 legis
2352 2330 2803 2403 interrogaretur,
2835 2324 3138 2397 respondit,
3168 2326 3310 2395 Quid
3337 2339 3415 2382 me
3445 2334 3598 2381 vocas

1988 2422 2216 2478 bonum?
2246 2422 2421 2495 Atque
2454 2432 2513 2479 ut
2552 2418 2880 2495 signiﬁcaret
2906 2424 3173 2494 quatenus
3205 2414 3365 2493 271
3399 2412 3599 2473 intelli-

1985 2514 2193 2586 gendus
2223 2522 2279 2570 et
2306 2512 2640 2585 proﬁtendus
2667 2512 2845 2570 bonus
2874 2522 3016 2570 esset
3046 2554 3063 2581 ,
3116 2508 3350 2581 subjecit
3368 2550 3384 2576 ,
3431 2507 3599 2565 Nemo

1988 2607 2170 2672 bonus,
2204 2606 2304 2660 nisi
2346 2620 2482 2661 unus
2529 2603 2709 2673 Deus;
2739 2618 2848 2661 non
2901 2618 3163 2675 reapnens
3210 2602 3469 2658 bonitatis
3502 2610 3602 2659 no-

1987 2706 2135 2763 men,
2166 2700 2211 2754 si
2250 2699 2351 2755 sibi
2386 2695 2489 2754 hoc
2513 2708 2785 2768 taniQuam
2814 2696 2925 2754 Deo
2957 2696 3330 2768 deputaretur.

2062 2792 2150 2848 17.
2182 2791 2253 2847 Et
2281 2791 2468 2847 bonum
2487 2800 2533 2849 et
2559 2795 2866 2867 magistrum
2895 2806 3005 2848 sese
3033 2784 3602 2865 ostendit.—-DeniQtie

1987 2884 2282 2940 ostendens
2320 2896 2383 2939 se
2409 2884 2655 2956 magistri
2684 2884 2738 2940 in
2768 2896 2828 2941 se
2852 2884 3002 2953 huni,
3032 2892 3128 2955 per
3170 2880 3329 2940 fidem
3360 2882 3480 2956 ejus
3507 2884 3597 2956 qui

1990 2983 2264 3048 tamquam
2295 2974 2569 3031 hominem
2585 2974 2976 3048 interrogabat,
2994 2988 3191 3032 nomen
3214 2986 3462 3049 arguere,
3480 2982 3604 3047 poSt

1987 3068 2301 3141 iactantiam
2330 3066 2548 3140 juvenis
2575 3076 2630 3125 et
2672 3068 2897 3142 gloriam
2943 3071 3075 3142 legis
3106 3070 3379 3142 iinpletm,
3413 3072 3484 3126 ita
3517 3080 3604 3127 re-

296 3174 531 3221 naturatn
564 3167 808 3223 literetici
846 3168 1188 3235 existimant,
1217 3167 1343 3237 quia
1365 3165 1602 3221 dixerit:
1637 3166 1776 3233 Quid
1803 3183 1881 3222 me
1906 3152 1954 3218 Ο
1984 3160 2203 3231 spondit
2234 3174 2248 3216 :
2282 3159 2453 3217 Unum
2489 3158 2582 3219 tibi
2628 3162 2770 3219 deest
2794 3172 2815 3218 :
2843 3156 2970 3218 vade
2996 3184 3018 3230 ν,
3067 3170 3397 3236 quaecumque
3443 3160 3598 3218 habes

299 3259 450 3331 27o
489 3260 619 3315 dicis
662 3259 889 3315 bonum?
927 3256 1097 3313 Nemo
1133 3267 1207 3313 est
1236 3260 1398 3331 bonus
1426 3259 1527 3315 nisi
1575 3272 1710 3314 unus
1738 3258 1882 3315 Deus

307 3349 483 3419 (Marci
501 3361 559 3418 ι,
586 3351 696 3423 18).
725 3352 912 3408 Omnis
931 3352 1343 3422 responsionum
1378 3352 1515 3407 ratio
1536 3364 1760 3409 necesse
1775 3363 1880 3419 est,

311 3454 360 3500 ut
397 3462 460 3502 es
488 3446 966 3517 interrogationum
1017 3447 1197 3501 causis
1242 3444 1632 3516 proﬁciscatur.
1694 3444 1773 3501 Ad
1829 3444 1882 3501 id

306 3537 430 3593 enim
459 3538 875 3610 respondebitur
896 3577 914 3605 ,
959 3537 1102 3593 unde
1129 3547 1422 3608 quaeretur.
1452 3536 1519 3592 Et
1541 3538 1772 3608 primum
1798 3552 1885 3594 re-

308 3631 446 3699 quiro
477 3646 507 3686 a
536 3631 667 3687 dicti
689 3632 849 3703 bttjtts
872 3631 1281 3697 calumniatore,
1311 3640 1564 3697 utrumne
1581 3631 1635 3686 id
1656 3644 1885 3702 arguere

308 3722 567 3782 Dominum
618 3727 895 3784 existimet
921 3767 937 3792 ,
983 3741 1081 3782 our
1132 3725 1309 3783 bonus
1352 3725 1529 3782 dictos
1576 3728 1667 3791 sit,
1717 3737 1887 3797 seque

312 3818 532 3875 maluerit
558 3821 757 3875 malum
778 3818 908 3875 dici.
943 3819 999 3875 id
1029 3820 1174 3875 enim
1207 3819 1503 3889 signiﬁcari
1533 3819 1746 3875 videtur
1776 3819 1884 3875 hoc

311 3909 436 3967 dicto
457 3954 470 3978 ,
520 3912 660 3979 Quid
690 3927 767 3967 me
793 3913 983 3967 bonum
1018 3911 1186 3966 dicis?
1211 3910 1327 3967 Non
1357 3911 1552 3982 opinor
1595 3912 1882 3984 quisquam

312 4012 404 4059 tam
429 4020 608 4062 vecors
637 4008 766 4071 erit,
789 4013 846 4061 ut
875 4005 1092 4061 malitia:
1119 4005 1511 4077 professionem
1539 4006 1589 4060 ei
1623 4005 1756 4060 velit
1783 4006 1883 4060 ad-

311 4096 542 4163 scribere,
572 4097 664 4170 qui
689 4098 927 4155 dixerit:
957 4097 1140 4154 Venite
1162 4098 1232 4153 ad
1253 4112 1331 4152 me
1350 4110 1525 4153 omnes
1552 4099 1642 4167 qui
1670 4096 1883 4153 labora-

313 4189 366 4242 tis
389 4200 431 4245 st
450 4193 643 4247 onerati
668 4193 822 4257 estis,
853 4200 900 4246 et
931 4206 1023 4264 ego
1064 4205 1153 4245 eos
1199 4190 1452 4261 reﬁciam.
1489 4188 1674 4245 Tollite
1697 4191 1883 4262 fugam

313 4295 456 4335 meum
474 4300 623 4355 super
650 4298 760 4349 eos,
790 4294 835 4338 et
862 4284 1046 4339 discite
1074 4298 1225 4348 time,
1254 4284 1375 4353 quia
1398 4283 1535 4338 mitis
1563 4296 1677 4337 sunt
1704 4290 1755 4340 et
1780 4283 1883 4337 Ιιιμ

310 4374 429 4428 stilis
470 4376 654 4443 corde;
692 4387 745 4432 et
790 4376 1054 4431 invenietis
1095 4376 1322 4445 requiem
1367 4376 1637 4430 animabus
1679 4377 1881 4430 uestris.

1990 3257 2170 3325 vende,
2194 3262 2243 3312 et
2260 3256 2332 3310 da
2357 3254 2692 3329 pauperibus,
2722 3265 2769 3312 et
2794 3256 2999 3313 habebis
3026 3248 3322 3312 thesaurum
3353 3252 3407 3311 in
3437 3256 3597 3322 caelo;

1990 3358 2039 3402 et
2068 3351 2203 3417 seni,
2226 3357 2431 3421 sequere
2458 3357 2538 3405 me
2556 3346 2753 3420 (Marc.
2786 3365 2843 3415 χ,
2868 3344 2988 3423 21).
3019 3344 3139 3406 Non
3170 3349 3365 3421 refugit
3390 3346 3605 3405 bonita-

1990 3444 2061 3499 tis
2083 3443 2230 3500 dese
2251 3452 2470 3509 nomen,
2499 3446 2590 3515 qui
2616 3445 2892 3501 scelestam
2926 3446 3242 3502 thesaurum
3275 3438 3600 3517 pollicetur:

1988 3544 2096 3591 nec
2127 3538 2442 3607 magistrum
2475 3550 2535 3593 se
2565 3552 2671 3592 non
2701 3528 2813 3592 vult
2841 3537 3032 3603 videri,
3065 3536 3156 3609 qui
3179 3537 3371 3594 ducent
3394 3552 3454 3594 se
3478 3548 3604 3608 per-

1990 3625 2153 3684 fecta:
2172 3626 2331 3699 hujus
2355 3629 2703 3686 beatitudinis
2727 3629 3224 3701 prmstat.'l‘erren:e
3248 3641 3429 3688 autem
3453 3631 3521 3687 de
3543 3644 3605 3687 se

1990 3722 2263 3790 opinionis
2287 3720 2446 3778 fidem
2472 3724 2669 3795 arguit,
2700 3724 2998 3779 bonitatem
3020 3724 3074 3780 in
3103 3724 3223 3781 solo
3249 3718 3364 3780 Deo
3395 3718 3603 3781 docens

1991 3823 2135 3869 esse.
2174 3813 2241 3868 Et
2272 3824 2328 3869 ut
2356 3826 2417 3871 se
2444 3822 2499 3870 et
2528 3815 2695 3871 Deum
2728 3822 2784 3872 et
2816 3815 3015 3872 bonum
3047 3816 3413 3887 significaret,
3448 3815 3607 3872 boni-

1991 3910 2121 3964 tatis
2146 3920 2229 3965 est
2255 3922 2387 3965 usus
2409 3908 2629 3973 Ofﬁciis,
2657 3906 2910 3967 caelestes
2938 3912 3225 3966 thesauros
3260 3908 3525 3982 pandens,
3551 3918 3607 3965 et

1992 4015 2054 4057 se
2078 4002 2146 4057 ad
2173 4017 2267 4058 eos
2293 4002 2549 4073 prmvinm
2583 4003 2845 4059 tribuens.
2880 4003 2951 4058 Ita
2974 4012 3028 4058 et
3049 4016 3174 4075 qua:
3192 4002 3293 4059 sibi
3323 4008 3605 4073 tamquam

1996 4094 2201 4151 homini
2232 4102 2438 4149 tantum
2455 4092 2858 4161 deferebantur,
2889 4086 3222 4163 detestatur;
3259 4104 3435 4167 neque
3457 4106 3517 4151 se
3536 4094 3607 4151 ab

1997 4186 2103 4254 his,
2135 4196 2257 4258 quae
2277 4186 2391 4244 Deo
2419 4186 2735 4258 deputabat,
2757 4189 3035 4257 professos
3062 4188 3297 4244 alienum
3324 4198 3406 4244 εει
3439 4204 3453 4244 :
3482 4200 3606 4244 cum

1995 4289 2162 4338 unum
2195 4283 2366 4338 Deum
2391 4281 2590 4338 bonum
2622 4283 2905 4350 conlltens,
2942 4294 3005 4340 ea
3034 4283 3150 4352 ipse
3180 4283 3494 4355 loqueretur
3520 4290 3605 4338 ate

1996 4390 2102 4446 que
2128 4385 2335 4445 ageret,
2363 4390 2484 4446 quae
2510 4374 2672 4432 unius
2727 4374 2821 4432 Dei
2856 4376 3095 4444 virtutis,
3125 4371 3386 4434 bonitatis
3442 4380 3607 4449 atque

308 4459 478 4537 Iugum
520 4470 654 4524 enim
689 4484 860 4525 metu»
916 4474 1072 4524 suate
1110 4476 1221 4534 est,
1262 4476 1309 4523 et
1354 4479 1488 4522 onus
1558 4480 1727 4522 meum
1780 4468 1888 4523 leue
1913 4529 1961 4537 _
1999 4476 2207 4524 naturae
2236 4476 2382 4524 sunt.
3339 4528 3343 4531 .

309 4529 574 4631 vittata“.
609 4577 688 4627 xi,
722 4561 794 4617 28
824 4571 871 4615 et
900 4558 1086 4632 ταφῳ).
1120 4529 1300 4615 Mitem
1322 4574 1382 4615 se
1413 4556 1697 4629 proﬁtetur
1722 4569 1886 4631 atque
1913 4529 1969 4592 Β
2072 4562 2161 4619 18.
2197 4559 2440 4634 Magistri
2472 4577 2584 4616 cum
2613 4561 2718 4632 ﬁde
2741 4568 2926 4616 nomen
2952 4529 3423 4632 accepit—Quam
3448 4560 3611 4632 igitur

312 4648 577 4710 humilem:
610 4666 666 4711 et
688 4654 845 4711 irasci
866 4654 1138 4721 credetur,
1168 4651 1243 4725 (e)
1275 4667 1372 4707 cur
1391 4652 1566 4707 bonus
1587 4651 1762 4707 dictus
1781 4654 1886 4708 sit?

309 4738 688 4802 Professionnm
733 4746 849 4803 lucc
895 4745 1182 4802 diversitas
1210 4740 1481 4811 dissidet,
1534 4754 1591 4799 ut
1628 4742 1886 4801 bonitatis

308 4849 410 4893 sua.-
432 4842 577 4896 testis
607 4854 806 4896 nomen
848 4839 900 4893 in
930 4852 990 4895 se
1020 4836 1274 4894 bonitatis
1319 4845 1560 4892 accuset.
1602 4834 1723 4891 Non
1754 4851 1885 4907 ergo

375 4954 447 5028 (1)
478 4954 545 5011 Et
568 4954 658 5027 qui
684 4951 898 5024 accepit.

304 5084 423 5131 ante
448 5084 620 5133 autem
653 5082 823 5130 totum
856 5069 908 5125 in
940 5068 1109 5124 forma
1150 5064 1292 5123 servi
1338 5071 1628 5135 nuncupet.
1677 5061 1879 5121 Confer

298 5132 623 5219 ltunclocum
653 5159 779 5201 cum
810 5150 965 5219 tract.
996 5139 1085 5219 Ps.
1110 5151 1298 5219 Lavi",
1331 5152 1387 5191 ιι.
1414 5132 1503 5219 (ἐξ.

329 5217 439 5345 usa)
465 5219 575 5276 line
596 5223 705 5281 est,
736 5215 826 5287 qui
857 5226 915 5269 se
942 5209 1263 5275 esinanivit,
1292 5222 1398 5263 non
1425 5205 1564 5262 alius
1605 5213 1686 5261 est
1703 5205 1788 5290 .ab
1814 5216 1885 5261 eo

425 5293 560 5345 servi
608 5290 841 5345 ferinam
882 5283 1127 5345 accepit,
1157 5294 1253 5337 seu
1302 5284 1428 5345 post
1471 5284 1885 5333 evacuationem

292 5283 385 5357 qui
418 5283 560 5348 ἐει-νὶ
608 5283 841 5346 farinam
882 5283 1127 5354 accepit,
1157 5294 1253 5337 seu
1302 5284 1428 5349 post
1471 5283 1885 5333 evacuationem

294 5373 443 5417 suam
471 5376 575 5419 non
602 5360 745 5416 alius
773 5362 861 5413 est
888 5363 1047 5426 atque
1071 5360 1188 5409 erat
1212 5360 1359 5407 ante.

365 5432 437 5506 (ὁ)
480 5433 645 5506 Editi,
684 5430 925 5487 Christus
959 5419 1027 5506 ἐξ
1054 5442 1108 5479 se
1123 5434 1240 5506 non
1280 5426 1482 5506 maneat
1505 5434 1526 5476 :
1555 5419 1891 5506 castigantur

293 5489 383 5557 εί
404 5489 646 5561 ιίιειιξδίἐ
676 5506 836 5567 infra,
867 5514 920 5553 ιι.
959 5499 1051 5563 59,
1072 5498 1138 5551 .ut
1163 5504 1386 5550 maneret
1430 5509 1535 5549 esse
1563 5489 1659 5546 Dei
1696 5489 1887 5615 forma.

296 5571 439 5615 Idam
462 5575 656 5615 ηιιριιιι
684 5570 945 5615 ntus-niti
986 5569 1301 5615 metet-ium
1331 5566 1547 5615 earer'rie
1589 5577 1693 5615 exn
1720 5568 1887 5615 tcalut‘

296 5571 657 5632 ldemCltristi
684 5564 946 5629 exinaniti
986 5569 1302 5640 mysterium
1331 5566 1547 5691 egregie
1589 5564 1894 5643 explicatur
2078 5564 2154 5632 (Ι)
2195 5564 2290 5642 ραι
2334 5564 2507 5611 tamen
2546 5564 2816 5609 obsecutus
2845 5568 2909 5609 ex
2932 5564 3076 5609 nouo

296 5643 577 5698 lib.m.n.
630 5645 736 5698 48.
766 5652 821 5698 et
867 5641 922 5698 in
972 5639 1115 5696 Psal.
1154 5646 1340 5698 CXLIII,
1373 5650 1428 5691 ιι.
1507 5675 1520 5689 .
1573 5631 1673 5689 llic
1716 5630 1893 5689 obiter
2004 5629 2308 5686 ostenditur
2337 5640 2459 5698 cap.
2510 5627 2589 5698 19
2607 5626 2660 5680 in
2712 5622 2904 5681 Matth.
2960 5632 3017 5680 tt.
3049 5612 3086 5678 8

294 5643 395 5699 ιιι».
418 5660 492 5709 ιι.
516 5656 577 5701 n.
630 5645 736 5712 48,
766 5652 823 5711 et
867 5641 922 5699 in
972 5639 1115 5712 Psal.
1154 5646 1340 5712 φιμιι,
1373 5650 1428 5691 ιι.

1997 4671 2110 4709 non
2156 4653 2413 4709 bonitatis
2458 4668 2654 4710 nomen
2687 4654 2982 4725 refugerit,
3016 4655 3111 4709 sed
3154 4670 3333 4724 neque
3360 4652 3608 4726 magistri

1999 4745 2260 4802 honorem
2298 4752 2649 4815 recusaverit,
2681 4747 2780 4803 sed
2812 4747 2972 4802 ﬁdem
3008 4748 3128 4819 ejus
3152 4750 3243 4818 qui
3274 4749 3326 4803 in
3375 4762 3437 4804 se
3467 4744 3603 4802 nihil

1999 4840 2102 4896 nisi
2144 4854 2468 4911 corporeum
2497 4846 2553 4896 et
2574 4840 2793 4898 carnale
2821 4839 3127 4913 sapuisset,
3170 4840 3441 4915 arguerit;
3484 4840 3612 4900 hinc

2034 5062 2136 5190 Ι(ε)
2161 5047 2217 5117 in
2238 5072 2345 5117 ms.
2369 5056 2533 5117 Corb.
2562 5067 2620 5117 et
2631 5060 2836 5132 aliquot
2854 5056 2995 5131 aliis,
3015 5060 3272 5120 manentis
3288 5058 3346 5119 in
3364 5071 3612 5138 corpore:

2053 5150 2287 5190 05881113.

1992 5150 2521 5300 ειῖῗιῗῖιΐιιιθιίῳιθ
2538 5200 2674 5300 mss.
2701 5223 2775 5281 At
2797 5216 2959 5292 editi,
2992 5235 3246 5299 aptatum.
3268 5216 3394 5283 Mox
3420 5227 3477 5283 in
3513 5241 3611 5285 cos

1995 5296 2263 5356 dice'Vat.
2280 5296 2408 5354 has.
2434 5296 2542 5352 toto
2563 5296 2822 5353 euim.....
2845 5296 3051 5370 genere,
3077 5314 3185 5356 non
3214 5307 3325 5355 tuto
3346 5301 3609 5357 enim...»

1996 5386 2206 5446 genera.

2070 5464 2142 5542 (e)
2175 5464 2341 5521 Vetus
2365 5462 2541 5519 cedet
2566 5461 2722 5518 Colb.
2752 5476 2872 5516 cum
2893 5458 3082 5517 boues.

2078 5558 2154 5632 (f)
2185 5556 2290 5632 Cui
2334 5553 2816 5632 tamen_obsecut_us
2845 5568 2909 5632 es
2932 5550 3084 5632 nolle
3121 5554 3212 5632 εδδ
3248 5560 3307 5609 ut
3332 5544 3544 5632 dicitur
3558 5564 3614 5610 et

3118 5636 3133 5679 ι
3162 5618 3304 5695 Puto
3340 5628 3498 5695 enim,
3529 5618 3613 5682 in-

294 5692 577 5775 Stin—riis;
594 5692 1243 5775 vocabulum—Christi
1268 5692 1340 5764 ad
1379 5712 1624 5764 naturam
1648 5702 1887 5761 divinam
2004 5703 2124 5772 quit
2155 5692 2484 5775 Augustinus
2511 5697 2672 5775 epist.
2696 5706 2841 5753 nunc
2868 5700 3032 5764 eun,
3247 5714 3257 5775 ς
3282 5692 3420 5769 quod
3444 5692 3498 5756 re
3523 5708 3609 5754 ar-

296 5785 698 5858 siguiﬁcandtttﬁ
728 5798 836 5846 non
864 5782 1032 5844 setosi
1057 5784 1400 5853 usurpatum.

2004 5766 2272 5847 rogationi
2296 5782 2448 5844 quam
2472 5766 2646 5825 aeﬁus
2675 5776 2901 5824 serram
2927 5766 3282 5839 responderat.
