4094 6180
472 227 580 290 295

1663 222 1906 285 SANCTI
1948 220 2208 284 lllLARII
2244 225 2553 288 EPISCOPI

3675 225 3784 284 296

475 341 820 415 intelligitur,
853 341 996 416 quod
1041 341 1199 400 aliter
1233 340 1300 399 ad
1327 339 1620 414 Apostolos
1658 344 1974 413 magistrum
2008 358 2068 398 se
2095 345 2148 405 Α
2172 345 2544 401 Testimonium
2593 345 2755 416 patris
2808 343 2952 416 apud
2995 340 3239 409 Judazos;
3262 356 3419 413 opera
3459 341 3676 398 Christi.
3716 375 3789 387 --

476 438 794 492 conﬁtentes
826 436 1034 493 loculus
1065 447 1165 502 est,
1186 436 1373 491 dicens
1406 434 1536 490 :Vos
1560 452 1637 490 me
1665 437 1855 490 vocatis
1885 437 2075 507 magis—

479 535 614 582 trum
641 537 688 582 et
727 529 1032 593 Dominum,
1071 539 1119 582 et
1152 529 1272 583 bene
1301 527 1496 595 dicitis;
1527 545 1638 583 sum
1667 530 1856 582 etenim
1889 527 2072 602 (Joan.

482 637 600 687 xm,
633 622 748 691 15),
775 632 970 677 etcum
999 619 1126 676 alibi
1145 621 1373 676 dixisset
1398 639 1411 675 :
1441 620 1526 676 Ne
1553 622 2072 692 voceminimagistri,

479 712 600 780 quia
627 715 869 785 magister
889 721 1048 766 vester
1073 709 1309 767 Christus
1337 723 1409 767 est
1437 711 1614 785 (Matt.
1653 729 1803 776 χχιιι,
1841 711 1952 785 10).
1977 712 2078 768 Ubi

480 817 600 858 cum
633 803 737 859 ﬁde
761 803 1018 876 magister
1041 813 1145 872 est,
1178 804 1250 860 ibi
1273 804 1408 860 adeo
1427 805 1628 870 laudat,
1661 815 1721 861 ut
1745 815 1799 861 et.
1827 807 2080 876 proﬁtea-

483 907 570 954 tur
598 900 700 955 hoc
743 916 940 956 nomen
970 918 982 953 :
1016 900 1100 956 hic
1127 915 1256 956 vero
1285 900 1410 955 boni
1459 901 1701 972 magistri
1740 915 1938 956 nomen
1968 916 2076 956 non

482 991 864 1064 recognoscit,
909 992 998 1048 ubi
1027 1008 1125 1049 nec
1159 991 1420 1048 Dominus
1463 992 1772 1048 intellectus
1800 1002 1886 1048 est
1917 1009 2036 1048 esse
2063 1033 2079 1061 ,

483 1101 586 1141 nec
615 1084 860 1142 Christus
893 1102 906 1141 :
939 1086 1113 1142 solum
1134 1103 1300 1142 unum
1337 1086 1504 1142 Deum
1526 1086 1726 1142 bonum
1759 1085 2080 1157 praedicans,

486 1195 594 1235 non
621 1194 681 1235 se
707 1180 892 1248 utique
929 1195 960 1234 a
990 1179 1098 1235 Deo
1127 1179 1203 1252 (1)
1235 1194 1542 1246 secernens,
1578 1179 1666 1250 qui
1703 1187 1758 1233 et
1799 1178 2085 1234 Dominum

487 1290 548 1331 se
595 1273 869 1346 professus
918 1283 974 1332 et
1016 1273 1314 1342 Christum,
1347 1273 1538 1330 ducem
1571 1273 1811 1330 thesauri
1847 1273 2088 1330 ctelestis

427 1369 432 1372 ’
488 1367 755 1423 ostendat.

569 1461 654 1516 l9.
692 1458 886 1531 Ubique
913 1456 1166 1515 Dominus
1189 1477 1280 1515 nec
1309 1460 1542 1516 eumdem
1571 1477 1684 1515 cum
1712 1458 1867 1516 Patre
1892 1476 1983 1516 nec
2011 1459 2092 1514 di-

491 1569 692 1609 versum
730 1570 783 1608 se
834 1554 1117 1624 proﬁtetur.
1171 1553 1323 1608 Fidei
1363 1556 1587 1623 honore,
1635 1554 1862 1625 adeoque
1907 1564 2094 1609 natura

493 1646 627 1716 patri
653 1661 706 1700 se
735 1645 1246 1716 wquavit.-—Tenuit
1274 1655 1456 1701 autem
1489 1648 1628 1702 hunc
1658 1662 1872 1717 semper
1902 1647 2090 1701 Domi-

2179 440 2512 512 Quamquam
2563 441 2722 512 igitur
2749 441 2802 495 iu
2837 439 3085 510 plurimis
3133 454 3198 495 ac
3226 455 3364 510 pene
3393 440 3645 495 omnibus
3672 439 3788 495 dic-

2182 534 2247 588 tis
2295 534 2616 589 sacramenti
2651 533 2810 604 hujus
2856 532 3170 604 praestiterit
3226 532 3622 589 absolutionem
3649 573 3668 600 ,
3719 547 3789 589 ne

2179 629 2396 699 quando
2423 628 2706 685 confessus
2738 629 2905 684 Deum
2935 635 3139 698 patrem
3166 669 3181 693 ,
3215 627 3284 684 ab
3309 627 3428 697 ejus
3477 641 3538 682 se
3583 625 3788 682 unitate

2181 721 2550 786 discerneret;
2586 737 2760 792 neque
2807 736 2867 776 se
2920 720 2972 775 in
3007 721 3214 776 unitate
3261 720 3430 790 ipsius
3471 719 3787 786 collocans,

2183 814 2432 870 eumdem
2464 823 2643 870 tamen
2685 828 2848 868 unum
2875 820 2931 868 et
2953 812 3256 868 solitarium
3289 811 3634 882 proﬁteretur
3662 825 3678 864 :
3711 821 3790 865 ta-

2185 923 2308 962 men
2339 905 2498 962 etiam
2530 922 2594 961 ex
2625 906 2726 962 hoc
2748 904 2833 961 vel
2865 904 3099 959 maxime
3129 903 3449 974 intelligitur
3475 917 3790 958 sacramen-

2186 1009 2299 1056 tum
2321 1010 2374 1056 et
2396 998 2614 1054 unitatis
2631 1009 2686 1055 et
2708 998 2996 1054 nativitatis
3018 998 3350 1063 doceri,cum
3366 997 3459 1064 ait,
3484 997 3602 1069 Ego
3621 1006 3792 1050 autent

2188 1093 2350 1148 habeo
2373 1093 2714 1147 testimonium
2741 1093 2909 1164 majus
2933 1088 3157 1145 Joanne.
3191 1090 3362 1160 Opera
3390 1089 3524 1144 enim
3559 1105 3676 1160 qua
3703 1089 3796 1144 de-

2189 1187 2263 1240 dit
2287 1187 2413 1240 mihi
2443 1183 2601 1240 Pater
2629 1193 2682 1238 ut
2722 1184 2986 1252 perﬁciam
3016 1199 3096 1246 ea,
3141 1183 3254 1251 ipsa
3283 1197 3440 1254 opera
3468 1196 3582 1251 qua:
3622 1180 3790 1250 facio,

2191 1277 2530 1333 testimonium
2556 1275 2822 1348 perhibent
2848 1275 2909 1330 de
2942 1291 3039 1338 me,
3069 1275 3310 1344 quoniam
3334 1272 3497 1328 Pater
3519 1290 3600 1328 me
3627 1273 3791 1331 misit.

2192 1367 2261 1422 Et
2286 1370 2374 1440 qui
2397 1368 2531 1423 misit
2571 1385 2648 1422 me
2679 1365 2853 1433 Pater,
2888 1366 2996 1436 ipse
3023 1365 3318 1434 testiﬁcatus
3359 1374 3431 1419 est
3455 1366 3518 1417 de
3545 1381 3645 1418 me.
3681 1362 3796 1418 Ne-

2192 1481 2292 1535 que
2319 1479 2492 1518 uocem
2519 1463 2630 1531 eius
2657 1478 2897 1531 umquam
2923 1459 3140 1514 audistis
3165 1500 3180 1524 ,
3231 1475 3392 1530 neque
3417 1462 3642 1530 ﬁgurant
3679 1461 3794 1532 ejus

2195 1555 2422 1620 vidistis,
2469 1565 2513 1610 et
2545 1553 2748 1608 verbum
2772 1553 2886 1621 eius
2924 1568 3028 1605 non
3067 1550 3263 1606 [rubetis
3291 1551 3343 1604 in
3373 1549 3512 1605 vobis
3537 1567 3750 1606 manens
3776 1565 3796 1605 :

2197 1649 2436 1718 quoniam
2461 1663 2610 1714 quem
2632 1646 2770 1700 misit
2792 1644 2899 1710 ille,
2925 1644 3043 1698 huic
3066 1660 3152 1698 vos
3179 1659 3279 1697 non
3297 1643 3500 1696 creditis
3523 1641 3703 1714 (Joan.
3734 1658 3792 1710 v,

493 1754 594 1794 nus
634 1739 756 1794 ﬁdei
812 1738 1195 1794 ecclesiasticas
1248 1739 1466 1794 modum
1486 1781 1502 1806 ,
1559 1748 1617 1794 ut
1659 1749 1864 1810 patrem
1920 1741 2088 1796 Deum
2118 1743 2168 1804 B
2196 1741 2266 1797 56
2291 1751 2339 1796 et
2364 1738 2550 1811 seqq).
2587 1740 2798 1794 Patrem
2839 1747 3089 1793 testatum
3119 1750 3241 1792 esse
3261 1735 3330 1791 de
3357 1735 3493 1792 Filio
3521 1733 3798 1806 quomodo

494 1849 659 1889 unum
693 1834 1013 1904 praedicans,
1042 1848 1071 1886 a
1095 1843 1432 1888 sacramento
1454 1847 1512 1888 se
1540 1831 1632 1888 Dei
1681 1848 1787 1886 non
1815 1842 2093 1902 separaret

494 1927 656 1982 unius
679 1968 692 1992 ,
735 1926 861 1982 dum
892 1942 990 1998 per
1021 1937 1265 1981 naturam
1317 1924 1610 1981 nativitatis
1639 1941 1813 1994 neque
1842 1925 2004 1980 aliutn
2035 1939 2094 1981 se

496 2016 666 2074 Deum
697 2018 1038 2088 proﬁteretur
1067 2034 1209 2087 esse,
1247 2033 1422 2088 neque
1445 2018 1621 2088 ipsum
1648 2035 1661 2072 :
1689 2017 1810 2088 quia
1839 2033 1962 2074 eum
1992 2033 2094 2074 nec

497 2111 694 2168 diversi
721 2112 934 2180 generis
958 2111 1122 2168 Deum
1149 2126 1270 2166 esse
1303 2119 1490 2166 natura
1520 2111 1572 2165 in
1599 2125 1667 2166 eo
1690 2111 1846 2166 unius
1873 2110 1969 2165 Dei
2003 2125 2096 2181 pa-

499 2205 648 2274 titur,
681 2222 856 2278 neque
887 2206 1136 2262 nativitas
1179 2205 1416 2262 admittit
1460 2222 1565 2261 non
1597 2206 1891 2275 perfectum
1933 2205 2096 2277 272

498 2300 548 2355 ei
589 2314 710 2356 esse
753 2299 896 2370 quod
923 2299 1064 2354 ﬁlius
1084 2307 1188 2355 est.
1216 2297 1293 2352 Ita
1323 2313 1424 2352 nec
1464 2296 1782 2368 separabilis
1803 2311 1831 2349 a
1860 2297 1972 2352 Deo
2001 2311 2098 2367 po-

499 2401 606 2448 test
635 2407 774 2458 esse,
801 2407 975 2463 neque
1002 2392 1119 2462 ipse
1144 2400 1245 2447 est.
1275 2391 1379 2446 Per
1405 2391 1545 2461 quod
1597 2390 1671 2445 ita
1711 2405 1927 2445 onmem
1967 2405 2099 2446 scr-

499 2485 677 2539 monis
701 2485 785 2540 sui
815 2484 1264 2555 signiﬁcationem
1297 2491 1581 2553 temperat,
1623 2492 1680 2536 ut
1702 2481 1959 2552 quidquid
1985 2482 2098 2538 Deo

499 2579 638 2649 patri
667 2577 890 2634 honoris
916 2587 1306 2648 protestaretur
1326 2617 1342 2644 ,
1374 2575 1427 2631 id
1461 2574 1858 2631 modestissima
1880 2574 2097 2632 confes-

499 2672 654 2726 slonc
675 2669 835 2725 etiam
861 2669 961 2725 sibi
982 2668 1254 2739 proprium
1282 2683 1404 2724 esse
1421 2677 1766 2722 monstraret.
1791 2667 1926 2722 Cum
1956 2667 2098 2722 enim

499 2760 598 2830 ait,
631 2760 832 2817 Credite
861 2761 914 2815 in
951 2759 1150 2830 Deum,
1192 2771 1239 2815 et
1266 2761 1320 2814 in
1347 2778 1424 2815 me
1454 2759 1642 2816 credite
1667 2758 1847 2829 (Joan.
1882 2776 1990 2828 nv,
2023 2759 2097 2829 1),

501 2871 684 2927 quaero
717 2854 794 2928 (a)
843 2856 894 2909 in
927 2870 1032 2925 quo
1065 2869 1123 2910 se
1154 2854 1207 2909 in
1238 2865 1424 2908 natura
1472 2853 1824 2917 discreverit,
1857 2853 1948 2924 qui
1993 2869 2098 2909 non

501 2947 757 3004 discrevit
788 2948 840 3001 in
880 2946 1124 3003 honore?
1166 2947 1362 3003 Dicens
1387 2947 1530 3003 enim
1554 2989 1568 3014 ,
1601 2946 1668 3000 Et
1705 2949 1760 3001 in
1789 2964 1868 3002 me
1889 2948 2097 3014 credite,

502 3055 624 3095 cum
653 3039 899 3105 dixisset,
943 3037 1009 3093 Et
1054 3039 1106 3093 in
1137 3037 1303 3093 Deum
1344 3039 1532 3092 credite
1555 3054 1574 3093 :
1595 3054 1735 3094 anne
1762 3053 1856 3109 per
1879 3038 1932 3093 id
1958 3038 2101 3110 quod

503 3135 614 3201 ait,
647 3135 700 3188 in
727 3151 826 3199 me,
858 3149 962 3189 non
993 3143 1046 3190 et
1066 3148 1218 3188 suam
1250 3132 1567 3203 intelligitur
1595 3132 1926 3203 signiﬁcasse
1946 3142 2102 3188 natu-

505 3227 666 3282 ram?
697 3225 950 3282 Naturam
984 3226 1141 3296 plane
1181 3239 1408 3296 separa,
1457 3225 1500 3280 si
1546 3225 1707 3280 ﬁdem
1753 3239 1991 3295 separas.
2044 3224 2102 3281 Si

503 3319 802 3376 credidisse
824 3321 943 3374 sine
967 3318 1186 3374 Christo
1227 3319 1278 3372 in
1311 3318 1477 3374 Deum
1509 3318 1617 3373 vita
1646 3319 1738 3385 sit,
1764 3319 2036 3374 Christum
2071 3335 2100 3372 a

507 3411 603 3468 Dei
650 3419 704 3468 et
733 3411 954 3468 nomine
983 3419 1038 3468 et
1063 3412 1392 3482 proprietate
1437 3410 1651 3466 divelle.
1683 3411 1838 3480 Quod
1866 3411 1913 3468 si
1938 3413 2101 3467 vitam

505 3505 720 3576 perﬁcit
747 3505 968 3562 credere
998 3504 1076 3578 (ὁ)
1103 3505 1156 3560 in
1188 3504 1405 3562 Christo
1427 3519 1552 3572 eos,
1582 3506 1672 3576 qui
1701 3506 1753 3560 in
1786 3507 1954 3562 Deum
1985 3521 2104 3562 cre-

505 3597 655 3664 dant;
680 3598 828 3654 verbi
850 3598 1101 3654 virtutcm
1132 3597 1358 3668 diligens
1386 3596 1558 3652 lector
1579 3597 1869 3668 expendat,
1902 3596 2104 3653 Credite

504 3691 559 3747 in
586 3691 774 3760 Deum,
805 3701 854 3747 et
899 3693 951 3746 in
1003 3709 1082 3747 me
1119 3691 1328 3746 credite.
1359 3691 1494 3747 Cum
1519 3691 1661 3746 enim
1692 3692 1786 3756 ait,
1823 3689 2024 3747 Credite
2050 3694 2104 3746 in

504 3782 696 3854 Deum,
724 3796 772 3840 et
797 3785 849 3840 in
876 3802 956 3841 me
981 3785 1194 3854 credtte,
1221 3784 1413 3840 uniens
1433 3799 1492 3840 se
1522 3783 1643 3840 ﬁdei
1675 3785 1792 3850 Dei,
1824 3793 1878 3840 et
1899 3795 2104 3840 natura:

504 3880 621 3949 ejus
653 3878 843 3946 univit,
877 3878 957 3952 (ἓ)
987 3894 1109 3935 cum
1141 3887 1440 3934 memorato
1483 3879 1625 3945 Deo,
1668 3877 1721 3932 in
1765 3894 1924 3948 quem
1957 3878 2103 3934 credi

505 3983 800 4045 oporteret,
849 3984 904 4030 et
932 3975 982 4029 in
1023 3990 1083 4030 se
1109 3973 1356 4030 docuerit
1383 3987 1503 4029 csse
1529 3974 1855 4030 credendmn
1887 3993 1898 4028 :
1937 3975 2101 4030 Deum

504 4083 564 4124 se
597 4084 689 4138 per
714 4067 769 4124 id
796 4067 1016 4133 docens,
1049 4083 1170 4124 cum
1203 4067 1532 4124 credendum
1563 4068 1645 4140 (5)
1695 4069 1746 4123 in
1789 4085 1912 4124 eum
1939 4070 2009 4125 sit
2036 4071 2105 4127 ab

506 4159 632 4227 his.,
669 4162 760 4232 qui
795 4163 845 4215 in
875 4161 1045 4218 Deum
1069 4161 1314 4218 credant.
1345 4161 1697 4216 Occasionem
1723 4169 1900 4218 tamen
1931 4155 2107 4217 irreli-

503 4254 672 4324 gioszc
694 4253 906 4308 unionis
933 4253 1197 4309 exclusit:
1225 4253 1346 4324 quia
1372 4269 1493 4308 cum
1525 4254 1651 4308 etin
1681 4254 1873 4322 Deum,
1899 4255 2018 4310 etin
2047 4270 2106 4312 se

505 4343 832 4401 credendum
856 4345 1128 4415 professus
1146 4344 1236 4412 sit,
1270 4344 1430 4400 ﬁdem
1453 4343 1520 4400 de
1541 4359 1600 4399 se
1632 4343 1708 4415 (4)
1737 4345 1978 4402 solitario
1997 4363 2104 4405 non

507 4436 743 4507 reliquit.

2195 1849 2323 1890 vere
2354 1831 2686 1902 intelligitur,
2717 1847 2838 1886 eum
2871 1845 2970 1886 nec
2996 1828 3109 1900 ipse
3134 1829 3283 1884 visus
3305 1828 3394 1891 sit,
3420 1843 3519 1884 nec
3543 1844 3648 1882 vox
3674 1827 3796 1898 ejus

2195 1925 2376 1982 audita
2401 1927 2506 1981 sit?
2549 1925 2762 1981 Memini
2792 1923 3007 1994 quidem
3050 1923 3115 1978 de
3153 1922 3310 1980 caelis
3335 1922 3572 1977 auditam
3601 1936 3796 1978 vocem

2197 2020 2387 2086 fuisse,
2407 2018 2674 2074 dicentem
2703 2033 2716 2072 :
2740 2017 2835 2072 llic
2864 2025 2946 2072 est
2973 2015 3114 2072 ﬁlius
3139 2031 3292 2071 meus
3320 2015 3574 2081 dilectus,
3603 2014 3657 2070 in
3691 2030 3802 2086 quo

2199 2115 2282 2188 (5)
2311 2116 2384 2185 (c)
2429 2115 2568 2170 bene
2595 2113 2756 2186 273
2785 2110 3082 2181 complacui
3116 2127 3131 2164 :
3165 2111 3310 2165 hunc
3351 2110 3532 2166 audite
3576 2108 3800 2177 (Matth.

2198 2221 2278 2272 ιιι,
2312 2207 2417 2278 17).
2454 2207 2518 2260 Et
2543 2203 2813 2276 quomodo
2843 2219 2942 2258 vox
2976 2202 3075 2258 Dei
3120 2201 3304 2258 audita
3352 2216 3460 2256 non
3500 2209 3624 2268 εει,
3671 2215 3800 2256 cum

2199 2306 2440 2369 paternae
2469 2290 2630 2352 vocis-
2669 2294 3118 2366 signiﬁcationem
3171 2291 3252 2365 (6)
3302 2292 3354 2348 in
3395 2307 3457 2348 se
3485 2307 3590 2347 vox
3615 2293 3805 2348 audita

2201 2389 2514 2446 contineat?
2561 2389 2668 2445 Sed
2717 2389 2858 2444 forte
2901 2387 2956 2442 in
2985 2386 3340 2458 Jerosolymis
3366 2395 3646 2442 manentes
3690 2400 3806 2441 non

2199 2485 2506 2550 audierunt,
2539 2485 2662 2554 quia
2694 2482 2746 2537 in
2777 2481 3008 2537 desertis
3052 2480 3290 2536 Joannes
3346 2479 3494 2536 solus
3544 2478 3803 2535 audierit.

2201 2576 2561 2646 Quatreudum
2607 2591 2736 2647 ergo
2778 2575 2829 2631 in
2886 2573 3240 2643 Jerosolymis
3270 2572 3540 2643 quomodo
3572 2581 3810 2628 testatus

2203 2682 2286 2728 εει
2313 2672 2472 2728 Pater
2488 2671 2510 2726 ’ἶ
2559 2669 2676 2726 Non
2704 2670 2846 2725 enim
2876 2667 3187 2724 testimonio
3218 2667 3329 2737 jam
3361 2664 3586 2722 Joannis
3635 2666 3812 2722 utitur

2205 2786 2391 2826 vocem
2433 2785 2465 2825 e
2492 2769 2631 2824 caelo
2655 2766 2944 2832 audientis,
2975 2765 3070 2820 sed
3097 2762 3260 2820 habet
3286 2763 3652 2819 testimonium
3685 2776 3810 2817 ma-

2200 2862 2290 2933 jus
2321 2861 2528 2917 Joanne
2552 2902 2565 2926 ,
2611 2869 2666 2914 et
2709 2857 2853 2930 quod
2883 2859 2985 2913 hoc
3027 2865 3200 2922 esset,
3233 2855 3490 2910 continuo
3532 2853 3808 2924 subjecit:

2209 2956 2380 3025 Opera
2402 2955 2535 3008 enim
2565 2967 2679 3021 quae
2705 2951 2843 3005 dedit
2869 2948 2992 3002 milti
3021 2947 3182 3003 Pater
3207 2958 3260 3002 ut
3275 2947 3538 3018 perﬁciam
3562 2963 3644 3012 ea,
3683 2945 3809 3014 ipsa

2205 3064 2361 3118 opera
2384 3062 2498 3118 qua:
2522 3046 2678 3116 facio,
2712 3043 3056 3098 testimonium
3075 3041 3338 3113 perhibent
3359 3042 3421 3095 de
3439 3057 3536 3106 me,
3559 3040 3814 3111 quoniam

2125 3134 2172 3198 C
2211 3138 2364 3194 Pater
2386 3155 2467 3193 me
2490 3139 2642 3192 misit.
2669 3139 2916 3208 Agnosco
2939 3135 3233 3192 testimonii
3255 3135 3628 3190 auctoritatem
3660 3151 3674 3188 :
3706 3148 3815 3189 ne-

2207 3249 2312 3306 que
2341 3233 2484 3288 enim
2531 3233 2813 3302 quisquam
2844 3231 2947 3285 nisi
2977 3229 3145 3284 Filius
3183 3245 3214 3284 a
3256 3228 3415 3284 Patre
3457 3228 3657 3284 missus
3688 3227 3815 3284 haec

2206 3337 2413 3400 ageret.
2453 3328 2600 3398 Opus
2643 3341 2772 3397 ergo
2807 3341 2965 3380 suum
2997 3325 3360 3380 testimonium
3391 3335 3492 3380 est.
3537 3323 3642 3381 Sed
3674 3323 3815 3395 quid

2207 3421 2422 3477 tandem
2453 3419 2725 3490 sequitur?
2754 3419 2823 3473 Et
2868 3420 2958 3489 qui
2991 3435 3070 3474 me
3096 3419 3233 3473 misit
3265 3417 3446 3483 Pater,
3481 3418 3592 3488 ipse
3617 3416 3816 3486 testiﬁ-

2207 3524 2352 3568 cattts
2377 3524 2450 3568 est
2478 3513 2663 3568 dente.
2712 3509 2892 3580 Neque
2919 3527 3090 3565 vocem
3116 3513 3230 3584 ejus
3270 3527 3514 3581 umquam
3559 3508 3814 3579 audistis,

2207 3623 2366 3678 neque
2395 3607 2621 3677 ﬁgurant
2647 3606 2758 3676 ejus
2789 3604 3006 3668 vidistis,
3037 3615 3086 3658 et
3116 3603 3321 3658 uerbum
3347 3606 3460 3676 ejus
3487 3619 3588 3658 non
3608 3601 3819 3658 habetis

2207 3702 2260 3756 in
2283 3701 2420 3756 vobis
2463 3716 2696 3755 manens.
2746 3699 2910 3754 Extra
2937 3698 3142 3754 crimen
3175 3713 3303 3768 ergo
3333 3707 3459 3753 sunt
3496 3699 3819 3768 ignorantes

2211 3793 2575 3849 testimonium
2609 3791 2782 3846 Patris
2801 3833 2816 3858 ,
2863 3792 2954 3861 qui
2985 3790 3038 3845 iu
3067 3791 3151 3846 his
3180 3806 3469 3861 numquam
3499 3789 3715 3846 auditus
3745 3804 3820 3846 ac

2208 3889 2355 3942 visus
2381 3887 2473 3950 sit,
2497 3893 2551 3938 ct
2578 3885 2628 3938 in
2657 3883 2739 3938 his
2769 3899 2876 3937 non
2905 3891 3117 3938 maneat
3135 3883 3354 3939 verbum
3386 3882 3544 3952 ejus?
3571 3881 3677 3937 Sed
3700 3896 3819 3938 non

2208 3987 2334 4034 sunt
2381 3978 2480 4033 sub
2513 3977 2666 4032 venia
2697 3975 2955 4047 incogniti
2995 3976 3095 4032 sibi
3142 3975 3434 4031 testimonii
3465 3995 3478 4031 :
3505 3975 3627 4045 quia
3661 3975 3821 4030 testi-

2209 4070 2449 4125 monium
2495 4070 2562 4124 de
2590 4085 2649 4126 se
2694 4069 2869 4125 Patris
2899 4085 3122 4140 operum
3168 4083 3389 4124 suorum
3439 4065 3818 4122 testimonium

2210 4180 2331 4222 esse
2373 4165 2676 4235 proﬁtetur.
2705 4163 2880 4235 Opera
2913 4164 3075 4234 igitur
3101 4161 3168 4217 de
3200 4177 3264 4216 eo
3304 4169 3570 4216 testantur
3597 4158 3741 4230 quod
3787 4175 3820 4216 a

2210 4257 2368 4312 Patre
2397 4257 2468 4311 sit
2504 4255 2732 4320 missus;
2777 4255 2873 4310 sed
2913 4253 3017 4310 hoc
3055 4269 3278 4325 operum
3315 4252 3682 4308 testimonium
3712 4251 3822 4306 Pa-

2211 4350 2307 4404 tris
2328 4356 2428 4405 est.
2461 4349 2523 4403 Et
2553 4363 2674 4404 cum
2703 4349 2947 4418 operatio
2977 4347 3102 4403 Filii
3130 4346 3304 4402 Patris
3327 4347 3694 4403 testimonium
3718 4346 3820 4414 sit,

2209 4457 2328 4496 eam
2357 4455 2579 4497 necesse
2609 4450 2689 4497 est
2711 4441 2922 4511 operari
2945 4442 2996 4496 in
3024 4439 3240 4496 Christo
3264 4450 3508 4496 naturam
3533 4438 3614 4512 (τι)
3648 4439 3821 4496 intel-

576 4530 669 4588 20.
701 4530 859 4585 Pater
913 4531 976 4586 de
1021 4530 1164 4588 Filio
1201 4540 1413 4588 testatus
1462 4542 1509 4587 et
1557 4548 1660 4588 non
1705 4531 1914 4588 auditus
1959 4535 2104 4605 quid.
2138 4534 2481 4608 Dligendam
2508 4550 2650 4602 esse,
2683 4550 2956 4607 perquam
2982 4536 3133 4592 testis
3159 4544 3212 4590 et
3240 4533 3399 4590 Pater
3419 4531 3820 4602 est.Atqueita

579 4671 662 4743 (l)
687 4670 937 4743 Secerait.

577 4742 657 4816 (2)
686 4742 817 4816 Cum
843 4753 1260 4816 commemorato.

578 4813 660 4888 (3')
688 4813 755 4870 In
781 4831 843 4888 eo
867 4816 953 4888 sit.
973 4815 1064 4870 Sic
1097 4823 1253 4888 antea
1285 4813 1496 4888 dixerat
1517 4813 1788 4888 Hilarius,
1818 4816 2022 4888 credere
2051 4819 2105 4874 in

507 4885 732 4944 Christo.
779 4885 1008 4954 Exinde,
1037 4885 1323 4957 inreligiosi
1350 4886 1575 4951 unionis,
1609 4895 1668 4940 ut
1697 4888 1778 4941 vel
1820 4886 1946 4943 hinc
1975 4905 2104 4946 con-

506 4961 753 5016 ﬁrmetur
793 4957 1101 5028 conjectura
1129 4957 1431 5013 doctissimi
1462 4958 1687 5012 cditoris
1732 4958 2065 5015 Benedictini
2087 5005 2100 5026 ,

501 5029 828 5102 Suspicantis
854 5029 1172 5086 vocabulum
1203 5030 1406 5084 unionis
1447 5029 1728 5084 masculini
1757 5031 1975 5100 generis
2009 5032 2106 5088 Hi-

581 5168 655 5240 (a)
691 5167 910 5240 Aliquot
933 5165 1267 5240 recentiores
1297 5179 1429 5219 mss.
1473 5165 1527 5218 in
1553 5181 1652 5235 quo
1680 5180 1734 5219 se
1750 5175 1970 5240 natura.
1996 5167 2108 5240 So-

505 5236 940 5296 lus'c'odex'Vat.
969 5238 1084 5293 bas.
1149 5237 1203 5290 in
1241 5253 1341 5306 qua
1390 5251 1444 5289 se
1483 5247 1690 5290 natura.
1747 5236 2106 5294 Retinendum

504 5327 626 5366 cum
661 5310 781 5366 aliis
805 5311 858 5364 in
885 5325 1006 5378 quo,
1036 5308 1141 5364 hoc
1164 5314 1268 5371 est,
1299 5318 1582 5376 quatenus.

575 5382 655 5456 (ὁ)
686 5382 965 5456 Mallemus
990 5381 1044 5433 in
1073 5379 1356 5456 Christum,
1387 5379 1431 5432 si
1461 5395 1595 5456 mss.
1618 5379 1902 5456 accederet
1923 5389 2110 5436 aucto-

503 5449 658 5509 ritas'.
684 5451 923 5508 Subinde
956 5453 1006 5506 in
1036 5465 1138 5506 ms.
1168 5449 1286 5503 Vat.
1319 5450 1460 5518 bas.,
1490 5449 1757 5505 uerborum
1778 5452 2032 5506 virtutem.

579 5524 648 5597 (c)
677 5524 1019 5597 Golbertinus
1045 5522 1238 5597 cades,
1284 5522 1406 5597 bene
1436 5523 1632 5597 placui.
1661 5521 1876 5576 Nullum
1898 5523 2000 5597 _hi_c
2026 5525 2108 5578 in-

504 5592 845 5652 coriimodttm
872 5636 887 5659 ,
928 5593 1070 5665 quod
1102 5592 1264 5665 verba
1296 5592 1443 5665 hunc
1460 5593 1635 5665 audite
1655 5638 1669 5660 ,
1704 5610 1809 5649 non
1847 5593 1915 5649 ad
1943 5593 2108 5650 Joan-

505 5682 628 5723 nem
655 5669 708 5723 in
739 5664 1008 5734 desertis,
1051 5664 1147 5721 sed
1191 5664 1258 5719 ad
1286 5664 1579 5732 Apostolus
1621 5664 1674 5720 in
1726 5677 1910 5722 monte
1965 5667 2104 5722 facta

505 5737 654 5795 sint:
687 5753 809 5795 cum
833 5737 887 5793 in
915 5736 996 5793 his
1021 5779 1038 5808 ,
1084 5735 1185 5791 Hic
1211 5747 1286 5792 est
1320 5736 1462 5806 ﬁlius
1485 5751 1647 5804 meus,
1673 5737 1757 5794 vis
1799 5739 2102 5810 argumenti

2211 4675 2346 4734 lario
2371 4692 2511 4732 esse.
2537 4675 2795 4748 Ejusdem
2822 4675 3040 4748 generis
3067 4674 3166 4748 fuit
3192 4673 3242 4730 id
3267 4674 3500 4732 nominis
3521 4674 3665 4746 apud
3696 4690 3822 4731 om-

2209 4766 2327 4813 nes.
2360 4765 2482 4804 cum
2522 4745 2618 4818 pro
2644 4745 2923 4818 margarita
2949 4745 3248 4801 adhibitum
3275 4757 3380 4803 est.

2285 4820 2363 4894 (ι)
2399 4821 2453 4894 l_n
2487 4818 2748 4894 anteriori
2776 4828 2914 4887 erat,
2937 4818 3173 4872 solitarii.

2284 4891 2362 4960 (5)
2398 4891 2536 4946 Bene
2568 4891 2766 4961 placui.

2283 4963 2365 5038 (6)
2393 4963 2460 5018 In
2489 4980 2543 5018 se
2566 4964 2702 5033 ipsa.
2736 4962 2953 5028 Postea,
2983 4961 3279 5016 audierant.

2214 5166 2314 5223 sita
2335 5167 2423 5221 sit.
2445 5165 2550 5222 Sed
2578 5164 2772 5222 mirum
2800 5165 2892 5237 qui
2914 5177 3132 5224 sanctus
3154 5165 3354 5224 Doctor
3372 5169 3532 5224 verba
3549 5183 3578 5223 a
3604 5169 3817 5228 Joanne

2213 5237 2397 5293 audita
2428 5237 2524 5291 lib.
2557 5255 2630 5305 vi,
2660 5254 2715 5293 ιι.
2745 5237 2830 5306 l9,
2863 5239 3124 5307 proferat,
3158 5241 3229 5294 uti
3253 5255 3317 5296 ea
3339 5239 3597 5296 habemus
3622 5241 3818 5297 inVul-

2213 5319 2335 5380 gata
2379 5308 2566 5363 Matth.
2612 5325 2690 5370 ιιι,
2724 5311 2808 5374 l7,
2841 5310 2977 5364 libro
3007 5324 3185 5366 autem
3216 5327 3330 5380 vni,
3362 5328 3416 5367 ιι.
3459 5311 3551 5375 25,
3579 5322 3634 5366 et
3657 5314 3809 5380 alibi,

2214 5380 2392 5452 qualia
2420 5381 2552 5450 psal.
2578 5396 2638 5452 ιι,
2667 5382 2720 5448 7,
2764 5391 3006 5446 exstant,
3052 5399 3116 5438 ac
3174 5382 3386 5437 tandem
3424 5383 3511 5438 hic
3537 5383 3816 5452 utijaccnt

2215 5451 2404 5506 Matth.
2439 5467 2567 5515 xvu,
2598 5451 2650 5505 5.
2678 5453 2880 5506 Deinde
2913 5463 3147 5519 paterna:
3179 5453 3326 5509 vocis
3364 5451 3812 5520 signiﬁcationem

2214 5525 2268 5579 in
2297 5523 2475 5578 audita
2511 5539 2661 5590 voce,
2689 5539 2810 5593 quae
2853 5522 3046 5578 Filium
3075 5525 3500 5590 demonstrat-it,
3546 5526 3814 5581 contineri

2210 5594 2368 5668 docet
2398 5612 2412 5651 :
2443 5596 2566 5666 quia
2596 5593 2738 5650 ﬁlius
2759 5594 3050 5667 signiﬁcari
3072 5597 3275 5667 nequit,
3307 5597 3436 5668 quin
3463 5597 3623 5651 simul
3646 5598 3816 5668 signi-

2210 5666 2404 5737 ﬁcetur
2428 5678 2481 5721 et
2512 5676 2682 5737 pater.

2284 5736 2366 5810 (ά)
2392 5737 2451 5794 ln
2478 5736 2731 5796 Tractatu
2776 5737 2845 5796 de
2891 5739 3097 5796 unitate
3123 5737 3301 5796 Patris
3330 5748 3386 5797 ει
3419 5737 3574 5810 Filii,
3615 5739 3670 5796 in
3701 5753 3810 5812 quo
