4094 6180
262 262 353 319 297
1462 263 1549 318 DE
1588 260 1958 322 Tlthl'l‘ATE
2010 240 2211 323 uoca
2251 268 2343 324 ιχ.
3445 270 3553 328 298
3602 250 3605 253 ’

261 377 495 433 Christus
517 391 769 447 operans,
802 376 882 449 (a)
910 385 966 434 et
995 378 1049 434 in
1080 377 1199 450 ejus
1223 393 1390 446 onere
1419 380 1578 437 Pater
1606 392 1807 438 testans
1832 425 1846 447 ,
1877 388 1924 445 A
1961 385 2181 454 cipictis.
2218 358 2486 449 Quonwuo
2518 385 2723 456 potestis
2776 401 2861 441 vos
2905 384 3109 440 credere
3130 426 3145 453 ,
3184 385 3271 457 qui
3311 392 3557 441 honorem

262 469 337 543 (l)
378 468 739 525 ostenduntur
768 469 1145 541 inseparabilis
1191 471 1486 528 secundum
1518 473 1852 529 nativitatem

261 577 372 620 esse
398 570 641 629 natura};
695 578 820 620 cum
867 564 962 620 Dei
994 564 1062 620 de
1087 563 1303 622 Christo
1332 567 1697 623 testimonium
1725 609 1739 635 ,
1789 582 1853 623 ea

263 660 367 730 ipsa
391 656 595 714 Christi
616 672 739 714 esse
764 656 1102 730 signiﬁcetur
1136 659 1401 728 operatio.

325 747 415 804 2!.
446 748 625 804 Judtei
656 746 869 803 Patrem
899 766 1000 805 non
1030 750 1269 805 viderunt
1294 760 1385 806 aut
1406 752 1703 818 audierunt,
1735 752 1859 823 quia

265 839 459 897 Christo
504 857 612 898 non
647 842 997 898 crediderunt.
1038 842 1174 898 Hinc
1200 853 1389 899 natura
1426 846 1689 917 utriusque
1728 861 1855 899 una.

262 930 462 987 —Non
493 942 623 989 sunt
665 935 847 1005 itaque
890 942 1050 990 extra
1094 946 1305 991 reatum
1361 952 1469 992 non
1512 937 1712 1008 cogniti
1757 936 1857 992 sibi

269 1026 595 1093 testimonii;
619 1043 740 1083 cum
769 1043 908 1099 opus
931 1027 1132 1084 Christi
1162 1031 1535 1087 teStimonium
1566 1030 1636 1087 de
1660 1046 1728 1087 eo
1758 1030 1859 1086 Pa-

270 1122 356 1178 tris
378 1123 470 1177 sit.
497 1121 688 1194 Neque
716 1123 770 1178 in
800 1138 868 1179 eo
887 1166 902 1192 ,
936 1123 1078 1194 quod
1121 1126 1371 1181 testantis
1408 1141 1599 1181 vocem
1627 1140 1733 1181 non
1764 1140 1861 1182 au-

264 1216 488 1284 dierint,
513 1225 569 1271 et
597 1218 822 1287 ﬁguram
848 1231 954 1273 non
984 1217 1217 1274 viderint
1238 1260 1253 1287 ,
1279 1230 1330 1275 et
1356 1220 1575 1274 verbum
1605 1220 1721 1290 ejus
1749 1235 1861 1275 Ina-

265 1323 393 1363 nens
432 1324 543 1364 non
577 1308 903 1376 habuerint,
958 1310 1163 1366 idcirco
1218 1311 1337 1367 sine
1396 1310 1684 1367 testimonii
1730 1320 1859 1368 sunt

263 1403 611 1458 canscientia.
641 1402 723 1458 Ad
759 1403 809 1458 id
833 1404 979 1460 enim
1011 1402 1088 1476 (b)
1114 1404 1258 1475 quod
1288 1404 1489 1461 dictum
1519 1416 1600 1462 est
1628 1424 1641 1461 :
1679 1405 1862 1478 Nequa

266 1512 433 1551 vocem
458 1497 570 1566 eius
611 1496 867 1562 audistis,
910 1513 1070 1567 neque
1113 1498 1336 1571 ﬁgurant
1382 1500 1496 1569 ejus
1537 1500 1770 1566 vidistis,
1817 1508 1863 1554 et

265 1589 469 1644 verbum
497 1590 611 1659 ejus
641 1607 745 1645 non
775 1590 969 1645 habetis
998 1591 1053 1645 in
1082 1591 1221 1647 vobis
1260 1608 1472 1646 manens
1528 1589 1663 1662 (Job
1692 1607 1725 1644 v
1750 1634 1764 1659 ,
1793 1592 1861 1645 37

269 1691 318 1735 et
337 1682 467 1751 38);
492 1681 569 1754 (c)
599 1693 655 1738 ut
685 1698 807 1738 cum
850 1692 1076 1738 testatus
1101 1684 1168 1739 de
1188 1699 1253 1740 eo
1278 1679 1437 1739 Pater
1459 1684 1670 1749 luisset,
1704 1699 1863 1740 causa

270 1788 446 1833 tamen
491 1793 666 1847 neque
708 1778 858 1834 vocis
896 1778 1122 1843 audita},
1176 1793 1350 1849 neque
1380 1779 1511 1834 visae
1542 1780 1725 1850 ligurze
1750 1819 1767 1845 ,
1809 1789 1865 1834 et

1959 481 2023 534 ab
2054 480 2345 534 hominibus
2366 481 2595 551 accipitis
2622 523 2635 544 ,
2665 491 2713 534 et
2740 482 2981 536 honorem
3015 482 3153 545 ejus,
3186 482 3273 553 qui
3304 490 3379 536 est
3416 484 3555 537 solus

1958 570 2120 637 Deus,
2154 589 2256 627 non
2279 573 2507 644 qnwritis
2536 571 2697 645 (Ibid.
2727 573 2797 629 40
2827 583 2871 628 et
2892 571 3096 645 seqq)?
3129 574 3398 629 llonorem
3457 574 3558 629 im-

1966 666 2163 736 probat
2205 667 2483 721 hominum
2535 666 2699 738 :quia
2742 665 2915 722 honor
2945 667 3121 736 potius
3160 665 3483 737 qua-rendus
3529 682 3564 720 a

1961 758 2072 813 Deo
2104 768 2225 826 est,
2262 767 2316 814 et
2343 758 2638 814 inﬁdelium
2672 770 2754 814 est
2786 758 3046 815 honorem
3075 758 3143 815 ab
3176 761 3435 815 alterutro
3469 774 3561 815 ac-

1960 852 2167 923 cipere.
2204 851 2341 920 Quid
2371 852 2511 909 enim
2557 853 2718 908 homo
2747 852 2950 908 homini
2989 852 3213 907 honoris
3245 851 3560 923 impertiet?

1959 945 2247 1018 Cognitum
2277 947 2457 1018 itaque
2488 946 2592 1002 sibi
2621 946 2713 1012 ait,
2747 947 3095 1003 dilectionem
3126 946 3222 1002 Dei
3249 948 3302 1001 in
3340 945 3424 1002 his
3452 961 3563 1003 non

1962 1059 2083 1101 esse
2114 1055 2330 1100 :etnon
2364 1044 2633 1100 manentis
2653 1044 2706 1099 in
2733 1044 2817 1098 his
2848 1042 3153 1099 dilectionis
3182 1042 3277 1097 Dei
3297 1042 3437 1099 hanc
3466 1041 3566 1098 do-

1966 1145 2052 1192 cet
2080 1151 2327 1205 causam,
2360 1138 2482 1208 quia
2514 1152 2574 1192 se
2604 1136 2915 1193 venientem
2950 1136 3001 1189 iu
3042 1133 3259 1189 nomine
3285 1135 3455 1203 patris
3480 1133 3566 1188 sui

1968 1246 2075 1285 non
2105 1232 2396 1300 accipiunt.
2430 1229 2567 1298 Quid
2597 1244 2727 1299 rogo
2755 1237 2835 1284 est
2855 1271 2868 1295 ,
2904 1228 2955 1282 iu
2986 1228 3205 1282 mrnine
3233 1226 3408 1282 Patris
3444 1242 3570 1281 eum
3622 1300 3628 1307 _

1964 1323 2196 1378 venire?
2226 1321 2497 1393 Numquid
2529 1321 2709 1389 aliud,
2750 1337 2912 1392 quant
2959 1320 3010 1373 in
3043 1320 3259 1373 nomine
3292 1319 3423 1373 Dei?
3465 1321 3573 1373 Aut

1971 1416 2229 1486 numquid
2259 1432 2364 1470 non
2398 1414 2601 1470 ideirco
2630 1414 2680 1469 in
2705 1413 2790 1468 his
2818 1412 3035 1468 dilectio
3070 1411 3163 1465 Dei
3189 1426 3294 1466 non
3318 1420 3422 1477 est,
3446 1411 3573 1479 quia

1976 1522 2079 1560 non
2112 1515 2396 1576 susceptus
2426 1505 2495 1560 sit
2530 1506 2581 1560 in
2613 1507 2829 1560 nomine
2857 1505 2954 1559 Dei
2985 1503 3247 1558 veniens?
3278 1505 3384 1558 Aut
3411 1518 3570 1557 num-

1968 1598 2100 1668 quid
2130 1599 2182 1653 in
2211 1614 2270 1654 se
2294 1615 2399 1652 non
2422 1609 2477 1653 et
2507 1607 2751 1652 naturam
2779 1597 2870 1651 Dei
2903 1595 3317 1665 significaverat.
3342 1595 3569 1651 dicens:

1970 1689 2095 1745 Non
2122 1691 2274 1744 vultis
2297 1691 2469 1744 venire
2492 1690 2560 1743 ad
2593 1707 2691 1756 nte,
2719 1698 2773 1742 ut
2802 1689 2953 1741 vitam
2982 1688 3250 1742 habeatis?
3278 1687 3409 1743 Nam
3440 1697 3495 1743 et
3520 1686 3577 1743 in

1968 1783 2157 1839 eodem
2205 1785 2319 1855 ipse
2358 1799 2609 1840 sermone
2629 1785 2738 1854 jam
2773 1783 2982 1838 dixerat
3017 1799 3031 1836 :
3064 1784 3246 1849 Amen,
3279 1800 3427 1836 auten
3456 1783 3571 1836 dico

270 1869 414 1925 verbi
445 1870 497 1924 in
540 1870 625 1925 his
654 1886 761 1924 non
790 1872 1060 1926 manentis
1087 1881 1270 1942 posset
1301 1871 1563 1943 intelligi,
1606 1873 1864 1928 continuo
1894 1844 1940 1903 Β
1967 1875 2105 1930 vobis
2127 1918 2139 1939 ,
2172 1877 2414 1946 quoniam
2439 1877 2571 1929 venit
2602 1875 2754 1941 hora,
2785 1884 2832 1927 et
2868 1891 3001 1929 nunc
3035 1884 3105 1928 est
3124 1916 3137 1937 ,
3168 1876 3217 1927 in
3244 1890 3343 1944 qua
3364 1874 3577 1927 audient

270 1962 520 2033 subjecit,
548 1961 713 2035 274
739 1962 997 2030 Quoniam
1021 1980 1170 2032 quem
1203 1963 1337 2016 misit
1366 1962 1476 2029 ille,
1515 1963 1633 2017 huic
1654 1979 1741 2018 vos
1763 1980 1866 2017 non

269 2057 473 2112 creditis
495 2056 665 2123 (Ibid.
708 2054 802 2127 58)
832 2075 844 2110 :
869 2072 930 2112 se
957 2057 1195 2121 credito,
1229 2067 1284 2114 et
1308 2072 1496 2114 vocem
1525 2058 1619 2113 Dei
1646 2057 1869 2112 audien-

269 2149 406 2216 dam,
444 2158 501 2203 et
523 2148 746 2220 ﬁguram
776 2148 875 2205 Dei
899 2148 1201 2213 videndam,
1233 2159 1288 2205 et
1309 2150 1531 2205 verbum
1562 2148 1680 2219 ejus
1706 2149 1760 2203 in
1785 2148 1869 2203 his

272 2243 353 2312 qui
383 2241 680 2298 crederent
706 2241 888 2297 inesse
913 2239 1320 2309 demonstrans;
1353 2256 1475 2297 cum
1516 2256 1615 2311 per
1656 2248 1866 2296 natura:

271 2334 597 2391 nnitatemin
619 2348 680 2389 se
697 2334 857 2391 Pater
881 2344 936 2391 et
966 2334 1300 2405 loqueretur,
1319 2343 1377 2391 et
1396 2335 1690 2402 videretur,
1715 2334 1794 2405 (Α)
1815 2342 1874 2390 et

272 2425 582 2482 haberetur.
615 2425 883 2497 Numquid
918 2442 1023 2482 non
1064 2436 1122 2483 et
1167 2427 1383 2484 Patrem
1433 2427 1719 2499 signiﬁcat,
1749 2442 1871 2484 cum

274 2520 474 2575 missus
504 2518 573 2575 ab
606 2534 673 2575 eo
709 2521 830 2576 est?
869 2518 1141 2590 Numquid
1172 2535 1233 2576 se
1260 2536 1358 2591 per
1393 2521 1629 2592 aliquam
1665 2532 1874 2577 natura:

274 2613 637 2670 dilferentiam
681 2629 712 2669 a
741 2613 903 2670 Patre
941 2614 1235 2683 discernit,
1267 2630 1388 2672 cum
1429 2617 1503 2686 (ε)
1548 2616 1673 2672 hinc
1715 2616 1878 2673 Pater

276 2716 480 2765 testans
506 2708 578 2765 de
605 2724 671 2767 eo
693 2750 707 2775 ,
751 2725 928 2781 neque
956 2710 1172 2765 auditus
1195 2751 1212 2779 ,
1246 2725 1422 2780 neque
1450 2710 1597 2765 visus
1624 2710 1735 2777 sit,
1768 2724 1866 2767 nec

278 2802 590 2860 intellectus
611 2802 720 2870 sit,
748 2806 871 2873 quia
900 2803 1069 2859 misso
1090 2818 1117 2856 a
1151 2803 1312 2859 Patre
1341 2802 1441 2858 sibi
1473 2817 1582 2858 non
1605 2802 1869 2859 creditum

277 2897 379 2953 sit?
404 2895 530 2952 Non
553 2911 614 2952 se
643 2911 774 2967 ergo
797 2896 1105 2967 unigenitus
1132 2895 1277 2950 Deus
1304 2911 1332 2949 a
1357 2895 1469 2949 Deo
1498 2905 1711 2964 separat
1736 2935 1750 2959 ,
1778 2911 1871 2965 pa-

283 2998 413 3046 trem
429 2990 603 3046 Denm
616 2989 1000 3045 conﬁtenszsed
1016 3003 1110 3058 per
1121 2986 1569 3059 signiﬁcationem
1586 2987 1755 3058 patris
1772 2987 1881 3043 Deo

282 3095 431 3156 patre
453 3086 850 3149 demonstrato,
867 3097 927 3139 se
939 3097 1152 3153 quoque
1168 3081 1221 3136 in
1241 3081 1335 3137 Dei
1360 3080 1564 3136 honore
1579 3080 1880 3141 constituit.

348 3179 440 3233 ΞΩ.
480 3177 667 3233 Honor
695 3194 729 3232 α
753 3175 868 3232 Dea
894 3175 1225 3245 quwrendus.
1266 3173 1366 3228 Dei
1393 3174 1665 3229 dilectione
1707 3183 1880 3230 carent

286 3268 549 3327 Christum
570 3271 625 3324 in
664 3268 872 3325 nomine
899 3266 995 3323 Dei
1026 3285 1129 3323 non
1157 3268 1509 3339 suscipientes.
1538 3298 1611 3309 —
1641 3268 1884 3338 Namque

286 3364 338 3420 in
360 3365 468 3422 hoc
494 3365 611 3436 ipso
647 3362 947 3435 eodemque
971 3378 1247 3430 sermone,
1279 3364 1330 3418 in
1362 3368 1469 3434 quo
1498 3363 1751 3433 operibus
1773 3363 1887 3418 suis

290 3460 475 3517 testari
505 3474 561 3517 se
588 3459 768 3530 ipsum
796 3473 829 3513 a
856 3458 1019 3514 Patre
1047 3458 1271 3513 missum
1312 3472 1434 3514 esse
1462 3457 1657 3522 docet,
1686 3465 1742 3513 et
1781 3456 1886 3511 Pa-

289 3560 423 3609 trem
452 3560 742 3608 testantem
765 3550 908 3621 quod
936 3550 1006 3606 ab
1032 3566 1097 3606 eo
1123 3550 1321 3606 missus
1342 3550 1416 3605 sit
1439 3547 1725 3621 signiﬁcat,
1760 3565 1882 3605 cum

290 3645 550 3702 dixisset:
582 3646 649 3701 Et
678 3646 924 3700 honorent
965 3647 1078 3718 ejus
1100 3686 1116 3711 ,
1144 3644 1233 3713 qui
1261 3653 1333 3699 est
1373 3644 1515 3699 solus
1556 3643 1699 3698 Deus
1722 3686 1737 3711 ,
1781 3659 1886 3697 non

287 3742 516 3811 queritis
548 3740 725 3813 (Ibid.
756 3737 861 3811 Η)
890 3780 904 3802 ,
953 3737 1025 3811 (Ῑ)
1061 3754 1168 3794 non
1201 3747 1380 3794 tamen
1410 3737 1608 3794 dictum
1647 3737 1751 3794 hoc
1787 3753 1889 3792 nu-

287 3831 446 3897 dum,
475 3841 529 3888 et
557 3847 665 3888 non
696 3839 854 3887 antea
883 3831 949 3887 ad
979 3830 1199 3887 unitatis
1229 3830 1388 3886 ﬁdem
1416 3840 1771 3903 praeparatum
1802 3846 1891 3887 re-

290 3923 475 3994 liquit.
515 3924 775 3994 Snperius
819 3923 961 3979 enim
996 3923 1067 3978 ita
1096 3922 1171 3977 ait
1215 3940 1228 3975 :
1273 3921 1398 3977 Non
1426 3922 1579 3978 vultis
1621 3922 1792 3978 venire
1819 3921 1889 3977 ad

289 4032 401 4079 me,
434 4024 486 4069 ut
510 4016 665 4070 vitam
690 4013 938 4071 habeatis.
974 4011 1239 4069 Honorem
1259 4014 1322 4068 ab
1348 4014 1635 4069 hominibus
1670 4029 1884 4069 nonac-

287 4106 583 4178 cipu‘oned
618 4109 835 4182 cognovi
861 4124 979 4176 vos,
1016 4109 1259 4179 quoniam
1286 4109 1612 4164 dilectionem
1646 4107 1746 4164 Dei
1785 4126 1889 4165 non

292 4200 499 4258 habetis
524 4203 574 4257 in
598 4203 755 4259 vobis.
790 4202 905 4275 Ego
929 4204 1040 4258 veni
1070 4204 1123 4259 in
1146 4204 1350 4260 nomine
1373 4206 1533 4275 patris
1558 4205 1655 4261 mei
1677 4246 1693 4272 ,
1717 4214 1765 4259 et
1788 4222 1891 4260 non

291 4295 567 4365 accepistis
596 4311 677 4351 me
703 4312 717 4348 :
744 4296 789 4350 si
811 4296 943 4352 alius
970 4297 1161 4352 venerit
1185 4297 1240 4352 in
1273 4297 1477 4352 nomine
1498 4313 1613 4365 suo,
1645 4297 1791 4355 illum
1813 4313 1895 4353 re»

369 4410 398 4483 (
420 4408 462 4471 Ι)
493 4408 798 4465 Ostendam.

1908 3228 1954 3291 C

1965 1968 2154 2022 mortui
2175 1985 2340 2022 vacem
2355 1966 2739 2041 ﬁlii2750ei;
2760 1968 2905 2038 etqui
2918 1968 3193 2038 audierint,
3216 1968 3379 2022 vivent
3408 1965 3572 2037 (Ibid.

1968 2075 2021 2125 v,
2053 2057 2171 2131 55).
2201 2058 2336 2115 Cum
2369 2060 2423 2114 in
2456 2062 2673 2115 nomine
2698 2059 2875 2114 Patris
2905 2061 3087 2123 venit;
3122 2075 3298 2128 neque
3328 2057 3446 2128 ipse
3469 2058 3574 2113 Pa-

1970 2161 2053 2208 ter
2079 2161 2201 2220 est,
2235 2168 2333 2208 nec
2376 2161 2553 2207 tamen
2598 2166 2703 2207 non
2736 2149 2787 2205 in
2821 2167 2883 2206 ca
2931 2161 3011 2206 est
3043 2150 3345 2206 divinitatis
3376 2161 3568 2209 natura

1971 2260 2077 2319 qua
2105 2245 2266 2301 Pater
2291 2253 2376 2302 est
2413 2245 2576 2316 :quia
2614 2253 2663 2299 et
2695 2243 2831 2298 Filio
2863 2254 2909 2297 et
2939 2243 3051 2298 Deo
3078 2244 3350 2314 proprium
3398 2251 3483 2298 est
3525 2243 3579 2299 in

1974 2338 2193 2396 nomine
2249 2339 2346 2394 Dei
2400 2339 2567 2409 patris
2598 2338 2805 2393 venire.
2841 2337 3050 2394 Deinde
3102 2339 3447 2410 accipiendas
3498 2349 3584 2395 est

1973 2431 2112 2487 alius
2135 2433 2188 2486 in
2219 2430 2439 2486 nomine
2479 2430 2671 2486 eodem
2702 2431 2944 2486 veniens.
2995 2429 3101 2486 Sed
3145 2430 3231 2486 hic
3272 2431 3433 2487 homo
3457 2442 3539 2488 cst
3563 2475 3580 2499 ,

1976 2540 2008 2580 a
2034 2540 2141 2596 quo
2167 2524 2273 2579 sibi
2306 2522 2382 2595 (g)
2413 2523 2679 2579 honorem
2712 2523 2962 2579 homines
3001 2522 3331 2593 Sjtcrahunt,
3391 2534 3446 2581 et
3494 2526 3586 2581 cui

1977 2617 2239 2673 honorem
2269 2616 2500 2673 reddent
2528 2616 2802 2681 vicissim;
2838 2630 2960 2671 cum
3009 2626 3182 2670 tamen
3231 2632 3290 2671 se
3332 2616 3471 2672 idem
3525 2618 3580 2672 in

1978 2710 2197 2765 nomine
2230 2709 2402 2764 Patris
2430 2709 2642 2763 venisse
2666 2707 2834 2763 fallet.
2867 2706 2934 2761 Et
2965 2707 3051 2761 hic
3079 2707 3297 2777 quidem
3327 2707 3404 2780 (h)
3433 2710 3581 2763 ειηιί⁴

1979 2802 2238 2859 Christum
2293 2802 2583 2873 signiﬁcari
2647 2817 2751 2855 non
2805 2801 3094 2856 obscurum
3144 2812 3266 2866 est,
3298 2800 3582 2858 mendacio

1984 2895 2192 2966 paterni
2223 2894 2457 2949 nominis
2501 2893 2844 2965 gloriantem.
2898 2892 2966 2947 Et
3003 2907 3127 2947 cum
3160 2891 3302 2948 [nunc
3343 2894 3583 2949 honora—

1985 2990 2149 3052 bnnt,
2180 2996 2341 3059 atque
2369 2988 2438 3043 ab
2476 3002 2541 3043 eo
2594 2986 3004 3042 honorahuntur
3032 2984 3209 3057 (hunc
3260 2986 3401 3042 enim
3432 2989 3592 3058 Spiri-

1987 3085 2331 3155 tum_crt'0t‘is
2361 3084 2709 3154 excipient);
2742 3069 3006 3137 honorem
3038 3080 3154 3151 ejus
3192 3081 3281 3153 qui
3323 3092 3407 3138 est
3436 3085 3588 3139 solus

1987 3174 2129 3230 Deus
2160 3191 2264 3230 non
2298 3182 2562 3246 quaerent.

2060 3271 2152 3325 25.
2186 3268 2286 3325 Dei
2313 3280 2360 3324 et
2382 3269 2577 3325 Christi
2599 3268 2765 3323 honor
2789 3268 3168 3340 inseparabilis.
3200 3299 3270 3309 —
3288 3269 3441 3325 Anne
3463 3286 3588 3325 cum

1988 3363 2059 3419 ob
2087 3362 2193 3419 hoc
2218 3362 2569 3418 dilectionem
2623 3362 2717 3416 Dei
2747 3378 2866 3423 ~non
2903 3361 3139 3417 habeant
3168 3403 3182 3429 ,
3214 3362 3337 3433 quia
3372 3365 3592 3417 venien-

1992 3468 2099 3513 tem
2127 3472 2185 3513 se
2217 3457 2268 3511 in
2302 3457 2521 3512 nomine
2548 3454 2725 3511 Patris
2760 3452 3205 3525 non'acceperint
3227 3497 3239 3520 ,
3279 3466 3332 3510 et
3371 3471 3588 3512 rursum

1989 3550 2296 3605 venientem
2343 3549 2508 3602 alium
2540 3546 2593 3602 in
2624 3546 2815 3602 eodem
2862 3547 3079 3601 nomine
3126 3547 3489 3617 recipientes,
3534 3557 3590 3603 ct

1992 3644 2257 3700 honorem
2284 3643 2353 3699 ab
2381 3643 2642 3698 alterutro
2668 3640 2997 3710 accipientes
3017 3682 3031 3707 ,
3060 3640 3318 3696 honorem
3351 3640 3469 3710 ejus
3497 3640 3591 3710 qui

1993 3739 2141 3795 solus
2161 3736 2307 3793 Deus
2335 3744 2420 3791 est
2464 3750 2571 3790 non
2603 3732 2879 3804 requirant
2905 3774 2920 3799 ,
2952 3748 3206 3802 separare
3253 3747 3313 3788 se
3340 3731 3589 3789 Christus

1993 3832 2061 3889 ab
2098 3832 2305 3888 honore
2335 3824 2495 3885 unius
2542 3828 2634 3884 Dei
2667 3828 2867 3898 poterit
2910 3827 3173 3898 intelligi;
3218 3842 3340 3882 cum
3394 3826 3597 3883 idcirco

1994 3941 2101 3982 non
2152 3931 2427 3995 quaeratur
2456 3921 2633 3977 honor
2675 3920 2843 3976 solius
2876 3918 3008 3987 Dei,
3051 3919 3174 3990 quia
3222 3918 3594 3975 antichristqu

1997 4016 2346 4089 suscipiendo
2397 4031 2503 4070 non
2552 4015 2624 4070 sit
2668 4013 2759 4069 ille
2788 4012 3110 4083 susceptus?
3149 4010 3281 4067 Nam
3313 4011 3464 4083 cujus
3510 4028 3598 4068 re-

1994 4110 2270 4181 pudiatio,
2321 4107 2546 4163 honoris
2592 4105 2760 4161 solius
2796 4105 2890 4160 Dei
2934 4095 3322 4175 prmtermissio
3369 4118 3483 4172 est;
3541 4107 3597 4163 in

1998 4204 2157 4275 hujus
2186 4202 2393 4258 honore
2419 4214 2645 4256 necesse
2674 4207 2758 4255 est
2782 4197 3048 4254 honorem
3082 4197 3253 4255 solius
3299 4198 3394 4255 Dei
3437 4214 3559 4258 esse
3578 4245 3593 4270 ,

2002 4297 2057 4354 in
2085 4296 2240 4370 cujus
2284 4297 2330 4352 si
2356 4294 2703 4365 susceptione
2749 4292 3081 4349 mansissent
3100 4333 3116 4359 ,
3146 4291 3408 4351 honorem
3436 4295 3602 4352 solius

298 4499 393 4572 hic
435 4501 560 4557 liber
579 4502 694 4558 fere
721 4509 865 4556 totus
884 4501 1188 4572 exscriptus
1211 4511 1325 4567 est,
1356 4502 1741 4569 intelligendum
1771 4518 1899 4558 esse.
1928 4503 1985 4567 D
2081 4499 2159 4571 (ά)
2206 4496 2261 4553 ln
2307 4510 2409 4572 ius.
2439 4492 2628 4572 Colh.,
2658 4492 2814 4572 deest
2856 4504 2906 4549 et
2935 4492 3208 4572 {iuberetur
3238 4514 3257 4552 :
3285 4498 3437 4572 cujus
3486 4500 3604 4554 loco

296 4571 358 4627 In
386 4574 646 4646 ms.jVat.
677 4573 823 4646 ibas.,
846 4590 976 4630 ea...
1008 4565 1196 4627 natura
1230 4565 1585 4646 intelligenda.
1620 4574 1746 4629 llaec
1774 4574 1904 4628 abs-
1932 4565 1962 4567 ?
2014 4565 2155 4646 male
2184 4566 2481 4646 praeferunt
2523 4566 2637 4620 bas.
2683 4565 2800 4646 V’at.
2837 4581 2901 4620 ac
2938 4567 3147 4646 hiat-lin.
3176 4578 3298 4646 ,__ct‘
3315 4565 3599 4646 audiretur.

306 4659 431 4714 quc
476 4644 802 4701 obscuritate
834 4647 903 4700 ita
934 4645 1172 4716 legeris:
1202 4659 1320 4700 eam
1346 4644 1569 4700 necesse
1596 4656 1680 4701 est
1705 4646 1903 4700 intelli-

301 4731 498 4787 gamus
527 4727 771 4772 naturam
798 4715 1011 4787 operari
1038 4716 1089 4770 in
1120 4715 1354 4771 Christo.

380 4786 463 4861 (a)
491 4788 772 4861 Vetustio_r_
795 4786 897 4841 nis.
916 4786 1113 4861 _Cnlb.,
1146 4788 1267 4841 etin
1288 4788 1399 4855 ejus
1424 4803 1596 4861 aperti.
1629 4786 1763 4861 Tres
1784 4787 1904 4861 alii,

307 4871 360 4915 et
394 4858 501 4933 ejus
521 4874 699 4930 opera.
727 4859 848 4933 Max
875 4859 1149 4933 plerique,
1181 4872 1278 4933 pro
1306 4860 1684 4933 ostenduntur,
1707 4858 1911 4913 habent

306 4928 580 5057 astlcndunt
605 4948 624 4987 :
653 4931 745 4985 cui
790 4930 954 4986 verbo
984 4930 1038 4985 in
1084 4928 1191 4985 lib.
1222 4929 1292 4985 de
1322 4931 1460 4984 unit.
1496 4928 1779 5001 subjicitur
1815 4944 1912 4984 vo-

306 5017 377 5057 cu
405 5018 432 5056 ει
455 5019 526 5057 se.

303 5017 432 5059 cuta
455 5019 526 5058 se.

390 5071 464 5146 (b)
492 5075 748 5130 Erasmus
776 5085 979 5146 temere
1000 5071 1174 5146 hiede
1211 5085 1312 5146 suo
1342 5072 1545 5146 adjecit
1574 5072 1796 5127 verbum
1822 5087 1904 5128 re—

322 5142 510 5217 fertur,
540 5146 686 5217 quod
710 5155 893 5216 postea
916 5143 985 5199 ab
1014 5142 1144 5217 aliis
1161 5142 1457 5217 editoribus
1482 5155 1751 5217 retentum
1774 5153 1901 5217 est.,

312 5215 397 5272 At
424 5215 759 5288 perspicuum
789 5226 874 5273 est
893 5230 1052 5270 voces
1076 5215 1145 5268 ad
1166 5215 1561 5288 idreterendas
1585 5230 1705 5272 esse
1726 5215 1793 5271 ad
1818 5229 1905 5271 se-

319 5286 567 5357 quentes.
605 5298 733 5357 puta
763 5288 830 5343 ad
860 5288 1101 5341 continuo
1130 5286 1362 5356 subjecit.

402 5356 472 5431 (tt)
496 5356 633 5416 Editi
660 5403 677 5427 ,
710 5357 783 5431 Et,
823 5374 941 5413 cum
978 5367 1255 5412 testatus...
1299 5367 1353 5411 ut
1383 5375 1537 5431 causa
1562 5366 1730 5431 tamen
1755 5399 1771 5426 ,
1805 5357 1903 5412 Hi-

313 5427 713 5486 larii’oratioue
738 5430 966 5497 abrupta
988 5443 1208 5499 prorsus
1229 5440 1389 5499 atque
1400 5430 1644 5485 confusa.
1671 5429 1761 5484 Sic
1786 5444 1910 5487 Dos-

319 5446 450 5485 tarn
470 5446 713 5486 oratione
738 5446 966 5497 abrupta
988 5446 1208 5499 prorsus
1229 5446 1277 5482 at
1323 5446 1389 5487 ue
1400 5446 1644 5485 contusa.
1671 5446 1761 5484 mc
1786 5446 1910 5487 Dos-

319 5507 423 5573 {et
447 5506 548 5556 tota
580 5504 664 5558 illa
698 5500 916 5573 phrasis
950 5500 1189 5555 ordinari
1217 5517 1231 5553 :
1268 5446 1337 5555 lllt
1377 5518 1489 5554 cum
1530 5510 1747 5573 testatus
1769 5501 1832 5552 de
1854 5515 1910 5553 eo

321 5568 492 5625 Pater
510 5568 723 5644 fuisset,
751 5588 910 5644 causa
958 5580 1126 5644 tamen
1167 5588 1326 5644 neque
1362 5573 1500 5627 vocis
1533 5571 1748 5644 auditw,
1776 5582 1910 5636 etc.,

318 5653 498 5717 posset
510 5641 738 5717 intelligi
770 5659 791 5697 :
817 5642 887 5697 ad
914 5643 968 5696 id
991 5642 1125 5717 quod
1154 5641 1345 5717 dictum
1368 5653 1443 5717 est
1477 5641 1704 5717 :‘Neque
1741 5656 1912 5695 vocem

472 5712 840 5792 audistisletc.
870 5754 886 5779 ,
913 5715 1155 5792 continuo
1176 5715 1414 5792 _subjccit
1445 5730 1458 5769 :
1489 5713 1747 5784 Quoniam
1765 5727 1914 5785 quem

320 5781 472 5843 misit
494 5785 579 5844 ille
593 5827 608 5852 ,
635 5787 756 5841 huic
777 5801 865 5841 vos
887 5802 987 5840 non
1007 5786 1233 5841 creditis.

604 5881 887 5945 Parnm“
971 5880 1057 5941 X.

2014 4644 2165 4699 Sicut
2188 4636 2334 4694 enim
2363 4638 2652 4702 loqueretur
2672 4636 2738 4690 ad
2762 4652 2931 4691 vocent
2950 4640 3078 4709 ejus
3108 4639 3355 4699 audistis.
3386 4650 3436 4694 et
3463 4642 3605 4694 vide-

2014 4726 2155 4770 retur
2201 4710 2266 4764 ad
2315 4724 2474 4776 neque
2507 4709 2727 4778 ﬁguram
2751 4710 2865 4775 eius
2909 4708 3240 4762 vidistis:ita
3290 4710 3354 4764 ad
3402 4710 3606 4765 verbum

2021 4788 2133 4858 ejus
2155 4798 2255 4858 non
2282 4779 2478 4858 habetis
2504 4785 2704 4858 re_e_tms
2733 4778 2938 4858 releras
2957 4778 3257 4858 .huberetur.
3283 4781 3402 4858 illo;
3429 4780 3481 4835 in
3509 4797 3604 4837 eo.

2019 4848 2141 4912 dem
2176 4853 2297 4906 Val.
2326 4851 2441 4903 has.
2475 4848 2687 4920 codice,
2721 4848 2967 4920 numquid
2996 4850 3279 4915 sepurabile
3304 4852 3481 4920 aliqua
3509 4870 3608 4908 na-

2020 4939 2148 4982 turre
2173 4921 2475 4995 differentia
2500 4937 2519 4974 :
2552 4921 2606 4975 in
2637 4919 2853 4975 Martin.
2879 4920 3127 4988 numquid
3150 4919 3428 4992 separabili
3453 4941 3609 4995 quam

2011 5010 2227 5062 natura,
2260 5003 2368 5050 etc.

2084 5092 2155 5161 (ε)
2201 5087 2333 5142 Illud
2364 5084 2485 5138 hinc
2510 5064 2691 5161 aptius
2719 5081 3021 5161 cohaereret
3045 5083 3223 5161 verbis
3260 5103 3423 5161 neque
3455 5088 3611 5161 audi-

2014 5153 2101 5219 tus.
2118 5153 2147 5217 τ’
2161 5166 2286 5231 puta
2307 5194 2337 5235 ,ζ
2354 5172 2471 5210 cum
2502 5153 2659 5210 Pater
2687 5161 2877 5235 testans
2903 5154 2967 5209 de
2991 5170 3050 5210 eo
3077 5198 3090 5222 ,
3124 5157 3243 5235 hinc
3272 5153 3415 5235 “(seu
3451 5159 3607 5235 ideo)

2011 5228 2173 5306 neque
2214 5229 2421 5286 auditus
2450 5269 2468 5296 ,
2513 5243 2673 5298 neque
2715 5228 2892 5294 visus,
2946 5242 3111 5298 neque
3155 5228 3443 5286 intellectus
3491 5228 3607 5299 sit,

2009 5308 2154 5378 quia,
2186 5318 2294 5361 exc.
2667 5322 2671 5329 ι

2085 5396 2172 5470 (Ῑ)
2199 5395 2319 5449 Vat.
2343 5393 2457 5449 bas.
2485 5405 2587 5446 ms.
2612 5406 2714 5445 non
2739 5399 2908 5447 tamen
2929 5390 3256 5446 nesciendum
3278 5391 3376 5448 hoc
3397 5393 3608 5462 dictum,

2015 5480 2063 5525 et
2086 5485 2211 5532 non,
2239 5474 2343 5522 etc.
2358 5508 2371 5529 ,
2389 5471 2663 5533 corrupte.

2094 5557 2172 5631 (g)
2202 5557 2349 5627 Lips.
2382 5562 2439 5611 et
2462 5554 2610 5621 Par.,
2644 5553 2887 5608 honorem
2913 5553 3155 5609 hominis.

2048 5648 2172 5775 hqi)
2203 5648 2472 5706 Scribitur
2516 5647 2831 5703 constanter
2878 5646 2930 5702 in
2958 5647 3196 5719 antiquis
3239 5648 3393 5706 libris
3418 5692 3434 5721 ,
3474 5662 3615 5709 ante.

2086 5730 2286 5775 mlum.

2021 5730 2286 5779 christum.

2988 5872 3066 5933 10

3800 5692 3825 5711 ,1³
