4094 6180
458 246 566 306 299

1644 244 1889 308 SANCTI
1921 247 2174 312 HILARII
2215 249 2524 320 EPISCOPl

3663 266 3770 330 500

462 364 558 420 Dei
587 362 925 437 quaesissent.
952 361 1032 440 (a)
1061 362 1131 421 Et
1160 362 1248 420 hic
1272 360 1413 419 idem
1446 362 1560 434 ipsc
1580 379 1762 421 sermo
1780 358 1951 424 ‘testis
1976 378 2063 426 est
2089 373 2144 433 A
2168 383 2337 434 terna:
2356 386 2594 448 naturae,
2630 382 2792 438 unius
2819 382 2917 440 Dei
2950 381 3109 439 ﬁdem
3153 397 3263 440 non
3295 385 3611 442 convellens
3640 430 3654 455 ,
3690 389 3772 442 lo-

464 458 623 514 nobis
644 501 658 525 ,
686 459 741 513 in
773 457 927 529 cujus
949 456 1170 514 exordio
1195 456 1541 512 continetur:
1584 456 1654 512 Ut
1691 475 1865 515 omnes
1887 460 2056 515 Itono-

458 551 663 620 riﬁcent
685 549 908 617 Filium,
932 550 1066 605 sicut
1098 549 1443 619 Itonoriﬁcanl
1475 560 1691 619 patrem.
1728 551 1948 621 Quinon
1968 554 2062 608 Ito-

465 643 702 713 nori/icat
749 642 916 712 ﬁlium
968 658 1071 696 non
1104 640 1410 713 honori/ient
1459 640 1667 698 Patrem
1702 643 1790 715 qui
1824 644 1962 698 misit
1998 644 2063 699 il-

467 734 573 789 lum
604 733 785 810 (Joan.
818 750 874 801 v,
907 732 1025 806 25).
1057 733 1132 808 (b)
1158 733 1457 806 Numquam
1489 734 1593 791 nisi
1613 736 1877 791 naturalia
1917 752 2062 794 exat-

469 836 703 900 quantur
729 829 782 883 in
826 827 1035 883 honore
1060 846 1073 881 :
1107 844 1283 900 neque
1310 836 1619 899 exmquatus
1649 827 1822 884 honor
1844 836 2063 899 separat

465 921 831 977 honorandos.
866 919 1001 977 Cum
1040 930 1380 977 sacramento
1407 930 1585 977 tamen
1632 921 1928 977 nativitatis
1966 937 2060 993 po-

463 1014 632 1069 scitur
682 1013 903 1069 honoris
956 1013 1258 1085 :equalitas.
1292 1012 1366 1086 (ο)
1394 1012 1527 1070 Cum
1567 1013 1739 1070 Filius
1788 1014 1859 1070 ita
1888 1013 2061 1070 hono-

462 1108 660 1163 randus
685 1115 746 1163 ut
777 1108 936 1163 Pater
964 1108 1068 1175 sit,
1100 1117 1155 1163 et
1182 1121 1303 1163 cum
1324 1105 1463 1178 ejus,
1497 1107 1587 1179 qui
1611 1108 1759 1163 solus
1781 1115 1867 1164 est
1894 1107 2056 1175 Deus,

430 1258 435 1259 ,
462 1199 639 1256 honor
667 1215 774 1256 non
797 1199 1094 1271 qumritur;
1122 1213 1229 1255 non
1259 1208 1344 1255 est
1383 1208 1535 1256 extra
1566 1201 1735 1256 solius
1758 1200 1854 1255 Dei
1884 1201 2059 1255 hono-

462 1307 576 1348 rem
598 1333 612 1357 ,
645 1291 800 1362 cujus
833 1291 1005 1347 honor
1035 1290 1177 1346 idem
1204 1299 1367 1363 atque
1393 1306 1531 1347 unus
1562 1300 1617 1346 et
1642 1292 1740 1347 Dei
1780 1301 1865 1348 est
1892 1310 1905 1346 :
1934 1291 2062 1362 quia

465 1394 526 1442 ut
550 1400 658 1441 non
686 1384 1054 1442 honoriﬁcans
1092 1384 1285 1441 Filium
1307 1427 1320 1449 ,
1355 1401 1465 1442 non
1506 1384 1826 1442 honoriﬁcat
1866 1394 1921 1442 et
1952 1385 2059 1440 Pa-

461 1487 601 1534 trem
629 1476 859 1551 (Ibid);
892 1478 961 1533 ita
1001 1485 1056 1534 et
1092 1478 1261 1535 solius
1307 1477 1405 1533 Dei
1448 1478 1707 1533 honorem
1767 1493 1872 1533 non
1907 1494 2058 1548 qua:-

462 1586 626 1637 rens,
682 1585 789 1626 non
840 1570 1034 1641 quaerit
1088 1578 1145 1626 et
1194 1570 1411 1627 Christi.
1443 1569 1823 1640 Inseparabilis
1879 1569 2062 1642 itaque

459 1671 539 1716 est
564 1678 592 1714 a
624 1662 714 1716 Dei
746 1662 952 1718 honore
981 1661 1156 1717 honor
1182 1660 1403 1717 Christi.
1436 1661 1505 1716 Et
1531 1676 1691 1733 quam
1717 1677 1876 1730 unus,
1900 1672 2064 1734 atque

2164 469 2327 525 cavit.
2359 470 2736 545 Interrogatus
2763 478 2907 531 enim
2940 478 3012 532 ab
3037 478 3248 540 Scriba.
3276 479 3419 550 quod
3448 480 3501 535 in
3533 481 3651 552 lege
3682 498 3773 538 es-

2164 575 2247 621 set
2290 565 2591 638 principale
2639 571 2951 627 mandatum
2977 613 2995 641 ,
3017 573 3299 644 respondit
3329 591 3342 626 :
3371 574 3527 643 Audi,
3561 574 3732 631 Israel
3750 619 3766 642 ,

2167 656 2426 713 Dominus
2456 658 2541 733 (5)
2568 660 2711 717 Deus
2736 664 2814 738 (f)
2837 675 3012 721 noster
3034 665 3286 722 Dominus
3314 683 3449 724 unus
3472 679 3590 724 est:
3612 680 3660 724 et
3689 670 3775 725 dl-

2165 753 2290 825 liges
2310 753 2591 809 Dominum
2616 754 2788 812 Deum
2809 769 2955 813 tuum
2980 775 3044 815 ea:
3072 770 3178 815 toto
3199 763 3352 817 corde
3373 772 3482 829 tuo,
3503 773 3553 818 et
3579 781 3643 820 ea:
3666 775 3771 821 tota

2164 845 2339 899 animo
2363 854 2471 909 tua.
2496 857 2542 901 et
2569 863 2633 903 ea:
2656 850 2775 905 totis
2796 851 3076 908 uisceribus
3096 854 3195 907 tuis
3218 896 3233 919 ,
3274 863 3323 909 et
3367 871 3430 910 ea:
3458 865 3562 910 tota
3586 856 3771 913 virtute

2164 946 2277 995 tua.
2305 938 2427 994 Hoc
2443 950 2517 997 est
2542 943 2767 1011 primum
2788 946 3107 1002 mandatum.
3142 946 3441 1004 Secundum
3462 949 3633 1005 simile
3647 951 3727 1005 illi
3750 968 3771 1005 :

2164 1026 2365 1101 Diliges
2377 1033 2668 1100 proximum
2680 1044 2824 1089 tuum
2841 1045 3102 1107 tamquam
3138 1048 3184 1093 te
3195 1039 3387 1109 ipsum.
3406 1038 3583 1113 Majas
3595 1051 3771 1096 autem

2165 1119 2656 1179 horummandatum
2671 1137 2865 1182 nonest
2886 1126 3081 1203 (Marc.
3106 1146 3206 1198 xu,
3228 1130 3298 1188 29
3332 1142 3378 1187 et
3408 1134 3595 1205 seqq.).
3617 1134 3769 1190 Alie-

2164 1227 2325 1270 nasse
2353 1230 2412 1270 se
2436 1231 2468 1271 a
2496 1225 2683 1273 natura
2703 1226 2758 1275 et
2778 1220 3038 1291 religione
3073 1223 3226 1277 unius
3267 1223 3363 1279 Dei
3406 1225 3768 1294 existimatur,

2164 1320 2285 1361 cum
2301 1308 2612 1379 principalis
2629 1311 2865 1367 mandati
2881 1313 2995 1369 haec
3006 1315 3075 1370 sit
3090 1316 3354 1386 professio
3373 1335 3385 1370 :
3403 1318 3560 1386 Audi,
3580 1317 3769 1386 Israel,

2168 1397 2419 1455 Dominus
2446 1399 2587 1457 Deus
2613 1413 2782 1460 noster
2817 1404 3068 1463 Dominus
3093 1424 3226 1463 unus
3245 1418 3319 1464 est
3342 1424 3363 1464 :
3382 1409 3577 1467 deinde
3599 1408 3767 1484 (sup-

2166 1493 2270 1563 ple,
2297 1497 2452 1565 cum)
2483 1510 2552 1552 ne
2581 1496 2634 1552 in
2656 1503 3038 1570 consequentis
3058 1516 3117 1558 se
3142 1503 3356 1574 quidem
3380 1504 3617 1560 mandati
3641 1505 3772 1561 reli-

2167 1587 2328 1655 gione
2356 1589 2689 1656 constituat,
2719 1606 2843 1647 cum
2874 1592 2943 1648 ad
2989 1595 3216 1665 proximi
3267 1606 3368 1651 nos
3419 1594 3772 1653 dilectionem

2168 1678 2253 1736 lex
2278 1722 2293 1747 ,
2321 1681 2462 1737 sicut
2487 1683 2557 1739 ad
2590 1685 2749 1741 unius
2790 1686 2867 1760 (g)
2894 1687 3114 1744 Domini
3152 1688 3351 1758 ﬁdem,
3409 1699 3651 1747 vocaret.
3703 1692 3788 1762 Et,

460 1752 625 1827 276
645 1752 786 1808 idem
811 1752 1093 1824 utriusque
1119 1753 1189 1807 sit
1212 1796 1226 1821 ,
1254 1752 1414 1809 etiam
1438 1768 1503 1809 ex
1534 1769 1600 1808 eo
1627 1752 1807 1822 docet,
1835 1770 1958 1810 cum
1989 1754 2056 1808 ait

2170 1773 2384 1845 quidem
2410 1779 2694 1848 responsio
2718 1752 2924 1837 Scribae
2954 1798 3060 1838 non
3087 1793 3173 1840 est
3195 1752 3514 1858 negligenda
3534 1832 3547 1854 ,
3583 1788 3770 1846 dicen—

464 1847 709 1899 nuntiata
751 1844 853 1900 sibi
895 1844 1086 1899 Lazari
1114 1843 1430 1900 inﬁrmitate
1463 1864 1475 1900 :
1508 1841 1795 1915 Inﬁrmitas
1835 1845 1935 1900 ista
1964 1863 2065 1901 non

459 1945 534 1990 est
559 1952 716 2007 usque
740 1936 809 1989 ad
837 1945 1070 2000 mortem,
1099 1937 1189 1991 sed
1215 1952 1309 2008 pro
1338 1937 1505 2013 gloria
1532 1935 1629 1995 Dei
1668 1949 1780 2007 est,
1814 1948 1868 1991 ut
1897 1937 2065 1993 Itono-

455 2030 687 2100 riﬁcetur
710 2029 853 2099 ﬁlius
890 2027 987 2083 Dei
1014 2046 1104 2100 per
1126 2045 1242 2084 eum
1286 2028 1579 2102 (Joandn,
1607 2030 1690 2098 ἁ).
1738 2030 1845 2085 Pro
1892 2031 2065 2101 gloria

457 2123 555 2179 Dei
590 2125 826 2180 Lazarus
874 2124 1107 2181 moritur
1135 2166 1150 2191 ,
1193 2134 1250 2181 ut
1278 2125 1422 2181 ﬁlius
1473 2126 1567 2181 Dei
1598 2126 1932 2198 gloriﬁcetnr
1967 2142 2066 2199 per

456 2219 743 2277 Lazarum.
774 2220 1042 2297 Numquid
1065 2222 1378 2293 ambigitur,
1408 2220 1461 2276 in
1488 2221 1658 2293 gloria
1689 2222 1788 2279 ﬁlii
1814 2223 1909 2280 Dei
1939 2238 2064 2280 esse

456 2314 682 2385 gloriam
725 2315 854 2383 Dei;
903 2331 1025 2372 cum
1076 2331 1223 2372 mors
1270 2314 1493 2384 Lazari,
1525 2331 1646 2387 quae
1672 2316 1787 2372 Deo
1840 2316 1910 2372 sit
1951 2317 2068 2389 glo-

453 2407 620 2473 riosa,
652 2408 877 2478 gloriam
905 2409 977 2465 sit
1006 2407 1103 2464 Dei
1133 2407 1243 2463 ﬁlio
1266 2406 1344 2481 (l)
1375 2408 1608 2479 paritura
1640 2407 1758 2484 (d)?
1786 2410 1960 2482 Atque
1991 2412 2066 2467 ita

459 2509 517 2558 et
545 2502 808 2557 naturalis
832 2518 928 2574 per
957 2502 1289 2558 nativitatem
1313 2503 1490 2557 unitas
1510 2502 1608 2558 Dei
1633 2504 1800 2574 patris
1822 2505 1875 2558 in
1902 2504 2064 2561 Chri-

452 2602 539 2650 sto
564 2594 792 2651 docetur
817 2636 833 2662 ,
861 2610 984 2650 cum
1036 2593 1324 2649 inﬁrmitas
1372 2594 1561 2650 Lazari
1594 2611 1692 2667 pro
1738 2594 1834 2653 Dei
1881 2597 2055 2668 gloria

457 2696 541 2744 est
563 2704 578 2755 ;
604 2697 659 2744 et
686 2697 1088 2744 sacramentum
1120 2686 1245 2743 ﬁdei
1276 2688 1542 2744 retinetur
1563 2730 1579 2757 ,
1607 2704 1730 2746 cum
1759 2705 1858 2760 per
1895 2690 2066 2749 Laza-

453 2799 575 2840 rum
614 2783 1002 2856 gloriﬁcandus
1031 2791 1117 2839 est
1145 2782 1244 2839 Dei
1271 2784 1414 2838 ﬁlius
1448 2801 1461 2837 :
1495 2782 1578 2857 (2)
1619 2784 1732 2842 Deo
1780 2783 1852 2858 (e)
1886 2802 1982 2858 per
2009 2787 2066 2845 id

458 2875 554 2930 Dei
586 2875 698 2930 ﬁlio
725 2874 1078 2946 intelligendo
1096 2915 1111 2940 ,
1151 2889 1327 2944 neque
1356 2875 1427 2929 ita
1450 2873 1564 2931 Deo
1592 2875 1940 2946 intelligendo
1959 2919 1977 2947 ,
2000 2886 2062 2935 ut

462 2980 573 3021 non
598 2965 758 3020 etiam
787 2964 885 3020 Dei
912 2964 1021 3021 lilio
1048 2963 1360 3020 conﬁtendo
1385 2981 1401 3033 ;
1432 2980 1555 3021 cum
1578 2967 1935 3039 gloriﬁcando
1962 2986 2063 3042 per

451 3056 721 3113 Lazarum
748 3057 882 3123 Deo,
914 3057 1011 3112 Dei
1038 3058 1110 3112 sit
1137 3056 1278 3113 ﬁlius
1298 3057 1587 3129 gloriosus.

2172 1867 2241 1924 tis
2273 1885 2287 1922 :
2320 1869 2462 1927 Bene
2492 1872 2694 1941 dixisti,
2729 1876 2973 1948 magister
2997 1878 3049 1932 in
3078 1880 3311 1949 ueritate,
3357 1882 3496 1954 quod
3525 1880 3602 1956 (4)
3635 1900 3771 1939 unus

2168 1964 2237 2019 sit
2257 1963 2422 2030 Deus,
2447 1983 2541 2021 nec
2566 1977 2640 2023 est
2666 1968 2803 2024 alius
2829 1979 3013 2038 prater
3048 1972 3198 2031 illum
3228 1989 3248 2029 :
3276 1975 3351 2030 ita
3384 1976 3678 2049 diligendus
3709 1994 3774 2034 ea:

2171 2064 2277 2110 toto
2302 2056 2458 2112 corde
2483 2067 2533 2113 et
2562 2075 2625 2114 ea:
2651 2061 2773 2115 totis
2796 2062 2957 2134 277
2986 2063 3177 2118 viribus
3197 2074 3243 2119 et
3269 2082 3333 2120 ea:
3351 2076 3456 2121 tota
3476 2069 3652 2123 anima
3684 2084 3703 2123 :
3726 2079 3775 2125 et

2171 2148 2386 2221 diligere
2413 2152 2706 2220 proximum
2736 2164 2998 2226 tamquam
3033 2173 3087 2210 se
3121 2158 3312 2226 ipsum.
3344 2156 3462 2215 Hoc
3488 2161 3661 2227 maius
3696 2171 3773 2217 est

2171 2243 2411 2299 omnibus
2438 2244 2896 2302 holocaustomatis
2924 2258 2971 2303 et
3021 2250 3291 2319 sacriﬁciis
3321 2251 3525 2325 (Marc.
3556 2270 3633 2309 xu
3655 2298 3669 2321 ,
3701 2254 3773 2310 52

2170 2345 2226 2392 et
2252 2336 2367 2407 55).
2395 2338 2711 2408 Responsio
2730 2340 2940 2397 Scriba;
2963 2343 3179 2399 videtur
3211 2361 3331 2401 cum
3359 2347 3520 2403 dictis
3556 2346 3774 2406 Domini

2169 2430 2657 2514 convcuire,uni‘us
2677 2434 2772 2489 Dei
2788 2435 3108 2492 charitatem
3131 2438 3373 2494 intimam
3398 2440 3775 2514 internamque

2172 2521 2502 2591 proﬁtentis,
2533 2498 2620 2595 (ὢ
2664 2524 2759 2579 sed
2804 2526 2886 2598 (lt)
2931 2526 3277 2586 dilectionem
3323 2532 3550 2602 proximi
3579 2498 3773 2590 secuti;

2170 2612 2298 2669 dum
2350 2615 2591 2685 propriae
2633 2615 2950 2674 dilectionis
2998 2621 3284 2678 veritatem
3330 2623 3670 2693 pollicentis,
3720 2635 3780 2682 et

2170 2721 2336 2777 supra
2391 2706 2787 2765 sacriﬁcion
2834 2709 3292 2769 holocaustomata
3339 2717 3665 2773 charitatem
3715 2718 3773 2773 in

2171 2796 2342 2855 Deum
2374 2807 2535 2870 atque
2563 2800 2614 2854 in
2651 2800 2925 2858 hominem
2948 2818 3070 2861 esse
3090 2806 3462 2880 intelligentis.
3493 2808 3601 2866 Sed
3634 2809 3765 2885 quid

2171 2901 2453 2963 sequatur,
2484 2894 2774 2951 videndum
2799 2906 2903 2952 est.

2240 2983 2331 3043 25.
2377 2983 2483 3039 Hie
2505 3001 2609 3041 neu
2637 2986 2788 3058 longe
2810 2998 2844 3042 a
2867 3003 3030 3061 regno
3053 2986 3181 3058 Dei,
3212 2991 3337 3047 dum
3365 2993 3528 3049 tendit
3551 2995 3622 3050 ad
3647 2995 3778 3052 cha-

2167 3075 2392 3132 ritatem.
2415 3106 2490 3121 ---
2513 3077 2707 3135 Videas
2732 3089 2900 3136 autem
2925 3081 3083 3139 Jesus
3106 3086 3246 3155 quod
3271 3087 3531 3157 sapienter
3558 3104 3780 3161 respon-

524 3151 615 3206 24.
640 3150 878 3206 Christus
899 3150 969 3205 ibi
988 3167 1043 3206 se
1068 3149 1260 3219 Deum,
1288 3151 1374 3205 ubi
1394 3152 1602 3253 nonnisi
1627 3170 1789 3254 unum
1807 3172 1916 3212 esse
1936 3173 2055 3228 pra-
2084 3155 2132 3220 C
2163 3166 2323 3223 dimt
2342 3211 2357 3235 ,
2389 3168 2520 3225 dixit
2548 3170 2666 3227 illi:
2694 3171 2820 3227 Non
2848 3190 2901 3228 es
2928 3174 3076 3247 longe
3099 3149 3137 3230 ti
3157 3192 3319 3249 regno
3333 3149 3436 3234 Dei
3464 3179 3627 3253 (Ibid.
3642 3149 3776 3254 ξι).

454 3242 650 3311 ﬁtetur.
682 3241 828 3297 Deus
856 3259 1010 3296 unus.
1040 3241 1227 3297 Scriba
1248 3242 1544 3297 assentitur.
1573 3272 1645 3284 —
1679 3244 2059 3317 Inseparabilis

448 3341 793 3388 sacramento
818 3332 1018 3389 divinae
1048 3338 1256 3387 natura:
1285 3339 1371 3389 est
1394 3334 1627 3390 viventis
1649 3351 1681 3390 a
1706 3337 1923 3396 vivente
1950 3356 2054 3396 na-

452 3426 636 3481 tivitas
653 3466 669 3493 ,
701 3440 801 3482 nec
825 3424 1254 3481 demutationem
1280 3426 1498 3496 generis
1525 3429 1721 3500 accipit
1742 3429 1888 3487 ﬁlius
1912 3432 2048 3502 Dei,

449 3533 522 3575 ne
546 3533 654 3573 non
685 3517 740 3573 in
775 3532 842 3574 eo
871 3524 1111 3588 paterna:
1148 3525 1355 3573 natura:
1392 3518 1593 3574 veritas
1635 3530 1871 3579 maneat.
1917 3523 2051 3582 Nam

448 3621 505 3667 et
532 3609 614 3665 his
650 3610 782 3682 ipsis
828 3610 1352 3682 signiﬁcationibus,
1401 3611 1597 3683 quibus
1640 3614 1893 3675 confesso
1941 3636 2054 3677 uno

448 3716 657 3763 tantum
696 3706 841 3774 Deo,
897 3706 1201 3778 abnegasse
1239 3705 1293 3761 in
1326 3721 1385 3762 se
1411 3705 1507 3763 Dei
1542 3718 1791 3767 naturam
1839 3714 2053 3775 videtur

446 3799 550 3857 sub
575 3800 744 3857 solius
775 3798 1258 3867 demonstratione,
1291 3797 1347 3854 in
1377 3799 1584 3858 unitate
1618 3818 1680 3861 se
1729 3813 1912 3865 tamen
1955 3826 2057 3883 pa-

550 3966 573 4020 l
641 3962 917 4020 Paratum.
1649 3996 1658 4003 -

523 3963 605 4110 (Ξῖ
636 4035 1134 4111 Hunc_locum_it_a
1174 4033 1402 4111 eahibet
1428 4035 1619 4111 codex
1671 4036 2039 4111 Veronensis,

450 4103 625 4182 Deum.
670 4123 759 4182 per
785 4107 858 4182 id
898 4108 968 4182 in_
1006 4105 1104 4161 Dei
1155 4108 1268 4177 ﬁlio
1312 4107 1703 4182 intelligendo,
1743 4127 1906 4182 neque
1969 4103 2047 4170 ita

450 4177 622 4304 Det‘qm
667 4177 1032 4253 intelligendo,
1070 4187 1127 4232 ut
1166 4194 1273 4233 non
1314 4177 1498 4234 etiam’
1524 4178 1621 4235 Dei
1672 4177 1841 4252 ﬁlium
1879 4188 2049 4258 confi-

453 4258 533 4304 ten
575 4266 626 4304 ο.

522 4391 603 4463 (α)
626 4390 874 4463 Quinque
899 4388 1078 4457 proba:
1105 4399 1248 4443 notae
1274 4402 1408 4463 mss.
1441 4388 1533 4443 etsi
1564 4390 1827 4463 lucidam.

525 4459 606 4535 (ι)
636 4462 828 4517 Excusi
860 4500 874 4524 ,
904 4476 1177 4535 numquam
1210 4461 1347 4513 enim
1375 4468 1563 4513 natura
1588 4459 1883 4535 aligtg'l‘um
1909 4466 2046 4524 Bad.

454 4544 512 4591 ει
544 4531 659 4598 Eia,
689 4540 998 4604 extenuatur.
1026 4531 1373 4604 Castigantur
1394 4546 1458 4583 ex
1478 4545 1621 4604 _mss.
1643 4531 1905 4604 __ldipsnm
1939 4539 2057 4595 alio

457 4607 619 4661 modo
648 4604 727 4660 sic
756 4601 1073 4658 enuntiatur
1121 4602 1216 4673 lib.
1253 4617 1359 4666 xu,
1391 4618 1444 4654 n.
1476 4601 1509 4655 7
1559 4617 1580 4655 :
1629 4601 1931 4673 Numquam
1969 4611 2051 4664 di-

456 4681 666 4732 versitas
706 4690 876 4729 rerum
910 4673 1008 4726 nisi
1038 4681 1083 4727 et
1110 4673 1166 4726 in
1195 4671 1389 4727 honore
1417 4672 1618 4728 diverso
1649 4684 1723 4729 est
1750 4694 1769 4732 :
1790 4671 1881 4734 res
1910 4681 2051 4736 enim

454 4750 641 4804 ccedam
668 4744 1004 4801 venerationis
1035 4744 1265 4815 ejusdem
1292 4753 1412 4815 sunt
1434 4785 1447 4808 ,
1480 4753 1587 4800 etc.

529 4820 602 4893 (ε)
626 4819 760 4893 llaec
786 4812 1086 4893 sententia,
1121 4832 1237 4871 cum
1275 4812 1592 4893 _Filius_et_e_.
1644 4817 1815 4874 videri
1869 4831 2052 4893 potest

455 4887 749 4961 superioris
778 4887 1025 4961 probatio
1056 4899 1143 4942 :et
1177 4888 1400 4957 perinde
1439 4887 1507 4961 ab
1534 4888 1622 4941 illa
1649 4887 1894 4960 separari
1936 4911 2043 4950 non

455 4959 673 5033 debere.
700 4959 1191 5033 lnterpunctionem
1219 4968 1398 5014 tamen
1422 4959 1725 5033 vulgatam,
1749 4979 1854 5031 qua
1875 4979 2053 5033 copu-

454 5032 665 5106 labatur
691 5046 814 5087 cum
846 5030 1209 5106 praecedente,
1238 5037 1295 5084 ει
1314 5044 1341 5083 a
1371 5031 1734 5106 subsequente
1764 5030 2045 5106 disjttttge-

455 5105 613 5159 batur
635 5145 651 5169 ,
678 5102 992 5176 mutandam
1037 5100 1289 5157 duximus
1313 5141 1335 5176 ,_
1360 5116 1469 5176 quo
1499 5102 1675 5176 magis
1701 5100 2047 5176 perspectum

452 5177 523 5230 sit
554 5174 739 5231 llilarii
768 5182 1142 5244 argumentum
1190 5188 1260 5228 ει
1303 5171 1517 5229 duobus
1561 5171 1857 5244 scripturi
1909 5179 2054 5236 locis

450 5260 607 5302 acuto
625 5242 937 5302 collectum.
972 5242 1041 5297 Et
1059 5259 1131 5298 es
1153 5259 1262 5297 uno
1290 5244 1515 5312 quidem
1542 5242 1767 5302 conﬁcit
1794 5249 1970 5305 Patris
1991 5262 2058 5307 et

450 5313 573 5371 Filii
607 5319 864 5373 honorem
907 5329 1028 5370 esse
1075 5314 1516 5385 inseparabilem:
1551 5331 1615 5371 ex
1648 5320 1820 5374 altero
1857 5332 2042 5378 autem

448 5386 710 5445 honorem
738 5387 951 5453 utrique
975 5385 1214 5441 delatum
1249 5386 1638 5459 v_el_negatum.
1673 5390 1776 5445 soli
1811 5393 1921 5448 Deo
1946 5395 2042 5451 de-

447 5459 613 5530 latum
642 5474 763 5515 esse
801 5465 893 5513 aut
933 5467 1203 5530 negatum.
1249 5454 1405 5530 Unde
1443 5454 1690 5530 sequitur
1729 5461 1944 5521 Patrem
1984 5476 2040 5522 et

446 5528 643 5585 Filium
676 5546 840 5586 unum
869 5542 991 5586 esse
1025 5543 1089 5584 ac
1117 5528 1290 5584 solum
1323 5529 1492 5585 Deum
1514 5528 1536 5597 ζ
1558 5531 1683 5588 licet
1710 5549 1818 5589 non
1854 5537 2051 5592 solita--

444 5616 604 5655 rium.

522 5673 603 5797 (ά)
635 5672 691 5727 In
721 5671 817 5728 lib.
858 5669 927 5726 de
956 5670 1094 5752 unit.
1140 5670 1316 5759 Patris
1338 5678 1395 5728 et
1437 5667 1591 5738 Filii,
1637 5666 1927 5748 operatum.
1982 5678 2049 5738 in:

522 5770 524 5782 ι
552 5742 628 5797 ι›..
658 5742 871 5797 Germ..
897 5740 1137 5797 Marttn..
1171 5744 1335 5797 Lorb.
1363 5750 1496 5797 etc..
1529 5756 1799 5797 auratura.

446 5740 628 5811 Colb.,
658 5742 871 5810 Germ.,
897 5740 1137 5810 Martin.,
1171 5743 1335 5799 Corb.
1363 5750 1496 5813 etc.,
1529 5740 1799 5815 paratum.

2164 3260 2306 3329 Quid
2345 3262 2447 3321 sibi
2486 3263 2604 3319 vult
2642 3274 2752 3320 tam
2779 3266 3072 3324 moderata:
3101 3272 3473 3340 responsionis
3503 3273 3779 3344 professio

2167 3352 2418 3426 (supple,
2448 3355 2574 3428 ut),
2603 3371 2725 3413 eum
2757 3357 3033 3415 hominem
3064 3361 3132 3416 ad
3159 3363 3420 3420 caelorum
3450 3381 3676 3437 regnum
3709 3367 3777 3422 ﬁ-

2167 3445 2266 3505 des
2307 3447 2407 3503 ista
2446 3458 2820 3516 corisummet,
2861 3467 3025 3507 unum
3068 3453 3236 3510 Deum
3278 3457 3537 3526 credere,
3569 3469 3780 3518 etcum

2169 3546 2284 3595 tota
2332 3540 2508 3597 anima
2551 3550 2607 3598 et
2647 3544 2777 3599 totis
2800 3543 3008 3600 viribus
3043 3556 3100 3601 et
3135 3555 3249 3604 toto
3297 3549 3463 3606 corde
3511 3551 3779 3624 diligere,

2169 3633 2477 3703 proximum
2504 3650 2718 3706 quoque
2743 3636 2818 3691 ita
2849 3646 2908 3692 ut
2932 3652 2993 3694 se
3018 3636 3197 3709 ipsum
3223 3655 3428 3710 amaro,
3471 3643 3659 3702 Scriba
3687 3645 3781 3703 hic

2168 3740 2278 3781 non
2300 3726 2414 3796 jam
2442 3727 2498 3783 in
2528 3742 2697 3798 regno
2724 3727 2822 3786 Dei
2845 3729 2949 3797 sit,
2979 3731 3075 3788 sed
3101 3748 3208 3788 non
3240 3734 3401 3806 longe
3426 3750 3457 3791 ιι
3489 3752 3658 3810 regno
3680 3739 3781 3797 Dei

2168 3819 2281 3876 sit?
2320 3819 2440 3877 Alia
2470 3820 2612 3878 istud
2642 3822 3037 3895 signiﬁcatione
3062 3825 3265 3883 nudum
3296 3830 3655 3890 metientibus
3674 3875 3691 3903 ,
3723 3842 3784 3892 et

2160 3975 2310 4104 Μςὲ)
2337 3978 2482 4104 Deus
2505 3991 2643 4054 tuus,
2673 3991 2732 4041 et
2753 3984 2827 4042 ita
2854 3985 3013 4043 infra.
3044 3985 3275 4057 Deinde,
3292 3990 3506 4061 uiribus,
3533 4007 3645 4051 non
3668 3995 3777 4052 ris-

2301 4069 2331 4104 ιι
2366 4091 2381 4104 .

2301 4069 2381 4105 us.

2201 4120 2496 4206 “(tannus
2521 4135 2595 4180 est
2620 4125 2780 4206 Deus;
2810 4138 3016 4202 postea,
3045 4133 3163 4190 lotis
3188 4133 3484 4206 virtutibus;
3518 4146 3573 4195 et
3595 4136 3667 4193 ita
3690 4136 3776 4196 le-

2164 4193 2240 4261 git
2267 4193 2503 4257 inl‘erius,
2519 4213 2668 4254 num.
2694 4200 2786 4255 25.

2239 4262 2318 4336 (5)
2353 4265 2418 4320 Et
2443 4267 2795 4327 dilectionem.

2087 4402 2144 4467 D
2171 4400 2338 4494 “(fl
2358 4403 2444 4494 19,⁸
2455 4407 2689 4494 vulgatis
2711 4451 2725 4475 ,
2772 4414 3000 4494 perinde.
3035 4416 3103 4472 At
3134 4416 3185 4472 in
3205 4434 3348 4494 mss.
3376 4435 3475 4494 per
3500 4420 3558 4476 id
3585 4437 3606 4475 :
3630 4423 3777 4494 quod

2169 4478 2355 4554 magis
2384 4477 2740 4554 Hilarianum.
2763 4483 2977 4554 Deinde
3015 4489 3261 4544 nonnulli
3286 4477 3506 4546 codices
3528 4532 3541 4554 ,
3572 4494 3627 4546 in
3648 4477 3776 4550 'Dﬁei

2170 4546 2300 4632 ῃιξρ.
2333 4550 2549 4632 At-vero
2580 4552 2851 4632 has._Vat.
2893 4574 2904 4609 :
2941 4556 3104 4632 Deum
3126 4577 3215 4629 per
3241 4561 3374 4615 idin
3415 4562 3509 4616 Dei
3532 4546 3661 4632 'ﬁlio
3684 4546 3775 4620 in;

2167 4618 2480 4703 t'elligendo,
2513 4640 2673 4703 neque
2698 4625 2772 4703 ita
2806 4625 2969 4703 D_eunt
2990 4618 3360 4703 intelligendo,
3395 4643 3454 4688 ut
3477 4618 3580 4689 non
3618 4618 3778 4691 etiam

2131 4716 2139 4723 ο
2172 4687 2464 4766 Dei/ilium
2487 4687 2796 4755 conﬁtendo.
2828 4698 2943 4753 Etsi
2968 4702 3121 4766 dura,
3147 4687 3271 4757 v'era
3300 4687 3584 4760 tamen

2168 4776 2331 4847 quam
2362 4764 2680 4847 ιἰειίιιεριιιπ,
2707 4769 2929 4847 quaeita
2967 4764 3480 4847 planiorrel‘tlciet‘ur
3507 4794 3520 4830 :
3554 4777 3631 4832 Ex
3663 4796 3777 4847 quo

2177 4832 2367 4919 ςιιηλιι
2396 4834 2493 4919 Dei
2539 4837 2683 4919 ﬁlius
2727 4832 3110 4919 intelligendus
3157 4846 3229 4901 sit
3258 4832 3776 4919 Deuspueqne'ita

2173 4903 2559 5028 intelligendus
2591 4910 2730 4965 Deus
2749 4952 2767 4979 ,
2805 4920 2863 4967 ut
2884 4903 2988 4969 ιῖυιι
3012 4916 3175 4971 etiam
3207 4903 3548 4975 cottﬁtendus
3576 4903 3779 4978 sit—Dei

2197 4992 2208 5028 ι
2237 4991 2338 5028 ius.

2197 4991 2338 5030 lllllS.

2243 5070 2327 5140 (f)
2360 5070 2503 5154 Editi
2555 5073 2641 5128 hic
2686 5084 2743 5130 et
2791 5074 2939 5154 infra
2974 5093 3098 5134 cum
3152 5080 3427 5154 plerisque
3466 5098 3597 5139 mss.
3628 5083 3776 5154 Deus

2165 5149 2289 5201 tuus
2315 5157 2334 5194 :
2363 5143 2708 5213 corriguntur
2733 5149 3056 5205 auctoritate
3085 5143 3215 5207 uiss.
3263 5143 3448 5209 Germ.
3500 5167 3555 5210 et
3608 5153 3767 5211 Coll).

2164 5214 2545 5296 consentiente
2559 5231 2740 5284 graeco
2760 5217 2921 5273 Marci
2948 5231 3137 5296 textu:
3160 5238 3226 5278 ex
3246 5241 3357 5296 quo
3381 5225 3576 5282 deinde
3608 5243 3772 5296 repo-

2169 5283 2349 5367 nimus
2390 5281 2643 5339 Domitius
2672 5304 2839 5367 unus,
2873 5293 3146 5367 quomodo
3173 5281 3312 5350 infra
3347 5297 3547 5367 legitur
3569 5300 3622 5353 in
3652 5281 3777 5357 nlu-

2170 5354 2321 5409 ribus
2354 5371 2487 5437 mss.
2514 5372 2637 5412 cum
2661 5354 2949 5437 utrobique
2992 5365 3045 5419 in
3083 5366 3312 5437 vulgatis
3354 5354 3601 5426 obtineat
3629 5354 3776 5427 Deus

2170 5440 2308 5481 unus
2338 5442 2357 5479 :
2387 5435 2442 5481 et
2472 5428 2527 5482 iu
2552 5444 2654 5485 ms.
2681 5428 2901 5489 Mal-tiri.
2933 5443 3143 5492 tantum
3165 5428 3319 5493 unus.

2246 5517 2328 5592 (g)
2358 5495 2518 5588 liditi,
2554 5522 2624 5577 ad
2657 5526 2809 5581 unius
2848 5525 2948 5583 Del
2981 5529 3135 5598 ﬁdem
3167 5547 3186 5586 :
3216 5532 3607 5592 reluctantibus
3634 5551 3772 5595 mss.

2272 5611 2526 5684 [1)Editi,
2580 5624 2631 5671 et
2676 5616 3023 5676 dilectionem.
3077 5622 3422 5683 Praeferitnus
3467 5641 3589 5684 cum
3636 5642 3771 5683 mss.

2246 5610 2329 5736 (Ιι)
2358 5611 2526 5679 Ειῐῐιί,
2580 5624 2631 5671 et
2676 5616 3023 5676 dilectionem.
3052 5622 3422 5708 ,Ριιωιει-ἱιιιιιε
3467 5641 3589 5710 cum
3636 5642 3771 5683 mss.

2164 5678 2414 5772 gest
2436 5683 2622 5772 Germ.
2648 5687 2770 5772 sed,
2796 5706 2900 5761 qua
2928 5695 3189 5772 particula
3223 5706 3404 5769 aptius
3439 5696 3776 5772 signiﬁcatur

2167 5759 2372 5809 amoris
2403 5759 2686 5829 utriusque
2709 5759 3092 5834 discrepantia.
