4094 6180
306 265 407 325 ’501

1536 260 1627 322 DE
1664 262 2037 323 TRINITATE
2086 266 2293 324 LIBER
2331 264 2422 323 lX.

3501 263 3610 320 502

318 379 629 436 esurientem
685 376 986 444 alentibus,
1038 385 1092 432 et
1135 377 1404 435 sitientem
1455 379 1799 449 potantibus,
1849 390 1903 437 et
1929 392 1976 451 Α
2008 384 2137 452 ﬁlio,
2162 392 2225 440 ut
2245 382 2298 439 in
2327 381 2404 456 (f)
2428 381 2586 437 unius
2604 380 2819 436 Domini
2840 387 3181 436 sacramento
3201 388 3473 444 maneret,
3501 395 3607 435 non

318 481 564 544 agrotnm
606 470 951 525 visitantibus
973 510 988 535 ,
1030 479 1086 526 et
1126 469 1366 526 clausum
1396 485 1618 527 carcere
1647 472 1909 543 frequen-

320 565 542 621 tantibus
567 561 762 617 datur:
795 560 993 627 Venite,
1016 560 1268 617 benedicti
1299 564 1456 631 patris
1484 564 1586 617 mei
1606 605 1622 629 ,
1655 564 1913 635 possidete

317 665 653 729 praeparatum
674 653 812 708 vobis
832 668 1044 725 regnum
1066 669 1100 707 α
1120 654 1478 708 constitutione
1492 655 1668 709 mundi
1692 654 1909 727 (Matth.

315 764 433 812 xxv,
461 744 593 818 54).
624 744 726 802 Vel
759 745 864 800 illis
894 745 1088 815 quibus
1117 746 1232 800 lucc
1262 742 1343 817 (1)
1389 745 1640 816 pauperis
1670 746 1749 821 (α)
1796 748 1911 818 spi-

317 841 443 895 ritus
486 853 697 896 merces
743 847 861 893 est:
908 836 1058 891 Beati
1106 853 1358 908 pauperes
1400 839 1625 909 spiritu,
1670 840 1913 911 quoniam

316 934 536 1003 ipsorum
564 939 638 986 est
665 945 881 1004 regnum
908 930 1151 985 calorum
1182 929 1396 1001 (Matth.
1430 946 1479 997 v,
1509 930 1593 1003 3).
1629 929 1913 987 Perfectus

318 1026 396 1083 hic
421 1026 629 1082 fructus
655 1032 773 1092 est,
803 1034 857 1080 et
884 1024 1127 1080 absoluta
1158 1026 1431 1095 possessio
1462 1034 1547 1082 est
1568 1067 1585 1094 ,
1614 1036 1670 1084 et
1700 1042 1912 1100 praepa-

317 1121 407 1175 rati
438 1120 587 1191 regni
617 1134 723 1174 non
767 1119 968 1175 incerta
1014 1118 1231 1174 traditio
1272 1118 1483 1190 (Marc.
1542 1137 1604 1186 ι,
1637 1120 1762 1193 20).
1806 1122 1916 1179 Aut

318 1212 567 1285 numquid
598 1211 917 1268 adolescens
953 1213 1129 1267 minus
1157 1212 1361 1282 aliquid
1391 1212 1586 1269 horum
1616 1216 1914 1272 conﬁteba-

317 1303 432 1359 tur?
460 1302 596 1359 Nam
624 1311 898 1373 exaequata
926 1302 993 1358 ad
1022 1318 1269 1361 amorem
1293 1320 1447 1359 suum
1480 1305 1772 1363 dilectione
1792 1323 1916 1377 pro-

314 1399 439 1454 ximi
458 1440 475 1465 ,
515 1397 643 1467 quid
672 1397 739 1453 de
769 1396 895 1453 boni
925 1396 1109 1467 operis
1139 1399 1608 1455 consummatione
1640 1414 1745 1455 non
1786 1414 1914 1470 ege-

314 1493 429 1548 rat?
451 1490 723 1548 Interdum
751 1493 896 1547 enim
921 1491 1285 1563 indulgentem
1332 1491 1746 1566 ofﬁciosnmque
1770 1509 1914 1563 esse,

318 1599 419 1639 non
451 1582 704 1654 perfectae
730 1592 811 1639 est
842 1583 1122 1639 charitatis
1158 1601 1171 1637 :
1208 1583 1443 1653 perfecta
1470 1596 1650 1641 autem
1678 1587 1914 1643 cbaritas

317 1692 471 1734 omne
515 1676 591 1751 (b)
633 1676 896 1748 cujusque
936 1676 1081 1733 modi
1122 1677 1472 1750 indulgentiae
1518 1680 1759 1751 implevit
1792 1680 1915 1736 olli-

2013 479 2242 551 relinqui
2298 477 2619 542 videbatur;
2678 476 2923 532 Scribam
2979 474 3275 543 admonet,
3335 474 3608 546 quomodo

2010 569 2281 627 Christum
2313 569 2481 626 David
2514 568 2682 624 ﬁlium
2714 583 2837 626 esse
2862 568 3104 634 diceret,
3135 582 3258 624 cum
3290 568 3455 622 David
3484 583 3609 623 eum

2014 668 2302 723 Dominum
2331 680 2488 722 suum
2516 672 2665 721 esset
2693 663 3002 735 professus;
3029 675 3131 718 nec
3156 670 3347 717 natura
3375 664 3608 727 sineret,

2012 769 2071 817 ut
2095 760 2186 832 qni
2208 768 2356 815 tanto
2379 758 2695 830 patriarchae
2715 767 2859 814 esset
2883 756 3058 821 ﬁlius,
3082 764 3229 813 esset
3251 763 3304 812 et
3326 755 3608 811 Dominus.

2012 853 2129 910 Hoc
2154 853 2295 916 ideo,
2325 861 2386 908 ut
2410 850 2484 925 (g)
2508 866 2567 907 se
2595 850 2782 905 Scriba
2800 889 2817 917 ,
2846 847 3140 904 secundum
3168 861 3386 904 carnem
3410 854 3465 901 et
3492 860 3614 915 para

2011 956 2123 1002 tum
2150 946 2330 1002 Maria:
2354 961 2475 1018 qua:
2496 959 2561 1001 ex
2585 943 2751 999 David
2773 950 2916 999 esset
2934 943 3109 997 solum
3133 955 3254 998 eum
3283 940 3611 1010 intelligens,

2020 1040 2309 1096 Dominum
2338 1039 2536 1111 potius,
2569 1034 2866 1091 secundum
2894 1034 3153 1103 Spiritum
3181 1075 3194 1098 ,
3226 1032 3391 1089 David
3420 1031 3615 1087 memi.

2014 1134 2186 1189 uisset
2208 1146 2354 1198 esse,
2377 1145 2537 1201 quam
2560 1128 2761 1193 ﬁlium;
2784 1137 2839 1183 et
2861 1125 2915 1182 id
2934 1126 3077 1196 quod
3102 1125 3302 1181 dictum
3322 1134 3435 1180 est:
3458 1122 3615 1185 Audi,

2014 1225 2207 1291 Israel,
2247 1223 2501 1279 Dominus
2532 1220 2670 1275 Deus
2698 1230 2871 1274 noster
2901 1217 3155 1273 Dominus
3179 1233 3312 1271 unus
3332 1225 3405 1270 est
3423 1215 3619 1288 (Marc.

2014 1336 2123 1387 sn,
2152 1318 2261 1383 29)
2285 1359 2301 1386 ,
2332 1333 2363 1372 a
2396 1315 2605 1372 Domini
2636 1315 2796 1370 unius
2827 1320 3168 1369 sacramento
3196 1311 3468 1367 Christum
3511 1324 3618 1364 non

2012 1418 2321 1482 separaret,
2352 1424 2477 1465 cum
2498 1415 2680 1463 tantus
2704 1404 3008 1477 patriarcha
3044 1411 3102 1459 et
3136 1403 3428 1475 praphetes
3450 1416 3573 1457 eum
3597 1440 3612 1467 ,

2016 1503 2108 1574 qui
2135 1517 2202 1559 ex
2231 1510 2387 1557 utero
2418 1498 2632 1554 Domini
2664 1505 2795 1552 ante
2819 1495 3103 1551 luciferum
3142 1494 3357 1566 genitus
3396 1490 3581 1547 fuisset
3603 1533 3617 1557 ,

2021 1596 2307 1652 Dominum
2335 1592 2437 1649 sibi
2470 1590 2848 1662 proﬁteretur:
2879 1603 2985 1642 non
3015 1587 3202 1657 utique
3228 1586 3515 1641 immemor
3543 1584 3623 1639 le.

2020 1689 2139 1760 gis,
2186 1702 2359 1757 neque
2400 1685 2657 1756 ignorans
2697 1682 2987 1737 Dominum
3026 1679 3192 1734 alium
3220 1692 3329 1733 non
3361 1677 3625 1733 conﬁten-

317 1771 476 1837 cium,
516 1786 640 1826 cum
690 1785 796 1827 non
854 1769 1136 1841 reliquerit
1176 1771 1316 1841 quod
1352 1772 1507 1828 alteri
1548 1773 1785 1843 debeat,
1827 1773 1919 1845 qui
1949 1777 1998 1839 B
2025 1780 2189 1845 dum,
2218 1777 2314 1833 sed
2341 1792 2463 1833 eum
2483 1818 2499 1843 ,
2529 1776 2623 1847 qui
2652 1772 2913 1829 naturalis
2940 1780 3288 1827 sacramento
3321 1768 3621 1824 nativitatis

319 1876 520 1921 tantum
549 1866 709 1921 alteri
735 1875 995 1937 quantum
1036 1865 1138 1921 sibi
1181 1866 1390 1923 reddat.
1435 1867 1544 1924 Sed
1586 1869 1919 1940 ignoratione

316 1961 677 2017 consummati
718 1961 1039 2016 sacramenti
1066 1959 1345 2016 detentum
1387 1961 1654 2029 Scribam,
1690 1960 1770 2034 (3)
1797 1977 1923 2033 pro-

318 2051 607 2110 fessionem
640 2052 709 2125 (c)
739 2052 862 2107 ﬁdei
892 2052 1150 2109 Dominus
1175 2053 1521 2121 collaudatis,
1549 2064 1606 2111 et
1632 2070 1739 2111 non
1766 2056 1924 2127 longe

318 2164 435 2206 eum
466 2163 500 2205 a
532 2148 628 2203 Dei
661 2162 830 2216 regno
855 2162 978 2202 esse
1006 2147 1341 2217 respondens
1364 2188 1379 2215 ,
1428 2163 1535 2203 non
1577 2155 1757 2204 tamen
1798 2164 1923 2204 eum

319 2244 365 2298 in
406 2244 525 2313 ipsa
563 2241 677 2311 jam
715 2240 891 2297 beata:
930 2240 1044 2311 spei
1077 2240 1427 2311 possessione
1448 2239 1750 2297 consumit.
1784 2240 1926 2298 Ten-

316 2334 481 2392 debat
527 2333 672 2389 enitn
702 2332 785 2405 (d)
818 2333 962 2389 felici
987 2348 1148 2388 cursu
1170 2375 1185 2400 ,
1215 2334 1315 2387 etsi
1347 2332 1617 2403 ignoranti
1639 2372 1656 2400 ,
1687 2341 1744 2390 et
1780 2348 1925 2404 prte-

318 2426 425 2483 lata
476 2425 729 2481 omnibus
778 2424 1070 2480 dilectione
1116 2425 1251 2492 Dei,
1295 2433 1351 2482 et
1386 2425 1655 2481 charitate
1696 2424 1927 2496 proximi

318 2535 422 2577 sue
458 2518 633 2591 ipsius
669 2517 947 2573 dilectioni
987 2527 1287 2587 exaequata.
1332 2516 1466 2573 Cum
1514 2527 1693 2573 tamen
1737 2518 1785 2574 ei
1828 2516 1928 2586 ipsi

319 2612 559 2683 proximi
580 2609 832 2666 charitati
858 2624 1097 2666 amorem
1128 2610 1221 2665 Dei
1252 2611 1603 2681 praetulisset,
1626 2612 1737 2683 jam
1764 2612 1931 2684 278

318 2720 417 2759 non
483 2703 1006 2759 bolocaustomatum
1059 2710 1115 2759 et
1157 2702 1547 2760 sacriﬁciorum
1601 2705 1931 2775 praescriptis

319 2796 721 2852 continebatur.
754 2794 871 2855 Non
901 2802 1018 2850 erat
1046 2794 1202 2866 longe
1233 2795 1369 2850 istud
1397 2796 1466 2853 ab
1493 2796 1805 2867 evangelico
1844 2810 1932 2851 sa.

320 2905 540 2947 cramcn
548 2898 623 2944 ιι).

384 2983 487 3041 26.
521 2979 778 3036 Nondum
807 2989 882 3036 est
908 2981 961 3035 in
990 2989 1148 3053 regno
1178 2976 1314 3046 Dei,
1344 2980 1464 3050 quia
1494 2979 1721 3035 nondum
1747 2980 1801 3034 in
1831 2980 1935 3050 ﬁde

322 3074 662 3133 CbriuiDci.
691 3074 854 3131 —Et
878 3089 976 3130 cur
1003 3090 1111 3130 non
1166 3074 1323 3145 longe
1374 3089 1406 3128 a
1454 3073 1550 3128 Dei
1600 3089 1768 3145 regno
1822 3074 1930 3141 sit,

2022 1890 2089 1931 ex
2110 1871 2469 1943 incorporalis
2505 1871 2599 1926 Dei
2623 1877 2779 1925 utero
2797 1865 3127 1923 substitisset
3144 1909 3158 1927 ,
3185 1863 3393 1934 absque
3409 1862 3628 1917 violata:

2022 1964 2161 2036 legis
2187 1963 2292 2021 ﬁde
2318 1962 2605 2019 Dominum
2635 1974 2756 2017 esse
2784 1956 3220 2029 intelligendum;
3248 1969 3372 2012 cum
3398 1968 3537 2009 unus
3562 1968 3632 2009 ex

2027 2046 2152 2125 uno,
2183 2073 2282 2129 per
2306 2055 2466 2111 unius
2493 2053 2707 2109 Domini
2735 2059 3018 2117 naturam,
3051 2048 3277 2105 haberet
3303 2047 3358 2102 in
3385 2059 3445 2103 se
3474 2055 3631 2101 natu-

2025 2150 2141 2207 rale
2167 2147 2311 2220 quod
2339 2146 2599 2203 Bantinos
2625 2155 2729 2200 est.

2096 2242 2190 2295 27.
2224 2237 2505 2309 Epilogus.
2527 2265 2600 2279 --
2623 2235 2759 2305 Quis
2784 2243 2917 2307 ago
2943 2241 3027 2290 est
3057 2232 3137 2302 (5)
3162 2232 3272 2304 jam
3301 2246 3446 2288 nunc
3472 2231 3636 2286 relin

2031 2342 2119 2390 tus
2144 2332 2451 2403 ambigendi
2484 2330 2675 2387 locus?
2702 2329 2966 2384 Dominus
2993 2328 3111 2398 ipse
3138 2326 3467 2397 praecipuum
3488 2340 3642 2380 man-

2029 2427 2215 2481 datum
2240 2424 2376 2494 legis
2398 2424 2449 2479 in
2477 2422 2635 2479 unius
2656 2421 2871 2477 Domini
2894 2419 3239 2477 confessione
3260 2435 3329 2475 ac
3349 2418 3643 2475 dilectione

2031 2518 2237 2575 docens
2277 2530 2433 2583 esse,
2476 2531 2586 2570 non
2625 2529 2727 2570 suo
2766 2514 2833 2568 ad
2859 2514 3027 2587 2⁸19
3046 2513 3326 2578 Scribam,
3367 2511 3463 2568 sed
3504 2511 3641 2566 Pro-

2034 2612 2212 2682 phetas
2238 2609 2551 2665 testimonio
2572 2622 2702 2687 usus
2728 2616 2813 2664 est
2833 2648 2849 2673 ,
2875 2621 3000 2663 esse
3022 2621 3083 2661 se
3101 2606 3391 2662 Dominum
3414 2623 3429 2660 :
3457 2603 3647 2661 Domi-

2034 2720 2163 2760 num
2190 2719 2248 2762 se
2278 2714 2455 2758 tamen
2485 2715 2707 2772 semper
2746 2716 2843 2771 per
2883 2699 2972 2767 id,
3011 2698 3157 2771 quod
3197 2697 3301 2753 Dei
3339 2697 3480 2752 ﬁlius
3519 2706 3637 2765 est,

2035 2811 2163 2854 esse
2183 2797 2516 2867 significans.
2544 2795 2649 2850 Per
2672 2793 2725 2849 id
2751 2794 2895 2848 enim
2922 2793 2975 2847 in
3004 2802 3351 2848 sacramento
3366 2791 3462 2847 Dei
3487 2791 3648 2846 unius

2037 2906 2134 2960 per
2174 2888 2517 2944 nativitatem
2555 2895 2776 2957 manet,
2805 2887 2933 2958 quia
2956 2886 3052 2943 Dei
3083 2886 3139 2941 in
3164 2901 3224 2942 se
3256 2895 3503 2941 naturam
3545 2885 3642 2941 Dei

2038 2982 2301 3038 nativitas-
2322 2989 2539 3046 tenens,
2566 2980 2621 3035 in
2644 2980 2816 3035 Deum
2844 2980 3077 3035 alterum
3102 2976 3549 3049 non(4)excedat
3568 2979 3651 3035 dl-

2038 3076 2301 3133 versitztte
2337 3084 2576 3140 naturae;
2618 3074 2913 3136 et,veritas
2950 3073 3319 3145 generationis
3358 3088 3459 3129 nec
3499 3072 3650 3129 Patri

328 3169 391 3241 (c)
415 3183 589 3240 quam
615 3168 827 3223 futurus
849 3167 1017 3238 magis
1040 3168 1092 3222 in
1126 3167 1219 3221 Dei
1251 3180 1418 3237 regno
1436 3166 1529 3231 sit,
1549 3181 1610 3220 cx
1632 3165 1763 3236 ipsis
1779 3165 1939 3222 dictis
1963 3163 2011 3228 C
2042 3168 2245 3226 adimat
2272 3183 2343 3225 ne
2372 3182 2479 3223 non
2511 3166 2586 3238 (It)
2614 3166 2878 3222 Dominus
2906 3166 3015 3232 sit,
3044 3181 3145 3221 nec
3175 3164 3314 3221 I‘iiio
3343 3181 3451 3221 non
3486 3167 3652 3234 perti-

322 3259 540 3319 Domini
583 3258 993 3333 intelligendum
1031 3269 1134 3315 cst.
1177 3258 1433 3329 Sequitur
1469 3258 1615 3314 enim
1635 3243 1661 3312 τ’
1684 3258 1748 3313 Et
1787 3276 1934 3315 nemo

314 3356 423 3426 jam
465 3352 697 3409 audebat
745 3366 861 3406 eum
904 3352 1240 3422 interrogare.
1288 3350 1356 3405 Et
1417 3350 1733 3421 respondens
1779 3349 1935 3407 Iesus

322 3447 446 3502 dixit
489 3447 675 3501 docens
703 3444 759 3498 in
783 3442 1003 3515 templo:
1035 3442 1305 3507 Quomodo
1331 3442 1507 3496 dicunt
1535 3442 1736 3499 Scriba:
1781 3441 1937 3501 Chri—

322 3550 450 3595 stum
480 3539 653 3609 ﬁlium
678 3553 787 3593 esse
809 3535 1022 3591 David?
1051 3535 1172 3606 Ipso
1195 3540 1330 3590 enim
1358 3533 1531 3593 Dauid
1567 3535 1690 3590 dicit
1736 3536 1789 3589 in
1814 3535 1940 3607 Spi-

322 3634 419 3687 ritu
460 3641 683 3687 sancto:
716 3629 858 3686 Dixit
888 3628 1143 3683 Dominus
1176 3627 1399 3683 Domino
1427 3644 1561 3693 meo,
1593 3628 1729 3685 Sede
1753 3646 1789 3683 ιι
1814 3629 1941 3685 dea:-

324 3725 412 3779 tris
439 3724 608 3790 meis,
637 3723 802 3777 donec
830 3736 1018 3791 ponam
1042 3720 1279 3775 inimicos
1304 3729 1418 3775 tuos
1443 3718 1723 3777 scabellum
1752 3721 1941 3794 pedum

327 3826 541 3870 tuorum
560 3812 734 3886 (Ptol.
764 3829 854 3873 Clx
876 3854 889 3877 ,
917 3812 992 3883 1).
1013 3811 1138 3880 Ipse
1162 3811 1326 3869 Dauid
1348 3812 1470 3866 dicit
1491 3828 1607 3868 eum
1628 3811 1938 3881 Dominum;

327 3920 370 3964 st
397 3909 539 3966 unde
564 3917 641 3966 est
669 3908 813 3978 ﬁlius
837 3910 950 3981 ejus
977 3905 1169 3981 (Marc.
1200 3922 1277 3962 xu
1299 3947 1317 3973 ,
1344 3904 1438 3977 54)
1462 3906 1485 3960 ?
1516 3905 1635 3961 Non
1659 3907 1818 3978 longe
1841 3908 1942 3980 igi-

330 4012 411 4059 tur
438 4020 469 4060 a
501 4002 601 4060 Dei
630 4017 805 4073 regno
831 4011 916 4058 est
942 4000 1131 4057 Scriba
1156 4015 1323 4055 unum
1346 3999 1516 4056 Deum
1540 4000 1831 4068 c0nﬁtens,
1850 4002 1942 4072 qui

330 4095 469 4153 ultra
494 4095 681 4152 omma
712 4104 862 4153 esset
888 4092 1215 4164 diligendus.
1249 4093 1357 4150 Sed
1383 4093 1707 4151 admonetur
1732 4110 1829 4151 sua
1858 4098 1940 4165 ip-

330 4187 440 4245 sius
470 4186 848 4260 professione,
881 4201 977 4241 cur
1008 4195 1406 4241 sacramentum
1438 4185 1573 4257 legis
1601 4186 1846 4257 ignoret,
1888 4195 1946 4243 et

328 4276 609 4335 Christum
641 4280 929 4334 Dominum
965 4278 1133 4333 lilium
1166 4278 1263 4333 Dei
1293 4279 1501 4335 nesciat.
1526 4295 1622 4349 per
1652 4280 1945 4336 nativitatis

331 4384 584 4429 naturam
617 4371 671 4427 in
708 4371 809 4425 tide
841 4370 999 4425 unius
1030 4370 1242 4426 Domini
1272 4370 1665 4427 conﬁtendum.
1712 4372 1781 4428 Et
1817 4373 1941 4444 quia

329 4479 426 4539 per
448 4464 616 4520 unius
641 4462 857 4521 Domini
879 4461 1174 4519 secundum
1201 4462 1381 4534 legem
1402 4463 1823 4534 professionem,
1848 4464 1942 4522 Dei

425 4677 487 4743 2)
516 4675 627 4731 Per
647 4675 1036 4747 professionem.

428 4605 489 4675 ὓ)
524 4603 785 4676 Pauperis
807 4604 996 4676 spiritu
1019 4604 1202 4660 mercis
1228 4614 1322 4660 est.

428 4606 489 4675 ὓ)
524 4606 785 4676 Pauperis
807 4620 876 4676 ιρι

399 4606 487 4821 ΞΕ)
516 4675 627 4758 Per
650 4680 876 4747 professa

423 4748 482 4818 3)
522 4747 696 4803 Etiam
719 4763 876 4804 nunc.

404 4862 489 4935 (tl)
517 4863 741 4935 Aliquot
783 4875 914 4918 mss.
960 4861 1205 4933 puerperis
1251 4860 1459 4932 spiritu.
1510 4859 1765 4917 Nonnulli
1817 4863 1942 4929 alii,

332 4934 655 5006 pauperibus
689 4934 896 5006 spiritu.

403 5007 488 5078 (ὁ)
518 5003 746 5070 Excusi,
772 5004 1121 5074 hujuscemodi
1145 5003 1476 5075 indulgentia:
1498 5003 1753 5074 implebit:
1778 5007 1944 5061 casti-

330 5086 537 5150 gantur
560 5092 629 5132 ea
658 5091 789 5131 mss.

406 5146 575 5225 (c)]n
604 5147 867 5218 vulgatis,
893 5164 984 5217 per
1009 5148 1408 5220 professionem:
1444 5147 1817 5220 expunximus
1851 5164 1942 5218 per

330 5236 403 5278 es
417 5219 551 5274 ita
570 5233 703 5274 mss.

408 5288 496 5363 (d)
530 5291 663 5363 Sola;
697 5289 863 5363 editio
896 5288 1057 5363 Pari,
1098 5288 1239 5359 fideli
1266 5306 1451 5363 cursu.
1473 5289 1609 5347 Tum
1646 5304 1775 5344 mss.
1813 5287 1934 5343 Vat.

333 5360 484 5417 has.
514 5370 569 5416 et
616 5360 830 5417 Martin.
881 5361 975 5434 etsi
1003 5362 1271 5434 _ignor_ala.
1322 5362 1492 5434 Magis
1538 5363 1772 5431 placeret
1814 5375 1940 5434 cum

334 5434 501 5493 Octb.
532 5435 620 5489 etsi
643 5433 903 5502 ignorati,
929 5432 974 5487 si
1002 5432 1120 5489 hinc
1141 5432 1251 5487 duo
1275 5432 1531 5489 vocabula
1567 5443 1688 5502 post
1725 5432 1944 5499 praelata

336 5504 617 5563 dilectione
630 5503 737 5561 Dei
756 5511 1045 5559 exstarent.
1070 5504 1267 5574 Verum
1283 5503 1407 5559 ideo
1428 5504 1680 5574 ignorans
1707 5504 1799 5574 ille
1822 5518 1945 5558 enr-

336 5590 460 5642 sns,
488 5576 611 5644 quia
640 5575 873 5635 hominis
900 5575 1192 5646 ignorantis
1215 5573 1420 5643 Deum,
1448 5573 1740 5646 secundum
1770 5573 1895 5627 illud
1924 5616 1942 5639 ,

338 5648 447 5707 litt.
474 5661 567 5715 nt,
607 5647 782 5703 n.i7.:
817 5644 981 5701 Deum
1008 5647 1386 5715 nenio‘noscit.
1422 5646 1524 5699 nisi
1556 5644 1861 5715 conﬁteatur
1896 5654 1946 5700 et

342 5712 565 5789 Patrem
600 5726 798 5789 patrem
835 5718 1082 5789 unigeniti
1122 5712 1249 5789 itii
1270 5758 1285 5782 ,
1329 5729 1375 5772 et
1420 5712 1662 5781 Filium,
1698 5724 1801 5770 etc.
1850 5714 1944 5772 llla

341 5791 495 5846 enim
538 5787 708 5847 Patris
748 5800 801 5845 ct
852 5788 973 5844 Filii
1022 5788 1257 5860 cognitio
1291 5796 1720 5847 consummatum
1763 5801 1939 5843 sacra-

1961 4608 2015 4670 D

2041 3262 2151 3317 ciat
2178 3276 2246 3316 ne
2273 3274 2385 3316 non
2409 3260 2483 3316 sit
2505 3260 2866 3316 etDomimss.
2897 3259 3079 3329 Atque
3103 3258 3177 3313 ita
3202 3273 3379 3329 neque
3407 3258 3650 3313 auctori-

2042 3364 2209 3413 tatem
2244 3356 2404 3411 Pater
2428 3353 2663 3421 amittit,
2694 3370 2794 3409 nec
2837 3361 3085 3409 naturam
3120 3351 3290 3408 Filius
3319 3367 3429 3408 non
3455 3358 3645 3409 tenet:

2042 3465 2141 3520 per
2163 3447 2312 3520 quod
2335 3462 2437 3504 nec
2461 3447 2604 3502 Deus
2634 3455 2786 3517 pater
2812 3460 2922 3500 non
2944 3446 3211 3500 Dominus
3238 3460 3377 3500 unus
3405 3453 3490 3501 est
3511 3487 3525 3509 ,
3553 3460 3651 3501 Ite-

2040 3557 2148 3613 (με
2175 3539 2484 3611 “nigerrima
2523 3539 2590 3609 (i)
2621 3538 2762 3594 Deus
2792 3538 3059 3593 Dominus
3093 3548 3376 3608 separatur
3404 3537 3473 3593 ab
3504 3553 3650 3603 uno;

2041 3650 2166 3692 eum
2193 3650 2260 3691 es
2281 3648 2397 3689 uno
2415 3633 2647 3688 Domino
2671 3647 2810 3687 unus
2830 3631 2949 3702 ipse
2966 3632 3224 3686 subsistat
3247 3632 3301 3686 in
3324 3632 3650 3688 Dominum:

2045 3728 2335 3786 Dominum
2386 3740 2549 3781 tinum
2593 3725 2665 3780 ita
2704 3732 2775 3779 ex
2817 3725 2937 3795 lege
2974 3723 3207 3791 doceas,
3252 3732 3311 3779 ut
3348 3737 3408 3778 se
3436 3737 3654 3794 quoque

2046 3822 2335 3879 Dominum
2365 3817 2634 3889 Propheta
2664 3816 2746 3890 (5)
2781 3824 2923 3873 teste
2947 3816 3236 3873 continuet
3269 3814 3462 3887 (David
3487 3815 3638 3872 Prol.

2043 3930 2128 3971 cu
2144 3914 2187 3985 ).

2116 4007 2209 4064 28.
2238 4004 2324 4061 Ex
2346 4006 2472 4074 ipsis
2498 4004 2859 4060 hereticorum
2880 4002 3093 4073 objectis
3116 4002 3455 4072 conﬁrmatur
3476 4000 3575 4056 Dei
3600 4001 3654 4057 in

2048 4094 2253 4153 Christo
2279 4107 2489 4153 natura.
2516 4095 2899 4151 Horreum-nm
2929 4095 3205 4162 obiectum.
3236 4124 3307 4137 -—
3323 4093 3533 4150 Tcndat
3556 4109 3652 4165 per

2048 4198 2273 4246 exteras
2301 4189 2452 4262 impii
2480 4188 2677 4245 furoris
2721 4187 3118 4259 propositiones
3157 4186 3283 4243 ﬁdei
3323 4189 3654 4259 evangelica:

2048 4283 2363 4349 responsio,
2394 4291 2450 4339 et
2475 4281 2562 4338 his
2592 4281 2729 4352 ipsis
2755 4279 2951 4357 quibus
2979 4280 3325 4351 imtiugnatur
3352 4290 3651 4352 repugnet:

2047 4381 2104 4428 et
2140 4374 2306 4429 armis
2346 4374 2543 4431 excidii
2581 4373 2667 4429 sui
2706 4374 2966 4439 vincens,
3010 4373 3167 4427 unius
3196 4370 3430 4444 Spiritus
3471 4374 3654 4442 dicta,

2049 4468 2213 4524 unius
2229 4482 2447 4538 quoque
2466 4468 2591 4524 ﬁdei
2619 4467 2957 4523 denmtret
2979 4479 3103 4522 esse
3122 4465 3444 4522 doctrinam.
3468 4464 3654 4539 Neque

2112 4610 2194 4686 (4)
2226 4612 2466 4686 Excidat.

2113 4683 2199 4756 (5)
2226 4683 2483 4740 Tcstante.

2046 4872 2287 4993 attentum
2314 4872 2425 4929 est,
2455 4861 2608 4933 cujus
2633 4862 2967 4933 ignoratione
2990 4860 3239 4917 detentus
3270 4861 3457 4918 Scriba
3483 4867 3645 4923 modo

2087 4951 2166 4992 tce
2205 4945 2345 4990 atur.
2873 4954 2893 4976 ς

2332 4973 2345 4987 α
2873 4954 2893 4976 ἢ

2087 4945 2098 4989 t
2172 4945 2345 4990 natur.
2873 4954 2893 4976 ς

2103 4951 2191 5091 (ἐξ)
2219 5006 2275 5061 ln
2302 5004 2663 5091 excusisse-tui
2686 5005 2934 5091 futurus:
2973 5018 3155 5073 prave.
3181 5003 3387 5061 Sensus
3412 5014 3524 5091 est,
3552 5022 3646 5065 cur

2046 5076 2227 5151 magis.
2244 5093 2338 5135 seu
2364 5093 2461 5133 cur
2487 5077 2683 5146 potius,
2712 5093 2813 5131 non
2835 5076 2987 5148 longe
3006 5093 3039 5130 a
3061 5092 3237 5149 regno,
3263 5093 3416 5148 quam
3437 5077 3648 5149 futurus

2044 5152 2101 5206 in
2126 5167 2280 5224 regno
2307 5151 2533 5204 dicatur.

2118 5242 2194 5327 (γ’)
2225 5240 2407 5297 Codex
2434 5239 2561 5297 Vat.
2585 5240 2700 5297 bas.
2728 5254 2852 5296 cum
2878 5238 3119 5308 Martia,
3143 5239 3439 5298 uniusDei:
3464 5245 3643 5302 minus

2040 5329 2550 5458 missinsgcabulum
2595 5400 2649 5440 se
2689 5384 2742 5439 in
2785 5383 3015 5456 vulgatis
3040 5383 3298 5439 omissum
3337 5385 3640 5447 restituitur

2046 5472 2110 5514 ex
2138 5472 2270 5512 MSS.

2122 5546 2391 5621 (It)Editi,
2418 5564 2483 5621 ne
2509 5564 2614 5603 non
2637 5546 2871 5621 Deﬁcit
2890 5561 2909 5600 :
2934 5546 3329 5621 reluctantibus
3352 5564 3482 5611 mss.
3507 5555 3643 5613 Tum

2048 5616 2316 5676 Vat.'bas.
2347 5620 2520 5675 codex
2536 5661 2557 5687 ,
2579 5636 2670 5676 nec
2698 5616 2840 5673 Filio
2862 5634 2973 5674 non
2991 5618 3253 5689 proﬁciat.

2116 5710 2180 5785 (ἱ)
2202 5710 2332 5785 ξω.
2353 5708 2513 5785 Colb.
2529 5718 2586 5785 et.
2599 5711 2808 5785 Germ,
2828 5710 3118 5785 arripuit”
3155 5708 3430 5785 Dominus,
3452 5715 3648 5769 omissa

2050 5779 2181 5840 voce
2209 5780 2372 5838 Deus.
2401 5782 2523 5839 Vat.
2547 5784 2688 5851 bas.,
2718 5779 3011 5854 unigenitus
3035 5779 3173 5838 Deus
3201 5779 3441 5840 Domino.
