4094 6180
312 250 415 308 503

1526 257 1613 314 DE
1652 256 2023 316 TRINITATE
2074 259 2278 318 LlBlﬁR
2310 262 2401 318 lX.

3503 271 3610 332 506

312 366 463 436 Quod
491 369 537 423 si
585 368 831 441 acceptio
859 370 1158 440 potestatis,
1194 372 1308 428 sola
1339 382 1421 429 est
1452 373 1774 445 signiﬁcatio
1818 390 1906 429 na-
1933 377 1987 439 Α
2013 384 2124 432 tum
2144 381 3193 449 postremoomniahteetaliabsolutioue
3217 386 3563 446 concluderet
3592 409 3607 446 :

313 459 559 529 tiii°atis,
587 462 639 515 in
668 477 768 531 qua
802 463 1005 533 accepit
1029 462 1080 518 id
1107 466 1247 535 quod
1273 473 1389 531 est;
1418 481 1522 520 non
1551 474 1638 523 est
1678 466 1907 522 inﬁrmi-

313 550 405 606 tati
469 552 615 606 datio
664 552 995 621 deputaada,
1045 570 1166 624 qua:
1225 566 1393 611 totum
1444 557 1549 613 hoc
1594 566 1903 615 nascentem

312 654 646 700 consummat
684 660 806 701 esse
837 647 977 717 quod
1026 648 1169 703 Deus
1195 660 1294 705 est.
1325 650 1455 705 Cum
1485 651 1629 707 enim
1672 652 1904 708 innasci-

312 736 434 793 bilis
464 737 609 793 Deus
647 737 714 793 ad
746 740 1037 809 perfectam
1071 741 1268 797 divina:
1315 744 1664 802 beatitudinis
1711 747 1906 802 nativi-

314 841 473 887 tatem
502 834 778 904 unigenito
812 834 925 890 Deo
954 848 1145 892 auctor
1168 838 1258 902 sit,
1293 850 1569 895 auctorem
1608 842 1903 899 nativitatis

312 940 427 981 esse
471 937 873 983 sacramentum
903 927 980 1001 (n)
1012 940 1293 1001 paternum
1341 943 1443 989 est.
1494 931 1761 991 Caeterum
1794 953 1900 992 non

314 1018 469 1074 habet
516 1019 922 1088 contumeliam,
952 1020 1026 1096 (ὁ)
1088 1040 1209 1094 qua:
1268 1040 1327 1080 se
1374 1028 1612 1082 auctoris
1657 1030 1736 1082 sui
1787 1044 1909 1086 esse

314 1108 596 1178 imaginem
642 1112 874 1183 genuina
921 1114 1203 1171 nativitate
1266 1129 1626 1174 consummat.
1682 1120 1908 1178 Dedisse

313 1203 450 1258 enim
485 1212 811 1273 potestatem
838 1206 1014 1261 omnis
1037 1208 1236 1275 carnis,
1285 1222 1339 1265 et
1382 1210 1447 1266 ad
1500 1212 1550 1267 id
1596 1211 1811 1271 dedisse
1853 1224 1909 1271 ut

312 1294 399 1350 det
421 1294 470 1350 ei
500 1298 667 1352 vitam
692 1307 971 1366 aeternam,
1004 1299 1167 1357 habet
1192 1314 1248 1357 et
1293 1303 1345 1357 in
1388 1304 1550 1360 dante
1586 1306 1727 1377 quod
1755 1317 1909 1378 pater

312 1397 412 1455 est,
444 1398 500 1444 et
529 1390 582 1444 in
626 1391 929 1461 accipiente
974 1393 1117 1464 quod
1148 1394 1289 1449 Deus
1323 1406 1405 1450 est
1439 1415 1451 1451 :
1484 1412 1606 1453 cum
1656 1408 1712 1455 et
1760 1401 1812 1453 in
1843 1415 1910 1457 eo

312 1485 642 1554 significetur
667 1483 830 1541 Pater
858 1501 1000 1552 esse,
1032 1488 1172 1558 quod
1204 1488 1450 1559 dederit;
1482 1499 1534 1546 et
1567 1491 1618 1546 in
1647 1507 1711 1547 eo
1739 1492 1911 1548 Filius

315 1577 451 1633 Deus
479 1588 721 1644 maneat,
749 1578 891 1649 quod
924 1580 1045 1635 vitae
1058 1588 1276 1636 atternac
1295 1582 1486 1638 danda:
1507 1586 1798 1656 sumpserit
1815 1602 1911 1655 po-

313 1678 580 1725 testatem.
612 1668 881 1727 Naturalis
910 1673 1071 1745 igitur
1097 1673 1207 1730 lllio
1235 1674 1330 1730 Dei
1353 1684 1408 1731 et
1429 1679 1711 1748 congenita
1733 1679 1909 1734 omnis

313 1772 545 1834 potestas
573 1774 654 1817 est
683 1781 696 1816 :
723 1779 844 1835 quc
884 1781 1005 1821 cum
1044 1766 1164 1822 data
1194 1768 1282 1836 sit,
1311 1767 1380 1842 (c)
1424 1785 1528 1825 non
1557 1771 1759 1826 alienat
1784 1788 1905 1828 eum

311 1871 402 1927 per
434 1855 487 1909 id
519 1856 589 1911 ab
619 1869 841 1914 auetore
868 1860 990 1930 quia
1022 1860 1144 1915 data
1168 1872 1281 1928 est;
1309 1878 1430 1918 eum
1458 1865 1599 1936 quod
1629 1866 1701 1920 sit
1722 1875 1912 1922 aucto-

309 1950 399 2015 ris,
431 1949 538 2005 huc
567 1949 748 2005 datum
780 1953 867 2014 sit,
899 1952 1029 2008 dare
1066 1955 1273 2011 scilicet
1318 1957 1478 2011 vitam
1523 1968 1804 2025 cateruam,
1855 1968 1912 2016 et

309 2043 707 2114 corruptionem
723 2047 884 2120 282
898 2048 975 2120 (ά)
991 2048 1041 2104 iu
1064 2046 1521 2120 incorruptionem
1545 2062 1774 2110 mutare.
1809 2054 1911 2110 De-

308 2135 376 2191 dit
401 2136 591 2209 itaque
620 2137 782 2195 Pater
803 2143 1005 2205 omnia,
1049 2154 1103 2197 et
1128 2146 1335 2215 accepit
1361 2144 1530 2201 Filius
1560 2147 1736 2201 omnia
1772 2164 1784 2200 :
1816 2163 1910 2204 ue-

309 2245 408 2299 que
439 2231 750 2302 ambiguum
780 2243 884 2300 est,
928 2250 1048 2289 cum
1096 2236 1297 2292 dixerit
1326 2256 1338 2293 :
1375 2237 1562 2293 Omnia
1588 2255 1705 2312 qua:
1734 2239 1910 2295 Patris

309 2334 443 2392 sunt,
487 2342 604 2380 mea
648 2335 768 2381 sunt
811 2327 993 2397 (Ioau.
1026 2346 1137 2395 xvi,
1178 2330 1284 2404 15).
1336 2331 1401 2386 Ει
1430 2330 1516 2387 hic
1555 2332 1772 2404 quidem
1803 2349 1909 2390 non

311 2419 644 2474 creationum
696 2422 928 2491 species,
983 2438 1157 2493 neque
1223 2424 1615 2480 elementorum
1667 2425 1910 2481 diversas

312 2510 724 2567 Substitutiones
771 2529 1009 2583 praesens
1052 2530 1233 2571 sermo
1278 2516 1540 2587 significat
1569 2516 1666 2588 (V.
1692 2518 1831 2589 infra
1853 2536 1905 2572 η.

312 2603 395 2674 72)
426 2622 442 2660 :
477 2604 574 2660 sed
610 2606 778 2661 beatae
802 2616 963 2677 atque
989 2608 1248 2664 absoluta:
1274 2610 1576 2666 divinitatis
1612 2612 1766 2668 nobis
1798 2613 1910 2682 glo-

313 2701 441 2753 riam
496 2699 757 2770 pandens,
795 2701 967 2757 Deum
1008 2704 1059 2757 in
1091 2702 1175 2759 his
1219 2705 1456 2760 ostendit
1504 2706 1908 2778 intelligendum

313 2805 425 2847 esse
456 2807 581 2863 quae
606 2809 702 2849 sua
731 2803 877 2862 sunt,
910 2795 961 2849 in
986 2795 1201 2865 virtute,
1236 2798 1287 2851 in
1312 2798 1638 2863 aeternitate,
1688 2799 1741 2854 in
1786 2814 1912 2870 pro-

313 2887 569 2956 videntia,
619 2891 672 2944 in
726 2898 1025 2960 potestate:
1058 2906 1161 2945 non
1196 2891 1337 2960 quod
1370 2891 1485 2947 haec
1523 2892 1667 2947 Deus
1706 2894 1778 2948 ita
1812 2892 1910 2947 ha-

314 2979 456 3048 heat,
492 2991 765 3053 tamquam
800 2983 941 3039 aliud
972 2984 1099 3056 quid
1128 2995 1277 3040 extra
1307 2986 1405 3040 ista
1434 3000 1555 3041 esse
1579 2984 1650 3058 (ε)
1680 2987 1910 3043 creden-

317 3072 407 3126 dus
460 3072 530 3128 sit
579 3091 591 3127 :
641 3074 737 3130 sed
767 3076 909 3145 quod
942 3075 995 3130 in
1037 3075 1122 3131 his
1168 3076 1233 3132 ad
1283 3076 1669 3148 aliquantulam
1718 3093 1912 3135 sensus

2013 470 2142 527 licet:
2168 481 2240 526 est
2286 483 2460 530 autem
2509 478 2609 534 vita
2635 488 2848 547 a’terna,
2881 490 2937 535 ut
2964 482 3134 537 sciant
3158 490 3206 537 te
3239 482 3406 537 solum
3434 498 3612 537 verum

2009 562 2198 629 Deum,
2229 576 2276 621 et
2299 583 2447 637 quem
2478 570 2662 625 misisti
2681 570 2861 626 Iesum
2890 571 3153 628 Christum
3179 572 3346 644 (Ibid.
3381 589 3519 642 xvu,
3551 574 3614 629 1-

2008 654 2238 729 3).Vit:n
2267 668 2485 716 :eternte
2510 661 2672 718 ﬁdem
2707 665 2791 720 vel
2820 665 2984 737 loqui,
3021 665 3296 733 lurretice,
3330 665 3499 732 disce,
3527 654 3617 723 vel

2010 753 2253 809 credere.
2287 754 2353 810 Et
2382 771 2570 827 separa
2602 773 2633 813 a
2662 759 2774 814 Deo
2795 759 3088 827 Christum,
3120 763 3164 815 si
3189 770 3367 830 potes,
3396 776 3425 814 a
3449 760 3610 818 Patre

2011 848 2229 917 Filium,
2261 866 2288 903 a
2321 850 2432 906 Deo
2455 866 2583 907 vero
2605 867 2768 921 super
2791 853 2969 909 omnia
2992 852 3184 921 Deum,
3203 869 3233 909 a
3280 853 3401 909 solo
3442 869 3609 910 unum

2013 939 2174 1013 (unus
2202 941 2345 997 enim
2379 943 2639 999 Dominus
2664 953 2747 1000 est
2767 944 2927 1001 Iesus
2953 946 3196 1001 Christus
3218 988 3236 1014 ,
3278 946 3301 1002 ι
3341 945 3462 1003 Cor.
3493 962 3610 1013 νηί,

2010 1032 2099 1107 6);
2128 1036 2172 1091 si
2206 1036 2313 1091 vita
2347 1047 2546 1092 {eterna
2570 1050 2654 1093 est
2693 1038 2744 1093 in
2774 1038 2943 1094 Deum
2986 1038 3160 1095 solum
3200 1054 3387 1095 verum
3434 1039 3612 1095 credi-

2011 1125 2157 1182 disse
2196 1128 2274 1198 (g)
2306 1127 2422 1184 sine
2469 1127 2700 1184 Christo.
2753 1129 2808 1185 Si
2858 1144 2988 1185 vero
3032 1139 3288 1200 separato
3337 1129 3611 1186 Christoa

2011 1219 2128 1275 solo
2154 1219 2270 1275 Deo
2303 1236 2450 1286 vero,
2503 1221 2553 1276 in
2600 1220 2941 1278 confessione
2981 1223 3150 1278 solius
3194 1222 3291 1278 Dei
3333 1223 3447 1279 veri
3499 1224 3611 1278 vita

2011 1322 2213 1367 aeterna
2260 1328 2366 1368 non
2414 1314 2655 1384 capitur;
2689 1330 2794 1369 non
2825 1314 3064 1386 intelligo
3093 1315 3365 1386 quomodo
3394 1314 3551 1370 nobis
3579 1329 3611 1371 a

2012 1406 2126 1462 Deo
2158 1422 2287 1463 vero
2316 1407 2650 1477 separandus
2676 1409 2743 1465 ad
2773 1408 2932 1466 fidem
2963 1410 3052 1476 sit,
3084 1410 3174 1481 qui
3207 1424 3316 1465 non
3355 1409 3427 1465 sit
3456 1423 3613 1481 sepa-

2012 1504 2199 1561 rabilis
2222 1505 2289 1560 ad
2312 1507 2562 1561 salutem.

2082 1601 2174 1657 55.
2232 1600 2442 1671 Objecto
2487 1601 2598 1655 loco
2641 1599 2876 1656 Christus
2909 1601 3141 1655 innuitur
3180 1616 3328 1656 verus
3358 1599 3515 1655 Deus.
3539 1630 3611 1643 ~—

2012 1690 2353 1763 Quamquam
2383 1693 2543 1763 igitur
2567 1693 2733 1748 sciam
2758 1707 3004 1747 morosas
3036 1692 3330 1747 difficilium
3357 1693 3613 1763 quzestio-

1940 1777 1985 1837 Β
2015 1800 2141 1839 num
2170 1786 2538 1841 absolutiones
2580 1785 2868 1856 legentium
2918 1785 3203 1842 desideriis
3231 1801 3425 1857 graves
3452 1801 3610 1853 esse;

2013 1885 2192 1933 tamen
2216 1877 2298 1950 (Ι)
2328 1878 2490 1934 dilata
2519 1878 2586 1935 ad
2616 1880 2884 1935 modicum
2911 1880 3077 1935 totius
3105 1880 3352 1936 veritatis
3388 1881 3613 1937 demon-

2011 1971 2296 2037 stratione,
2328 1971 2591 2042 indulgeri
2642 1971 2772 2026 mihi
2823 1971 3074 2027 existimo
3120 1988 3226 2026 non
3268 1971 3387 2028 sine
3429 1973 3613 2044 aliquo

2013 2064 2136 2119 ﬁdei
2165 2063 2429 2135 profectu,
2458 2064 2543 2120 his
2574 2065 2707 2136 ipsis
2725 2064 2885 2120 dictis
2914 2064 3245 2135 evangelieis
3269 2074 3471 2130 tecum,
3500 2066 3614 2121 lue-

2012 2158 2204 2223 retice,
2257 2157 2502 2213 luctanti.
2552 2157 2725 2213 Audis
2766 2156 3159 2229 professionem
3188 2157 3405 2213 Domini
3448 2157 3612 2230 283

2011 2252 2239 2309 dicentis
2263 2268 2278 2307 :
2309 2250 2437 2307 Hau:
2459 2262 2534 2307 est
2561 2264 2731 2308 autem
2751 2254 2855 2307 vita
2873 2262 3084 2318 teterna,
3103 2262 3161 2306 ut
3180 2252 3345 2307 sciant
3371 2262 3419 2306 te
3442 2252 3613 2305 solum

2012 2359 2186 2399 verum
2215 2345 2400 2415 Deum,
2430 2356 2477 2401 et
2497 2363 2646 2416 quem
2667 2347 2850 2403 misisti
2871 2344 3049 2400 Iesum
3082 2343 3363 2401 Christum.
3394 2342 3612 2413 Quatro,

2011 2440 2140 2511 quid
2172 2440 2408 2511 sitquod
2433 2455 2651 2497 sensum
2694 2448 2931 2509 moveat,
2966 2455 3034 2495 ne
3073 2454 3236 2495 verus
3284 2439 3429 2494 Deus
3458 2436 3617 2494 Chri-

2013 2543 2129 2589 stus
2158 2534 2267 2589 sit?
2292 2533 2407 2589 Non
2434 2533 2580 2588 enim
2606 2534 2698 2588 tibi
2724 2547 2866 2588 nunc
2892 2532 3021 2603 quid
3047 2531 3119 2588 de
3143 2532 3361 2587 Christo
3385 2528 3464 2603 (Ιι)
3493 2543 3614 2584 cre-

2012 2626 2193 2690 deres.
2236 2626 2560 2697 signiﬁcatio
2589 2626 2763 2697 aliqua
2811 2626 2914 2680 alia
2960 2625 3201 2694 subjecta
3249 2624 3612 2680 demonstrat.

2012 2720 2130 2776 Non
2165 2720 2331 2775 habes
2358 2718 2647 2791 quidquam
2693 2726 2890 2788 praeter
2917 2732 3079 2789 quam
3104 2717 3286 2771 Iesum
3312 2715 3613 2778 Christum;

2015 2829 2121 2869 non
2156 2814 2321 2870 lilium
2355 2813 2611 2877 hominis,
2640 2822 2697 2867 ut
2720 2811 2791 2868 de
2817 2827 2879 2869 se
2901 2812 3039 2867 solet
3072 2810 3284 2873 dicere;
3310 2808 3613 2875 nonﬁlium

2016 2907 2134 2974 Dei,
2175 2916 2233 2961 ut
2264 2906 2504 2976 proﬁteri
2536 2905 2585 2961 ei
2616 2906 2685 2961 de
2710 2920 2771 2961 se
2809 2905 3065 2960 usitatum
3095 2914 3208 2970 est;
3258 2917 3365 2957 non
3387 2901 3616 2957 descen—

2015 3001 2230 3057 dentem
2253 3014 2451 3071 panem
2478 3001 2664 3056 vivum
2690 2999 2759 3054 de
2779 2996 2955 3064 etnlis,
2985 2996 3129 3068 quod
3159 3011 3279 3051 cum
3321 2994 3614 3050 multorum

2015 3093 2273 3151 seandalo
2312 3093 2380 3149 de
2438 3108 2498 3148 se
2533 3092 2596 3167 (i)
2643 3092 2946 3163 frequentat
2996 3089 3177 3163 (Ioan.
3225 3104 3301 3151 vr,
3349 3088 3464 3153 6i).
3509 3085 3617 3142 Sed

317 3167 483 3221 nostri
533 3167 844 3236 opinionem
894 3168 1226 3239 significatus
1265 3169 1336 3224 sit
1377 3170 1491 3240 ipse
1529 3187 1650 3242 quae
1696 3170 1909 3228 habeat.

2017 3188 2205 3244 dicens
2235 3206 2247 3242 :
2282 3195 2329 3242 te
2349 3187 2516 3242 solum
2542 3202 2721 3241 verum
2760 3183 2952 3250 Deum,
2973 3193 3022 3238 et
3050 3198 3198 3254 quem
3226 3181 3410 3235 misisti
3434 3178 3617 3233 Iesum

317 3257 638 3332 Unigenitus
678 3261 841 3333 igitur
882 3262 934 3317 in
983 3262 1067 3317 his
1096 3278 1157 3319 se
1198 3262 1401 3320 docens
1446 3264 1752 3322 substitisse
1790 3281 1912 3336 quae

316 3351 492 3408 Patris
534 3366 682 3420 sunt,
730 3369 853 3411 cum
904 3371 969 3411 ex
1020 3370 1079 3411 se
1123 3365 1459 3426 sumpturum
1506 3371 1627 3413 esse
1667 3369 1911 3413 sanctum

315 3447 577 3518 Spiritum
624 3448 871 3517 dixisset,
925 3451 1122 3520 adjecit
1150 3471 1165 3508 :
1199 3451 1388 3507 Omnia
1413 3470 1527 3522 qua:
1566 3452 1741 3511 Patris
1770 3464 1910 3523 sunt,

316 3558 419 3595 mea
456 3550 575 3595 sunt
592 3558 612 3608 ;
636 3551 906 3609 propterea
922 3543 1050 3609 dixi,
1084 3545 1146 3598 tle
1172 3560 1282 3597 meo
1304 3545 1514 3612 accipiet
1543 3544 1755 3618 (lbid.).
1784 3545 1914 3603 Om-

317 3633 395 3687 nia
446 3650 574 3705 qua:
622 3634 800 3690 Patris
844 3645 989 3699 sunt,
1038 3651 1132 3692 sua
1180 3648 1324 3702 sunt,
1376 3638 1571 3694 tradita
1622 3641 1809 3711 utique
1862 3649 1919 3697 et

317 3736 555 3796 accepta.
588 3726 696 3782 Sed
727 3726 850 3782 data
882 3743 988 3783 non
1017 3729 1291 3785 inﬁrmant
1315 3728 1384 3803 (ί)
1415 3731 1773 3800 divinitatem,
1797 3748 1917 3804 qum

322 3816 368 3871 in
395 3817 481 3877 his
511 3834 639 3875 eum
671 3820 1008 3876 constituunt
1031 3837 1152 3877 esse
1182 3824 1373 3892 quibus
1404 3824 1561 3881 Pater
1590 3833 1695 3880 est.

386 3913 473 3969 '52.
522 3912 898 3983 Inseparabilis
945 3925 1017 3970 est
1045 3933 1075 3969 a
1121 3915 1298 3970 Patre.
1327 3917 1520 3972 —-—llis
1570 3919 1732 3989 igitur
1778 3934 1919 3977 nunc

320 4005 572 4074 gradibus
599 4007 894 4077 praemissa:
931 4008 1000 4064 de
1028 4024 1089 4064 se
1138 4009 1508 4081 intelligentiae
1552 4026 1682 4067 usus
1709 4021 1814 4079 est,
1862 4022 1919 4087 ut

319 4114 433 4153 cum
486 4115 552 4155 se
596 4115 624 4153 a
656 4099 769 4155 Deo
795 4100 973 4156 exisse
1017 4102 1314 4169 docuisset,
1347 4117 1638 4173 set-umque
1665 4118 1785 4158 esse
1815 4103 1919 4158 Pa-

321 4204 451 4249 trem
487 4194 764 4265 professus
794 4206 958 4261 emet,
986 4211 1153 4265 seque
1181 4195 1437 4251 mundum
1469 4195 1660 4251 vicisse
1691 4205 1916 4252 testatus

320 4299 459 4343 esset
489 4287 674 4361 (Joan.
706 4305 816 4351 xvi,
847 4288 936 4354 28,
971 4290 1062 4356 32,
1096 4288 1211 4361 55),
1239 4298 1292 4345 et
1324 4289 1669 4346 honorandus
1694 4306 1723 4346 a
1760 4290 1917 4347 Patre

323 4381 535 4438 Patrem
582 4391 729 4438 esset
774 4383 1152 4447 honoratur-us,
1200 4393 1255 4438 et
1301 4394 1523 4454 accepta
1564 4392 1832 4454 potestate
1862 4384 1918 4440 in

266 4454 278 4468 ’
322 4476 493 4531 danda
527 4478 794 4533 universa:
820 4479 970 4532 carni
998 4477 1121 4532 vita:
1159 4479 1460 4535 mternitate
1503 4489 1649 4536 esset
1697 4494 1919 4547 usurus,

393 4617 473 4692 (l)
510 4617 570 4673 lit
600 4617 688 4673 edi
714 4616 838 4673 ionc
864 4617 1225 4689 prmcedente,
1253 4616 1488 4671 dilatata.

2019 3279 2279 3337 Christum
2327 3279 2507 3353 (Ican.
2561 3295 2696 3345 xvu,
2727 3277 2807 3351 ὅ),
2851 3291 3068 3331 omnem
3118 3266 3510 3345 prmnominum
3561 3278 3620 3326 et

2019 3372 2400 3442 cognominum
2424 3387 2668 3438 suorum,
2686 3354 2784 3426 ’νει
2810 3369 3161 3433 naturalium,
3184 3366 3271 3422 vel
3313 3372 3620 3434 assumpto-

2021 3478 2139 3517 rum
2185 3463 2632 3519 consuetudinem
2680 3461 3161 3535 prmtermisitzut
3207 3473 3329 3515 cum
3358 3457 3620 3513 conﬁten-

2020 3555 2119 3610 dus
2150 3554 2298 3610 solus
2330 3570 2491 3611 verus
2531 3555 2676 3612 Deus
2700 3563 2758 3610 et
2781 3553 3032 3610 Christus
3058 3552 3217 3608 Iesus
3260 3549 3618 3606 mternitatem

2021 3658 2361 3721 praestarent,
2407 3651 2525 3705 sine
2562 3649 2728 3705 dubio
2775 3649 2826 3703 in
2874 3662 2938 3703 ea
2977 3646 3136 3704 Iesus
3178 3644 3427 3700 Christus
3468 3648 3622 3702 esset

2021 3741 2435 3812 signiﬁcatione,
2466 3757 2568 3812 qua
2595 3741 2738 3796 Deus
2766 3748 2871 3795 est.

2094 3833 2182 3889 54.
2234 3833 2347 3888 Nec
2391 3842 2643 3906 repugnat
2676 3831 2812 3902 quod
2858 3828 3018 3884 Pater
3042 3829 3254 3884 dicatur
3279 3824 3421 3880 solus
3446 3838 3617 3880 verus.

2020 3920 2238 3984 —Sed
2312 3927 2449 3981 forte
2493 3925 2635 3997 quod
2683 3924 2757 3979 ait
2820 3934 2870 3979 te
2927 3923 3115 3982 solum.
3181 3920 3619 3976 communionem

2024 4026 2184 4088 atque
2228 4019 2489 4073 unitatem
2535 4031 2688 4072 suam
2717 4031 2747 4070 a
2793 4016 2903 4071 Deo
2936 4023 3173 4085 separat.
3203 4013 3435 4082 Separet
3464 4024 3619 4075 sane,

2024 4110 2070 4163 si
2103 4124 2207 4164 non
2238 4107 2306 4164 ad
2334 4108 2383 4163 id
2413 4107 2555 4179 quod
2592 4108 2700 4173 ait,
2731 4116 2779 4162 te
2822 4106 2988 4161 solum
3017 4119 3193 4159 verum
3220 4101 3410 4168 Deum,
3441 4101 3622 4155 conti-

2026 4214 2134 4256 nuo
2192 4200 2441 4270 subjecit,
2474 4208 2524 4254 et
2569 4216 2717 4270 quem
2763 4196 2948 4253 misisti
2987 4195 3166 4250 Iesum
3218 4193 3502 4265 Christum.
3556 4190 3627 4246 Et

2028 4305 2245 4347 sensum
2272 4290 2540 4346 audientis
2572 4292 2866 4361 interrogo,
2889 4287 3019 4359 quid
3049 4284 3354 4342 credendus
3374 4284 3446 4337 sit
3465 4282 3626 4337 Iesus

2027 4385 2305 4452 Christus;
2336 4401 2458 4442 eum
2497 4385 2564 4440 ad
2595 4384 2670 4453 id,
2720 4383 2863 4454 quod
2912 4381 3071 4439 Pater
3116 4380 3262 4436 solus
3292 4378 3439 4434 Deus
3464 4389 3630 4431 verus

2030 4480 2333 4538 credendus
2362 4480 2455 4546 sit,
2484 4477 2790 4536 credendus
2831 4486 2886 4535 et
2913 4475 3161 4532 Christus
3190 4473 3299 4529 sit?
3324 4469 3433 4529 Sed
3478 4468 3629 4526 solus

398 4758 476 4833 (ιι)
500 4759 560 4815 id
575 4770 681 4824 εει,
703 4755 1006 4829 proprietas
1022 4765 1122 4817 est,
1140 4769 1244 4828 qua
1262 4753 1376 4808 sola
1400 4763 1551 4825 pater
1573 4768 1603 4808 a
1619 4754 1728 4810 filio
1744 4754 1936 4810 distin-
1958 4756 2012 4816 D
2040 4753 2118 4833 his
2142 4767 2252 4833 qua:
2275 4750 2476 4833 habent,
2504 4750 2615 4831 ipse
2639 4746 2959 4833 signiﬁcatus
2980 4742 3211 4833 simil-ie
3235 4740 3460 4833 docetur
3485 4740 3630 4833 Reus

395 4833 527 4885 itur.

326 4845 678 4974 μὶῖῗᾏρηίι
727 4899 851 4974 Par.
891 4898 1390 4974 qui._PAr:rferimus
1438 4912 1558 4952 cum
1608 4911 1737 4952 mss.
1785 4914 1922 4974 quin,

329 4968 745 5040 scil.'acceptio.
777 4968 1028 5042 Nonnulli
1061 4968 1256 5042 deinde
1282 4969 1820 5042 omittuntAse.‘quod
1855 4969 1925 5042 ad

332 5044 505 5100 Deum
554 5038 883 5115 unigenitum
929 5040 1182 5115 refertur.
1226 5041 1282 5115 lu_
1329 5040 1502 5115 t_rib_us
1519 5038 1925 5115 _Vatic.,_queni

330 5116 557 5170 auctoris
598 5111 677 5169 sui
722 5115 1015 5184 imaginem.
1050 5114 1117 5167 At
1145 5113 1284 5182 apud
1334 5112 1486 5176 Bad.,
1519 5111 1607 5167 Er.
1656 5120 1709 5166 et
1749 5112 1923 5184 Ljps.,

330 5204 446 5258 qua:
467 5190 692 5243 auctoris
719 5188 800 5241 sui
829 5182 1068 5258 exprimit
1097 5185 1368 5258 imaginem
1396 5199 1417 5239 :
1443 5184 1578 5258 quod
1604 5183 1739 5258 enim
1768 5182 1929 5258 fater

333 5253 475 5312 dedit
504 5266 842 5333 potestatem,
891 5253 944 5311 in
994 5256 1089 5311 hoc
1136 5253 1303 5327 ﬁlium
1348 5253 1556 5333 genuit;
1594 5255 1733 5324 quod
1760 5253 1931 5333 Filius

334 5331 554 5401 accepit,
583 5331 897 5386 nativitatem
924 5339 1245 5383 consummat
1271 5345 1288 5382 :
1312 5331 1605 5401 glossema.

408 5398 480 5474 (c)
502 5403 687 5459 Excusi
699 5418 821 5468 ,non
832 5401 1055 5455 alienata
1066 5412 1140 5456 est
1155 5416 1244 5469 per
1256 5398 1339 5455 id:
1355 5398 1711 5455 emendantur
1724 5412 1788 5453 ex
1802 5411 1932 5453 mss.

407 5496 491 5569 (ἀ)
521 5496 572 5552 In
604 5495 877 5552 nmmullis
906 5496 1087 5566 proba:
1114 5501 1254 5550 nota:
1284 5508 1415 5549 mss.
1443 5492 1709 5548 omittitur
1749 5491 1805 5545 in
1846 5492 1933 5545 in-

335 5571 734 5638 corruptionem.

432 5633 631 5708 e)’Par.
659 5654 782 5695 cum
814 5644 1000 5693 vetere
1041 5653 1143 5694 ms.
1173 5635 1327 5692 Colb.
1362 5634 1667 5708 credendum
1695 5634 1780 5688 sit.
1809 5633 1931 5708 Mox

339 5705 535 5767 eadem
561 5713 719 5768 editio
748 5719 870 5781 post
901 5710 990 5765 Er.
1021 5716 1078 5764 et
1116 5708 1288 5779 Lips.,
1321 5710 1431 5777 ipse
1456 5708 1543 5773 qui
1571 5706 1771 5781 finirent.
1813 5705 1928 5781 Ma-

330 5783 419 5850 gis
448 5784 623 5852 placet
660 5778 782 5839 cum
826 5781 952 5837 Bad.
983 5791 1038 5837 et
1083 5778 1210 5835 mss.
1246 5797 1380 5850 qum,
1413 5788 1560 5851 puta,
1592 5778 1681 5833 sed
1708 5779 1846 5845 quod
1873 5779 1926 5831 in

2040 4827 2115 4878 ita
2141 4812 2390 4892 simplex,
2425 4812 2482 4873 ut
2509 4812 2560 4892 in
2592 4833 2657 4892 eo
2683 4812 3216 4892 ncqitaquani__more
3256 4821 3442 4892 nostro
3482 4812 3632 4892 aliud

2033 4897 2141 4949 sint
2183 4883 2387 4966 lia-hens
2416 4901 2470 4944 et
2508 4889 2711 4944 habita.
2741 4883 3003 4966 QuoCirca
3032 4884 3127 4939 lib.
3160 4898 3272 4949 vm,
3298 4884 3469 4966 mnes,
3493 4883 3632 4940 dici-

2033 4977 2120 5020 tur
2150 4983 2162 5019 :
2207 4963 2278 5020 Se
2300 4978 2499 5017 onmem
2527 4978 2615 5030 per
2636 4977 2730 5014 sua
2760 4959 2952 5025 edocet,
2985 4966 3157 5030 et_sua
3183 4955 3456 5030 nonatiud
3474 4971 3631 5026 quam

2030 5054 2086 5092 se
2103 5052 2210 5091 esse
2219 5026 2580 5109 signiﬁcat,_ut
2600 5031 2687 5085 ubi
2716 5047 2810 5084 sua
2829 5030 3004 5093 insint,
3028 5027 3137 5099 ipse
3148 5042 3268 5109 esse
3290 5026 3630 5109 intelligatur.

2108 5108 2185 5182 (f)
2217 5096 2371 5182 Βᾷἀί
2395 5114 2451 5182 et
2499 5103 2592 5158 Er.
2625 5116 2746 5157 cum
2792 5115 2900 5155 uno
2930 5113 2961 5154 e
2984 5096 3116 5153 is.
3148 5096 3346 5162 Vatic.,
3386 5096 3631 5152 naiivita-

2038 5177 2141 5234 teni
2164 5196 2184 5234 :
2210 5178 2386 5233 minus
2412 5177 2571 5232 bene.

2112 5250 2190 5326 (g)
2231 5249 2401 5315 Editi,
2448 5249 2538 5326 sed
2567 5263 2670 5326 non
2699 5246 2808 5300 sine
2839 5242 3042 5326 Christo
3085 5249 3334 5326 separato.
3359 5238 3562 5326 Christo
3592 5254 3636 5326 a

2043 5316 2318 5385 Deo'vero,
2346 5330 2476 5386 etc.,
2508 5319 2744 5375 lectione
2780 5316 2960 5371 minus
2986 5316 3194 5371 sincera
3224 5325 3279 5369 et
3321 5316 3639 5383 interpunc-

2047 5397 2193 5468 tione
2222 5395 2436 5468 vitiosa.
2465 5390 2812 5468 Castigantur
2836 5403 2940 5468 Ope
2964 5402 3095 5468 mss.
3209 5415 3215 5421 ·
3251 5456 3282 5468 η
3308 5455 3320 5468 _
3384 5455 3395 5468 ,
3482 5453 3506 5468 ,
3529 5455 3542 5468 _

2144 5467 2202 5540 h)
2232 5466 2364 5522 Bad.
2396 5466 2568 5540 etﬁr.
2599 5453 2723 5519 c'um
2750 5477 2852 5540 ms.
2874 5453 3112 5540 Remig.,
3143 5453 3635 5540 crediderant-Aps.

2042 5551 2097 5596 et
2125 5526 2250 5595 Par.
2292 5552 2412 5594 cum
2441 5534 2606 5591 Corb.
2648 5544 2704 5590 et
2745 5533 2949 5596 aliquot
2992 5526 3128 5595 aliis,
3177 5528 3383 5583 credere
3431 5526 3635 5582 debeas.

2044 5611 2378 5681 Reponimus
2407 5623 2530 5664 cum
2552 5600 2939 5662 sinecrioribus
2967 5600 3215 5656 crederes.

2069 5765 2077 5775 _
2112 5704 2176 5778 (i)
2206 5703 2499 5772 Recentiqr
2545 5715 2649 5755 ms.
2681 5697 3031 5778 Colb._quem
3060 5694 3191 5778 Qad.
3227 5703 3295 5778 et
3461 5693 3643 5778 secuti

2687 5766 2713 5782 ,ε

2039 5750 2185 5838 suit-tl,
2735 5750 3181 5828 irelt'tctvantihpis
3208 5766 3331 5822 aliis
3355 5750 3525 5821 libris;
