4094 6180
403 273 505 328 5ίῖ

1640 260 1885 319 ΞᾹΝΟΤΙ
1917 261 2172 318 lllLARll
2215 259 2523 317 EPISCOPI

3607 261 3710 316 508

406 386 548 441 forte
598 381 758 437 Pater
803 382 947 436 Deus
991 393 1153 434 verus
1207 376 1426 432 Christo
1477 392 1584 431 non
1648 375 1902 443 relinquit
1945 383 2005 429 ut
2031 373 2082 434 Α
2110 373 2277 430 Deum
2307 385 2512 443 patrem
2543 373 2812 440 confessa,
2841 391 2947 430 non
2976 341 3266 431 conﬁtetur
3315 381 3369 429 et
3417 373 3710 428 Christum.

409 477 557 532 Deus
597 473 688 529 sit.
732 471 848 528 Non
897 466 1272 540 relinquat(l)
1303 482 1458 534 sane,
1499 468 1547 523 si
1588 483 1726 523 unus
1753 467 1832 538 (α)
1866 467 2008 521 Deus

411 579 569 642 pater
611 564 854 630 Christo,
907 573 967 618 ut
1013 577 1153 617 unus
1199 561 1271 616 sit
1321 561 1601 624 Dominus,
1647 576 1754 615 non
1795 559 2010 627 reliquit

411 662 463 736 (l
489 659 609 716 Cor.
639 674 750 724 VIII,
794 657 876 726 6).
926 655 1081 724 Quod
1121 656 1166 711 si
1221 669 1360 710 unus
1411 654 1554 711 Deus
1599 664 1752 726 pater
1796 653 2009 709 Christo

411 769 520 809 non
568 752 758 807 adimit
805 759 866 805 ut
913 764 1053 804 unus
1103 749 1176 804 sit
1223 749 1508 815 Dominus,
1559 749 1631 803 ita
1674 748 1824 803 solus
1869 746 2012 801 Deus

417 855 572 918 pater
595 858 755 899 verus
789 843 1006 898 Christo
1034 842 1162 898 Jesu
1205 858 1313 897 non
1353 841 1528 896 aufert
1577 851 1631 897 ut
1682 841 1825 897 Deus
1851 853 2013 896 verus

420 939 493 992 sit
523 956 536 991 :
566 951 689 992 cum
713 935 779 989 ad
815 936 934 989 vita:
964 945 1182 989 aeternae
1211 934 1460 988 meritum
1508 933 1610 988 hoc
1648 933 1914 1003 proﬁciat,
1957 939 2017 986 ut

421 1047 544 1087 cum
593 1029 850 1086 credatur
894 1027 1044 1082 solus
1082 1042 1242 1082 verus
1288 1026 1454 1093 Deus,
1487 1025 1740 1080 credatur
1765 1034 1818 1080 et
1859 1022 2016 1079 Chri-

490 1217 579 1272 55.
615 1214 726 1269 Nec
743 1215 883 1269 locus
908 1223 1000 1277 est,
1035 1222 1092 1266 ut
1122 1210 1358 1266 Christus
1387 1210 1532 1264 aliud
1558 1227 1591 1264 a
1617 1207 1729 1265 Deo
1755 1210 2014 1264 credatur.

419 1309 648 1377 -—Qnid
693 1323 853 1370 nunc,
889 1303 969 1377 (ἓ)
1000 1319 1154 1374 rogo,
1197 1303 1439 1358 stultitia:
1471 1311 1575 1357 tute
1605 1317 1767 1357 sensu
1797 1302 2020 1356 Christo

421 1404 676 1471 deputas,
710 1399 983 1460 hmretice.
1014 1395 1088 1468 (ὑ)
1119 1407 1178 1450 ιιι
1203 1410 1325 1450 esse
1349 1394 1630 1459 credatur;
1680 1403 1735 1449 et
1775 1393 2018 1460 Christo,

422 1495 516 1565 qui
544 1494 710 1547 vitam
737 1503 996 1546 aeternam
1030 1489 1235 1552 tribuit,
1265 1489 1353 1557 qui
1383 1483 1823 1541 honoriﬁcandus
1847 1499 1879 1538 a
1921 1484 2022 1539 Pa-

426 1599 511 1644 tre
562 1587 778 1642 Patrem
825 1579 1221 1647 honoriﬁcavit,
1271 1577 1368 1648 qui
1432 1577 1692 1634 mundum
1743 1576 1895 1641 vicit,
1931 1577 2024 1648 qui

427 1681 579 1734 solus
625 1674 1018 1746 relinquendus
1068 1687 1176 1726 non
1215 1671 1366 1725 solus
1389 1679 1494 1736 est,
1523 1668 1620 1724 sed
1650 1684 1834 1724 secum
1865 1669 2028 1724 habet

2111 473 2217 530 Per
2245 473 2296 528 id
2323 474 2465 529 enim
2509 471 2784 530 Christum
2848 475 3095 530 confessa
3144 474 3314 530 Deum
3364 487 3552 527 verum
3605 481 3711 538 est,

2112 564 2257 636 quod
2291 566 2461 620 solum
2496 582 2680 620 verum
2725 566 2897 621 Deum
2949 565 3195 622 confessa
3241 566 3312 619 sit
3351 563 3588 619 Patrem.
3640 561 3715 618 lta

2114 659 2257 730 quod
2288 660 2439 715 solus
2472 660 2611 716 Deus
2640 671 2791 730 pater
2827 662 2966 717 Deus
2996 675 3157 716 verus
3187 669 3289 722 est,
3323 659 3493 713 Deum
3529 673 3716 712 verum

2115 771 2236 812 esse
2283 757 2570 812 conlirmat
2613 766 2668 810 et.
2720 754 3017 811 Christum.
3073 754 3187 810 Non
3247 756 3390 812 enim
3442 755 3719 827 unigenito

2117 848 2229 903 Deo
2277 858 2484 903 natura:
2533 847 2959 903 demutationem
3027 848 3286 902 naturalis
3341 847 3591 902 nativitas
3641 848 3718 900 in-

2118 941 2239 996 tulit
2267 959 2278 994 :
2305 940 2381 1013 (c)
2412 955 2512 995 nec
2539 939 2630 1010 qui
2658 956 2722 994 ex
2773 938 3106 994 subsistente
3154 938 3266 995 Deo
3297 936 3593 994 secundum
3640 936 3724 992 di-

2116 1035 2259 1090 vina:
2288 1033 2654 1105 generationis
2686 1043 2935 1085 naturam
2967 1031 3110 1085 Deus
3134 1029 3210 1101 (4)
3245 1029 3506 1096 subsistit,
3536 1029 3604 1081 ab
3631 1045 3719 1094 eo,

2120 1127 2210 1198 qui
2261 1127 2410 1182 solus
2440 1141 2599 1181 verus
2641 1125 2787 1180 Deus
2835 1133 2941 1188 est,
2997 1121 3313 1192 separabilis
3361 1129 3445 1176 est
3496 1120 3725 1176 veritate

2120 1231 2347 1275 naturas.
2376 1218 2576 1274 Tenuit
2607 1229 2784 1273 autem
2814 1225 3002 1270 natura
3031 1213 3274 1270 veritatis
3301 1227 3412 1267 suae
3442 1211 3716 1278 ordinem,

2127 1319 2210 1389 (ά)
2237 1326 2294 1372 ιιι
2323 1317 2617 1372 nativitatis
2651 1315 2930 1370 veritatem
2964 1312 3160 1367 veritas
3191 1309 3452 1366 naturalis
3501 1307 3725 1363 invehe-

2122 1422 2225 1476 ret,
2262 1425 2362 1464 nec
2413 1409 2638 1464 alterius
2690 1423 2752 1462 ex
2803 1422 2863 1461 se
2909 1405 3125 1474 generis
3180 1402 3348 1458 Deum
3393 1399 3538 1456 Deus
3587 1415 3727 1454 unus

2125 1503 2204 1576 (5)
2237 1503 2478 1560 eﬁ'erret.
2507 1502 2682 1573 Atque
2705 1502 2776 1555 ita
2809 1510 3208 1555 sacramentum
3228 1497 3321 1552 Dei
3345 1495 3515 1550 necin
3537 1494 3730 1549 solitu~

2128 1596 2277 1662 dine,
2306 1611 2406 1652 nec
2435 1597 2488 1650 in
2534 1593 2848 1648 diversitate
2878 1590 3130 1647 consistit
3161 1607 3172 1642 :
3200 1605 3320 1644 cum
3369 1602 3544 1657 neque
3591 1585 3733 1641 alter

2134 1691 2278 1746 Deus
2317 1691 2624 1760 deputetur,
2681 1687 2774 1759 qui
2813 1701 2876 1742 ex
2925 1687 3038 1741 Deo
3084 1700 3204 1740 cum
3233 1693 3441 1738 natura:
3467 1697 3577 1736 sua:
3612 1696 3735 1750 pro-

427 1772 667 1835 Patrem,
696 1767 790 1838 qui
818 1785 843 1820 a
873 1766 986 1822 Deo
1012 1763 1182 1820 exivit
1225 1771 1387 1833 atque
1414 1777 1444 1816 a
1490 1761 1651 1816 Patre
1675 1760 1859 1816 venit?
1889 1761 2029 1830 Quid

2143 1790 2368 1856 prietate
2395 1783 2731 1847 substiterit;
2760 1796 2935 1850 neque
2966 1779 3019 1834 in
3049 1778 3251 1834 unione
3281 1785 3520 1844 maneat,
3569 1791 3730 1846 quem

425 1865 476 1920 ei
505 1865 561 1918 in
590 1861 754 1918 tantis
787 1860 882 1916 Dei
915 1858 1204 1914 virtutibus
1251 1867 1378 1912 nato
1426 1863 1633 1911 natura
1674 1869 1740 1911 ac
1785 1854 2028 1911 veritatis

429 1953 747 2024 imperties?
777 1953 961 2007 Solum
989 1952 1133 2006 enim
1174 1966 1361 2006 verum
1412 1951 1578 2006 Deum
1613 1963 1818 2022 patrem
1866 1949 2033 2004 inuti-

421 2049 554 2104 liter
580 2044 746 2119 284
773 2046 850 2116 (5)
881 2044 1172 2110 credimus,
1202 2042 1306 2098 nisi
1333 2044 1622 2099 credamus
1649 2054 1705 2100 et
1733 2059 1891 2112 quem
1930 2042 2032 2098 nti-

433 2141 506 2194 sit
543 2138 732 2196 Jcsutn
780 2136 1078 2192 Christum.
1143 2135 1282 2202 Quid
1333 2137 1548 2191 heres?
1602 2136 1732 2206 quid
1783 2136 2033 2191 Chrisuts

433 2231 780 2288 eonlitendus
805 2233 877 2286 sit
903 2229 1061 2286 doce.
1095 2228 1228 2284 Nam
1259 2228 1356 2299 qui
1399 2245 1518 2299 quae
1543 2229 1742 2300 scripta
1785 2241 1910 2284 sunt
1937 2244 2035 2285 ne-

435 2340 550 2395 gas,
585 2323 713 2396 quid
772 2330 962 2389 restat,
991 2321 1094 2378 nisi
1126 2331 1187 2377 ut
1214 2337 1339 2393 quae
1368 2337 1475 2377 non
1503 2322 1698 2392 scripta
1743 2332 1872 2378 sunt
1916 2338 2037 2378 cre-

443 2417 581 2471 das?
625 2417 668 2469 0
725 2413 910 2470 infelix
961 2414 1235 2481 voluntas,
1273 2424 1329 2468 et
1385 2414 1602 2470 veritati
1639 2415 1893 2470 obnitens
1937 2414 2038 2470 fal-

438 2509 606 2564 sitas!
661 2506 794 2562 Cum
841 2506 895 2561 in
937 2504 1046 2560 ﬁde
1087 2516 1143 2562 et
1188 2505 1534 2563 confessione
1577 2508 1691 2562 veri
1721 2509 1814 2564 Dei
1869 2509 2039 2579 patris

443 2601 694 2658 Christus
720 2602 903 2655 unitus
928 2609 1036 2664 est,
1064 2614 1198 2670 rogo
1225 2614 1328 2670 qua
1353 2599 1456 2655 ﬁde
1485 2615 1643 2656 verus
1689 2602 1834 2657 Deus
1877 2617 2038 2672 nega-

443 2708 530 2752 tus
580 2704 830 2752 creatura
877 2709 1003 2750 esse
1039 2694 1275 2760 dicetur,
1314 2708 1437 2749 cum
1483 2694 1618 2750 ﬁdes
1669 2695 1816 2749 nulla
1863 2695 1936 2750 sit
1985 2696 2038 2750 in

444 2790 619 2846 solum
671 2805 858 2848 verum
900 2788 1069 2844 Deum
1117 2787 1416 2843 credidisse
1454 2789 1574 2844 sine
1617 2786 1874 2845 Christo?
1932 2789 2043 2845 Sed

435 2893 727 2954 angustum
763 2892 834 2949 te,
870 2882 1145 2948 lmretice,
1177 2892 1233 2936 et
1251 2880 1420 2936 divini
1450 2881 1684 2951 Spiritus
1707 2885 2041 2951 incapacem,

442 2977 748 3032 cwlestium
810 2975 1078 3030 dictorum
1123 2987 1232 3028 non
1272 2972 1387 3028 adit
1431 2988 1624 3028 sensus
1669 2991 1682 3027 :
1722 2983 1777 3028 et
1825 2975 2046 3043 vipereo

442 3067 736 3138 inspiratus
766 3082 972 3132 errore,
1005 3064 1281 3128 Christum
1324 3081 1510 3121 verum
1561 3067 1726 3120 Deum
1759 3067 1936 3122 nescis
1989 3069 2045 3122 in

2134 1888 2340 1948 patrem
2388 1873 2679 1930 nativitatis
2723 1874 2921 1928 veritas
2961 1870 3153 1926 doceat
3190 1868 3581 1925 conﬁtendum.
3609 1867 3726 1923 Non

2133 1970 2380 2026 deseruit
2411 1969 2574 2039 igitur
2596 1977 2753 2022 natus
2781 1966 2922 2021 Deus
2953 1973 3158 2020 naturae
3175 1977 3288 2018 suae
3311 1962 3694 2032 proprietatem
3719 1979 3734 2016 :

2136 2072 2189 2120 et
2227 2062 2459 2118 naturali
2487 2062 2538 2116 in
2567 2076 2633 2116 eo
2663 2060 2862 2114 virtute
2889 2063 2993 2122 est,
3023 2055 3177 2126 cujus
3208 2055 3262 2109 in
3291 2069 3353 2110 se
3384 2062 3532 2108 tenet
3577 2063 3731 2107 natu-

2136 2156 2541 2215 ralinativitate
2587 2163 2855 2211 naturam.
2894 2152 3010 2208 Non
3060 2151 3205 2207 enim
3249 2151 3301 2205 in
3342 2164 3408 2206 eo
3459 2149 3600 2204 Deus
3645 2154 3740 2201 aut

2138 2250 2470 2314 demutatus,
2519 2258 2611 2304 aut
2655 2249 2890 2318 degener
2927 2255 3040 2309 est;
3095 2260 3218 2298 cum
3278 2244 3322 2298 si
3355 2241 3502 2314 quod
3552 2240 3740 2296 vitium

2139 2341 2394 2398 nativitas
2437 2340 2730 2406 intulisset,
2761 2339 2809 2394 ei
2862 2339 3038 2408 potius
3082 2345 3288 2393 natura:
3332 2333 3740 2400 contumeliam,

2141 2448 2240 2503 per
2275 2446 2436 2502 quam
2467 2430 2718 2486 nativitas
2746 2429 3094 2493 subsistebat,
3127 2425 3198 2500 (ε)
3251 2426 3563 2492 inveheret,
3613 2427 3741 2480 dum

2142 2523 2288 2595 quod
2315 2539 2380 2579 ex
2409 2539 2468 2578 se
2494 2530 2578 2578 est
2605 2521 2880 2578 desineret
2908 2517 3071 2592 285
3101 2534 3222 2573 esse
3251 2516 3395 2588 quod
3427 2533 3584 2572 suum
3613 2528 3696 2572 est
3724 2535 3738 2571 :

2143 2629 2306 2688 atque
2350 2618 2423 2670 ita
2470 2629 2576 2670 non
2618 2629 2741 2669 etim
2789 2612 3088 2668 demutatio
3112 2609 3191 2682 (6)
3218 2608 3270 2682 (ί
3285 2610 3303 2682 )
3346 2619 3742 2679 corrumperet,

2145 2711 2235 2782 qui
2302 2709 2358 2763 in
2420 2706 2775 2763 substantiam
2839 2718 3033 2760 novam
3084 2703 3361 2757 nativitate
3401 2701 3740 2764 SubSlilel‘nl;

2147 2801 2244 2857 sed
2270 2816 2416 2866 eum,
2457 2800 2549 2871 qui
2580 2799 2635 2853 in
2666 2796 2944 2853 nativitate
2973 2794 3065 2849 ﬁlii
3097 2795 3366 2864 impotens
3396 2803 3602 2848 natura:
3632 2808 3745 2847 sua:

2149 2905 2336 2952 tenere
2362 2892 2745 2957 constantiam,
2779 2899 3063 2946 externum
3087 2887 3289 2960 aliquid
3327 2903 3359 2942 a
3397 2901 3456 2944 se
3482 2887 3747 2943 alienum-

2148 3001 2256 3057 que
2280 2986 2577 3056 genuisset.

2223 3081 2313 3136 57.
2361 3078 2545 3134 Unitas
2591 3076 2766 3131 Patris
2802 3084 2849 3130 et
2883 3073 3007 3129 Filii
3035 3089 3136 3128 non
3184 3073 3410 3128 humano
3440 3087 3580 3127 more
3606 3071 3752 3144 cogi-

445 3162 552 3219 ﬁde
595 3163 766 3219 Solius
809 3161 924 3218 veri
977 3161 1071 3218 Dei
1119 3161 1187 3216 ad
1226 3160 1352 3216 vitae
1397 3161 1759 3217 {eternitatem
1786 3162 2046 3218 conﬁten-
2078 3156 2123 3220 C
2156 3175 2334 3230 ιαηάη,
2390 3172 2518 3227 Filii
2548 3172 2806 3226 ησιίυξιαε,
2833 3199 2904 3210 --
2947 3168 3064 3224 Non
3093 3178 3178 3223 est
3227 3178 3405 3222 autem
3434 3209 3448 3231 ,
3497 3177 3550 3220 ut
3605 3181 3752 3234 sai-pc

445 3259 597 3314 dum.

516 3351 608 3405 56.
653 3349 733 3402 Eo
773 3349 910 3418 quod
948 3348 1092 3401 solus
1123 3346 1265 3402 Deus
1312 3335 1460 3400 uerus
1487 3345 1664 3414 Pater,
1704 3363 1853 3402 uerus
1893 3349 2049 3402 etiam

453 3441 591 3496 Deus
619 3451 691 3494 est
719 3437 970 3494 Christus.
1002 3438 1161 3492 Aliud
1187 3455 1299 3493 eum
1336 3439 1508 3493 dicere
1535 3437 1684 3493 Patri
1713 3449 1786 3493 est
1833 3440 2046 3510 injuria-

451 3549 587 3589 sum.
621 3561 691 3572 —
714 3531 822 3586 Sed
855 3530 1114 3586 Ecclesiae
1141 3530 1280 3586 ﬁdes
1304 3531 1478 3587 solum
1521 3548 1709 3586 verum
1745 3533 1908 3588 Deum
1963 3549 2055 3603 pa-

454 3635 590 3680 trem
619 3622 893 3689 cont'essa,
924 3621 1214 3679 conﬁtetur
1241 3632 1296 3678 et
1319 3621 1615 3679 Christum.
1649 3623 1833 3693 Neque
1863 3641 2050 3682 verum

451 3715 728 3772 Christum
777 3715 944 3769 Deum
995 3713 1322 3781 conﬁtendo,
1356 3729 1462 3770 non
1511 3725 1569 3772 et
1626 3717 1800 3773 solum
1861 3733 2053 3776 verum

453 3815 624 3872 Deum
641 3821 848 3885 patrem
869 3811 1161 3868 conﬁtetur
1182 3829 1194 3866 :
1216 3827 1392 3884 neque
1412 3829 1627 3869 rursum
1657 3815 1830 3871 solum
1863 3831 2051 3871 verum

519 3978 598 4046 (1)
629 3974 819 4040 Plane;
851 3989 996 4040 mox,
1029 3988 1129 4028 non
1156 3972 1414 4045 relinquit.

637 4047 932 4174 5352mm.
959 4115 1172 4179 Postea,
1194 4113 1318 4182 quid
1345 4116 1546 4171 lueret?
1571 4117 1696 4187 quid
1723 4117 1944 4172 moraris
1961 4119 1987 4172 Ρ

555 4190 616 4262 4)
659 4189 718 4244 In
764 4202 867 4244 ms.
917 4197 1126 4255 nostro,
1149 4187 1390 4242 substitit.
1421 4187 1589 4245 Paulo
1621 4199 1762 4260 post,
1793 4190 1987 4260 insepat

460 4187 616 4319 ωέι)
659 4189 718 4244 In
764 4202 867 4244 ms.
917 4197 1126 4255 nostro,
1149 4187 1390 4242 substitit.
1421 4187 1589 4245 Paulo
1621 4199 1762 4260 post,
1793 4190 2059 4260 insepara.

551 4278 598 4319 ε.

2147 3269 2260 3336 jam
2292 3264 2838 3321 commemoravimus
2863 3304 2876 3327 ,
2911 3263 2963 3316 in
2999 3261 3204 3316 unitate
3234 3259 3328 3314 Dei
3359 3260 3528 3329 patris
3554 3268 3608 3314 et
3651 3261 3750 3315 ltei

2157 3360 2250 3415 ﬁlii
2279 3359 2632 3414 humanarum
2667 3357 2853 3411 vitium
2883 3354 3198 3426 Opinionum
3224 3372 3237 3408 :
3264 3363 3325 3408 ut
3349 3355 3419 3408 sit
3447 3354 3534 3408 vel
3563 3361 3753 3408 cxten-

2155 3453 2258 3516 sio,
2293 3450 2376 3506 vel
2403 3449 2606 3514 series,
2638 3448 2720 3504 vel
2769 3446 2978 3511 ﬂuxus;
3008 3455 3064 3500 ut
3101 3454 3191 3499 aut
3233 3445 3403 3500 rivum
3436 3444 3554 3499 fons
3583 3443 3757 3499 ellua-

2155 3545 2248 3600 dat
2269 3545 2336 3600 ab
2365 3543 2594 3613 origine,
2625 3550 2718 3595 aut
2750 3556 2957 3595 ramum
2997 3539 3160 3592 arbor
3191 3545 3373 3592 teneat
3403 3538 3454 3591 in
3486 3538 3707 3591 caudice
3738 3580 3754 3601 ,

2157 3644 2248 3690 aut
2268 3634 2502 3690 calorem
2529 3633 2666 3702 ignis
2684 3631 2895 3685 emittat
2916 3629 2967 3683 in
2990 3629 3247 3700 spatium.
3267 3627 3391 3682 llaec
3421 3629 3563 3682 enim
3589 3629 3667 3698 (g)
3688 3629 3757 3681 ab

2159 3741 2218 3782 se
2261 3723 2601 3794 inseparabili
2649 3721 2994 3792 protensione
3041 3727 3259 3774 manent
3315 3719 3493 3788 potius
3515 3717 3754 3784 detenta,

2160 3835 2320 3892 quam
2341 3815 2420 3889 (It)
2445 3816 2548 3873 sibi
2576 3825 2735 3870 sunt:
2765 3815 2892 3870 dum
2920 3823 2975 3870 et
3010 3813 3159 3868 calor
3188 3812 3268 3884 (7)
3297 3811 3349 3867 in
3381 3813 3504 3884 igne
3528 3820 3613 3866 est
3639 3854 3655 3880 ,
3703 3821 3762 3867 et

2236 3974 2318 4046 (5)
2357 3973 2613 4046 cherret.
2649 3974 2823 4044 Atque
2843 3971 2915 4028 ita
2947 3984 3093 4042 saepe
3122 3968 3378 4026 scribitur
3400 3968 3504 4026 hoc
3533 3968 3762 4026 verbum

2161 4047 2216 4104 in
2244 4045 2433 4102 eudem
2466 4045 2672 4101 codice.

2261 4117 2316 4187 6)
2350 4115 2740 4182 Corrumpebat.

2261 4189 2316 4259 7)
2347 4188 2416 4244 In
2442 4189 2552 4260 igni
2577 4195 2670 4242 est.

530 4423 620 4498 (α)
661 4421 804 4498 _Sola_
829 4419 998 4498 editio
1030 4418 1175 4498 Pan,
1209 4416 1624 4498 urttts_D_ominus
1648 4417 1844 4498 Pater;
1885 4420 2044 4476 male.
2082 4431 2132 4494 ι)
2205 4423 2300 4498 _(e)
2331 4423 2494 4498 Editi,
2519 4422 2754 4498 inferret.
2781 4421 2851 4498 At
2873 4434 3004 4498 mss.
3029 4418 3214 4480 Corb..
3239 4417 3542 4498 hlarpﬂjat.
3563 4417 3678 4498 bas.
3700 4434 3765 4475 ac

460 4488 769 4566 Respicitur
793 4492 1048 4566 hiclocus
1075 4489 1520 4566 Apo:t_oli_l_Cor.
1553 4503 1673 4555 vnt,
1703 4488 1756 4566 _6,
1789 4489 1927 4545 libro
1959 4507 2052 4545 su-

463 4559 709 4640 periore,
779 4562 932 4632 cujus
981 4559 1136 4616 num.
1185 4562 1256 4616 55
1303 4559 1544 4628 videsis,
1597 4560 1817 4631 cupiose
1865 4571 2060 4618 tracta-

465 4652 569 4696 tus.

535 4711 610 4783 (ὁ)
656 4707 787 4764 Bad.
834 4720 976 4760 cum.
1030 4703 1438 4783 aliquotnmssq
1486 4711 1543 4755 ut
1589 4718 1707 4783 eum
1747 4702 1986 4758 credatur
2014 4713 2061 4759 et

464 4773 668 4836 Christo
711 4795 730 4835 .'
769 4773 1166 4848 quorumloco
1226 4773 1503 4848 Erasmus.
1557 4775 1754 4848 oblitus
1798 4784 2059 4848 quantum

463 4844 903 4923 przefatione'sua
935 4849 985 4923 in
1013 4845 1430 4923 illlejptllgltll‘ps
1457 4844 2062 4923 declamassethubsti-

465 4915 586 4989 iuit,
618 4931 674 4977 ut
702 4939 818 4976 cum
844 4918 1069 4973 creditur
1095 4915 1204 4972 Deo
1233 4915 1412 4989 Patri,_
1451 4917 1688 4972 credatur
1733 4925 1779 4971 et
1824 4915 2049 4972 Christo.

463 4986 676 5064 Lipsius
705 4991 919 5047 tandem
949 4990 1016 5064 de
1059 5004 1158 5043 suo
1207 4986 1462 5064 restituit,
1505 5004 1618 5064 cum
1663 4991 2056 5064 esse_credatur

462 5057 791 5120 et'Cltristus
813 5079 832 5118 :
860 5059 1003 5131 quod
1046 5067 1232 5130 postea
1255 5059 1503 5112 obtinuit.
1553 5057 1756 5131 Locum
1790 5060 1932 5131 hunc
1963 5077 2052 5115 re-

463 5138 725 5190 sarcimus
753 5133 820 5188 ad
853 5129 1015 5186 [idem
1046 5129 1175 5184 mss.
1211 5133 1262 5183 in
1295 5144 1521 5198 quorum
1565 5129 1736 5184 tribus
1777 5130 2054 5186 desidera-

465 5217 579 5272 tur,
605 5217 650 5260 et
681 5206 885 5261 Christo
909 5219 927 5256 :
961 5217 1080 5272 qua:
1127 5201 1377 5270 repetitio
1399 5200 1684 5270 quamdam
1734 5199 1896 5256 habet
1943 5219 2058 5256 ent-

468 5277 695 5346 phasim,
751 5279 852 5329 hoc
899 5274 1152 5328 nimirum
1201 5285 1361 5346 sensu
1417 5289 1430 5325 :
1485 5272 1564 5326 'l‘u
1607 5272 1696 5340 qui
1744 5288 1848 5346 non
1878 5273 1959 5328 vis
2001 5289 2059 5329 ut

466 5340 737 5402 Christum
782 5347 948 5400 Detttn
998 5357 1119 5398 esse
1167 5342 1476 5408 crcdanms,
1523 5358 1682 5411 quant
1723 5340 1774 5397 ei
1813 5351 2056 5399 naturam

430 5419 728 5501 deputas?
773 5419 845 5484 ei,
898 5417 1139 5486 inquam,
1187 5413 1278 5483 qui
1319 5413 1483 5467 vitam
1535 5423 1796 5468 aeternam
1847 5414 2054 5484 tribuit,

508 5499 580 5552 ui,
612 5499 716 5545 etc.

469 5508 988 5633 qu'(l:)eli:rvulgatis1
1031 5564 1217 5633 et_pro
1264 5561 1473 5633 nec;_et
1500 5552 1660 5633 infra,
1699 5555 2058 5628 inseparabilis

474 5624 570 5701 pro
599 5624 918 5701 reparabilis.
949 5624 1381 5701 Cgonlciuttionest
1409 5625 1570 5701 lectio
1594 5641 1724 5680 mss.

545 5698 626 5770 (d)
654 5695 880 5782 Antiqui
898 5699 1021 5753 cod.
1043 5695 1223 5766 Colb.,
1255 5696 1418 5753 Cant.
1448 5704 1505 5753 et
1528 5695 1712 5754 Germ.
1741 5707 1798 5752 ut
1817 5698 2059 5756 nativita-

473 5783 571 5827 tem
597 5778 802 5838 veritas,
833 5778 940 5825 etc.

2166 4489 2349 4566 plures
2373 4489 2486 4560 alii,
2510 4489 2784 4548 inueheret.
2808 4491 3054 4566 Quinque
3075 4489 3580 4566 er‘antiquioribus,
3601 4491 3765 4566 intue-

2165 4561 2298 4622 rer-et
2324 4586 2336 4620 :
2363 4567 2454 4636 qui
2476 4566 2690 4637 quidem
2707 4573 2863 4637 antea
2888 4563 3086 4637 habent
3103 4561 3156 4615 id
3173 4562 3362 4637 potius,
3381 4577 3486 4637 non
3506 4563 3550 4614 ei
3570 4564 3764 4631 potius.

2167 4632 2430 4707 Quocirca
2471 4632 2578 4692 non
2605 4636 2851 4703 displicet
2881 4649 3006 4707 cunt
3033 4633 3254 4707 Carnut.
3369 4633 3538 4707 potius
3567 4642 3766 4688 natura:

2168 4703 2577 4764 centuriarum...
2623 4709 2911 4761 inluereret.
2968 4705 3081 4759 Non
3127 4705 3268 4758 male
3299 4703 3386 4757 hic
3418 4703 3574 4758 Pater
3626 4722 3767 4759 nnti-

2169 4789 2395 4850 cupatur
2443 4792 2634 4835 natura
2681 4794 2777 4848 per
2820 4792 2978 4847 quam
3029 4777 3281 4850 nativitas
3313 4775 3604 4850 subsistit;
3637 4793 3762 4830 eum

2169 4846 2429 4909 adversus
2471 4846 2757 4906 haereticos
2803 4846 2982 4904 sermo
3030 4848 3120 4910 sit,
3173 4847 3262 4914 qui
3313 4846 3447 4900 Filio
3493 4847 3762 4901 diversam

2155 4923 2226 4978 ab
2269 4939 2336 4980 eo
2384 4937 2633 4979 naturam
2680 4919 3084 4975 adscribebant.
3130 4923 3300 4983 Quam
3352 4917 3452 4972 hoc
3497 4917 3640 4972 Patri
3694 4922 3766 4971 sit

2158 4995 2633 5059 contumeliosum,
2682 4991 3021 5046 demonstrat
3073 4993 3298 5058 August.
3327 4988 3502 5043 Serm.
3535 5003 3759 5053 cxxxrx,

2163 5083 2216 5119 η.
2250 5067 2304 5126 5.
2337 5076 2393 5121 et
2419 5065 2477 5122 4.
2516 5063 2632 5119 Vid.
2664 5079 2783 5131 sup.
2816 5061 2917 5116 col.
2952 5062 3078 5128 105,
3119 5069 3228 5114 not.
3287 5074 3340 5124 a,
3369 5069 3415 5114 et
3443 5059 3568 5122 19.6.
3601 5072 3710 5116 not.
3745 5061 3763 5116 i

2159 5135 2317 5210 hujus
2340 5137 2599 5210 editionis.

2235 5200 2313 5280 (Γ)
2348 5208 2468 5262 Par.
2494 5212 2825 5280 corruperat;
2855 5202 2984 5280 editi
3014 5200 3128 5267 alii,
3159 5200 3550 5274 corrumpebat:
3571 5216 3761 5256 etnon-

2162 5273 2357 5333 dantur
2380 5293 2446 5332 ex
2479 5292 2610 5331 mss.
2637 5275 2792 5330 Culb.
2823 5284 2879 5329 et
2906 5273 3092 5329 Germ.

2241 5348 2318 5420 (g)
2352 5349 2509 5420 Bad.,
2532 5346 2626 5402 Er.
2656 5356 2709 5420 et
2731 5361 2922 5420 unuse
2953 5343 3264 5420 mss.Vatic.
3298 5343 3552 5420 omittunt
3588 5345 3652 5397 ab
3675 5361 3762 5398 se:

2165 5414 2392 5491 pro'quu
2413 5419 2550 5491 alter
2575 5416 2743 5491 codex
2773 5417 2945 5491 Yatic.
2979 5415 3141 5470 habet
3168 5415 3220 5468 in
3247 5431 3321 5469 se.
3343 5414 3764 5491 Utrumquepn-

2166 5488 2270 5546 test
2304 5488 2551 5544 admitti.
2593 5488 2728 5543 Nam
2768 5488 2834 5544 ab
2864 5490 3054 5541 arbore
3104 5501 3285 5541 ramus
3312 5528 3326 5551 ,
3357 5501 3387 5539 a
3441 5489 3584 5539 fonte
3615 5488 3762 5541 rivus

2166 5562 2594 5631 protenduntur,
2624 5570 2680 5616 et
2708 5562 2758 5614 in
2792 5560 2855 5614 iis
2899 5558 3068 5613 nihilo
3111 5559 3287 5611 minus
3342 5556 3594 5612 indivulsi
3644 5573 3760 5612 ma-

2165 5643 2314 5688 ηειιι.

2241 5703 2320 5776 (Ιι)
2351 5695 2564 5776 Martio.
2595 5717 2695 5759 ms.
2720 5703 2815 5757 sibi
2845 5702 3054 5776 insunt;
3083 5699 3225 5770 quod
3259 5699 3513 5776 Erasmus
3542 5700 3607 5754 ad
3640 5700 3764 5756 lim-_

2171 5768 2650 5846 bum'adscripSit,
2678 5790 2740 5832 ac
2759 5783 2949 5847 postea
2991 5768 3139 5847 Lips.
3182 5780 3239 5832 et
3273 5771 3398 5830 Par.
3453 5771 3508 5830 in
3553 5780 3761 5831 textum
