4094 6180
445 241 544 300 5H

1650 240 1896 298 SANCTI
1938 240 2194 301 HlltABll
2237 239 2549 299 EPISCOPI

3649 246 3755 301 51?.

447 372 573 414 nem
620 357 878 413 unitatem
928 355 1163 437 Verbum
1214 368 1342 410 caro
1379 354 1610 424 factum,
1651 371 1775 412 cum
1816 356 2042 428 gloriam
2074 361 2123 421 Α
2149 355 2310 412 tionis
2335 366 2672 415 excesserat:
2699 356 2905 415 scilicet
2934 366 2992 414 ut
3018 357 3072 415 in
3117 374 3180 415 ea
3211 366 3404 415 natura
3436 374 3532 431 per
3551 360 3761 433 glorill-

454 449 619 507 Verbi
646 466 774 506 caro
794 459 1067 520 assumpta
1092 450 1373 505 tenuisset.
1405 449 1697 507 Reddenda
1728 451 1889 522 igitur
1908 450 2052 520 apud

450 558 513 600 se
538 545 711 613 ipsum
740 543 822 616 (a)
867 542 1013 598 Patri
1039 551 1157 599 erat
1210 543 1387 598 unitas
1426 557 1554 610 sua,
1599 554 1661 599 ut
1705 553 1912 599 naturae
1941 560 2054 600 sua:

451 635 712 692 nativitas
754 636 810 690 in
840 649 901 690 se
946 646 1158 688 rursum
1205 633 1554 705 gloriﬁcauda
1603 634 1899 691 resideret:
1929 637 2056 706 quia

449 730 867 801 dispensationis
884 729 1094 784 novitas
1110 727 1459 784 oliensionem
1483 729 1702 783 unitatis
1714 729 1983 797 intulerat;
2002 738 2059 786 et

453 825 635 880 unitas
652 830 709 877 ut
731 822 961 893 perlecta
1003 833 1160 877 antea
1191 821 1393 885 luerat,
1421 822 1567 875 nulla
1588 837 1708 877 esse
1728 837 1873 877 nunc
1905 831 2055 892 pote-

453 926 559 982 rat,
596 916 698 971 nisi
727 915 1021 985 glorilicata
1060 913 1200 983 apud
1222 928 1281 969 se
1311 913 1498 969 luisset
1524 915 1702 968 carnis
1733 914 2054 984 assumptio.

529 1008 622 1066 59.
647 1008 829 1064 Gloria
863 1008 1037 1062 I’atris
1057 1008 1224 1077 gloria
1256 1005 1415 1073 Filii,
1446 1008 1598 1076 idque
1631 1018 1779 1062 sonat
1812 1007 1953 1077 apud
1982 1015 2054 1063 te.

460 1103 589 1159 Haec
617 1104 810 1158 homini
831 1112 1094 1174 assumpto
1126 1117 1229 1155 non
1256 1116 1497 1155 concessa
1520 1144 1533 1167 ,
1566 1112 1771 1173 peracta
1793 1104 2058 1174 dispensa-

456 1200 593 1252 tione
621 1207 853 1268 rogatur.
874 1225 943 1236 -—
972 1196 1039 1249 Et
1070 1196 1271 1249 idcirco
1296 1203 1446 1251 tanto
1475 1207 1631 1250 antea
1666 1206 1965 1267 purpurato
1988 1195 2058 1251 ad

461 1289 586 1344 lidei
624 1288 783 1358 hujus
813 1286 1222 1357 intelligentiam
1250 1302 1415 1343 sensu
1435 1330 1451 1354 ,
1483 1303 1606 1344 cum
1638 1289 1893 1343 dixisset:
1935 1286 2059 1342 Ηωε

456 1391 527 1435 est
541 1390 708 1435 autem
726 1381 826 1435 vita
840 1390 1050 1443 (eterna,
1067 1389 1122 1432 ut
1133 1387 1438 1450 cognoscant
1452 1389 1499 1432 te
1514 1379 1676 1433 solum
1688 1395 1856 1433 verum
1871 1376 2057 1439 Deum.

461 1482 508 1526 et
527 1488 674 1544 quem
691 1472 873 1526 misisti
888 1471 1067 1526 Jesum
1090 1471 1346 1526 Christum
1372 1470 1553 1544 (loan.
1570 1487 1700 1539 χιιι,
1715 1470 1773 1543 5)
1793 1489 1807 1535 ;
1834 1471 2063 1541 subjecit

463 1563 759 1619 secundum
778 1563 1195 1632 dispensationis
1213 1578 1323 1617 sua:
1347 1545 1732 1631 obedientiam,
1754 1563 1863 1638 Ego
1889 1574 1937 1619 te
1951 1563 2063 1634 gis-—

463 1657 663 1726 ri/icavi
685 1672 838 1727 super
862 1665 1052 1709 terram
1073 1696 1088 1720 ,
1131 1672 1260 1725 opus
1302 1658 1674 1725 consummavi,
1706 1658 1845 1728 quod
1875 1657 2064 1713 dedisti

2156 450 2421 504 cntionem
2469 446 2654 505 rursus
2699 460 2872 519 esset,
2903 453 2958 508 in
2984 466 3091 524 qua
3129 464 3472 511 sacramento
3514 466 3633 512 erat
3677 457 3763 515 di-

2158 543 2296 600 vina:
2324 545 2614 600 nativitatis
2666 547 2876 613 unitas,
2903 545 2985 619 (g)
3011 560 3266 619 essetque
3297 549 3443 605 Patri
3492 550 3634 621 apud
3673 566 3765 608 se—

2157 637 2444 709 metipsum
2474 639 2837 708 glorilicatus:
2869 650 2927 695 ut
2971 643 3113 710 quod
3161 643 3302 713 apud
3346 659 3469 699 eum
3514 655 3639 701 ante
3669 647 3766 700 ha-

2158 730 2319 786 bebat
2340 742 2610 799 maneret,
2640 749 2813 805 neque
2840 734 3105 791 alienaret
3135 737 3204 792 ab
3230 753 3296 793 eo
3323 738 3512 794 fornice
3543 740 3635 795 Dei
3667 755 3766 795 ua-

2158 833 2362 907 turam,
2389 826 2577 882 formae
2607 828 2822 882 servilis
2868 832 3206 899 assumptio;
3247 831 3342 887 sed
3377 832 3515 900 apud
3562 842 3764 889 semel-

2160 915 2335 987 ipsum
2382 918 2706 988 glorilicarel
2740 919 2967 977 formam
2986 923 3151 983 servi.
3178 931 3235 978 ut
3260 934 3502 981 maneret
3532 924 3611 999 (h)
3637 942 3763 982 esse

2159 1010 2255 1067 Dei
2286 1011 2456 1066 forma
2481 1032 2494 1067 :
2524 1014 2650 1082 quia
2699 1017 2786 1085 qui
2840 1016 2893 1071 in
2926 1017 3021 1072 Dei
3051 1016 3220 1072 forma
3270 1029 3572 1085 manserat,
3622 1019 3767 1076 idem

2158 1105 2357 1160 eratin
2386 1105 2530 1161 servi
2560 1105 2752 1161 forma.
2783 1107 2852 1163 Et
2883 1124 3004 1163 cum
3034 1112 3174 1166 servi
3209 1110 3379 1167 forma
3417 1111 3768 1183 gloriﬁcanda

2161 1207 2305 1252 esset
2334 1197 2386 1251 in
2409 1198 2505 1253 Dei
2533 1198 2723 1262 forma,
2754 1201 2892 1271 apud
2912 1216 3035 1257 eum
3057 1203 3229 1270 ipsum
3252 1204 3599 1273 glorificantia
3623 1216 3764 1272 erat,

2161 1286 2215 1342 in
2233 1287 2384 1357 cujus
2408 1288 2577 1344 forma
2602 1289 2788 1344 fortun:
2805 1292 3017 1348 servilis
3035 1305 3152 1349 erat
3168 1294 3381 1351 habitus
3401 1295 3767 1352 honorandus.

2234 1380 2324 1435 40.
2351 1380 2518 1436 Verba
2542 1382 2637 1437 Dei
2662 1384 2857 1455 qualia.
2885 1383 3116 1440 Gloriam
3135 1389 3279 1441 carni
3299 1404 3403 1443 non
3444 1388 3604 1444 Verbo
3627 1405 3775 1461 qua:-

2163 1476 2280 1530 sivit
2307 1474 2560 1531 Christus.
2599 1477 2796 1532 --Non
2854 1494 2994 1534 nova
3046 1494 3177 1535 vero
3220 1480 3370 1547 hrec,
3414 1497 3596 1554 neque
3624 1498 3771 1539 nunc

2164 1571 2397 1640 primum
2431 1571 2755 1642 evangelieis
2796 1572 3057 1628 doctrinis
3087 1571 3154 1646 (ὅ)
3175 1575 3485 1643 consignata
3530 1590 3633 1631 vox
3662 1578 3774 1632 Do-

2168 1663 2300 1719 mini
2321 1672 2407 1720 est
2429 1684 2444 1718 :
2469 1673 2525 1719 et
2547 1664 2646 1720 hoc
2674 1668 2851 1737 ipsum
2874 1668 2955 1738 (j)
2989 1667 3322 1737 glorificandi
3354 1667 3470 1723 Filii
3517 1669 3659 1738 apud
3687 1684 3779 1724 se-

463 1746 591 1801 mihi
616 1756 674 1801 ut
696 1747 915 1816 [acerem
937 1745 1102 1819 (Ibid.
1135 1746 1215 1819 4).
1242 1747 1373 1803 Post
1398 1764 1537 1817 qute,
1564 1757 1621 1802 ut
1650 1750 1899 1805 meritum
1931 1750 2061 1806 obe-
2094 1752 2143 1812 B
2173 1759 2458 1826 tuetipsum
2489 1758 2581 1812 Dei
2633 1760 2798 1828 patris
2845 1770 3240 1814 sacramentqu
3271 1761 3633 1830 pulcherrima
3685 1761 3775 1817 illa

465 1841 680 1898 dientiae
697 1851 747 1897 et
766 1852 1160 1897 sacramentum
1186 1841 1346 1896 totius
1366 1841 1782 1911 dispensationis
1804 1842 2067 1913 intellige-

465 1953 671 2001 remus,
692 1937 920 2007 adjecit,
949 1935 1015 1990 Et
1043 1952 1178 1991 nunc
1200 1935 1275 2005 (b)
1303 1936 1539 2006 gloriﬁca
1559 1952 1638 1989 me
1665 1944 1720 1989 tu
1748 1934 1907 1989 Pater
1930 1936 2072 2008 apud

468 2032 789 2103 temetipsum
815 2029 982 2103 gloria
1021 2045 1174 2099 quam
1213 2028 1461 2083 habebam
1483 2070 1497 2095 ,
1523 2038 1795 2099 antequam
1826 2027 2071 2082 swculum

468 2132 626 2190 esset,
654 2123 796 2194 apud
838 2132 886 2176 te
914 2120 1078 2193 (Ibid.
1112 2122 1191 2195 5).
1224 2122 1328 2191 Qui
1353 2136 1573 2177 manere
1593 2118 1865 2176 Chrismm
1898 2122 1950 2175 in
1978 2136 2060 2175 na-

467 2227 588 2272 tura
616 2216 711 2271 Dei
738 2216 987 2287 denegat,
1004 2225 1059 2271 et
1080 2214 1496 2286 inseparabilem
1526 2230 1649 2271 esse
1669 2226 1831 2286 atque
1858 2213 2071 2270 indili‘e-

467 2320 676 2364 renlem
712 2324 743 2363 a
774 2309 891 2364 solo
929 2308 1041 2363 Deo
1072 2323 1199 2364 vero
1227 2324 1332 2363 non
1355 2306 1560 2373 credit;
1604 2311 1929 2379 respondeat
1952 2323 2073 2379 qum

468 2402 633 2474 hujus
660 2404 934 2474 petitionis
953 2405 1024 2459 sit
1045 2403 1203 2468 ratio,
1223 2402 1291 2458 Et
1312 2418 1448 2457 nunc
1475 2402 1712 2475 gloriﬁca
1730 2419 1809 2457 me
1834 2412 1889 2456 tu
1918 2400 2076 2455 Pater

469 2501 616 2571 apud
633 2502 969 2572 temetipsum.
1003 2499 1143 2569 Quid
1168 2501 1311 2556 enim
1333 2514 1511 2555 causa:
1539 2509 1645 2566 est,
1675 2507 1732 2553 ut
1760 2514 1886 2554 eum
1917 2497 2075 2553 Pater

472 2593 741 2664 gloriﬁcet
762 2593 905 2664 apud
931 2594 1316 2664 semetipsum?
1349 2601 1441 2648 aut
1467 2607 1589 2663 qua:
1627 2590 1780 2646 verbi
1819 2589 1979 2661 hujus
2004 2594 2074 2644 si-

469 2684 750 2755 gniﬁcatio
769 2685 889 2741 θειιῖ
910 2686 1074 2756 quive
1090 2684 1498 2757 significationis
1525 2683 1747 2741 eﬂ'ectus
1771 2684 1888 2739 est?
1914 2683 2078 2738 Pater

467 2790 705 2848 namque
727 2791 835 2832 non
856 2785 979 2848 eget
994 2777 1164 2848 gloria
1184 2818 1199 2843 ,
1230 2792 1330 2832 uec
1350 2792 1411 2833 se
1445 2776 1784 2833 exinanierat
1808 2775 1876 2832 de
1903 2775 2073 2833 forma

469 2870 658 2943 gloria:
688 2885 821 2925 suae.
854 2868 935 2942 (l)
976 2869 1260 2938 Quomodo
1311 2879 1490 2926 autem
1538 2869 1681 2939 apud
1724 2869 2076 2940 semetipsum

473 2964 871 3035 gloriﬁcaturus
898 2973 983 3020 est
1023 2964 1253 3031 Filium,
1283 2973 1424 3020 etea
1475 2965 1647 3034 gloria
1702 2980 1860 3035 quam
1889 2964 2077 3020 habuit

474 3058 619 3130 apud
677 3073 799 3113 eum
847 3067 973 3113 ante
1018 3057 1205 3114 mundi
1257 3057 1735 3113 eousdtutionem?
1781 3056 1887 3113 Sed
1934 3056 2075 3127 apud

2172 1852 2287 1921 spei
2331 1866 2443 1905 sua:
2472 1853 2829 1922 gratulatione
2857 1862 3086 1909 testatus
3107 1863 3188 1910 est
3217 1862 3327 1909 tum
3350 1896 3367 1921 ,
3399 1869 3521 1911 cum
3541 1854 3676 1910 Juda
3706 1857 3778 1912 ad

2174 1943 2537 2013 proditionem
2588 1954 2820 2000 exeunte
2863 1987 2878 2012 ,
2924 1946 3121 2017 gaudio
3167 1948 3606 2003 consummanda:
3664 1964 3781 2005 sua:

2172 2034 2603 2104 dispensationis
2635 2036 2806 2092 elatus
2851 2038 2966 2093 luce
3005 2038 3176 2093 dixit:
3210 2038 3364 2093 Nunc
3409 2038 3782 2108 honori/iratus

2176 2138 2254 2183 est
2281 2128 2423 2197 [ilius
2450 2128 2674 2183 hominis
2693 2171 2707 2194 ,
2757 2138 2804 2183 et
2834 2128 2976 2184 Deus
3021 2130 3392 2202 honoriﬁcam
3419 2143 3492 2186 est
3518 2133 3570 2187 in
3595 2149 3673 2187 eo.
3716 2132 3781 2187 Si

2176 2220 2318 2276 Deus
2368 2220 2738 2291 honoriﬁcatus
2780 2231 2857 2277 est
2901 2221 2956 2276 in
2996 2238 3056 2276 eo
3085 2263 3101 2289 ,
3145 2231 3192 2277 et
3222 2222 3364 2276 Deus
3411 2223 3776 2292 honorificavit

2176 2330 2291 2369 eum
2316 2315 2371 2369 in
2399 2331 2473 2379 se,
2499 2323 2549 2369 et
2574 2314 2717 2370 Deus
2757 2317 2993 2388 protinus
3046 2316 3403 2386 honoriﬁcauit
3448 2332 3565 2370 eum
3592 2315 3779 2385 (Joan.

2179 2425 2296 2477 xui,
2327 2409 2419 2474 51,
2448 2408 2566 2480 32).
2601 2407 2740 2476 Quid
2771 2408 2953 2465 limosi
2977 2409 3224 2476 corporis
3256 2422 3448 2478 graves
3473 2410 3690 2474 anim-.e,
3722 2419 3785 2464 et

2179 2501 2437 2557 sordente
2491 2501 2729 2572 peccatis
2783 2502 3114 2557 conscientia
3178 2500 3376 2557 faetida:
3437 2515 3785 2572 ctenosaeque

2179 2593 2257 2669 (It)
2273 2603 2480 2650 mentes
2496 2609 2665 2666 usque
2679 2594 3017 2666 adjudicium
3044 2593 3242 2649 divina:
3265 2592 3333 2649 de
3349 2608 3408 2648 se
3433 2593 3786 2664 professionis

2182 2687 2482 2743 inﬂamur?
2513 2697 2569 2743 et
2593 2689 2829 2745 arbitros
2858 2700 2957 2742 nos
2987 2695 3192 2742 naturte
3207 2686 3446 2742 ctelestis
3475 2687 3551 2759 (id
3576 2697 3669 2754 est,
3698 2687 3787 2742 di-

2183 2780 2349 2851 vinae)
2374 2779 2717 2849 deputantes,
2750 2778 2930 2849 impiis
2976 2778 3042 2832 ad
3067 2778 3235 2834 Deum
3267 2764 3552 2834 calumnia:
3584 2788 3785 2834 nostra:

2181 2870 2635 2942 disputationibus
2668 2868 2731 2943 (ι)
2767 2870 3136 2927 rebellamus?
3163 2870 3371 2937 Quanta
3422 2868 3596 2939 potuit
3633 2870 3783 2926 enim

2182 2961 2446 3018 Dominus
2487 2964 2774 3019 verborum
2829 2963 3178 3033 simplicitate
3220 2962 3586 3033 cvangelicam
3621 2961 3785 3018 ﬁdem

2181 3055 2395 3111 loeutus
2423 3064 2536 3111 est:
2564 3064 2620 3111 et
2656 3057 2706 3110 in
2750 3063 2956 3110 tantum
2985 3055 3055 3110 ad
3101 3055 3507 3126 intelligentiam
3539 3066 3785 3111 nostram

480 3167 606 3210 eum
636 3151 836 3209 habere
865 3152 958 3222 qui
987 3166 1182 3208 sensus
1210 3152 1330 3206 est?
1360 3150 1478 3205 Non
1526 3152 1670 3206 enim
1700 3150 1774 3206 ait
1814 3150 2039 3221 gloriam
2063 3192 2078 3217 ,
2107 3135 2154 3198 C
2186 3162 2470 3203 sermones
2498 3149 2734 3217 aptavit,
2770 3148 2822 3202 in
2853 3157 3112 3218 quantum
3146 3157 3350 3203 natura:
3382 3159 3583 3204 nostra:
3614 3146 3790 3204 ferret

477 3259 638 3314 quam
689 3243 952 3299 trahebam
998 3253 1285 3312 antequam
1325 3243 1583 3298 saeculum
1645 3250 1824 3309 esset,
1858 3242 1930 3315 (ε)
1957 3258 2077 3297 cum

479 3350 657 3393 essem
686 3335 829 3405 apud
882 3344 968 3400 te;
1003 3334 1098 3390 sed
1147 3335 1400 3403 gloriam,
1429 3350 1588 3405 quam
1636 3334 1900 3390 habebam
1939 3334 2079 3405 apud

479 3438 557 3485 te.
586 3428 723 3483 Esse
753 3428 900 3484 enim
926 3428 1069 3498 apud
1100 3437 1174 3496 te,
1217 3429 1602 3485 consistentem
1650 3428 1948 3500 signiﬁcat:
1983 3430 2080 3482 ha-

478 3519 615 3577 bere
657 3533 837 3578 autem
888 3521 1029 3593 apud
1076 3531 1161 3584 te,
1209 3529 1413 3577 natura:
1459 3531 1860 3577 sacramentum
1899 3521 2078 3577 docet.

483 3611 737 3684 Gloriﬁca
765 3614 844 3686 (2)
868 3630 999 3669 vero
1029 3613 1112 3689 (d)
1143 3631 1224 3670 me
1244 3615 1386 3684 apud
1415 3625 1482 3678 te,
1515 3630 1621 3669 non
1650 3614 1791 3670 idem
1829 3614 2079 3685 estquod

479 3707 722 3779 gloriﬁca
760 3724 863 3769 me.
896 3707 1014 3764 Non
1050 3710 1193 3764 enim
1240 3707 1592 3778 semetipsum
1639 3707 1928 3780 gloriﬁcari
1967 3719 2083 3764 tan-

479 3812 595 3856 tum
626 3801 792 3874 288
814 3801 910 3868 ita,
942 3810 999 3855 ut
1019 3800 1121 3856 sibi
1149 3800 1348 3871 aliquid
1375 3801 1445 3855 sit
1472 3800 1543 3873 (e)
1574 3801 1845 3871 proprium
1873 3801 2081 3871 gloriae,

481 3902 672 3965 rogat:
697 3895 794 3950 sed
819 3894 959 3966 apud
990 3895 1342 3964 semetipsum
1373 3894 1587 3950 Patrem
1611 3894 1899 3965 glorilicari
1928 3910 1987 3949 se
2016 3894 2086 3949 ab

481 4004 550 4045 eo
572 4000 844 4061 precatur.
875 3990 946 4047 Ut
968 3991 1112 4046 enim
1143 3991 1196 4045 in
1226 3990 1431 4047 unitate
1456 4005 1555 4046 sua
1579 4000 1822 4045 maneret
1850 3999 1909 4044 ut
1937 4006 2088 4045 man-

481 4094 671 4149 serat,
702 4084 1099 4156 glorilicatnrus
1139 4100 1263 4141 eum
1294 4083 1436 4155 apud
1477 4099 1536 4140 se
1577 4084 1737 4139 Pater
1778 4093 1928 4147 erat;
1961 4084 2089 4156 quia

483 4175 668 4246 gloria:
689 4192 803 4234 sua:
836 4176 920 4249 (5)
955 4179 1132 4234 unitas
1174 4177 1242 4249 (Ῑ)
1277 4192 1372 4249 per
1397 4176 1772 4232 obedientiam
1806 4175 2091 4248 dispensa-

556 4334 640 4479 ta
670 4334 1110 4461 ιιιξείοειεςςτσο·

2186 3242 2497 3308 inﬁrmitas;
2531 3251 2839 3297 nontamen
2874 3251 2933 3296 ut
2989 3241 3191 3312 aliquid
3237 3243 3417 3298 minus
3441 3242 3660 3314 dignum
3690 3255 3792 3295 na-

2189 3343 2323 3389 turae
2351 3350 2463 3388 sum
2485 3334 2767 3404 majestate
2806 3333 3140 3404 loqueretur.
3190 3333 3259 3389 Et
3293 3335 3519 3405 primam
3565 3333 3789 3405 quidem

2187 3425 2314 3485 dicti
2363 3427 2444 3481 sui
2499 3425 2953 3496 signiﬁcationem
2995 3442 3104 3481 non
3151 3427 3454 3498 ambiguam
3502 3426 3790 3495 existimo,

2187 3534 2309 3574 cum
2335 3518 2406 3573 ait
2430 3536 2442 3571 :
2475 3516 2633 3573 Nunc
2661 3518 3032 3588 houoriﬁcatus
3055 3531 3128 3575 est
3156 3521 3299 3597 [ilius
3326 3519 3569 3576 hominis.
3598 3520 3791 3577 Gloria

2191 3610 2334 3665 enim
2362 3610 2538 3666 omnis
2582 3625 2686 3665 non
2715 3610 2918 3674 Verbo,
2958 3611 3053 3667 sed
3105 3614 3256 3668 carni
3296 3613 3706 3684 acquirebatur:
3732 3614 3795 3669 id

2191 3714 2295 3770 est.
2326 3721 2431 3760 non
2457 3705 2719 3760 nalivitati
2745 3705 2911 3778 289
2939 3706 3075 3773 Dei,
3109 3706 3203 3762 sed
3247 3707 3358 3763 nali
3403 3707 3639 3763 hominis
3676 3706 3799 3763 dis-

2194 3799 2518 3870 pensationi.
2549 3798 2662 3853 lloc
2706 3812 2838 3853 vero
2865 3798 3009 3867 quod
3054 3801 3319 3871 sequitur,
3347 3800 3477 3873 quid
3519 3800 3797 3871 signiﬁcet

2193 3900 2487 3968 interrogo,
2522 3896 2589 3951 Et
2618 3896 2754 3951 Deus
2798 3895 3173 3966 honoriﬁcatus
3199 3904 3274 3949 est
3301 3896 3354 3948 in
3399 3910 3477 3949 eo.
3523 3893 3796 3950 Honoriﬁo

2192 4000 2370 4047 catum
2400 3992 2543 4048 enim
2570 3992 2624 4047 in
2643 4007 2710 4047 eo
2740 3996 2904 4047 Deum
2934 3991 3131 4045 audio:
3162 4001 3214 4045 el
3239 3990 3364 4062 quid
3407 3989 3546 4046 istud
3594 3990 3665 4046 sit
3704 4005 3798 4045 se-

2194 4083 2427 4139 cundum
2461 4083 2867 4152 intelligentiam
2896 4090 3064 4147 tuam,
3098 4082 3376 4161 haeretice,
3395 4082 3606 4151 ignoro.
3642 4080 3793 4137 Deus

2196 4178 2339 4234 ineo
2385 4176 2774 4233 honoriﬁcatus
2814 4184 2928 4243 est,
2977 4177 3028 4230 in
3059 4176 3171 4231 lilio
3207 4178 3390 4248 utique
3433 4175 3703 4231 hominis:
3734 4186 3799 4232 et

2264 4333 2346 4408 (5)
2376 4333 2421 4390 ι]
2427 4334 2655 4390 nitatem.

555 4549 634 4624 (a)
660 4550 771 4607 Seu
795 4567 827 4604 a
851 4548 1030 4614 Patre,
1066 4549 1225 4604 tacita
1249 4560 1383 4603 voce
1412 4544 1584 4601 Filio:
1604 4544 1697 4617 qui
1727 4543 1967 4599 nativitas
1994 4561 2087 4599 ua—
2112 4548 2167 4609 D
2191 4555 2245 4600 et
2272 4544 2388 4610 En,
2422 4553 2474 4598 ut
2501 4552 2727 4624 [inniteret
2748 4542 2849 4624 Dei
2870 4548 3037 4624 [arma
3060 4544 3226 4624 Lquia
3247 4544 3335 4616 qui
3372 4544 3423 4600 iu
3452 4548 3620 4616 forma
3657 4545 3797 4601 servi

486 4635 618 4679 tura:
645 4638 754 4677 ειιω

557 4695 633 4780 (ιν)
659 4688 882 4780 9mm-
908 4693 1101 4780 οοάεκε
1136 4691 1381 4780 claim
1411 4706 1598 4780 resse,
1625 4688 2087 4780 aerisaeris:

490 4762 623 4822 buiﬁ
659 4765 793 4820 'l‘um
852 4780 958 4820 ms.
1001 4763 1121 4819 Vat.
1165 4764 1286 4818 bas.
1334 4772 1607 4833 antequam
1669 4762 1893 4815 mundus
1962 4769 2091 4814 esset

490 4837 633 4892 anud
659 4847 726 4892 te.

525 4857 638 4981 p2?)
659 4857 788 4964 ilice
800 4908 986 4981 verba,
1003 4924 1118 4961 cum
1140 4923 1299 4981 essent
1311 4905 1452 4979 apud
1467 4915 1534 4972 te,
1550 4904 1749 4959 omittit
1769 4902 1941 4959 codex
1966 4901 2085 4957 Val.

491 4979 639 5043 bas;
662 4980 757 5035 sed
787 4979 962 5035 omitti
994 4994 1100 5035 non
1130 4979 1348 5034 debent.
1766 5018 1779 5037 .

564 5053 647 5120 (ά)
675 5050 809 5105 Illud
838 5068 915 5104 me
939 5050 1237 5120 adjeeimus
1263 5065 1329 5105 ex
1380 5062 1483 5104 ms.
1510 5046 1632 5101 Vat.
1667 5047 1782 5101 bas.
1835 5055 1890 5101 et
1920 5045 2093 5101 altero

494 5122 767 5179 Vaticana:
792 5121 1156 5178 bibliothecae.

569 5193 645 5265 (e)
677 5193 731 5249 Id
754 5203 839 5249 est
864 5233 879 5258 ,
908 5207 1015 5247 non
1043 5202 1196 5263 rogat
1237 5200 1295 5247 ut
1344 5189 1550 5265 aliquid
1594 5187 1778 5265 gloria;
1820 5186 1953 5265 sibi_
1973 5201 2097 5265 pro-

494 5258 673 5335 prium
700 5265 952 5320 obveniat
978 5278 1043 5319 ac
1073 5258 1376 5333 peculiare,
1405 5258 1547 5332 quod
1568 5258 1691 5316 cum
1720 5258 1890 5330 gloria
1917 5258 2097 5315 Patris

497 5350 605 5392 non
639 5348 861 5405 prorsus
881 5349 1170 5390 commune
1193 5336 1287 5390 sit.

569 5403 755 5478 (n‘sic
772 5406 1030 5478 potiores
1057 5420 1190 5478 mss.
1215 5408 1284 5460 At
1305 5403 1458 5478 editi,
1489 5403 1756 5478 unitatem.

569 5472 646 5550 (ό)
674 5472 865 5550 ϐοᾶὸιι
889 5476 1008 5532 Vat.
1059 5477 1174 5532 bas.
1204 5491 1326 5531 cum
1365 5474 1608 5543 Marum,
1638 5482 1863 5545 essetqtte
1904 5472 2097 5530 Pater:

496 5549 642 5619 quod
681 5563 787 5603 non
818 5549 1014 5617 placet.

574 5617 654 5691 (In)
703 5620 758 5673 In
787 5620 1015 5691 vulgatis
1042 5619 1198 5675 deest
1237 5635 1365 5684 esse,
1390 5618 1533 5690 quod
1553 5618 1837 5691 suppletur
1859 5631 1924 5672 es
1956 5631 2089 5691 mss.

500 5688 593 5749 Sic
636 5688 899 5765 satiram;
920 5689 1017 5745 l4:
1048 5707 1152 5746 non
1189 5701 1245 5765 μι
1274 5688 1550 5765 Christus.
1575 5692 1660 5760 qui
1700 5690 1754 5743 in
1784 5688 2091 5765 forata_Dei

496 5770 627 5829 erat,
655 5754 884 5818 Christus
911 5772 1018 5817 esse
1044 5778 1145 5819 non
1174 5754 1400 5819 maneat.
1423 5754 1558 5820 Male
1578 5754 1756 5820 autem
1783 5754 1924 5833 apud
1954 5759 2084 5816 Bad.

774 4629 960 4691 postea
986 4630 1226 4676 vocatur.

2192 4625 2470 4680 manserat,
2504 4616 2640 4671 idem
2659 4617 2839 4671 eratin
2867 4615 3031 4686 forma
3055 4615 3172 4670 Dei.

2265 4686 2330 4759 (ἱ)
2352 4689 2471 4742 Par.
2495 4703 2617 4742 cum
2641 4698 2823 4744 vetere
2851 4702 2955 4759 ms.
2984 4687 3163 4754 Colb.,
3185 4688 3509 4757 conﬁrmata.

2267 4758 2339 4830 (il
2368 4759 2493 4814 Mss.
2535 4759 2805 4830 VatLIias.
2832 4768 2887 4813 et
2912 4758 3122 4813 Martio.
3147 4801 3161 4825 ,
3187 4759 3468 4829 gloriﬁcari
3485 4774 3505 4814 :
3533 4768 3643 4815 tum
3697 4773 3801 4815 so-

2196 4828 2283 4885 lus
2303 4831 2426 4886 Vat.
2459 4832 2598 4897 bas.,
2628 4828 2677 4883 F
2680 4829 2825 4884 ilium
2866 4831 3010 4901 apud
3053 4828 3376 4901 semetipsum
3409 4832 3473 4886 de
3506 4830 3683 4885 Patris
3711 4847 3806 4885 sa-

2194 4911 2486 4956 cramento:
2517 4902 2793 4957 mendose.
2823 4902 2916 4956 Hic
2935 4917 3035 4955 vox
3058 4912 3434 4956 sacramentum
3462 4903 3690 4972 perinde
3710 4902 3765 4957 in
3781 4933 3805 4945 -

2198 4972 2621 5043 telligendaest,
2655 4986 2719 5027 ac
2737 4974 2782 5026 si
2825 4971 3047 5041 repetita
3080 4980 3228 5028 esset
3256 4974 3309 5028 in
3348 4971 3491 5028 hunc
3534 4974 3754 5029 modum
3785 4992 3803 5029 :

2198 5042 2333 5099 Filii
2377 5042 2518 5112 apud
2569 5044 2918 5114 semetipsum
2967 5043 3300 5112 glorilicandi
3356 5055 3752 5101 sacramentmn
3782 5088 3804 5114 ,

2197 5115 2341 5185 quod
2376 5115 2468 5168 Dei
2491 5114 2665 5169 Patris
2692 5128 3090 5169 sacramentum
3124 5126 3234 5179 est,
3272 5115 3323 5170 id
3352 5125 3456 5180 est,
3486 5119 3702 5186 propria
3725 5116 3800 5171 il-

2200 5187 2302 5241 lius
2326 5186 2496 5240 ratio:
2528 5200 2635 5256 quo
2665 5199 2829 5240 sensu
2859 5201 3006 5239 num.
3042 5187 3104 5241 5i
3138 5187 3338 5242 dictum
3396 5196 3502 5254 est,
3524 5188 3809 5243 Auctorem

2201 5257 2479 5313 nativitatis
2508 5272 2617 5310 esse
2636 5297 2651 5322 ,
2683 5266 3061 5311 sacramentum
3092 5267 3356 5325 paternum
3383 5268 3476 5314 est.

2274 5327 2352 5401 (It)
2374 5327 2697 5401 iAdjecimgus
2721 5337 2911 5382 utentes
2932 5344 2996 5383 ex
3032 5342 3164 5384 mss.

2275 5398 2344 5474 (gl)
2370 5398 2578 5474 Ba_d._et
2600 5399 2700 5474 Er.
2722 5414 2846 5474 eum
2876 5415 2983 5454 uno
3012 5415 3113 5455 ms.
3143 5400 3314 5474 Yatic.
3365 5401 3630 5474 fallimus.
3653 5403 3808 5472 quod

2202 5482 2258 5528 et
2288 5468 2652 5527 hahuitCorb.
2680 5485 2707 5523 a
2743 5472 2911 5539 prima
2942 5487 3123 5526 manu.
3168 5470 3290 5527 Par.
3315 5468 3438 5528 etim
3475 5488 3607 5528 mss.
3640 5468 3801 5529 Colb.

2197 5559 2263 5600 ac
2282 5542 2469 5615 Germ.
2494 5558 2871 5615 repugnamus.
2892 5539 3241 5615 Praeferimus
3267 5558 3391 5599 cum
3426 5543 3571 5615 Lips.
3603 5555 3655 5600 et
3674 5545 3802 5602 aliis

2198 5631 2326 5670 mss.
2369 5614 2693 5669 rebellmnus.
2738 5614 2831 5669 Sic
2862 5614 2957 5669 lib.
2991 5628 3028 5668 ιι
3071 5613 3139 5669 ad
3194 5613 3570 5671 Consumto.
3601 5615 3665 5671 6:
3698 5621 3799 5672 sub

2188 5685 2483 5760 reﬁciendis
2509 5684 2815 5742 novitatibus
2843 5686 2984 5741 novis
3038 5686 3138 5757 ipsi
3161 5686 3231 5741 ad
3264 5687 3426 5742 Deum
3464 5687 3669 5745 vocibus
3706 5703 3799 5742 rc-

2186 5759 2458 5816 bellamus.
