4094 6180
470 253 575 311 515

1676 249 1921 309 SANCTI
1961 249 2217 307 lllLARll
2245 249 2548 309 EPlSCOPl

3670 253 3777 308 51ιῖ

473 369 541 424 Et
565 381 688 423 cum
715 373 838 438 post
857 366 1191 422 nativitatem
1205 365 1784 437 hominisglorilicatus
1807 367 1859 422 in
1883 367 2058 421 ltomi-
2088 368 2143 428 Α
2167 368 2279 422 veri
2307 368 2388 422 sit-
2415 368 2530 423 haec
2559 366 2892 424 necessitatis
2913 367 3204 424 confessio:
3240 370 3424 436 Amen,
3469 386 3619 426 amen
3649 371 3769 424 dico

471 481 562 531 ne,
581 465 634 520 in
653 472 861 520 natura:
887 478 998 519 suae
1023 477 1233 517 rursum
1251 463 1476 533 gloriam
1507 463 1778 528 clarescit;
1794 465 1844 516 in
1860 477 1920 518 se
1943 477 2067 515 eum

475 555 618 613 Deus
646 554 930 621 clariﬁcat,
981 567 1104 608 cum
1135 553 1188 609 in
1221 563 1426 608 natura:
1457 562 1694 624 paternae
1721 553 1968 625 gloriam,
2003 553 2070 610 ab

475 664 537 704 ea
569 664 663 719 per
691 648 1148 718 dispensationem
1185 655 1502 713 evacuatus,
1535 647 1852 701 assumitur.

545 741 636 795 4‘2.
683 740 804 794 Non
831 740 938 794 alia
987 739 1166 795 Patris
1189 750 1236 794 et
1281 739 1408 794 Filii
1457 739 1640 809 gloria.
1679 737 1797 791 Vita
1849 753 1951 791 non
1998 746 2069 790 est

475 833 642 888 Deam
665 851 814 888 nosse
842 837 950 889 siue
977 832 1204 897 Christo,
1221 836 1309 904 qui
1329 844 1376 888 et
1403 833 1542 888 Deus
1573 850 1720 888 uerus
1750 831 2060 886 est—Con-

473 925 644 980 cludit
682 935 860 980 antem
907 926 1320 980 audacissimum
1348 926 1638 995 Impietntis
1684 933 1788 979 tua:
1835 923 2071 978 furorem

465 1018 772 1088 apostolica
828 1018 982 1082 fides,
1015 1034 1079 1073 ne
1101 1034 1208 1088 quo
1241 1019 1452 1074 licentia
1492 1018 1676 1073 liberze
1704 1017 2074 1087 intelligentia:

475 1113 742 1182 evageris,
769 1127 892 1167 cum
917 1113 988 1165 ait
1015 1130 1028 1166 :
1061 1110 1127 1165 Et
1151 1112 1317 1165 omnis
1374 1110 1550 1182 lingua
1585 1107 1927 1181 conﬁtebitur,
1951 1107 2072 1177 quia

476 1202 731 1259 Dominus
751 1202 784 1257 J
792 1222 907 1259 esus
939 1205 1020 1275 (Ι)
1045 1205 1097 1258 in
1117 1205 1283 1275 gloria
1301 1202 1400 1257 Dei
1431 1205 1591 1272 patris
1618 1204 1844 1274 (Philip.
1869 1219 1928 1268 ll,
1960 1201 2071 1272 ll).

478 1297 649 1362 Quem
679 1296 822 1350 enim
853 1295 907 1350 in
946 1310 1072 1350 sese
1118 1295 1277 1350 Pater
1301 1295 1644 1366 glorificavit,
1681 1295 1733 1349 in
1759 1301 1874 1364 ejus
1901 1294 2074 1364 gloria

479 1388 815 1444 conﬁtendus
861 1400 964 1444 est.
1011 1389 1074 1442 Et
1103 1390 1195 1458 qui
1224 1389 1276 1443 in
1309 1388 1483 1442 Patris
1523 1388 1694 1458 gloria
1733 1387 2075 1442 confitendus

481 1494 586 1549 est,
615 1482 691 1554 (a)
726 1488 781 1536 et
803 1497 967 1551 quem
1012 1481 1062 1534 in
1094 1496 1152 1535 se
1183 1481 1338 1535 Pater
1364 1480 1684 1550 glorificavit
1705 1522 1719 1544 ,
1764 1480 1817 1534 in
1848 1479 1932 1534 his
1959 1479 2076 1535 sine

477 1577 642 1632 dubio
670 1576 1048 1646 intelligendus
1093 1586 1344 1640 estesse,
1392 1575 1589 1646 quibus
1614 1575 1773 1630 Pater
1798 1587 1910 1640 est;
1953 1589 2073 1629 cum

477 1679 536 1725 et
567 1672 619 1724 in
651 1685 850 1724 secum
875 1669 1284 1739 gloriﬁcaverit,
1317 1678 1370 1723 et
1401 1669 1455 1724 in
1497 1669 1668 1738 gloria
1699 1672 1819 1736 ejus
1849 1668 1920 1723 sit
1940 1683 2075 1722 con-

2169 463 2332 528 vobis,
2375 478 2475 515 non
2521 471 2680 532 potest
2731 457 2778 513 F
2780 462 2901 516 ilius
2936 462 3004 516 ab
3027 479 3082 516 se
3111 466 3283 535 facere
3333 463 3633 534 quidquam,
3673 466 3774 519 nisi

2169 551 2309 622 quod
2339 553 2520 607 viderit
2551 551 2770 608 Patrem
2797 554 3072 624 facientem
3101 553 3282 626 (lana.
3311 569 3368 620 v,
3397 554 3510 626 l9).
3540 553 3655 612 Nisi
3679 557 3780 610 du-

2174 645 2366 715 plicem
2419 648 2828 716 responsionem
2874 646 3085 716 duplex
3133 647 3447 704 Iudaeorum
3473 649 3772 720 indignatio

2173 737 2255 810 (5)
2281 739 2481 809 exigit;
2516 741 2586 793 sit
2617 729 2914 810 haec-plane
2938 740 3270 796 inﬁrmitatis
3315 741 3605 811 professio,
3638 745 3773 798 nihil

2175 831 2242 885 ab
2268 846 2325 886 se
2376 832 2550 887 facere
2592 833 2783 887 Filium
2812 849 2992 903 posse,
3025 834 3126 888 nisi
3155 836 3295 905 quod
3330 834 3522 890 viderit
3557 836 3773 892 Patrem

2173 924 2481 980 facientem.
2509 927 2660 993 Quod
2701 928 2745 981 si
2773 925 2871 982 Jud
2894 929 2972 982 eis
2999 937 3054 983 et
3080 928 3264 984 violati
3314 929 3522 984 sabbati
3556 942 3765 984 reatum

2173 1017 2574 1086 objicientibus,
2607 1029 2660 1073 et
2717 1019 3083 1088 aequalitatem
3138 1021 3191 1074 in
3217 1018 3434 1074 Christo
3460 1020 3556 1075 Dei
3585 1021 3654 1092 (Γ)
3683 1035 3781 1091 per

2177 1110 2476 1180 professum
2529 1111 2630 1165 sibi
2663 1111 2833 1166 Deum
2881 1121 3092 1182 patrem
3148 1127 3254 1166 non
3298 1112 3621 1178 ferentibus,
3673 1114 3778 1168 sub

2176 1203 2370 1260 eodem
2419 1205 2564 1260 dicto
2600 1205 2666 1260 ad
2693 1217 2982 1276 utrumque
3017 1222 3336 1278 responsum
3386 1217 3509 1273 est;
3544 1216 3780 1278 putasne

2177 1311 2275 1368 per
2301 1297 2696 1354 confessionem
2727 1299 3095 1368 reSponsionis
3118 1315 3280 1370 posse
3305 1301 3575 1356 dictorum
3631 1303 3778 1357 oculi

2180 1389 2506 1445 veritatem?
2535 1391 2599 1446 Et
2641 1407 2964 1462 quamquam
2992 1392 3045 1446 in
3077 1392 3186 1446 alio
3217 1392 3398 1446 libello
3431 1392 3573 1461 (Lib.
3601 1409 3694 1455 vn,
3721 1411 3778 1448 rt.

2179 1482 2210 1536 7
2239 1481 2257 1553 )
2287 1490 2544 1548 tractatus
2573 1482 2659 1538 hic
2686 1498 2716 1536 a
2773 1485 2928 1538 nobis
2975 1485 3127 1539 locus
3178 1484 3372 1540 fuerit:
3428 1494 3607 1540 tamen
3652 1485 3778 1556 quia

2180 1590 2285 1630 nea
2316 1575 2478 1630 modo
2509 1591 2616 1629 non
2659 1576 2839 1643 obest,
2867 1577 2961 1632 sed
3011 1579 3173 1632 etiam
3198 1576 3265 1631 ad
3299 1577 3616 1647 religionem
3651 1591 3782 1646 pro-

2180 1671 2312 1736 tleit,
2350 1670 2510 1726 [idem
2538 1671 2859 1738 retractari,
2891 1672 3140 1726 eumdem
3193 1673 3390 1741 ipsum,
3444 1673 3567 1742 quia
3609 1685 3783 1726 causa

483 1761 734 1817 fitendus.
764 1762 880 1816 Non
908 1762 1053 1816 enim
1101 1761 1188 1816 hic
1235 1777 1376 1816 nunc
1407 1761 1779 1814 tantummodo
1809 1760 1860 1813 in
1905 1761 2074 1830 gloria
2105 1759 2154 1820 B
2182 1765 2438 1836 postulat,
2469 1764 2828 1819 revolvamus.

483 1855 581 1911 Dei
610 1865 711 1919 est,
742 1857 837 1910 sed
863 1857 913 1910 in
940 1855 1108 1926 gloria
1142 1855 1238 1911 Dei
1264 1855 1429 1925 patris
1468 1867 1571 1910 est.
1603 1855 1786 1926 Neque
1807 1855 2078 1926 glorifica-

483 1950 559 2001 vit
579 1947 748 2016 gloria
771 1950 1062 2015 exteriore,
1111 1951 1189 2022 (‘2)
1233 1951 1327 2005 sed
1365 1951 1684 2020 glorilicavit
1727 1950 1799 2023 (b)
1831 1952 1882 2006 itt
1927 1964 2071 2005 sese.

483 2038 540 2093 In
563 2053 681 2092 eam
709 2055 831 2094 eum
856 2056 975 2110 qua:
1005 2056 1104 2096 sua
1122 2054 1207 2098 est
1228 2043 1454 2112 gloriam
1487 2044 1837 2110 resumendo,
1872 2052 1926 2098 et
1952 2057 2074 2097 eam

482 2131 708 2201 gloriam
735 2149 892 2203 quam
914 2135 1058 2204 apud
1086 2150 1210 2191 eum
1237 2136 1443 2203 habuit,
1471 2154 1593 2192 eum
1627 2147 1681 2194 et
1709 2139 1851 2207 apud
1875 2154 1935 2194 se
1960 2139 2078 2208 glo-

487 2225 662 2280 riﬁcat
690 2237 744 2280 et
769 2226 825 2280 in
858 2242 998 2282 sese.
1046 2227 1222 2298 Atque
1252 2229 1322 2282 ita
1371 2229 1747 2299 inseparabilis
1777 2245 1808 2284 a
1833 2230 1957 2285 fidei
1981 2232 2080 2284 hu-

483 2316 578 2387 jus
607 2316 992 2387 conjunctione
1034 2318 1354 2390 iutelligitur
1379 2322 1542 2375 etiam
1583 2323 1682 2375 sub
1726 2321 1958 2376 hominis
1984 2321 2084 2375 hu.

487 2410 738 2476 militate,
767 2411 850 2465 sic
876 2410 1091 2466 dicens:
1117 2411 1244 2467 llaec
1267 2422 1341 2467 est
1361 2425 1530 2468 autem
1552 2415 1653 2467 vita
1677 2423 1890 2477 «eterna,
1919 2425 1973 2466 ut
1998 2431 2085 2468 co-

490 2516 735 2575 gnoscant
764 2516 811 2560 te
831 2506 1000 2560 solum
1037 2522 1211 2560 verum
1244 2505 1429 2572 Deum,
1453 2516 1499 2560 et
1525 2522 1670 2574 quem
1705 2508 1885 2562 misisti
1904 2504 2085 2560 .lesum

492 2596 754 2649 Clu-istum
783 2595 966 2665 (Joau.
1010 2612 1143 2664 xvtt,
1173 2597 1231 2667 5)
1259 2615 1271 2651 :
1324 2613 1446 2653 cum
1477 2607 1534 2653 et
1559 2600 1676 2654 sine
1701 2599 1938 2661 Christo,
1967 2600 2087 2653 solo

492 2689 603 2743 Deo
635 2700 784 2758 patre
823 2690 1060 2760 cognito,
1093 2691 1200 2745 vita
1241 2699 1440 2746 attenta
1472 2708 1578 2747 non
1618 2693 1708 2759 sit,
1763 2701 1818 2748 et
1840 2691 2089 2749 Christus

491 2781 824 2852 gloriﬁcatus
849 2783 904 2837 in
937 2782 1096 2837 Patre
1146 2783 1236 2837 sit.
1274 2784 1330 2840 Si
1359 2793 1538 2839 autem
1592 2798 1656 2840 ea
1706 2784 1923 2839 demum
1969 2785 2080 2838 vita

494 2885 697 2931 aterna
727 2887 832 2943 est,
883 2877 1058 2932 solum
1107 2893 1292 2932 verum
1325 2878 1396 2950 (ε)
1442 2879 1610 2934 Deum
1639 2895 1822 2945 nosse,
1847 2889 1903 2934 et
1927 2895 2088 2950 quem

495 2968 642 3022 utisit
675 2967 862 3022 .lesum
884 2970 1154 3024 Christum
1176 2986 1190 3036 ;
1216 2986 1323 3026 non
1353 2973 1692 3028 existimetur
1721 2974 1880 3042 plane
1934 2987 2092 3028 verus

494 3058 637 3113 Deus
675 3056 949 3128 Christus,
994 3062 1040 3115 si
1083 3061 1189 3116 vita
1236 3063 1305 3117 sit
1345 3064 1399 3117 in
1444 3063 1612 3120 Deum
1642 3065 1937 3120 credidisse
1974 3065 2093 3119 sine

2250 1854 2341 1908 44.
2385 1854 2598 1910 Sabbati
2651 1855 2825 1909 violati
2871 1855 3081 1908 crimen.
3131 1855 3232 1920 Qui
3293 1864 3608 1909 anteveatur.
3658 1853 3786 1908 Non

2179 1946 2322 2001 aliud
2351 1945 2520 2000 Patris
2543 1964 2603 2000 ac
2623 1943 2751 2000 Filii
2772 1964 2918 2019 opus.
2938 1947 3142 2000 Crimen
3175 1948 3390 2001 alterum
3409 1948 3470 2001 ob
3497 1962 3786 2019 prosump-

2183 2051 2284 2094 tant
2315 2039 2412 2094 Dei
2437 2040 2794 2108 (equalitatem.
2814 2067 2888 2080 --
2915 2039 3048 2095 Hinc
3075 2053 3254 2094 autem
3285 2041 3516 2109 primum
3559 2054 3788 2108 respou-

2183 2133 2354 2188 sionis
2385 2133 2681 2188 necessitas
2712 2141 2831 2188 orta
2857 2141 2972 2188 est:
3029 2132 3093 2186 Et
3115 2143 3322 2204 propter
3376 2133 3470 2186 hoc
3517 2148 3785 2201 perseque-

2184 2225 2369 2280 bantur
2411 2225 2587 2281 ,Ιαάιεί
2621 2225 2822 2291 .lesum,
2871 2235 2917 2281 et
2964 2229 3257 2296 quterebant
3299 2241 3416 2278 eum
3465 2225 3785 2292 interficere,

2185 2321 2428 2388 quoniam
2468 2319 2574 2372 haec
2604 2319 2823 2388 faciebat
2865 2317 3080 2372 sabbato
3103 2316 3286 2387 (Joan.
3332 2331 3388 2382 v,
3421 2315 3536 2388 16).
3573 2316 3652 2370 Ira
3675 2317 3786 2370 ita-

2187 2425 2293 2480 que
2319 2425 2505 2465 eorum
2539 2427 2710 2481 usque
2741 2411 2806 2463 ad
2855 2411 3205 2480 cupiditatem
3248 2410 3606 2465 interficiendi
3659 2425 3787 2462 eum

2186 2505 2623 2569 accendebatur,
2671 2514 2886 2573 propter
2938 2518 3102 2574 opera
3171 2505 3395 2557 sabbato
3451 2512 3618 2570 gesta.
3680 2501 3791 2556 Sed

2189 2609 2242 2654 et
2274 2599 2549 2654 videamus
2574 2597 2700 2668 quid
2729 2597 2989 2652 Dominus
3016 2595 3391 2666 reSponderit:
3444 2595 3605 2650 Pater
3651 2612 3797 2650 meus

2192 2708 2352 2762 usque
2370 2693 2521 2746 modo
2544 2701 2812 2760 aperatur.
2843 2702 2890 2746 et
2936 2706 3030 2759 ego
3072 2705 3256 2762 aperor
3284 2687 3446 2761 (Ibid.
3477 2686 3588 2762 l7).
3635 2689 3797 2754 Quod

2193 2799 2324 2854 rogo
2357 2784 2494 2840 ismd
2526 2801 2660 2854 opus
2690 2783 2867 2838 Patris
2886 2794 2991 2847 est,
3017 2781 3288 2845 lneretice,
3320 2779 3654 2834 demonstra.
3692 2779 3803 2834 Per

2195 2876 2388 2934 Filium
2416 2879 2561 2932 enim
2583 2887 2637 2932 et
2667 2877 2719 2930 itt
2751 2875 2885 2930 Filio
2911 2874 3090 2928 omnia
3115 2882 3261 2937 sunt,
3291 2883 3345 2928 et
3370 2874 3600 2927 visibilia
3626 2881 3677 2926 et
3702 2873 3794 2926 in-

2197 2971 2448 3024 visibilia.
2481 2969 2550 3024 Et
2572 2979 2647 3034 tu,
2675 2968 2765 3038 qui
2789 2967 2928 3022 ultra
2959 2966 3250 3036 Evangelia
3273 2965 3436 3034 sapis,
3465 2979 3691 3019 necesse
3716 2974 3806 3019 est

2198 3075 2259 3120 ut
2283 3063 2361 3138 (g)
2387 3064 2506 3120 aliis
2531 3064 2798 3135 aliquibus
2850 3075 3172 3118 arcanorum
3225 3059 3486 3114 doctrinis
3528 3061 3804 3128 cognitio-

495 3151 730 3206 Christo.
761 3151 831 3206 Et
858 3151 1001 3220 quod
1047 3153 1196 3208 solus
1224 3154 1365 3209 Deus
1417 3165 1567 3224 pater
1597 3157 1740 3211 Deus
1773 3172 1930 3212 verus
1962 3166 2080 3222 est;
2112 3153 2158 3219 C
2191 3178 2310 3216 nem
2345 3162 2550 3230 paterni
2577 3160 2756 3228 operis
2782 3158 3129 3228 adeptussis,
3161 3165 3218 3212 ut
3243 3165 3554 3225 operantem
3589 3156 3668 3228 (It)
3705 3172 3806 3208 no-

498 3261 603 3298 non
655 3247 922 3314 pertineat
963 3245 1028 3299 ad
1081 3246 1248 3300 Deum
1280 3246 1581 3314 Christum,
1634 3249 1737 3302 nisi
1788 3251 1957 3321 gloria
2011 3251 2089 3321 (d)

496 3336 699 3392 Christi
721 3339 896 3392 etnnis
926 3338 978 3392 in
1005 3339 1122 3393 solo
1162 3355 1291 3394 vero
1317 3340 1430 3396 Deo
1462 3351 1610 3411 patre
1636 3354 1737 3398 est.
1768 3345 1823 3400 Si
1863 3344 2004 3400 enim
2038 3348 2089 3398 in

497 3446 618 3485 sese
645 3446 766 3484 eum
795 3430 1062 3501 glorilicat
1083 3433 1263 3498 Pater,
1293 3443 1348 3488 et
1387 3435 1536 3490 solus
1566 3436 1724 3490 Pater
1751 3436 1896 3492 Deus
1929 3451 2092 3492 verus

499 3532 602 3590 est,
632 3540 736 3578 non
767 3533 924 3580 extra
955 3527 1129 3581 Solum
1156 3543 1340 3583 verum
1365 3529 1528 3584 Deum
1559 3529 1806 3587 Christus
1829 3541 1945 3588 est:
1969 3534 2096 3604 quia

499 3615 858 3687 glorificatum
883 3619 934 3672 in
960 3619 1130 3675 Deum
1173 3621 1472 3685 Christum.
1502 3624 1768 3693 glortlicet
1816 3625 1971 3678 Pater
2003 3641 2096 3679 ve-

502 3727 595 3765 rus
620 3711 764 3767 Deus
785 3714 932 3769 solus
961 3715 1013 3768 in
1041 3727 1183 3770 sese.
1213 3716 1278 3770 Et
1314 3715 1456 3787 quod
1480 3733 1509 3771 a
1543 3719 1661 3772 solo
1684 3734 1812 3773 vero
1844 3718 1913 3790 (e)
1942 3720 2103 3790 glori-

505 3804 698 3859 ﬁcatur
726 3806 780 3861 in
805 3821 948 3876 sese,
981 3824 1087 3864 non
1118 3809 1385 3866 alienatur
1414 3827 1443 3867 a
1473 3812 1590 3867 solo
1622 3827 1780 3879 vero;
1812 3814 1936 3884 quia
1964 3815 2016 3868 in
2044 3829 2102 3870 sc

500 3899 618 3956 solo
643 3901 972 3970 glorificatur
990 3917 1020 3956 a
1047 3919 1194 3958 vero.

572 3994 658 4048 45.
708 3993 975 4066 Objectunt
1025 3995 1124 4050 Ill
1173 4009 1350 4052 contra
1405 3997 1536 4053 Filii
1587 4001 1846 4054 deitatem.
1892 3998 2099 4056 —Scd

503 4083 642 4141 forte
673 4087 771 4156 pia:
800 4087 923 4143 huic
964 4089 1090 4147 fidei
1137 4107 1358 4162 nostrae,
1399 4095 1576 4166 impiae
1607 4095 1845 4166 perfidia:
1874 4106 1977 4152 tua:
2007 4111 2099 4152 oc-

502 4182 961 4249 curratassertio;
995 4195 1050 4238 ut
1079 4184 1254 4242 aliena
1283 4189 1449 4260 292
1501 4189 1571 4244 ab
1602 4190 1965 4261 intelligentia
2000 4190 2096 4247 Dei

575 4337 656 4410 (l)
696 4340 763 4395 lu
785 4341 950 4410 gloria
975 4352 1050 4397 est
1081 4343 1172 4399 Dei
1199 4347 1396 4402 Patris.

509 4481 520 4492 ο
576 4411 656 4482 (2)
700 4412 806 4494 Sed
835 4412 1138 4494 gloriﬁcavit
1178 4419 1396 4494 glorians
1430 4420 1482 4494 in
1507 4436 1636 4475 sese.
1668 4420 1833 4476 Paulo
1861 4431 2004 4492 post,
2033 4432 2084 4476 et

503 4485 557 4536 in
584 4498 699 4536 eam
723 4485 961 4553 gloriam,
986 4501 1092 4541 non
1123 4485 1303 4544 et'eam
1331 4491 1567 4561 gloriam.

577 4625 655 4769 ἔα)
694 4626 752 4682 In
778 4627 926 4697 prius
951 4630 1178 4699 vulgatis
1205 4631 1390 4688 deerat
1409 4634 1666 4700 particula
1696 4643 1766 4688 et.

602 4696 653 4768 ὁ)
697 4700 1190 4758 Auctoritatemss.
1243 4707 1574 4760 removimus
1622 4705 1748 4760 hinc

602 4696 653 4768 ὁ)
697 4696 1190 4758 Αιιὲιιιτὶιιιιθῖιιες.
1243 4696 1574 4760 removimus
1622 4705 1748 4760 hinc
1769 4702 2094 4758 vocabulum

507 4768 692 4848 gloria.
720 4769 853 4838 Qua:
889 4783 1216 4848 sequuntur,
1272 4777 1491 4844 majoris
1534 4777 1927 4848 perspicuitatis
1969 4789 2100 4848 ergo

509 4843 579 4895 ita
602 4843 934 4924 disponenda
978 4855 1130 4900 sunt:
1167 4847 1303 4901 lium
1340 4843 1389 4903 et
1439 4843 1580 4920 apud
1607 4843 1936 4924 se'glori/icat
1965 4856 2011 4899 et
2039 4846 2096 4898 in

509 4928 637 4993 sese,
670 4921 742 4995 in.
765 4931 885 4995 eam.
915 4933 1196 4995 eurnAqua
1241 4936 1336 4972 sua
1381 4930 1477 4984 est,
1515 4935 1618 4975 etc.
1660 4921 1798 4989 quod
1825 4929 2094 4983 notamus,

510 4986 810 5062 tjuia‘pt'ius
840 4986 1025 5062 vitiosa
1049 4986 1483 5062 interpuncnone
1514 4986 1817 5062 perturbata
1846 4998 2020 5044 erant.

584 5053 659 5125 (ε)
704 5055 1042 5132 ln_vulgatis,
1074 5053 1241 5116 Deuin
1266 5073 1463 5130 patrem
1481 5053 1797 5119 {redundat
1825 5069 2096 5132 postrema

511 5141 636 5191 vox,
651 5137 717 5202 et
735 5128 890 5202 abest
912 5145 940 5184 a
954 5148 1102 5202 imss.

555 5200 663 5278 ,(α)
689 5200 832 5278 [τίνε-
864 5201 1067 5278 υιηΡπ-
1095 5220 1161 5278 9x
1190 5207 1430 5278 margine
1459 5207 1687 5273 Erasmi,
1716 5205 1905 5260 Christi
1926 5202 2100 5278 [tomi-

512 5271 623 5324 nis:
651 5271 1037 5327 reluctantibus
1063 5275 1182 5329 aliis
1224 5271 1390 5331 libris.
1442 5280 1551 5335 Nec
1590 5271 1718 5333 sane
1737 5276 1937 5331 Christi
1972 5283 2096 5328 tan-

514 5351 627 5420 tum
651 5352 704 5394 ut
730 5341 992 5420 hominis,
1022 5345 1118 5420 sed
1154 5350 1385 5404 maxime
1431 5361 1486 5404 ut
1528 5351 1642 5416 Dei,
1670 5349 1838 5420 gloria
1879 5350 1932 5400 in
1985 5344 2101 5398 solo

515 5411 627 5466 Deo
658 5429 875 5482 semper
899 5415 1015 5469 fuit.
1049 5417 1116 5471 Et
1138 5422 1258 5485 quia
1285 5423 1459 5476 omnis
1487 5438 1550 5477 ex
1578 5411 1760 5475 [λ’-(ἴθι
1789 5422 1842 5475 in
1869 5420 1980 5474 Deo
2009 5431 2100 5484 ρει-

517 5495 598 5563 tre
621 5499 844 5563 semper
882 5487 1008 5563 fuit;
1040 5507 1145 5544 non
1184 5493 1286 5544 alia
1320 5493 1417 5548 luit
1453 5492 1649 5548 Citriin
1680 5493 1956 5560 Patrisque
1985 5494 2104 5563 glo-

525 5556 623 5608 ria.
651 5556 880 5635 ramalia
922 5562 1204 5618 divinitas:
1249 5581 1310 5619 ae
1355 5570 1577 5635 proinde
1626 5567 1712 5618 ubi
1764 5556 1922 5618 Pater
1959 5556 2108 5613 solus

522 5640 687 5701 verus
711 5630 856 5684 Dens
884 5635 1219 5701 praedicatur,
1251 5630 1366 5691 non
1385 5639 1689 5694 excluditur
1734 5635 2004 5692 Christus.

593 5698 666 5770 (θ)
707 5701 832 5770 ym-
863 5698 980 5757 lias.
1003 5707 1171 5761 codex
1207 5698 1293 5765 hic
1331 5710 1476 5764 addit
1499 5710 1634 5763 Deo:
1659 5711 1791 5763 citra
1820 5703 2109 5763 necessita-

537 5769 663 5824 tem.
699 5769 832 5826 Tum
861 5775 1001 5844 apud
1027 5777 1150 5835 Par.
1180 5795 1283 5836 non
1314 5783 1558 5839 alienata
1591 5783 1700 5838 solo
1729 5794 1867 5850 vero,
1897 5776 2017 5848 quia
2055 5773 2113 5832 in

2196 3255 2274 3307 bis
2323 3254 2532 3308 Patrem
2596 3252 2870 3308 ostendas.
2924 3251 3076 3319 Quod
3110 3253 3153 3304 si
3219 3252 3375 3304 Pater
3423 3262 3678 3320 operatur
3750 3251 3810 3304 in

2197 3345 2337 3401 Filio
2358 3387 2371 3410 ,
2399 3343 2696 3398 secundum
2729 3343 2869 3413 quod
2901 3345 3012 3411 ipse
3056 3343 3164 3396 ait:
3224 3341 3411 3409 Verba,
3465 3357 3578 3412 qua
3603 3359 3695 3412 ego
3727 3343 3810 3395 lo-

2198 3454 2324 3508 quor
2351 3436 2510 3499 vobis,
2541 3434 2619 3508 (4)
2654 3453 2754 3489 non
2777 3452 2866 3505 ego
2892 3436 2953 3506 (i)
2985 3435 3163 3502 loquor
3181 3451 3196 3496 ;
3215 3436 3302 3488 sed
3327 3432 3503 3498 Pater,
3536 3435 3623 3504 qui
3645 3435 3695 3486 in
3722 3451 3807 3486 me

2201 3543 2389 3595 tuauet,
2423 3533 2528 3603 ipse
2564 3531 2688 3602 facit
2711 3545 2865 3600 opera
2901 3545 2997 3582 sua
3030 3526 3207 3598 (Joan.
3241 3543 3351 3590 xiv,
3393 3525 3504 3598 to).
3564 3526 3806 3580 Videsne

2199 3623 2330 3694 quid
2354 3624 2456 3678 hoc
2487 3623 2595 3677 sit:
2626 3621 2784 3676 Pater
2830 3637 2970 3675 meus
2997 3635 3156 3690 usque
3179 3619 3330 3672 modo
3350 3619 3637 3688 operatur?
3685 3615 3803 3671 lloc

2205 3720 2346 3774 enim
2387 3717 2506 3772 ideo
2546 3717 2637 3784 ait,
2673 3725 2730 3769 ut
2764 3723 2999 3785 paterna:
3027 3713 3079 3767 in
3108 3728 3166 3766 se
3194 3722 3397 3765 natura:
3425 3709 3501 3785 (j)
3529 3710 3802 3780 intellige-

2208 3823 2360 3868 retur
2411 3819 2674 3882 potestas,
2703 3809 2756 3862 in
2803 3805 3012 3861 sabbati
3041 3821 3203 3875 opere
3232 3805 3511 3873 potestatis
3557 3818 3668 3856 sua:
3701 3818 3809 3854 usa

2209 3917 2420 3962 natura.
2451 3906 2586 3958 Cum
2613 3903 2756 3957 enim
2785 3899 2863 3971 (5)
2891 3901 2941 3954 itt
2965 3914 3023 3953 se
3050 3908 3305 3967 operetur
3326 3904 3587 3965 operante
3619 3894 3809 3960 Pater,

2209 4003 2325 4072 ipse
2358 4013 2577 4055 necesse
2600 4007 2683 4052 est
2709 3995 2863 4050 Patre
2892 4003 3147 4060 operante
3168 4002 3449 4060 operetur:
3483 3999 3647 4058 atque
3677 3985 3805 4040 ideo

2207 4098 2303 4152 ait:
2332 4094 2492 4150 Pater
2518 4109 2654 4146 meus
2683 4105 2838 4159 usque
2862 4089 3010 4140 modo
3041 4092 3281 4158 aperatur
3322 4079 3502 4153 (Joan.
3533 4098 3586 4146 v,
3617 4079 3728 4152 l7).
3755 4091 3820 4134 ιιι

2208 4189 2382 4259 ipsum
2413 4184 2545 4241 illud
2567 4185 2672 4238 hoc
2719 4193 2961 4251 praesens
3003 4177 3273 4234 dictorum
3321 4183 3483 4246 atque
3518 4181 3804 4244 gestorum

2289 4349 2344 4416 5)
2388 4347 2596 4418 Exegit.

2289 4349 2344 4416 5)
2388 4349 2596 4418 Exegit.

2263 4349 2344 4492 ξι)
2388 4418 2508 4492 Non
2531 4435 2563 4471 a
2592 4433 2670 4471 me
2691 4416 2892 4482 loquor.

2263 4491 2346 4562 (5)
2377 4491 2402 4544 l
2411 4508 2444 4545 ιι
2472 4507 2526 4545 se
2551 4500 2791 4562 operante
2812 4495 3067 4558 aperetur.

2123 4632 2178 4694 D
2203 4648 2256 4684 se
2281 4631 2390 4685 solo
2419 4630 2741 4700 gloriﬁcatur
2790 4628 2844 4680 in
2870 4641 3020 4700 uero:
3069 4618 3364 4700 mendose;
3397 4619 3512 4700 hinc
3546 4618 3702 4700 enim
3734 4616 3816 4672 ita

2204 4689 2502 4771 intelligere
2525 4689 2609 4757 est
2652 4718 2664 4754 :
2709 4714 2814 4772 non
2845 4699 3112 4750 alienatur
3148 4692 3318 4772 abeo,
3348 4689 3625 4772 qui‘solus
3647 4703 3819 4772 verus

2201 4783 2314 4838 est;
2344 4760 2467 4843 quia
2499 4775 2566 4828 ab
2593 4787 2682 4836 eo,
2707 4771 2798 4841 qui
2839 4782 3000 4824 verus
3041 4775 3148 4827 est,
3179 4764 3232 4816 in
3271 4776 3332 4816 se
3380 4763 3500 4816 solo
3545 4760 3819 4830 gloriﬁca-

2203 4856 2312 4900 Illl'.

2276 4915 2344 4988 (Ι)
2384 4915 2520 4988 Tres
2568 4929 2697 4969 mss.
2728 4911 3218 4988 _Vatic.,_pro[e_s_so
3242 4905 3340 4988 sibi
3366 4901 3569 4988 “Deum.
3603 4901 3817 4957 Sensus

2201 4976 2642 5057 sicvpersnicuior
2663 4985 2796 5040 erit:
2827 4976 2934 5057 non
2955 4976 3249 5057 terentibus
3274 4978 3334 5057 in
3363 4976 3579 5057 Christo
3606 4989 3803 5057 requa-

2202 5049 2408 5113 lito-em
2429 5057 2546 5122 Dei,
2579 5072 2739 5127 quam
2785 5056 2887 5111 sibi
2939 5050 3241 5123 prolltcndo
3273 5049 3439 5103 Deum
3473 5055 3680 5116 patrem
3712 5053 3802 5098 nl-

2206 5132 2491 5184 tribuerat.

2275 5199 2352 5272 (g)
2397 5200 2452 5254 In
2475 5199 2631 5254 editis
2672 5197 3011 5272 desideratur
3038 5195 3176 5259 aliis,
3231 5205 3333 5272 nec
3363 5203 3470 5244 non
3512 5187 3693 5244 verbis
3737 5189 3814 5241 sis

2203 5264 2616 5331 cum'sequente
2644 5270 2901 5340 particula
2928 5277 3000 5330 ut,
3037 5276 3157 5337 post
3181 5264 3419 5332 adeptus.

2275 5345 2356 5414 (lt)
2397 5342 2512 5396 Duo
2535 5331 2676 5414 mss'.
2693 5341 2846 5414 Coll).
2871 5341 3014 5414 nobis
3040 5331 3588 5414 'postrentoystendas.

2275 5405 2350 5486 (ὁ)
2378 5415 2537 5468 Solus
2581 5413 2752 5467 codex
2803 5412 2921 5486 Yet.
2957 5405 3079 5486 bas.
3104 5423 3225 5463 cum
3279 5405 3698 5486 MartinLAnona
3727 5417 3814 5486 pte

2212 5473 2413 5557 loquor,
2465 5484 2927 5557 ronsentientihus
2958 5483 3173 5552 quidem
3199 5493 3360 5547 supra
3389 5492 3444 5529 ιι.
3477 5474 3568 5539 ‘29,
3594 5484 3648 5526 et
3671 5473 3814 5557 intra

2216 5552 2384 5617 mss.
2417 5557 2573 5612 editis
2602 5568 2656 5612 et
2685 5555 2920 5623 scriptis,
2954 5569 3161 5606 necnon
3200 5562 3355 5623 sacro
3377 5559 3524 5623 textu
3551 5560 3730 5614 graeco
3754 5552 3815 5598 et

2216 5630 2410 5684 latino:
2445 5631 2540 5684 sed
2581 5629 2702 5684 Ideo
2734 5618 2913 5682 minus
2933 5633 3181 5694 suspecta
3218 5620 3307 5675 hic
3345 5618 3555 5673 videtur
3593 5631 3815 5670 eorum-

2213 5702 2335 5756 dem
2359 5703 2666 5756 consensio.
3086 5768 3093 5770 _
3335 5762 3353 5770 _
3545 5761 3556 5770 .

2288 5773 2310 5845 (
2321 5771 2374 5847 j)
2414 5773 2580 5847 Editi,
2607 5770 2971 5844 intelligeretur
2989 5768 3253 5842 maiestas,
3268 5761 3664 5836 refragantibus
3675 5775 3812 5817 mss.
