4094 6180
249 293 340 349 Sl'l

1452 290 1540 348 DE
1579 291 1951 351 TRINITATE
1990 294 2197 352 LIBER
2233 296 2325 353 IX.

3425 303 3530 360 '5l8

256 424 342 481 per
364 419 589 478 scopas,
619 415 856 478 paterna
881 405 934 460 in
958 419 1017 460 se
1038 404 1836 478 natummﬂistimaretur
1862 412 1914 472 Α
1938 407 2124 480 Neque
2164 410 2307 465 enim
2340 418 2560 481 prmstat
2602 409 2801 468 vidisse
2846 410 3097 473 virtutem
3122 434 3133 470 :
3178 424 3231 472 ct
3268 432 3388 472 cum
3419 431 3527 472 non

256 502 497 572 operatio.
517 498 572 555 Id
587 500 757 565 enim,
771 498 917 569 quod
933 513 1091 570 usque
1117 498 1271 553 modo
1286 507 1547 569 operatur,
1568 512 1731 554 unum
1750 506 1832 553 at-

253 611 345 669 que
386 593 523 648 idem
552 591 686 649 dicti
732 592 1101 662 temporisque
1128 598 1464 646 momentum
1491 599 1604 657 cst;
1638 599 1693 646 ut
1720 602 1827 645 non

252 692 381 748 aliud
410 686 623 760 aliquod
656 704 796 761 opus
816 702 937 744 esse
965 687 1162 755 Patris,
1196 702 1355 759 quam
1370 702 1526 743 suum
1555 689 1657 744 hoc
1684 687 1828 758 quod

248 784 365 855 agit,
390 780 737 837 crederetur:
769 795 893 835 cum
933 794 1029 850 per
1066 778 1142 846 id,
1165 780 1307 851 quod
1348 793 1519 850 usque
1539 778 1701 835 modo
1722 778 1826 833 Pa-

250 884 323 929 ter
343 882 617 945 operatur,
656 870 775 927 haec
810 870 926 941 ipsa
947 879 1095 927 esset
1122 871 1297 926 Patris
1336 872 1440 927 sub
1468 871 1660 927 eodem
1693 880 1830 928 tem-

248 982 364 1037 pore
387 965 655 1022 sermonis
681 967 949 1037 operatio.
980 964 1056 1019 Ac
1078 980 1146 1020 ne
1189 964 1343 1026 ﬁdes,
1382 965 1523 1019 intra
1563 966 1826 1036 cognitio-

246 1077 355 1119 nsm
398 1070 603 1117 tantum
644 1058 819 1115 Patris
848 1059 1057 1124 relicta,
1081 1075 1110 1112 a
1133 1059 1256 1114 vita:
1285 1066 1507 1113 aeternas
1535 1072 1633 1128 spe
1671 1059 1827 1113 abes-

246 1168 346 1223 set;
373 1156 633 1211 continuo
654 1152 920 1226 subjecit:
950 1152 1018 1207 Et
1048 1170 1141 1224 ego
1171 1168 1391 1223 ορατ-ονε
1423 1162 1478 1207 ιιι
1499 1152 1603 1208 hoc
1628 1154 1822 1223 ipsum,

244 1250 371 1323 quod
402 1248 484 1322 (a)
537 1249 699 1304 modo
748 1258 1008 1318 operatur
1056 1248 1238 1314 Pater,
1260 1256 1519 1318 operetur
1545 1254 1601 1302 et
1628 1246 1821 1302 Filius.

242 1346 310 1401 Ac
334 1344 409 1399 sic
440 1341 733 1414 perfectam
756 1342 916 1397 ﬁdem
961 1340 1164 1407 docuit,
1220 1356 1342 1398 cum
1366 1340 1441 1408 id,
1480 1340 1621 1412 quod
1665 1339 1826 1396 modo

239 1446 333 1503 est,
363 1434 605 1507 ejusdem
639 1434 900 1504 temporis
924 1446 1061 1504 opus
1078 1434 1182 1499 sit;
1207 1442 1261 1488 et
1287 1432 1360 1496 id,
1392 1433 1534 1504 quod
1571 1443 1827 1503 operatur

243 1529 385 1585 Pater
406 1534 664 1598 operatur
707 1535 764 1581 et
799 1524 964 1581 Filius
986 1567 998 1589 ,
1047 1535 1198 1581 extra
1236 1524 1525 1598 singularis
1568 1526 1636 1580 sit
1665 1527 1822 1581 unio-

241 1636 370 1678 nem.
420 1619 531 1677 Sed
566 1619 870 1690 geminatus
899 1627 983 1673 est
1019 1618 1350 1674 audientium
1373 1619 1563 1675 dolor:
1599 1618 1650 1675 id
1678 1621 1822 1676 enim

240 1714 499 1785 sequitur:
546 1710 771 1782 Propter
807 1713 902 1767 hoc
942 1713 1108 1783 magis
1147 1712 1439 1783 quarebant
1482 1731 1599 1769 eum
1644 1712 1823 1769 Judtri

1933 508 2153 570 praestet
2196 503 2343 556 visus
2386 504 2661 570 virtutem,
2708 514 2953 561 naturam
2996 524 3103 564 non
3143 507 3380 564 inﬁrmat
3426 524 3531 564 non

1932 608 2093 665 posse
2120 595 2238 651 sine
2262 595 2400 664 visu,
2424 596 2521 651 sed
2547 596 2922 655 auctoritatem
2953 601 3189 659 ostendit
3219 617 3285 658 ex
3310 602 3447 660 visu.
3474 601 3532 658 Id

1930 688 2076 743 enim
2097 688 2242 761 quod
2270 688 2365 758 ait,
2399 684 2499 745 nisi
2527 690 2716 759 videat,
2747 695 3136 750 conscientiam
3168 695 3436 763 signiﬁcat
3477 694 3530 751 in

1929 781 2069 847 visu,
2111 783 2269 837 sicuti
2296 782 2363 839 ad
2409 783 2698 854 Apostolus
2732 785 2837 839 ait:
2869 783 3004 841 Ecce
3030 787 3144 841 dico
3184 786 3345 853 vobis,
3376 788 3535 842 levate

1929 876 2106 932 oculos
2137 885 2343 945 vestros,
2387 887 2435 934 et
2481 880 2643 935 videte
2677 882 2930 951 regiones,
2962 881 3202 953 quoniam
3239 879 3370 935 albae
3416 893 3535 939 sunt

1928 969 1999 1024 ad
2024 988 2235 1026 messem
2264 966 2444 1043 (Joan.
2473 989 2545 1043 tv,
2571 975 2686 1046 55).
2708 974 3045 1031 Conscientia
3077 973 3238 1043 igitur
3269 973 3318 1027 iu
3348 987 3417 1049 se;
3437 989 3528 1027 na-

1928 1073 2063 1120 tura:
2093 1073 2351 1135 paternae,
2378 1083 2497 1138 qurc
2534 1067 2586 1122 in
2630 1083 2687 1124 se
2719 1078 2974 1139 operatur
3001 1077 3282 1137 Operante,
3313 1081 3379 1122 ne
3409 1065 3525 1121 vio—

1927 1155 2069 1213 lasse
2117 1159 2404 1215 sabbatum
2455 1161 2718 1215 Dominus
2769 1160 2977 1215 sabbati
3035 1158 3364 1224 crederetur,
3414 1157 3527 1212 ait:

1928 1248 2053 1306 Non
2100 1262 2261 1323 potest
2306 1252 2448 1324 ﬁlius
2496 1253 2557 1308 ab
2604 1269 2657 1309 se
2698 1255 2868 1327 facere
2909 1251 3211 1325 quidquam,
3260 1251 3361 1306 nisi
3395 1251 3534 1321 quod

1924 1344 2110 1398 viderit
2158 1343 2367 1400 Patrem
2407 1344 2677 1417 facientem
2726 1343 2906 1417 (Joau.
2942 1360 2995 1411 v,
3047 1341 3173 1415 l9):
3204 1350 3263 1397 ut
3309 1341 3358 1397 id
3389 1339 3532 1412 quod

1925 1446 2268 1507 operaretur,
2298 1453 2364 1493 ex
2388 1438 2719 1493 conscientia
2749 1447 2953 1493 natur:e
2976 1437 3028 1491 in
3056 1451 3116 1491 sc
3148 1435 3423 1506 operantis
3447 1447 3536 1487 os-

1924 1528 2196 1595 tenderet,
2231 1545 2351 1584 cum
2382 1538 2438 1584 et
2471 1545 2530 1585 se
2561 1529 2789 1585 sabbato
2831 1537 3113 1599 operante,
3164 1542 3335 1598 usque
3370 1526 3533 1579 modo

1926 1619 2088 1675 Pater
2115 1629 2435 1690 operaretur
2465 1622 2515 1675 in
2545 1620 2791 1676 sabbato.
2827 1619 2906 1675 Ad
2939 1620 3156 1674 alterius
3184 1632 3314 1673 vero
3347 1616 3427 1685 (‘2)
3452 1617 3532 1672 in-

1925 1712 2199 1783 dignitatis
2231 1712 2297 1784 (Γ)
2320 1714 2586 1779 dolorem,
2614 1711 2994 1783 consequentis
3031 1709 3163 1765 dicti
3195 1710 3375 1764 retulit
3402 1725 3533 1764 cau-

239 1807 531 1876 inter/icere,
559 1807 801 1875 quoniam
839 1820 940 1859 non
963 1805 1132 1860 solum
1157 1803 1380 1858 solvebat
1412 1804 1698 1873 sabbatum,
1724 1804 1817 1860 sed
1847 1802 1893 1863 Β
1922 1820 2071 1862 sam:
2125 1804 2469 1878 Quaecumque
2504 1807 2636 1859 enim
2676 1804 2839 1859 Pater
2868 1805 3014 1877 facit,
3049 1803 3226 1857 eadem
3265 1812 3310 1857 et
3365 1799 3534 1855 Filius

238 1899 436 1971 etquod
463 1909 661 1970 patrem
677 1899 1107 1971 suuntproprium
1142 1897 1339 1953 dicebat
1367 1898 1553 1966 Deum,
1577 1899 1822 1971 (aqualem

241 1993 493 2063 etfaciem
539 1987 652 2046 Deo
683 1990 847 2060 (ibid.
884 1989 998 2063 18).
1032 1990 1099 2045 Ει
1130 1988 1216 2045 hic
1253 2005 1466 2045 rursum
1498 1993 1822 2058 admonebo,

244 2095 292 2142 et
316 2085 672 2156 Evangelista:
694 2084 920 2156 judicio,
949 2096 1003 2140 et
1049 2085 1326 2140 communi
1363 2083 1584 2141 humani
1613 2086 1828 2157 generis

245 2195 478 2249 assensu,
509 2178 681 2235 ﬁlium
712 2181 766 2235 in
804 2186 1048 2251 paternze
1095 2188 1300 2234 natura:
1335 2181 1641 2252 mqiialitate
1663 2196 1783 2238 esse
1812 2201 1826 2237 :

245 2273 591 2343 equalitatem
624 2279 804 2327 autem
858 2286 965 2326 non
1004 2269 1107 2326 nisi
1148 2286 1216 2328 es
1241 2271 1430 2328 eadem
1457 2287 1578 2328 esse
1606 2281 1826 2340 natura;

246 2364 354 2436 quia
394 2362 655 2420 nadvitas
697 2377 803 2419 non
839 2363 1034 2419 habeat
1077 2362 1293 2419 aliunde
1327 2364 1469 2435 quod
1514 2375 1745 2433 maneat,
1778 2372 1832 2421 ct

250 2458 409 2513 omnis
462 2456 746 2526 generatio
770 2470 798 2510 a
826 2466 1119 2528 generante
1148 2470 1207 2512 sc
1234 2472 1340 2511 non
1369 2457 1436 2512 sit
1462 2456 1673 2525 aliena;
1703 2457 1830 2513 dum

248 2550 307 2607 ad
328 2550 376 2607 id
405 2552 555 2621 quod
584 2558 798 2618 manet,
829 2550 1077 2607 subsistit
1108 2549 1186 2625 (b)
1212 2567 1278 2606 ex
1314 2551 1529 2608 eodem.
1562 2552 1694 2608 Huic
1730 2551 1832 2624 igi-

253 2655 325 2700 tur
344 2645 641 2723 duplicatag
682 2644 1041 2717 indignationi
1081 2645 1367 2702 videamus
1412 2645 1540 2718 quid
1574 2645 1835 2703 Dominus

253 2737 608 2807 responderit:
662 2741 845 2804 Amen,
887 2752 1034 2792 amen
1056 2737 1174 2791 dico
1206 2736 1370 2805 vobis,
1411 2753 1513 2792 non
1543 2746 1701 2807 potest
1742 2735 1839 2792 Fi-

253 2825 407 2883 liusttb
439 2844 497 2883 se
523 2828 692 2899 facere
709 2829 1009 2898 quidquam,
1032 2829 1132 2883 nisi
1157 2830 1293 2900 quod
1314 2828 1497 2884 viderit
1523 2827 1731 2883 Patrem
1758 2828 1840 2900 fa-

252 2920 474 2976 cientem.
521 2923 873 2993 Quacumque
897 2922 1031 2977 enim
1075 2922 1167 2976 ille
1194 2922 1340 2993 facit,
1372 2921 1549 2977 eadem
1575 2932 1623 2978 et
1666 2921 1840 2979 Filius

253 3015 475 3071 similiter
501 3016 632 3085 facit
660 3014 844 3090 (Joan.
876 3030 926 3085 ν,
962 3015 1071 3088 l9).

312 3108 394 3164 45.
450 3108 741 3181 Responsio
794 3108 864 3162 ad
917 3109 1114 3165 sabbati
1179 3107 1357 3163 uiolati
1407 3108 1624 3163 crimen.
1694 3106 1843 3163 Illud

1926 1898 2053 1970 facit
2102 1897 2338 1953 similiter
2382 1900 2404 1969 (
2432 1896 2620 1967 Ibid.).
2677 1892 2961 1967 Exprobra
3014 1895 3382 1950 inﬁrmitatem
3439 1892 3535 1949 Dei

1927 1992 2067 2059 ﬁlio,
2118 1992 2301 2046 adimo
2353 2007 2567 2063 quoque
2619 2002 2825 2046 naturae
2876 1989 3278 2061 aequalitatem,
3331 1988 3378 2044 si
3425 2002 3533 2043 non

1925 2098 2284 2156 quaecumque
2314 2083 2442 2139 facit
2471 2083 2651 2151 Pater,
2684 2083 2872 2138 eadem
2904 2093 2955 2137 et
2983 2080 3153 2136 Filius
3184 2079 3313 2135 facit
3337 2079 3534 2135 simili-

1929 2187 2033 2246 ter,
2066 2178 2110 2234 si
2138 2177 2431 2233 discrimen
2462 2177 2679 2249 aliquod
2709 2187 2948 2247 paterna:
2976 2174 3188 2229 virtutis
3219 2182 3381 2243 atque
3407 2186 3538 2242 opc-

1928 2272 2161 2329 rationis
2195 2271 2525 2340 admittitur,
2557 2273 2639 2339 si,
2679 2269 2825 2343 quod
2871 2270 2949 2343 (g)
2979 2268 3268 2340 arqualitati
3325 2268 3538 2323 virtutis

1933 2376 2250 2439 naturaeque
2304 2368 2580 2441 proprium
2638 2375 2762 2434 est,
2818 2364 3043 2420 honoris
3099 2362 3383 2432 atqualitas
3428 2376 3536 2417 non

1935 2461 2259 2534 postulatur.
2283 2461 2403 2531 Ipse
2430 2461 2577 2515 enim
2612 2459 2664 2514 in
2693 2459 2963 2514 continuis
2991 2457 3101 2511 ait:
3144 2453 3213 2511 Ut
3239 2468 3414 2509 omnes
3444 2455 3533 2508 ho-

1934 2555 2201 2628 noriﬁcam
2234 2553 2448 2619 Filium,
2478 2555 2608 2609 sicut
2653 2551 2999 2622 honoriﬁcam
3041 2548 3273 2604 Patrem.
3306 2548 3408 2617 Qui
3437 2562 3541 2603 non

1936 2648 2245 2719 honori/ictu
2279 2647 2470 2702 Filium
2492 2689 2507 2714 ,
2554 2662 2657 2700 non
2694 2644 3002 2710 honoriﬁca!
3045 2638 3256 2696 Patrem
3281 2642 3370 2712 qui
3399 2640 3542 2694 misit

1935 2744 2086 2799 illum
2117 2739 2280 2814 (Ibid.
2302 2740 2417 2812 25).
2448 2723 2705 2795 Discerne
2724 2735 3086 2807 mqualitatem
3114 2735 3166 2788 in
3196 2733 3405 2789 honore
3425 2748 3533 2786 non

1939 2837 2180 2908 dispari:
2226 2835 2438 2892 inﬁrma
2471 2844 2715 2890 naturam
2756 2834 2809 2887 in
2844 2830 3034 2887 eadem
3069 2826 3384 2901 operatione
3427 2828 3542 2882 vir-

1944 2933 2091 2988 tutis.

2011 3026 2103 3083 46.
2160 3022 2431 3098 Epilogus.
2486 3052 2558 3064 —
2602 3020 2739 3092 Quid
2792 3018 3159 3095 responsionis
3206 3032 3422 3076 causam
3477 3014 3544 3070 ad

1942 3117 2326 3175 contumeliam
2379 3116 2675 3171 divinitatis
2727 3114 2984 3170 invadis?
3038 3112 3119 3169 Ad
3175 3110 3545 3180 operationem

255 3212 346 3253 non
388 3210 571 3268 potest
621 3201 978 3256 auctoritatem
1025 3201 1265 3269 ostendit,
1318 3217 1420 3255 non
1462 3200 1837 3272 inﬁrmitatem.

1944 3213 2151 3269 sabbati
2197 3210 2498 3280 respondit,
2548 3225 2654 3265 non
2702 3224 2762 3264 sc
2809 3209 3099 3279 quidquam
3147 3204 3327 3262 facere
3364 3217 3545 3273 posse,

254 3290 378 3359 Quid
398 3294 659 3365 signiﬁcet
679 3295 781 3349 nisi
798 3294 1289 3367 videat.Responsio
1310 3294 1377 3349 ad
1394 3296 1611 3350 alterum
1628 3297 1840 3351 crimen.

251 3385 417 3442 —Nisi
446 3387 593 3443 dicta
622 3386 699 3460 (ο)
727 3388 1083 3457 propositioni
1114 3388 1327 3458 propria
1356 3398 1517 3455 sunt;
1550 3388 1656 3444 vim
1687 3388 1847 3445 dictis

252 3484 669 3553 praesumptione
698 3484 929 3555 propria:
959 3495 1014 3541 et
1044 3483 1280 3540 inﬁdelis
1309 3484 1679 3556 intelligentiae
1710 3484 1845 3539 aﬂ'e-

256 3577 423 3633 rimus.
475 3577 536 3633 Si
579 3588 762 3634 autem
801 3579 1004 3634 irarum
1046 3579 1227 3635 causis
1275 3578 1516 3649 subjecta
1561 3580 1847 3651 responsio

253 3681 355 3737 est;
387 3671 528 3726 ﬁdes
560 3673 739 3742 potius
760 3685 943 3728 nOStra
966 3672 1209 3743 loquitur
1230 3671 1373 3743 quod
1396 3671 1646 3739 docetur,
1685 3688 1844 3744 quam

256 3761 542 3835 irreligioso
582 3769 916 3834 perversitas
949 3763 1244 3835 impietatis
1278 3778 1391 3819 sum
1431 3762 1671 3820 deiendit
1697 3781 1849 3823 erro-

253 3876 374 3918 rem.
421 3862 752 3930 Qumramus
794 3871 925 3928 ergo
964 3872 1033 3912 an
1079 3856 1159 3929 (ά)
1202 3856 1269 3912 ad
1306 3856 1513 3913 sabbati
1555 3872 1692 3929 opus
1731 3857 1850 3915 haec

257 3958 457 4027 propria
488 3952 774 4024 reSponsio
794 3951 900 4006 sit:
948 3948 1071 4004 Non
1100 3959 1265 4021 potest
1296 3948 1440 4021 ﬁlius
1476 3949 1539 4005 ab
1583 3967 1638 4006 se
1676 3951 1849 4021 facere

250 4052 544 4123 quidquam,
568 4047 669 4104 nisi
687 4046 827 4119 quod
845 4045 1028 4100 uiderit
1051 4042 1264 4099 Putrem
1283 4045 1573 4117 facientem.
1594 4044 1685 4099 Ait
1702 4044 1847 4101 enim

256 4148 527 4217 superius:
553 4142 715 4199 Pater
733 4156 875 4196 meus
898 4155 1058 4208 usque
1079 4143 1232 4193 modo
1248 4148 1511 4210 operatur,
1544 4147 1592 4193 et
1613 4154 1703 4211 ego
1730 4154 1852 4211 ope-

256 4252 332 4294 ror
356 4236 537 4311 (Ibid.
571 4235 641 4291 17
663 4234 704 4305 ).
732 4229 794 4289 Si
822 4236 1064 4301 paternae
1108 4234 1159 4285 in
1195 4244 1254 4285 se
1285 4240 1493 4286 natura:
1530 4229 1851 4286 auctoritate

258 4331 384 4402 quod
410 4329 578 4403 gerit,
601 4335 828 4399 gerente
856 4320 1018 4379 Patre
1042 4321 1183 4394 agit,
1213 4321 1306 4394 qui
1328 4337 1500 4395 usque
1526 4322 1689 4379 modo
1720 4336 1853 4395 ope-

258 4434 392 4482 ratur
418 4424 476 4480 in
515 4421 785 4485 sabbato;
828 4426 985 4473 extra
1012 4416 1220 4472 crimen
1245 4416 1430 4487 operis
1453 4426 1535 4472 est
1566 4415 1760 4482 Filius,
1794 4416 1850 4472 in

259 4536 354 4593 quo
390 4520 641 4594 paternae
678 4514 1013 4587 operationis
1049 4510 1334 4583 praefertur
1365 4514 1679 4568 auctoritas.
1729 4510 1848 4568 Non

1948 3304 2049 3358 nisi
2078 3302 2220 3374 quod
2254 3302 2463 3357 Patrem
2496 3301 2779 3357 facientem
2814 3300 3071 3354 vidisset:
3106 3298 3170 3351 ad
3212 3298 3551 3352 detnonstra-

1944 3396 2146 3452 tionem
2177 3410 2307 3451 vero
2336 3394 2679 3465 aequalitatis,
2729 3402 3081 3464 quaecumque
3125 3390 3283 3444 Pater
3322 3387 3548 3452 faceret,

1949 3489 2127 3544 facere
2169 3504 2228 3544 se
2274 3486 2551 3559 professus
2587 3497 2689 3541 est.
2742 3485 2890 3541 Tene
2941 3486 3174 3559 (supple,
3206 3480 3550 3554 restiousnm)

1947 3581 2088 3652 quod
2118 3582 2183 3635 ad
2212 3580 2496 3637 sabbatum
2538 3579 2769 3650 pertinet
2798 3579 2861 3633 ad
2892 3578 3240 3648 opprobrium
3271 3575 3555 3630 inﬁrmita-

1950 3675 2041 3741 tis,
2083 3672 2127 3728 si
2162 3688 2267 3727 nou
2292 3686 2645 3743 quacumque
2678 3672 2806 3727 facit
2842 3671 3023 3737 Pater,
3054 3670 3245 3724 eadem
3288 3677 3343 3724 et
3382 3666 3554 3723 Filius

1949 3766 2079 3822 facit
2107 3766 2374 3821 similiter.
2399 3768 2454 3822 Si
2479 3774 2654 3821 autem
2678 3764 2756 3840 (lt)
2784 3775 2911 3821 sunt
2931 3766 3046 3819 sine
3067 3764 3384 3833 exceptione
3416 3778 3558 3829 qua:-

1951 3875 2166 3931 cumque
2207 3868 2372 3926 sunt;
2423 3857 2477 3914 in
2522 3872 2630 3927 quo
2669 3858 2882 3914 tandem
2916 3857 3198 3913 inﬁrmitas
3228 3855 3550 3926 reperietur,

1951 3966 2074 4009 cum
2127 3952 2190 4027 (i)
2246 3957 2297 4008 in
2357 3952 2505 4008 nullo
2546 3967 2667 4024 quae
2716 3952 2872 4007 Pater
2917 3951 3088 4021 possit
3132 3965 3237 4004 non
3281 3947 3450 4019 possit
3502 3954 3559 4001 et

1952 4046 2170 4103 Filius?
2194 4047 2303 4104 Aut
2326 4047 2380 4104 iu
2411 4063 2520 4118 quo
2546 4046 2760 4103 tandem
2794 4061 2890 4116 per
2918 4042 3373 4101 intercessionem
3406 4043 3556 4097 inﬁr-

1952 4140 2158 4197 mitatis
2186 4148 2415 4211 negatur
2440 4130 2738 4210 aequalitas,
2774 4153 2896 4195 cum
2919 4153 3059 4194 unus
3087 4143 3250 4208 atque
3278 4136 3420 4193 idem
3454 4135 3562 4190 ho-

1952 4247 2053 4290 nor
2083 4232 2387 4305 pbstuletur
2415 4231 2481 4287 ad
2508 4231 2841 4302 utrumque?
2866 4230 3019 4298 Quod
3046 4230 3092 4286 si
3119 4229 3307 4285 eadem
3335 4236 3420 4283 est
3451 4227 3563 4282 vir-

1952 4334 2038 4383 tus
2052 4326 2333 4399 operandi,
2352 4326 2608 4383 eteadem
2625 4334 2711 4383 est
2727 4325 2917 4397 religio
2933 4322 3257 4389 honorandi;
3274 4320 3438 4397 295
3453 4336 3559 4377 non

1953 4423 2197 4496 intelligo
2235 4422 2290 4478 in
2335 4434 2443 4494 quo
2468 4420 2689 4478 tandem
2722 4431 2929 4479 natura:
2962 4416 3189 4476 inﬁrmis
3228 4416 3561 4474 contumelia

1954 4518 2317 4588 relinquatur,
2359 4524 2481 4573 cum
2530 4514 2720 4571 eadem
2759 4513 2832 4571 sit
2878 4515 2931 4569 in
2970 4512 3133 4569 Patre
3166 4519 3223 4568 et
3260 4510 3315 4566 in
3340 4504 3480 4566 Filio
3509 4515 3564 4562 et
3636 4577 3641 4591 '

258 4583 478 4672 enim'ad
494 4583 865 4668 inﬁrmitatem
886 4606 1087 4674 retulit,
1103 4622 1206 4661 non
1224 4613 1409 4677 potest,
1425 4604 1518 4660 sed
1537 4604 1601 4660 ad
1616 4607 1850 4661 auctori-
1873 4583 1927 4645 Ῑ)
1955 4583 2172 4665 virtutis
2208 4617 2465 4680 potestas,
2498 4618 2555 4665 et
2581 4608 2802 4664 honoris
2828 4605 3128 4678 aequalitas.

261 4715 444 4773 tatem;
471 4701 782 4781 mnam
803 4701 874 4758 ab
892 4716 953 4757 se
978 4714 1085 4756 non
1110 4706 1307 4771 potest,
1332 4697 1409 4770 (ι)
1428 4696 1613 4770 (e)nisi
1631 4696 1845 4756 viderit.

350 4824 402 4895 l)
433 4822 558 4880 Nisi
591 4820 782 4876 videat.

323 4823 401 4974 ΣΞ)
451 4894 782 4967 Indignation

2028 4701 2119 4758 47.
2137 4699 2273 4769 Quid
2296 4701 2383 4768 sit,
2401 4700 2541 4757 Nihil
2564 4709 2742 4772 potest
2765 4698 2935 4755 Filius
2954 4697 3131 4752 facere
3150 4710 3181 4750 a
3204 4706 3285 4761 se,
3315 4692 3418 4746 alio
3448 4692 3567 4745 loco

451 4874 858 4967 Indignatiouis.
906 4888 998 4946 Sic
1038 4901 1264 4943 numero
1295 4882 1561 4956 superiori
1591 4883 1832 4942 dixerat:
1879 4881 2015 4940 Huic
2040 4882 2198 4956 igitur
2215 4874 2494 4953 duplicatae
2514 4879 2876 4954 indignationi.

325 5006 403 5083 (a)
438 5008 557 5064 Vat.
590 5006 715 5062 Bas.
747 5020 809 5060 ac
836 5000 1051 5059 Martin.
1085 5015 1217 5056 mss.
1246 5042 1260 5067 ,
1293 4997 1447 5054 modo
1476 5014 1639 5071 usque
1675 5016 1857 5074 operu-

261 5090 357 5135 llf.

351 5150 404 5223 ὁ)
436 5151 623 5223 §olutn
656 5148 934 5223 exemplar
959 5142 1361 5223 blartinianum,
1391 5142 1486 5198 sub
1508 5142 1706 5223 eodem.

351 5213 404 5289 εδ
433 5220 602 5285 Editi,
632 5213 1020 5294 propositionis.
1054 5221 1121 5272 At
1148 5214 1699 5294 _ntss.,_proposit_i9ni,
1731 5213 1848 5271 scil.

261 5284 591 5359 Iudaeorum,
630 5284 927 5358 cni'aptata
968 5298 1093 5342 sunt
1130 5286 1268 5359 dicta
1299 5284 1519 5341 Christi.
1550 5285 1682 5359 Mos
1711 5300 1853 5342 unus

262 5382 360 5421 ms.
390 5354 590 5428 Vatic.,
620 5372 668 5417 et
698 5354 868 5431 ﬁdelis
902 5355 1284 5431 intelligentia:
1312 5370 1415 5431 non
1446 5354 1777 5425 probandus.

354 5437 413 5503 dt
441 5434 538 5490 Sic
555 5426 860 5489 msstditi
891 5446 1053 5503 vero,
1070 5426 1135 5483 de
1152 5426 1350 5503 sabbati
1368 5442 1542 5503 opere.

328 5444 413 5503 (dt
441 5444 538 5490 Sic
555 5446 687 5489 mss.
718 5444 860 5487 eam
891 5446 1039 5495 vero,
1070 5444 1135 5483 ae
1152 5444 1350 5483 suoatt
1368 5444 1542 5553 opere.
2032 5444 2109 5500 (gi
2144 5444 2198 5482 tn
2232 5444 2268 5480 γι

326 5506 404 5580 (e)
430 5506 542 5562 Soli
564 5505 692 5561 editi
715 5504 824 5570 hic,
854 5502 954 5556 nisi
971 5501 1156 5580 uideat.
1180 5498 1247 5580 A_t
1270 5514 1394 5580 ms.‘
1423 5498 1688 5580 _at._bas.,
1716 5497 1857 5554 Nam
1956 5500 2268 5580 tegentium.

258 5564 399 5645 quod
422 5582 491 5632 ab
519 5594 570 5632 se
595 5592 698 5631 non
716 5564 906 5647 potest,
932 5573 1033 5627 nisi
1053 5572 1277 5637 uiderit;
1306 5564 1432 5647 quid
1461 5572 1597 5647 enim
1623 5580 1855 5641 praestat,

256 5664 393 5715 ωε..
424 5661 695 5718 corrupte.
720 5644 919 5701 'llilarii
941 5649 1009 5699 ad
1051 5648 1285 5718 mentem
1316 5644 1648 5711 Augustinus
1666 5651 1855 5718 contra

262 5714 448 5785 Serm,
488 5714 745 5794 etiame.
774 5718 874 5774 ib:
907 5717 1059 5794 Quod
1082 5717 1153 5794 ait
1178 5732 1233 5771 se
1260 5731 1362 5770 non
1391 5728 1560 5781 posse,
1590 5729 1692 5769 non
1725 5714 1856 5794 deﬁ-

1965 4985 2065 5068 tis';
2091 5009 2145 5055 et
2171 4998 2275 5053 hoc
2299 4998 2375 5053 ait
2398 5017 2410 5052 :
2445 5004 2502 5053 ut
2528 4996 2696 5068 paulo
2713 5005 2837 5051 ante
2859 4993 3020 5068 habet
3038 4991 3180 5049 idem
3203 4989 3555 5068 Augustinus,

1963 5065 2084 5141 quia
2103 5072 2239 5126 videt
2263 5086 2326 5124 ea:
2353 5072 2467 5138 ipso
2496 5065 2718 5139 faciendi
2743 5083 2797 5122 se
2824 5065 3343 5141 habergpotentiam.
3373 5078 3439 5141 ea:
3458 5080 3558 5141 quo

1962 5135 2016 5198 se
2051 5145 2182 5197 uidet
2209 5135 2457 5197 existendi
2486 5135 2670 5195 habere
2691 5150 2951 5193 naturam.
2988 5135 3141 5194 Unde
3167 5146 3221 5193 ct
3249 5136 3519 5192 concludit
3543 5151 3555 5189 :

1963 5214 2088 5269 Non
2110 5215 2403 5279 deﬁcienter
2432 5229 2535 5266 non
2568 5218 2749 5278 potest,
2777 5210 2868 5265 sed
2892 5218 3143 5280 potenter.

2033 5287 2099 5358 (f)
2131 5285 2294 5352 Editi,
2326 5281 2699 5356 indignationis
2722 5298 2741 5336 :
2793 5280 3149 5337 renitentibus
3189 5293 3383 5352 magno
3419 5291 3556 5333 eon-

1957 5373 2119 5415 sensu
2149 5370 2281 5411 mss.
3449 5373 3457 5382 .
3604 5392 3614 5398 ἢ

2032 5431 2109 5500 (g)
2144 5428 2198 5482 ln
2232 5428 2482 5500 vulgatis,
2514 5425 2584 5481 ad
2615 5420 3086 5500 equalita_t_em._lu
3119 5421 3391 5500 plerisque
3421 5434 3555 5500 mss.

2039 5492 2268 5586 utilitate.
2309 5492 2576 5556 Halmous
2604 5492 2727 5553 cum
2767 5495 2957 5551 codice
2990 5492 3113 5550 Vat.
3148 5493 3264 5550 bas.
3292 5531 3307 5559 ,
3344 5492 3561 5561 a'quali-

1956 5583 2115 5715 “ulla
2151 5642 2384 5700 Verbum
2410 5653 2531 5699 sunt
2560 5642 2985 5715 restituimnsex
3012 5652 3144 5715 mss.

2037 5710 2105 5790 (ἱ)
2142 5716 2309 5785 Editi,
2365 5716 2533 5775 nulla.
2590 5715 2660 5774 At
2711 5729 2844 5777 mss.
2893 5713 2947 5774 in
2992 5711 3163 5783 nullo,
3222 5710 3382 5782 tacita
3430 5722 3561 5779 voce

259 5794 445 5853 cientis
471 5804 563 5864 est,
588 5792 681 5850 sed
697 5793 755 5852 in
769 5806 834 5848 eo
856 5786 994 5865 quod
1022 5788 1085 5846 de
1109 5786 1264 5845 Patre
1288 5796 1439 5843 natus
1460 5794 1534 5844 est
1547 5786 1859 5864 permancit-
1960 5786 2154 5850 eorum.
