4094 6180
522 262 631 324 319
1734 265 1977 324 SANCTI
2019 267 2273 326 lllLARll
2315 268 2617 326 EPISCOPI
3721 275 3830 331 ὖΞο

520 383 873 454 conﬁrmatur.
920 383 1180 439 Meritum.
1223 414 1293 425 —-
1342 384 1412 442 Et
1455 384 1572 442 hmc
1605 385 1821 457 quidem
1875 385 2117 456 quamvis
2145 388 2200 448 Α
2291 385 2383 442 49.
2412 386 2497 442 Ait
2538 403 2641 443 non
2676 404 2730 444 se
2749 404 2917 457 suam,
2961 389 3050 445 sed
3076 388 3255 445 Patris
3284 391 3454 462 facere
3485 392 3825 451 voluntatem.

524 491 647 534 cum
676 478 790 550 ipsa
817 494 996 535 rerum
1027 478 1368 534 absolutione
1406 488 1630 536 tractata
1669 480 1813 545 sint;
1845 489 2023 536 tamen
2054 495 2123 535 ne
2226 479 2350 536 Non
2394 481 2456 535 ob
2486 482 2672 553 agendi
2702 483 3051 538 necessitatem
3073 525 3087 549 ,
3116 483 3206 538 sed
3232 484 3292 539 ob
3315 485 3585 541 unitatem.
3620 516 3692 528 -—
3717 487 3834 544 Ad-

523 572 650 642 quid
674 574 727 629 in
758 589 824 631 eo
852 573 995 644 quod
1017 573 1088 629 ait
1114 574 1411 630 Dominus:
1450 574 1570 630 Non
1602 583 1767 645 potest
1786 574 1927 645 ﬁlius
1955 574 2122 646 facere
2221 573 2387 646 juuge
2414 589 2627 646 quoque
2658 574 2780 630 huic
2813 575 2978 640 illud,
3022 576 3164 645 quod
3192 577 3257 632 ad
3289 579 3639 649 opprobrium
3678 581 3831 638 inﬁr—

523 666 588 721 ab
628 682 681 721 se
716 667 1017 737 quidquam,
1069 668 1171 721 nisi
1206 666 1342 738 quod
1378 667 1560 722 viderit
1607 665 1815 722 Patrem
1854 667 2124 739 facientem

524 758 706 828 (Joan.
741 774 798 827 v,
832 756 946 831 l9),
973 758 1041 815 ad
1064 759 1399 816 inﬁrmanda:
1418 768 1624 816 naturae
1646 760 1764 829 ejus
1790 761 2120 831 impietatem

526 851 775 924 proﬁciat
807 853 986 924 potius
1008 895 1024 920 ,
1058 869 1217 924 quam
1245 853 1310 909 ad
1341 852 1778 910 demonstrandae
1807 863 2043 925 paterna:
2070 854 2123 910 itt

526 959 589 1001 se
630 954 836 1001 natura:
884 946 1300 1013 conscientiam,
1342 962 1441 1017 per
1483 961 1642 1016 quam
1689 961 1755 1003 ex
1805 946 2126 1002 auctoritate

526 1046 783 1111 operatus
812 1038 864 1094 in
896 1038 1122 1094 sabbato
1149 1050 1233 1095 est
1255 1056 1269 1105 ;
1293 1039 1419 1095 dicti
1451 1055 1663 1110 quoque
1689 1039 1947 1097 dominici
1973 1038 2041 1095 ad
2073 1040 2124 1096 id

525 1134 852 1206 pertinentis
874 1133 1291 1190 demonstranda
1320 1134 1557 1206 cognitio
1586 1143 1691 1201 est,
1714 1149 1822 1206 quo
1856 1135 1967 1190 ait:
1995 1132 2065 1189 Et
2093 1151 2127 1188 a

527 1245 609 1284 me
636 1230 772 1298 facio
800 1230 954 1298 nihil,
982 1230 1072 1284 sed
1102 1240 1157 1285 ut
1181 1230 1354 1285 docuit
1376 1247 1458 1285 me
1485 1230 1666 1293 Pater,
1689 1231 1796 1285 luec
1825 1230 2024 1301 loquor.
2063 1228 2127 1283 Et

526 1322 616 1390 qui
639 1338 720 1377 nte
742 1323 900 1388 misit,
924 1339 1121 1378 mecum
1142 1332 1217 1378 est
1237 1366 1253 1391 ,
1277 1324 1358 1396 (Ι)
1386 1332 1433 1378 et
1468 1340 1569 1378 non
1609 1324 1813 1395 reliquit
1833 1340 1912 1377 me
1937 1323 2126 1389 solum,

526 1419 768 1486 quoniaut
780 1432 872 1487 ego
892 1432 1007 1488 qua:
1018 1426 1135 1471 sunt
1154 1417 1203 1471 ei
1223 1417 1413 1485 placita
1432 1417 1568 1486 facio
1587 1433 1785 1488 semper
1806 1416 1988 1490 (Joan.
2012 1431 2126 1481 vttt,

527 1509 597 1566 28
628 1519 674 1564 et
701 1510 816 1581 29).
847 1509 1102 1568 Sentisne
1128 1510 1252 1580 quid
1282 1511 1370 1579 sit,
1410 1526 1516 1566 non
1546 1525 1702 1581 posse
1730 1510 2020 1583 quidquam
2050 1510 2130 1566 ia-

530 1616 655 1658 cere
677 1601 906 1668 Filium,
943 1603 1044 1657 nisi
1073 1602 1253 1660 videat
1287 1603 1504 1659 Patrem
1541 1603 1869 1660 iacientem?
1923 1611 1979 1658 et
2022 1618 2129 1672 quo

529 1704 872 1750 sacramento
887 1696 1093 1751 dictum
1127 1697 1217 1763 sit,
1244 1706 1292 1752 et
1310 1714 1343 1751 a
1364 1714 1444 1752 me
1464 1697 1597 1769 facio
1619 1697 1786 1763 nihil;
1809 1706 1864 1752 ct
1888 1713 2125 1763 rursum,

2228 667 2430 722 mitatis
2458 682 2721 736 usurpas:
2758 667 2922 723 Omne
2961 669 3097 740 quod
3123 670 3213 723 dat
3252 671 3377 725 mihi
3417 671 3613 739 Pater,
3645 673 3717 727 ad
3750 690 3830 729 me

2226 762 2381 826 venit,
2413 771 2461 816 et
2499 763 2780 816 venientem
2815 763 2884 817 ad
2921 779 3000 817 me
3029 780 3131 818 non
3166 765 3336 836 apello
3356 783 3376 831 ;
3423 769 3546 836 quia
3591 769 3831 825 descendi

2228 855 2292 910 de
2315 854 2439 908 coelo
2467 872 2569 908 non
2599 864 2656 908 ut
2678 856 2867 926 faciam
2897 858 3208 912 voluntatem
3234 874 3418 923 nteant,
3461 860 3552 913 sed
3589 861 3830 915 volunta-

2229 955 2328 1000 tem
2356 945 2531 1000 Patris
2552 948 2637 1018 qui
2656 963 2734 1001 me
2755 948 2895 1003 ntisit
2920 946 3102 1018 (Joau.
3127 965 3201 1015 Vl,
3231 950 3302 1004 57
3330 960 3377 1004 et
3404 950 3521 1023 58).
3555 950 3662 1009 Sed
3695 952 3833 1010 forte

2229 1040 2345 1095 sine
2372 1040 2665 1095 voluntatis
2694 1041 2944 1098 libertate
2965 1041 3035 1097 sit
3057 1042 3248 1112 Filius,
3276 1052 3333 1099 ut
3356 1045 3406 1101 ei
3447 1054 3654 1103 natura:
3682 1047 3834 1103 inﬁr-

2229 1132 2387 1188 mitas
2430 1134 2657 1203 imperet
2695 1134 3094 1189 necessitatem.
3134 1134 3261 1191 Ideo
3299 1147 3480 1192 autem
3515 1139 3825 1194 necessitati

2230 1227 2301 1281 sit
2324 1225 2603 1288 subditus.
2636 1240 2741 1281 non
2769 1226 3030 1281 voluntati
3050 1270 3064 1293 ,
3096 1238 3151 1281 ut
3179 1227 3333 1284 datos
3360 1230 3461 1285 sibi
3492 1231 3774 1288 venientes
3801 1247 3833 1287 a

2232 1315 2391 1372 Patre
2436 1333 2542 1374 non
2581 1317 2797 1389 apellat.
2835 1317 2941 1374 Sed
2993 1319 3315 1375 sacramenti
3361 1322 3618 1377 unitatem
3646 1323 3701 1378 in
3751 1324 3835 1380 his

2232 1408 2492 1464 Dominus
2512 1408 2842 1479 signiﬁcans,
2866 1408 2993 1464 dum
3014 1426 3118 1464 non
3141 1411 3347 1479 repellit
3377 1412 3480 1467 sibi
3504 1411 3681 1479 datos,
3704 1413 3837 1470 dum

2233 1515 2338 1555 non
2367 1515 2539 1568 suam,
2572 1500 2665 1555 sed
2691 1500 2954 1556 mittentis
2989 1517 3050 1557 se
3074 1503 3183 1573 agit
3211 1504 3569 1572 voluntatem,
3599 1515 3719 1576 post
3743 1521 3837 1563 re-

2233 1595 2451 1664 petitam
2480 1592 2617 1649 banc
2639 1594 2885 1651 eamdem
2913 1594 3112 1653 Judaeis
3130 1600 3592 1655 murmurantibus
3617 1614 3835 1670 vocem,

2234 1687 2601 1757 intelligentia:
2624 1698 2822 1744 nostrae
2849 1705 3067 1744 sensum
3092 1690 3396 1761 conﬁrmat,
3452 1693 3676 1750 dicens:
3710 1694 3839 1749 0m—

529 1785 658 1842 Non
685 1787 893 1855 reliquit
923 1804 1005 1841 me
1032 1789 1218 1855 solum,
1250 1790 1492 1859 quoniam
1528 1804 1619 1860 ego
1648 1805 1763 1860 qua:
1788 1798 1905 1844 sunt
1939 1789 1986 1842 ei
2020 1774 2134 1857 pla?

2244 1781 2338 1844 nis,
2362 1782 2448 1846 qui
2474 1781 2618 1835 audit
2641 1799 2674 1835 a
2696 1779 2853 1837 Patre
2878 1791 2924 1836 et
2951 1783 3122 1847 discit,
3163 1786 3299 1839 venit
3323 1786 3392 1838 ad
3429 1802 3528 1852 me,
3569 1802 3671 1841 non
3700 1789 3841 1858 quod

528 1879 632 1934 cita
659 1880 794 1949 facio
818 1895 1015 1949 semper
1045 1878 1208 1952 (Ibid.
1240 1879 1368 1951 29)?
1395 1879 1451 1936 Si
1481 1881 1623 1935 enim
1659 1880 1784 1937 ideo
1814 1879 1948 1935 nihil
1974 1880 2042 1935 ab
2071 1895 2130 1937 se

529 1970 680 2037 facit,
705 1971 829 2043 quia
859 1972 911 2027 in
935 1985 995 2027 se
1024 1981 1205 2028 manet
1235 1973 1432 2038 Pater;
1465 1972 1736 2044 quomodo
1764 1987 1979 2028 rursum
2008 1972 2131 2029 ideo

530 2077 591 2119 se
610 2063 784 2119 solum
812 2064 971 2119 Pater
1000 2079 1104 2120 non
1133 2064 1367 2135 reliquit.
1400 2064 1522 2135 quia
1559 2080 1679 2136 quae
1705 2075 1829 2120 sunt
1858 2065 1908 2120 ei
1937 2063 2128 2134 placita

531 2157 704 2215 facit?
738 2158 855 2214 Non
886 2158 1184 2215 concordat
1210 2157 1509 2215 secundum
1549 2172 1768 2213 sensum
1814 2168 1985 2225 tuum,
2019 2157 2132 2212 hat-

534 2251 724 2315 retice,
758 2250 1025 2307 dictorum
1055 2251 1378 2319 diversitas,
1410 2260 1471 2307 ut
1513 2250 1642 2306 nihil
1676 2249 1836 2307 faciat
1872 2265 1901 2303 a
1942 2264 2003 2306 se
2029 2250 2130 2306 nisi

533 2345 727 2402 doctus
746 2361 775 2401 a
808 2358 1059 2406 manente
1089 2350 1142 2406 in
1181 2366 1240 2406 se
1264 2349 1426 2407 Patre
1451 2368 1465 2406 :
1506 2359 1561 2406 et
1591 2362 1804 2404 rursum
1849 2348 2052 2405 idcirco
2079 2343 2130 2399 in

535 2465 594 2507 se
632 2453 792 2509 Pater
819 2461 1075 2520 maneat,
1122 2454 1245 2525 quia
1276 2468 1398 2524 qua:
1423 2453 1473 2509 ei
1505 2460 1630 2509 sunt
1659 2452 1858 2519 placita
1884 2451 2043 2522 gerit.
2077 2443 2133 2502 Si

533 2545 679 2600 enim
711 2544 845 2601 nihil
875 2543 945 2599 ab
971 2559 1031 2600 se
1061 2543 1188 2599 facit
1229 2553 1450 2614 propter
1492 2553 1798 2600 manentem
1832 2543 1884 2597 in
1929 2558 1989 2598 se
2034 2542 2136 2597 Pa-

535 2645 673 2694 trem
700 2654 717 2704 ;
748 2637 1020 2709 quomodo
1051 2637 1178 2693 hinc
1207 2648 1263 2693 ttt
1302 2638 1355 2692 in
1389 2652 1449 2693 se
1477 2637 1639 2693 Pater
1668 2645 1884 2693 maneat
1911 2636 2137 2691 meritus

535 2739 639 2795 est,
667 2730 808 2800 quod
840 2746 901 2786 ea
930 2746 1052 2802 qua:
1078 2730 1126 2787 ei
1150 2731 1396 2802 placeant
1422 2730 1575 2801 agit?
1605 2729 1720 2786 Non
1744 2740 1827 2784 est
1848 2730 1990 2785 enim
2018 2744 2133 2784 me-

537 2825 698 2881 ritum
731 2825 972 2893 aliquod,
1001 2841 1109 2881 non
1138 2825 1207 2880 ab
1233 2841 1292 2881 se
1324 2824 1404 2898 (ἓ)
1431 2840 1621 2895 gerere
1650 2824 1729 2897 (a)
1758 2840 1877 2895 qum
1902 2832 2044 2896 agat.
2074 2823 2138 2878 Et

537 2928 748 2983 contra,
772 2917 1046 2987 quomodo
1075 2917 1220 2973 Patri
1252 2933 1373 2989 quae
1411 2917 1579 2973 Filius
1613 2925 1736 2988 agat
1766 2917 1955 2987 placita
1987 2927 2135 2980 sunt,

535 3026 659 3067 cum
685 3027 747 3068 ea
774 3012 890 3083 ipsa
920 3019 1045 3083 agat
1070 3026 1293 3066 mancus
1348 3009 1399 3065 in
1425 2994 1569 3065 'Filio
1592 3008 1794 3065 Pater?
1825 3011 1878 3065 In
1910 3019 2138 3081 angusto

536 3117 615 3168 es,
646 3103 915 3173 impietas,
940 3110 996 3158 et
1043 3111 1095 3157 te
1140 3101 1500 3156 munitissima
1556 3099 1679 3155 ﬁdei
1728 3108 1927 3156 nostrm
1966 3101 2139 3170 pietas

2232 1873 2411 1928 viderit
2441 1872 2653 1929 Patrem
2687 1877 2975 1949 quisquam,
3005 1878 3105 1932 nisi
3132 1879 3217 1948 qui
3254 1888 3331 1933 est
3371 1897 3402 1933 a
3436 1878 3571 1946 Deo,
3604 1882 3686 1936 Itic
3712 1883 3841 1937 vidit

2234 1965 2464 2021 Patrem.
2491 1968 2667 2035 Amen,
2693 1985 2841 2023 amen
2867 1970 2982 2024 dico
3007 1970 3165 2036 vobis,
3189 1972 3275 2042 qui
3298 1972 3457 2028 credit
3481 1974 3535 2028 in
3557 1991 3659 2041 me,
3681 1976 3835 2031 habet

2233 2060 2391 2114 citam
2419 2069 2664 2115 aeternam
2689 2059 2854 2132 (Ibid.
2880 2061 2952 2117 45
2975 2071 3023 2116 et
3064 2064 3251 2134 seqq.).
3281 2060 3350 2119 Et
3370 2080 3554 2136 quaero
3575 2067 3838 2138 primum,

2233 2152 2326 2207 ubi
2372 2151 2587 2207 auditus
2629 2152 2701 2208 sit
2740 2153 2921 2219 Pater,
2963 2154 3054 2208 ubi
3101 2155 3350 2210 docuerit
3379 2157 3683 2214 audientes.
3728 2158 3843 2215 Sed

2238 2242 2448 2298 Patrem
2480 2260 2641 2300 nemo
2662 2245 2815 2309 vidit,
2849 2245 2955 2301 nisi
2983 2244 3076 2317 qui
3112 2262 3141 2300 a
3169 2247 3281 2302 Deo
3305 2257 3409 2303 est.
3464 2249 3532 2304 Et
3560 2251 3839 2321 quomodo

2235 2352 2360 2392 eum
2390 2338 2671 2408 quisquam
2700 2338 2955 2404 audierit,
3001 2353 3160 2409 quem
3202 2354 3361 2396 nemo
3389 2339 3559 2396 vidit?
3600 2343 3845 2402 Audiens

2236 2444 2366 2502 ergo
2390 2447 2418 2484 a
2448 2430 2641 2497 Patre,
2671 2431 2736 2487 ad
2767 2431 2958 2487 Filium
2986 2433 3153 2488 venit.
3186 2434 3251 2489 Et
3275 2448 3394 2489 cum
3432 2434 3603 2492 Filius
3623 2436 3702 2508 (4)
3734 2452 3843 2493 au-

2236 2522 2382 2578 ditur
2406 2530 2462 2578 et
2488 2521 2670 2589 docet,
2713 2530 2917 2578 natura:
2944 2523 2996 2578 in
3043 2539 3111 2580 eo
3146 2531 3387 2595 paterna:
3437 2528 3738 2599 proprietas
3770 2528 3845 2602 (ο)

2237 2626 2294 2675 et
2343 2618 2540 2674 audita:
2565 2628 2619 2675 et
2637 2618 2880 2675 docentis
2904 2620 3245 2678 ostenditur:
3289 2631 3348 2677 ut
3369 2621 3494 2684 hoc,
3517 2623 3659 2694 quod
3680 2623 3850 2680 docet

2238 2710 2411 2767 Filius
2435 2720 2492 2767 et
2519 2712 2756 2780 auditur,
2789 2722 3030 2784 paterna:
3068 2715 3330 2770 doctrina:
3373 2704 3704 2785 intelligatur
3738 2733 3844 2771 au-

2240 2805 2392 2861 ditio.
2423 2805 2556 2861 Nam
2587 2822 2709 2862 cum
2756 2822 2918 2863 nemo
2947 2806 3146 2863 viderit
3172 2806 3421 2872 Patrem,
3456 2816 3512 2864 et
3546 2809 3612 2863 ad
3642 2808 3847 2865 Filium

2239 2902 2487 2966 veniens,
2512 2917 2539 2955 a
2563 2901 2723 2956 Patre
2743 2900 2926 2955 audiat
2949 2909 3109 2973 atque
3133 2900 3311 2957 discat
3331 2909 3388 2956 ut
3413 2902 3625 2957 veniat:
3649 2901 3847 2957 admo-

2241 3010 2436 3050 nemur
2456 2993 2761 3065 intelligere
2790 2994 2914 3066 quid
2942 2995 3015 3049 sit
3033 3002 3089 3050 et
3119 2996 3171 3051 in
3193 2995 3445 3066 loquente
3466 2995 3604 3051 Filio
3624 2995 3847 3052 Patrem

2240 3086 2459 3152 docere,
2494 3094 2549 3142 et
2582 3087 2634 3141 in
2664 3097 2957 3157 conspecto
2998 3087 3136 3143 Filio
3164 3088 3405 3152 Patrem,
3435 3089 3524 3159 qui
3566 3104 3595 3141 a
3628 3090 3849 3146 nemine

536 3195 827 3252 concludit.
844 3196 967 3267 Agit
988 3195 1184 3266 aliquid
1203 3194 1393 3261 Filius,
1417 3206 1508 3249 aut
1525 3209 1629 3249 non
1653 3196 1794 3266 agit:
1818 3196 1861 3250 si
1885 3210 1990 3250 non
2012 3196 2135 3264 agit,

2249 3180 2323 3235 sit
2346 3179 2512 3243 visus,
2540 3179 2748 3245 audiri;
2789 3181 2911 3251 quia
2952 3191 3160 3235 naturae
3192 3189 3427 3250 paterna:
3460 3180 3845 3251 proprietatem

536 3288 811 3357 quomodo
837 3288 888 3342 in
921 3286 1003 3341 bis
1029 3303 1149 3359 qum
1178 3289 1288 3358 agit
1318 3288 1533 3355 placet?
1565 3286 1608 3340 si
1635 3295 1812 3341 autem
1842 3287 1972 3357 agit,
2000 3302 2138 3357 quo-

539 3379 702 3435 modo
727 3379 838 3449 agit
865 3379 916 3433 in
966 3377 1049 3433 his
1079 3394 1199 3447 quae
1239 3378 1308 3433 ab
1336 3394 1397 3434 se
1426 3393 1535 3433 non
1574 3379 1727 3449 agit?
1768 3393 1889 3434 cum
1931 3388 1987 3435 et
2011 3394 2139 3449 pro-

538 3471 714 3543 prium
744 3473 814 3527 sit
843 3470 1019 3542 egisse
1039 3486 1159 3542 quae
1185 3471 1434 3542 placeant
1452 3514 1469 3538 ,
1494 3479 1551 3528 et
1573 3471 1691 3529 sine
1715 3471 1909 3528 merito
1931 3471 2004 3528 sit
2029 3487 2136 3528 non

539 3566 609 3622 ab
637 3582 695 3621 se
725 3565 902 3635 egisse
929 3581 1049 3635 quae
1071 3566 1323 3636 gesserit.

611 3659 702 3716 48.
738 3657 909 3712 Filius
933 3659 1022 3729 qui
1045 3674 1137 3731 per
1155 3675 1228 3726 se,
1253 3658 1339 3727 qui
1361 3674 1461 3712 non
1492 3657 1555 3712 ab
1580 3674 1635 3712 se
1661 3666 1802 3730 agat.
1828 3688 1899 3699 —
1916 3656 2020 3714 Sed
2045 3673 2140 3713 na-

540 3753 697 3815 turm,
732 3749 812 3823 (5)
840 3750 929 3821 qui
957 3748 1289 3805 contradicis
1314 3791 1329 3813 ,
1359 3748 1474 3805 hmc
1498 3749 1678 3804 unitas
1708 3758 1792 3806 est
1811 3789 1825 3811 ,
1855 3758 1915 3805 ut
1944 3750 2017 3805 ita
2045 3765 2142 3820 per

537 3859 599 3901 se
622 3853 764 3914 agat,
816 3858 885 3898 ne
924 3858 954 3896 a
985 3857 1045 3898 se
1072 3851 1228 3914 agat;
1271 3851 1326 3898 et
1356 3841 1426 3898 ita
1456 3859 1561 3899 non
1586 3843 1656 3900 ab
1692 3856 1754 3899 se
1777 3854 1923 3913 agat,
1959 3852 2019 3899 ut
2048 3859 2143 3912 per

539 3954 600 3995 se
628 3950 769 4011 agat.
817 3938 1065 4009 Intellige
1088 3946 1339 4009 agentem
1371 3937 1563 3993 Filium
1586 3980 1602 4005 ,
1631 3948 1686 3993 et
1713 3953 1810 4007 per
1829 3953 1950 3993 eum
1980 3952 2145 4010 agen-

543 4040 652 4088 tem
679 4030 916 4087 Patrem.
945 4028 1059 4085 Non
1087 4029 1154 4085 ab
1175 4042 1238 4086 se
1262 4033 1390 4104 agit,
1425 4044 1545 4085 cum
1570 4029 1732 4087 Pater
1752 4030 1804 4086 in
1832 4046 1898 4086 eo
1924 4046 2144 4087 manere

542 4124 617 4199 (ὁ)
666 4124 1053 4181 monstrandus
1096 4134 1199 4182 est.
1249 4124 1356 4181 Per
1389 4141 1451 4182 se
1488 4126 1615 4196 agit,
1672 4139 1796 4181 cum
1847 4124 2143 4181 secundum

540 4215 664 4272 Filii
705 4216 1039 4273 nativitatem
1081 4218 1191 4289 agit
1215 4218 1330 4288 ipse
1355 4233 1477 4290 quae
1500 4216 1698 4289 placita
1724 4225 1870 4273 sunt.
1900 4215 2142 4273 Inﬁrmis

540 4310 612 4366 sit
637 4325 743 4365 non
770 4325 800 4365 a
825 4324 884 4366 se
912 4311 1143 4381 agendo,
1180 4312 1283 4367 nisi
1310 4311 1447 4368 adeo
1477 4313 1594 4384 ipse
1621 4311 1751 4383 agit,
1788 4320 1849 4367 ut
1886 4327 2006 4383 quae
2035 4311 2145 4383 agit

543 4404 810 4473 placeant.
834 4402 951 4459 Non
982 4405 1053 4460 sit
1091 4420 1221 4461 vero
1241 4405 1293 4461 in
1330 4405 1533 4461 unitate
1560 4415 1787 4469 naturae,
1815 4406 1860 4461 si
1893 4421 2001 4462 non
2023 4420 2145 4477 quae

541 4495 661 4567 ipse
690 4496 854 4569 296
874 4497 1003 4567 agit,
1031 4508 1085 4553 et
1119 4496 1172 4553 in
1204 4496 1397 4567 quibus
1423 4497 1619 4567 placet,
1648 4511 1756 4552 non
1791 4511 1889 4567 per
1915 4513 1977 4554 se
2011 4498 2140 4569 agit,

2244 3270 2501 3327 nativitas
2529 3271 2649 3327 Filii
2684 3272 2736 3326 in
2762 3286 2822 3327 se
2853 3270 3088 3342 perfecta
3119 3272 3416 3328 contineat.
3451 3272 3651 3328 Volens
3682 3273 3852 3344 igitur

2245 3364 2549 3435 unigenitns
2584 3364 2727 3419 Deus
2763 3364 3139 3420 auctoritatem
3170 3374 3447 3435 paternam
3476 3407 3490 3430 ,
3524 3366 3677 3420 salva
3702 3369 3755 3420 in
3786 3381 3851 3424 se

2245 3465 2449 3511 tiaturre
2479 3457 2701 3523 unitate,
2729 3458 2937 3526 testari,
2962 3468 3014 3514 et
3042 3457 3194 3513 datos
3214 3459 3318 3514 sibi
3336 3474 3367 3513 a
3386 3458 3544 3515 Patre
3568 3476 3675 3515 non
3697 3461 3852 3531 apel—

2246 3547 2308 3603 lit
2327 3590 2340 3614 ,
2369 3557 2424 3603 et
2455 3548 2786 3606 voluntatem
2823 3566 2928 3605 non
2958 3564 3110 3607 suam
3132 3593 3147 3617 ,
3178 3552 3273 3608 sed
3303 3552 3422 3620 ejus
3447 3554 3538 3624 qui
3564 3569 3624 3610 se
3660 3555 3849 3624 misit,

2245 3639 2433 3707 efﬁcit,
2467 3656 2573 3695 non
2599 3643 2743 3712 quod
2772 3657 2878 3698 non
2909 3642 3057 3710 velit,
3091 3658 3216 3715 quae
3257 3647 3383 3716 agit,
3428 3655 3523 3701 aut
3561 3647 3702 3717 quod
3735 3664 3847 3705 non

2245 3733 2362 3805 ipse
2383 3734 2631 3791 audiatur
2656 3736 2746 3805 qui
2772 3735 2932 3792 docet
2955 3754 2969 3791 :
2996 3736 3090 3792 sed
3115 3747 3173 3792 ut
3195 3745 3254 3803 et
3281 3753 3406 3794 cum
3437 3740 3526 3809 qui
3549 3754 3609 3794 se
3638 3740 3842 3808 mittat,

2247 3839 2301 3884 et
2324 3844 2385 3885 se
2409 3830 2499 3901 qui
2530 3832 2728 3885 missus
2757 3838 2859 3897 est,
2896 3831 2997 3887 sub
3027 3832 3356 3902 proprietate
3386 3845 3593 3890 natura:
3620 3835 3840 3892 indiffe-

2247 3920 2420 3976 rentis
2444 3920 2793 3978 ostenderet:
2845 3939 2967 3978 cum
3003 3939 3124 3995 qua:
3152 3927 3287 3993 vult,
3336 3926 3465 3996 agit,
3496 3933 3553 3982 et
3577 3927 3839 3998 loquitur,

2250 4029 2313 4070 ea
2335 4023 2388 4069 et
2410 4015 2739 4071 voluntatem
2779 4022 2835 4071 et
2879 4031 3039 4087 opera
3067 4025 3123 4072 et
3156 4016 3298 4073 dicta
3328 4016 3501 4075 Patris
3534 4032 3655 4075 esse
3681 4018 3855 4091 signi—

2249 4110 2367 4165 ﬁcet
2380 4151 2392 4165 .

2322 4205 2482 4277 297
2504 4202 2594 4258 50.
2617 4202 2821 4259 Christo
2844 4202 3003 4260 libera
3022 4205 3274 4261 voluntas.
3294 4203 3407 4259 Nec
3427 4221 3459 4259 a
3478 4202 3654 4260 Patris
3670 4206 3860 4261 volun-

2253 4305 2354 4351 late
2372 4296 2720 4351 dissidens.——
2739 4296 2893 4366 Quod
2911 4306 3087 4354 autem
3111 4297 3181 4354 sit
3195 4297 3381 4355 libera:
3401 4297 3716 4364 voluntatis,
3741 4313 3855 4356 non

2250 4390 2499 4460 ambigue
2527 4390 2765 4445 ostendit
2803 4405 2925 4446 cum
2956 4391 3061 4445 ait:
3096 4389 3243 4448 Sicut
3283 4392 3420 4447 enim
3454 4390 3613 4447 Pater
3635 4394 3860 4448 suscitat

2249 4493 2478 4539 mortuos
2520 4496 2564 4538 et
2608 4484 2864 4555 viviﬁcat,
2903 4485 2977 4539 sic
3011 4493 3060 4539 et
3100 4482 3275 4539 Filius
3313 4501 3440 4557 quos
3467 4485 3577 4540 vult
3619 4486 3854 4557 vivi/icat

540 4588 637 4645 sed
681 4603 909 4645 manens
939 4590 992 4644 in
1031 4604 1098 4646 eo
1133 4589 1200 4644 ad
1240 4589 1506 4661 agendum
1537 4588 1697 4646 Pater
1733 4589 1947 4646 edocet.
1980 4589 2056 4645 Ita
2086 4600 2135 4647 et

2245 4574 2424 4649 (Joan.
2450 4593 2501 4643 ν,
2527 4576 2642 4649 21).
2670 4576 2803 4633 Cum
2825 4577 3047 4648 mqualis
3074 4578 3125 4633 in
3153 4577 3314 4635 Patre
3338 4589 3393 4635 et
3424 4578 3561 4636 Filio
3586 4589 3641 4636 et
3671 4581 3852 4635 virtu-

541 4681 813 4738 manendo
854 4681 1017 4738 docet
1054 4682 1235 4750 Pater,
1276 4692 1330 4738 et
1372 4680 1543 4739 Filius
1571 4681 1782 4754 agendo
1824 4696 1932 4738 non
1972 4681 2042 4737 ab
2081 4697 2140 4738 se

539 4774 668 4845 agit,
695 4781 750 4828 et
776 4774 969 4829 nouab
994 4787 1055 4830 se
1079 4788 1243 4846 agens
1270 4772 1456 4841 Filius,
1484 4788 1606 4829 cum
1633 4789 1753 4846 quae
1794 4774 1987 4845 placita
2019 4783 2144 4829 sunt

539 4870 686 4935 facit,
705 4873 817 4942 ipse
843 4871 973 4942 agit.
1002 4871 1081 4928 Ac
1097 4871 1175 4928 sic
1194 4870 1373 4928 unitas
1394 4877 1601 4926 naturai
1621 4868 1888 4926 retinetur
1908 4868 1961 4925 in
1981 4883 2145 4939 agen-

538 4961 643 5019 do:
670 4962 796 5018 dum
818 4971 872 5019 et
894 4964 1009 5035 ipse
1024 4979 1254 5035 operans
1277 4978 1382 5019 non
1412 4971 1664 5034 operatur
1679 4962 1745 5019 ab
1762 4978 1842 5030 se,
1867 4971 1921 5019 et
1947 4961 2062 5034 ipse
2077 4961 2145 5017 ab

537 5070 598 5113 SC
625 5073 730 5113 non
760 5067 1013 5128 operatus
1042 5067 1318 5130 operatur.

609 5171 691 5312 (1)
728 5171 850 5229 Νοη
872 5173 1134 5248 relinquit,
1159 5185 1248 5244 atq
1268 5186 1321 5228 ἰδ
1353 5175 1424 5231 ita
1451 5174 1587 5232 inl'ra
1616 5173 1722 5230 bis.

633 5245 689 5312 ἓ)
724 5243 936 5301 Facere.

633 5243 689 5312 ἓ)
724 5243 936 5301 Facere.

611 5318 692 5390 (3')
717 5314 812 5373 Cui
839 5317 1163 5373 contradicis.
1193 5315 1312 5373 Mos
1366 5334 1427 5373 ne
1456 5318 1514 5373 ab
1533 5333 1586 5372 se
1607 5325 1747 5389 agat.
1769 5314 1920 5385 Quod
1948 5313 2150 5385 repeti-

614 5436 693 5512 (a)
731 5437 861 5493 Bad.
887 5452 1009 5512 cum
1033 5437 1243 5512 aliquot
1252 5452 1384 5512 _mss
1406 5509 1416 5512 _
1442 5453 1654 5510 quisque
1682 5443 1821 5512 agat.
1859 5435 2143 5493 Editiones

542 5508 684 5574 aliae,
716 5525 834 5580 quae
874 5510 991 5580 quis
1026 5508 1168 5578 agat.
1210 5508 1487 5566 Sincerin’s
1528 5523 1660 5565 mss.
1711 5508 1982 5578 potiores,
2028 5521 2143 5580 qua:

543 5591 685 5652 agat,
709 5579 980 5653 quomodo
1011 5580 1256 5648 inferius,
1284 5597 1388 5637 non
1408 5582 1473 5637 at:
1491 5598 1545 5637 se
1570 5581 1733 5652 egisse
1757 5595 1874 5653 qua:
1890 5579 2099 5652 gesserit
2120 5594 2143 5647 ,°

545 5651 687 5723 quod
714 5652 779 5723 ad
816 5651 1011 5706 Filium
1042 5653 1294 5708 refertur.

617 5720 692 5791 (b)
723 5721 797 5775 Ita
823 5723 1151 5780 vetustioles
1182 5724 1322 5779 libri.
1357 5724 1631 5788 Aliivero,
1662 5731 1995 5791 monstratur.
2128 5782 2131 5789 η

621 5790 701 5865 (ι’)
723 5793 778 5845 In
809 5796 915 5846 uno
941 5807 1040 5847 ms.
1073 5793 1273 5860 Vatia,
1302 5806 1347 5850 et
1378 5794 1664 5852 audientis:
1705 5795 1868 5851 male.
1900 5790 2146 5851 Defendit

2250 4669 2319 4724 tis
2346 4678 2582 4739 potestas
2607 4679 2661 4725 et
2693 4670 2914 4727 honoris
2948 4669 3182 4740 dignitas
3225 4669 3602 4728 manifestatur
3622 4715 3637 4739 ,
3672 4673 3744 4729 ibi
3792 4684 3852 4731 et

2250 4762 2472 4818 libertas
2496 4763 2788 4819 voluntatis
2813 4763 3151 4820 ostenditur:
3184 4779 3307 4821 cum
3334 4773 3510 4822 autem
3552 4765 3632 4840 (ά)
3672 4767 3861 4823 unitas

2250 4854 2692 4925 demonstratur,
2724 4858 2796 4915 ibi
2826 4867 3067 4928 paterna:
3092 4856 3382 4913 voluntatis
3407 4856 3742 4929 signiﬁcatur
3773 4861 3864 4917 al-

2252 4949 2433 5008 t‘ectio.
2465 4951 2595 5020 Qua:
2621 4952 2763 5009 enim
2787 4952 2901 5008 vult
2939 4952 3131 5021 Pater,
3173 4967 3234 5008 ea
3265 4950 3436 5007 Filius
3466 4951 3611 5009 iacit.
3647 4953 3863 5015 Facere

2254 5055 2432 5101 autem
2465 5045 2588 5115 plus
2619 5055 2739 5113 est,
2773 5061 2933 5115 quam
2976 5045 3238 5102 voluntati
3270 5044 3492 5101 obedire
3520 5063 3534 5100 :
3564 5045 3689 5117 quia
3723 5048 3864 5106 obe-

2246 5178 2333 5224 tur
2359 5166 2520 5238 inira,
2550 5164 2613 5219 ab
2643 5182 2698 5220 se
2725 5166 2942 5238 agendo.
2975 5165 3073 5223 Ubi
3102 5166 3262 5220 etiam
3290 5166 3548 5235 inﬁrmus,
3574 5179 3680 5219 non
3705 5166 3865 5236 in/ir-

2248 5241 2364 5295 mis.
2395 5236 2561 5309 Paulo
2587 5247 2727 5309 post,
2759 5236 3055 5292 mandando
3089 5252 3185 5308 pro
3213 5238 3495 5293 manendo:
3526 5246 3807 5309 corrupte.

2323 5309 2402 5384 (li)
2430 5308 2499 5362 Et
2527 5308 2774 5362 audiatur
2800 5318 2847 5363 et
2869 5309 3070 5366 doceat.

2251 5432 2486 5489 Hilarius
2534 5431 2749 5486 Patrem
2799 5442 3090 5499 numquam
3122 5425 3307 5499 audiri
3353 5426 3439 5482 vel
3476 5424 3700 5493 docere,
3751 5425 3863 5483 nisi

2250 5514 2516 5578 quatenus
2544 5502 2782 5578 loquitur
2817 5514 2881 5555 ac
3093 5498 3415 5578 lf‘iliuquui
3445 5506 3502 5578 ut
3527 5499 3864 5578 Augustinus

2251 5567 2442 5633 contra
2473 5567 2650 5632 Serui.
2686 5575 2782 5628 Ar.
2812 5587 2863 5627 c.
2895 5571 2990 5634 24,
3017 5570 3226 5642 scribit,
3260 5567 3437 5623 Patris
3463 5567 3698 5624 doctrina
3722 5570 3861 5642 est).

2252 5648 2337 5704 Ex
2366 5662 2474 5719 quo
2503 5662 2612 5703 non
2640 5646 2783 5700 male
2808 5643 2975 5719 sumit
3004 5641 3056 5696 in
3084 5640 3222 5719 Fili_o
3245 5654 3368 5719 esse
3388 5650 3596 5719 natura:
3616 5640 3863 5711 paterna:

2252 5710 2656 5791 proprietatem,
2669 5731 2767 5791 seu
2780 5713 3025 5791 eamdem
3039 5726 3161 5791 esse
3175 5711 3350 5791 Patris
3374 5723 3429 5766 et
3443 5710 3859 5791 Eilii‘naturam.

2328 5780 2479 5861 (ililn
2507 5780 2652 5849 uiss.'
2669 5784 2791 5841 Vat.
2827 5785 2939 5841 bas.
2965 5780 3022 5839 et
3049 5782 3259 5840 Martia.
3286 5780 3612 5840 auctoritatis
3639 5785 3815 5840 unitas
3839 5796 3864 5840 .'
