4094 6180
222 283 314 340 59.!

1404 281 1490 341 DE
1531 280 1904 341 TRINITATE
1944 282 2148 341 LIBER
2180 281 2274 341 IX.

3412 286 3521 345 322

221 398 333 453 dire
360 395 659 463 voluntati,
684 394 844 453 habet
879 397 1167 454 exterioris
1207 400 1612 467 necessitatem;
1648 398 1722 472 (a)
1748 400 1823 455 ta-
1851 402 1904 465 Α
1931 402 2057 458 tiam
2081 408 2543 458 sacramentorum
2569 410 2652 459 est
2677 420 2689 456 :
2720 411 2773 459 et
2796 401 3093 459 doctrinam
3116 401 3396 474 Evangelii
3418 419 3525 460 non

224 505 344 545 cere
374 491 740 556 voluntatem,
773 489 1051 560 proprium
1081 500 1160 545 est
1204 489 1427 556 unitati,
1460 505 1583 547 cum
1623 492 1818 547 laetum

220 584 288 639 sit
312 583 628 638 voluntatis.
664 583 868 637 Etcum
899 581 1072 638 Filius
1093 583 1425 638 voluntatem
1453 583 1627 639 Patris
1655 584 1785 640 tacit
1803 626 1820 650 ,

222 676 377 733 docet
408 691 507 745 per
536 684 744 730 natura:
772 673 1194 731 indiﬂ‘erentiatn
1218 716 1231 740 ,
1258 676 1557 732 naturalem
1588 675 1692 733 sibi
1726 691 1824 732 vo-

222 772 476 828 luntatem
495 785 616 826 esse
638 785 759 825 cum
789 769 948 825 Patre
972 788 986 823 :
1018 784 1138 825 cum
1161 769 1407 826 voluntas
1428 770 1545 841 ejus
1567 771 1635 826 sit
1660 785 1822 826 omne

222 864 363 936 quod
391 863 572 919 faciat.
603 862 728 919 Vult
752 862 910 933 plane
935 861 1106 917 Filius
1128 863 1310 918 omnia
1338 879 1458 932 quae
1486 865 1641 919 Pater
1670 862 1820 930 vult,

221 974 318 1015 nec
358 957 620 1013 naturalis
645 957 898 1013 dissentit
937 957 1206 1011 voluntas.
1248 956 1490 1026 Namque
1528 973 1649 1013 cum
1703 956 1822 1011 hmc

225 1050 469 1106 voluntas
511 1048 686 1104 Patris
724 1047 829 1116 sit,
868 1063 1027 1118 quam
1061 1048 1299 1103 ostendit
1325 1048 1543 1103 dicens:
1577 1048 1704 1103 "(ac
1748 1057 1822 1103 est

224 1143 358 1198 enim
384 1142 620 1197 uoluntas
649 1141 811 1212 patris
836 1142 968 1207 mei,
1001 1149 1059 1193 ut
1099 1140 1264 1195 onmis
1292 1140 1381 1210 qui
1406 1139 1537 1195 videt
1578 1138 1819 1207 Filium,

225 1246 266 1292 et
294 1237 456 1292 credit
496 1236 552 1289 in
579 1250 695 1289 eum
720 1274 736 1300 ,
766 1231 948 1287 habeat
977 1233 1134 1288 vitam
1180 1243 1423 1288 cateruam
1442 1275 1458 1301 ,
1490 1242 1536 1287 et
1582 1234 1823 1289 suscitem

225 1348 336 1387 eum
366 1331 421 1385 in
442 1329 720 1384 novissima
743 1327 827 1381 die
847 1326 1027 1398 (Joan.
1054 1343 1107 1381 vt
1127 1367 1142 1394 ,
1173 1326 1296 1398 39):
1326 1326 1448 1382 audi
1479 1342 1618 1382 nunc
1639 1342 1708 1382 an
1734 1325 1825 1381 Fi-

226 1424 275 1479 lii
300 1439 332 1478 a
364 1423 526 1478 Patre
552 1420 879 1477 dissentiens
905 1421 978 1475 sit
1003 1420 1278 1485 voluntas,
1324 1433 1447 1475 cum
1488 1419 1591 1474 ait:
1627 1418 1819 1486 Pater,

225 1532 353 1588 quos
371 1516 499 1570 milii
532 1514 750 1582 dedisti,
782 1514 897 1569 uolo
924 1523 980 1567 ut
1002 1514 1096 1567 ubi
1117 1529 1208 1585 ego
1232 1530 1377 1581 sum,
1411 1522 1457 1567 et
1486 1514 1565 1567 illi
1592 1514 1693 1568 sint
1718 1529 1823 1567 mc-

226 1624 340 1661 cnm
363 1605 544 1675 (Joan.
564 1620 672 1661 xvu
688 1647 704 1671 ,
718 1605 837 1675 24).
851 1604 965 1660 Non
979 1620 1109 1675 ergo
1129 1603 1420 1673 ambigitur
1442 1603 1635 1659 Filium
1659 1604 1818 1660 velle.

225 1699 358 1755 Nam
387 1715 509 1755 cum
548 1699 708 1753 Pater
736 1699 867 1753 velit
892 1698 1177 1754 credentes
1213 1696 1266 1752 in
1306 1697 1444 1752 Filio
1473 1698 1636 1753 vitam
1665 1708 1824 1754 aiter-

225 1808 352 1847 natn
395 1790 628 1857 habere,
665 1788 830 1845 Filius
857 1790 973 1844 vult
1017 1789 1127 1844 illic
1170 1788 1263 1844 ubi
1304 1792 1419 1859 ipse
1447 1790 1518 1844 sit
1545 1804 1666 1845 esse
1704 1805 1824 1845 crc-

225 1884 433 1940 dentes.
477 1882 589 1938 Nisi
632 1883 771 1938 forte
809 1882 1122 1938 cohabitare
1156 1880 1375 1937 Christo
1419 1898 1527 1938 non
1566 1884 1639 1937 sit
1663 1891 1824 1939 mter-

227 1978 365 2033 nitas
393 1977 525 2049 (vita
553 1973 823 2046 :eterna):
856 1984 946 2030 aut
974 1991 1079 2030 non
1126 1973 1362 2045 perfecta
1391 1984 1446 2030 et
1486 1976 1637 2029 beata
1669 1975 1722 2030 in
1764 1990 1823 2032 se

224 2069 568 2125 credentibus
594 2068 792 2124 tribuat
817 2064 1097 2135 Christus,
1131 2070 1245 2122 lucc
1280 2066 1501 2122 dicens:
1535 2064 1702 2121 Nemo
1729 2083 1824 2121 no-

223 2161 285 2215 rit
318 2158 519 2216 Filium
539 2201 553 2224 ,
583 2160 684 2214 nisi
718 2158 883 2214 Pater
903 2201 916 2223 ,
945 2174 1106 2231 neque
1129 2156 1341 2213 Patrem
1374 2160 1484 2228 quis
1517 2160 1690 2226 novit,
1723 2160 1824 2215 nisi

228 2252 272 2308 Γ
272 2256 396 2310 ilius
414 2296 430 2321 ,
463 2264 510 2310 et
539 2256 621 2310 cui
650 2256 863 2310 voluerit
888 2252 1060 2309 Filius
1092 2254 1315 2310 revelare
1339 2253 1555 2325 (Matth.
1586 2270 1640 2310 χι
1661 2297 1676 2323 ,
1702 2254 1818 2324 95).

225 2350 381 2407 Anne
410 2366 519 2406 non
550 2350 602 2405 in
631 2348 886 2406 libertate
911 2360 993 2404 est
1022 2348 1314 2404 voluntatis
1335 2348 1525 2405 volens
1552 2348 1706 2404 nobis
1735 2363 1823 2405 se-

234 2444 364 2499 creti
411 2443 559 2498 illius
598 2443 806 2510 paterni
854 2441 1087 2498 tribuere
1115 2441 1544 2497 conscientiam?
1585 2443 1661 2517 Et
1686 2441 1823 2499 adeo

224 2535 472 2591 voluntas
497 2536 546 2590 ei
576 2533 750 2590 libera
771 2544 854 2591 est
879 2576 893 2600 ,
928 2544 988 2590 ut
1014 2533 1376 2605 cognitionem
1418 2534 1501 2590 sui
1531 2543 1694 2606 atque
1722 2536 1824 2590 Pa-

224 2630 312 2685 tris
336 2629 535 2699 quibus
557 2629 793 2685 voluerit
824 2629 1132 2700 impertiat?
1153 2629 1327 2700 Atque
1348 2629 1418 2683 ita
1442 2629 1580 2685 inter
1604 2629 1818 2687 Patrem

224 2732 270 2780 et
294 2723 497 2780 Filium
518 2734 572 2778 et
603 2722 900 2778 nativitatis
922 2730 974 2777 et
1003 2723 1169 2795 298
1194 2722 1416 2776 unitatis
1455 2722 1821 2779 demonstrata

222 2824 405 2870 natura
433 2824 557 2870 est:
587 2829 709 2869 cum
737 2816 820 2870 sic
848 2813 986 2869 liber
1019 2816 1071 2867 in
1101 2813 1378 2868 voluntate
1415 2813 1488 2868 sit
1528 2812 1698 2868 Filius
1718 2855 1733 2880 ,
1765 2820 1823 2869 ut

224 2911 361 2984 quod
388 2911 581 2967 volens
601 2910 713 2981 agit
734 2950 749 2973 ,
783 2907 981 2964 factum
1016 2918 1251 2978 paterna:
1281 2908 1352 2962 sit
1378 2908 1690 2963 voluntatis.

289 3004 378 3059 5|.
425 3002 560 3075 Spes
589 3002 698 3056 sine
727 3000 830 3070 [ide
853 2999 1017 3053 nulla.
1046 3001 1147 3067 Qui
1176 3000 1331 3053 Pater
1349 3009 1396 3054 et
1419 2997 1596 3054 Filius
1615 3000 1668 3053 in
1692 3015 1819 3055 sese.

227 3094 377 3151 Pater
404 3105 463 3149 ut
490 3105 701 3159 auctor,
734 3096 904 3166 major
938 3090 1078 3146 Filio
1099 3133 1113 3159 ,
1141 3093 1231 3163 qui
1265 3102 1312 3147 et
1347 3094 1515 3147 minor
1550 3101 1606 3147 ut
1643 3093 1815 3149 homo.

226 3186 287 3243 In
308 3187 519 3244 Christo
545 3186 735 3241 mansit
760 3195 945 3240 natura
984 3183 1081 3239 Dei
1111 3189 1279 3259 [arma
1319 3187 1602 3241 exinanita.
1624 3216 1696 3226 ——
1717 3186 1824 3243 Ne-

226 3281 397 3339 sciens
441 3280 601 3351 plane
641 3278 1101 3350 dispensationem
1128 3278 1282 3346 ﬁdei,
1317 3289 1469 3335 extra
1516 3278 1818 3351 intelligen-

291 3396 374 3471 (ι)
413 3396 462 3451 Α
488 3411 598 3469 spe.

230 3533 509 3591 perperam
554 3515 837 3591 adjectum
854 3526 938 3572 est
966 3518 1284 3591 (uictoritatis
1330 3518 1652 3591 vocabulum
1672 3561 1686 3586 ,
1708 3534 1826 3591 quo

233 3586 365 3659 apud
397 3586 662 3644 llilarittnt
693 3586 874 3660 Patris,
898 3599 952 3643 et
981 3588 1105 3643 Filii
1134 3589 1411 3644 distinctio
1433 3590 1717 3660 signiﬁcari
1738 3586 1827 3645 So-

230 3663 333 3731 let,
363 3677 479 3718 non
505 3662 703 3714 unitas.
729 3659 881 3731 llaud
912 3660 1226 3728 disnliccret
1252 3659 1569 3730 simpliciter
1590 3678 1704 3715 cum
1732 3679 1828 3715 au-

230 3730 325 3789 tem
361 3733 678 3795 auctoritas,
704 3730 790 3785 vel
834 3747 949 3784 cum
991 3742 1163 3785 autem
1212 3734 1469 3787 nativitas.
1512 3732 1619 3788 Sed
1666 3733 1826 3788 lectio

233 3821 424 3877 magno
442 3803 689 3877 codicum
712 3809 1028 3877 carteroruut
1052 3818 1320 3877 consensu
1344 3812 1555 3872 recepta
1579 3818 1644 3859 eo
1664 3819 1826 3859 sensu

232 3873 508 3932 retinenda
539 3883 623 3929 est
643 3916 657 3935 .
690 3882 750 3927 ut
769 3873 894 3926 dum
926 3873 1101 3945 unitas
1124 3875 1280 3929 simul
1311 3891 1432 3930 cum
1463 3885 1702 3945 paternae
1730 3892 1823 3929 vo-

234 3949 452 4004 luntatis
480 3945 766 4002 atl'emione
795 3944 1125 4015 signiﬁcatur
1144 3986 1159 4010 ,
1190 3956 1244 4001 et
1269 3945 1411 4001 Patri
1435 3944 1611 4003 debita
1635 3962 1820 4003 serve-

239 4028 319 4087 tur
344 4017 682 4079 reverentia,
712 4025 766 4071 et
804 4031 1153 4085 personarum
1195 4017 1543 4087 singularitas
1571 4017 1825 4073 excluda-

235 4088 353 4145 tur:
388 4090 494 4145 hoc
531 4088 731 4159 quippe
760 4088 1059 4143 membrum
1086 4086 1393 4156 superiores
1431 4086 1724 4160 Scripturze
1746 4089 1823 4145 lo-

238 4176 325 4218 cos
354 4164 537 4232 potius
557 4168 760 4232 spectat
783 4199 800 4226 ,
824 4174 981 4232 quam
1010 4162 1335 4229 proximum.

305 4230 380 4305 (α)
423 4232 636 4305 Clarius
676 4231 779 4305 hoc
822 4230 1048 4305 habetur
1074 4232 1361 4305 postremis
1406 4230 1564 4302 hujus
1609 4233 1820 4288 numeri

238 4301 451 4369 verbis,
482 4304 585 4358 nisi
607 4301 729 4372 quis
749 4301 902 4356 malit
933 4303 1003 4357 ita
1031 4303 1253 4374 intelligi
1282 4320 1294 4355 :
1325 4302 1502 4359 facere
1530 4312 1706 4358 autem
1737 4320 1830 4360 vo-

239 4376 496 4430 luntatem
537 4374 760 4427 alterius
789 4375 1065 4446 proprium
1093 4382 1178 4429 est
1213 4373 1440 4446 unitati,
1474 4373 1688 4446 quando
1714 4374 1826 4431 fac-

241 4457 347 4501 tutn
374 4458 464 4503 est
490 4446 654 4501 etiam
686 4444 916 4516 propria:
948 4445 1238 4500 voluntatis
1265 4445 1407 4501 illius
1436 4444 1525 4516 qui
1549 4445 1693 4501 facit.

308 4518 387 4591 (ὁ)
430 4517 577 4591 Lips.
598 4524 660 4591 et
682 4515 803 4591 Par.
836 4517 1151 4591 contestatio.

307 4586 383 4658 (e)
428 4586 581 4658 Apud
622 4586 764 4658 Bad,
786 4597 835 4641 et
867 4586 960 4642 Er.
981 4629 995 4650 .
1018 4588 1073 4642 in
1101 4597 1287 4642 natura
1311 4587 1532 4642 hominis
1550 4588 1793 4643 mansisse
1813 4604 1832 4643 :

241 4656 327 4718 cui
346 4656 716 4729 depravationi
746 4656 958 4725 Lipsius
984 4660 1206 4714 alteram
1229 4659 1455 4715 subinde
1478 4659 1708 4729 adjecit,
1735 4677 1832 4729 pro

242 4734 295 4787 in
317 4743 554 4787 naturam
585 4729 772 4784 divina:
810 4730 1017 4785 unitatis
1048 4731 1219 4785 statim
1240 4772 1254 4792 ,
1289 4729 1615 4785 substituens
1644 4732 1701 4784 in
1738 4749 1831 4785 na-

243 4815 375 4858 tura:
401 4803 583 4857 divina:
622 4802 834 4855 unitatis
861 4810 1047 4855 stutum
1072 4818 1089 4855 :
1121 4817 1293 4871 neque
1315 4800 1453 4869 apud
1493 4802 1615 4858 Par.
1645 4816 1828 4857 emen-

242 4876 402 4930 datus
449 4876 560 4928 luit.
604 4872 893 4928 Proﬁtetur
941 4873 1174 4928 Hilarius
1212 4872 1482 4927 Christum
1533 4873 1827 4928 secundum

242 4947 474 5003 formam
502 4945 597 5000 Dei
638 4957 852 5013 semper
891 4944 1155 5000 mansisse
1196 4945 1248 4998 in
1289 4953 1480 4998 natura
1502 4985 1518 5009 ,
1546 4945 1747 4999 unitate
1775 4952 1831 4999 et

246 5020 419 5090 gloria
452 5016 546 5090 Dei
573 5058 589 5082 ,
616 5015 719 5090 etsi
750 5015 1044 5090 secundum
1076 5013 1303 5070 formam
1335 5015 1615 5090 servium:
1648 5016 1827 5070 statim

245 5086 315 5145 ab
342 5091 458 5159 ipsa
488 5088 721 5143 hominis
762 5087 1128 5159 assumptione
1154 5094 1359 5141 natura:
1390 5086 1587 5159 divina:
1616 5101 1831 5159 assecu-

247 5172 335 5216 tus
359 5157 446 5216 est
465 5160 724 5215 unitatem
742 5198 757 5225 ,
791 5157 885 5230 sed
917 5167 1119 5230 tantum
1153 5174 1247 5229 per
1276 5158 1685 5215 resurrectionis
1714 5158 1831 5230 glu-

244 5233 384 5287 riam
404 5273 419 5296 ,
452 5233 611 5286 modo
633 5229 879 5298 superius
906 5228 1171 5301 exposito.

321 5302 409 5375 (ιι)
447 5302 616 5369 Editi,
644 5301 962 5375 genitam_in
982 5300 1042 5356 se
1069 5311 1324 5355 naturam.
1348 5301 1571 5375 Beetius
1599 5301 1750 5375 abest
1778 5300 1834 5354 in

246 5390 302 5430 se
333 5371 364 5427 ᾗ
395 5371 684 5442 potioribus
710 5388 840 5428 mss.
865 5371 1058 5427 Filium
1091 5374 1318 5442 appellat
1345 5373 1578 5428 Hilarius
1614 5373 1835 5442 genitam

246 5455 517 5506 naturam.
550 5446 765 5502 Patrem
797 5459 926 5499 vero
951 5455 1187 5498 naturam
1214 5446 1497 5516 gignentem
1520 5460 1539 5498 :
1566 5459 1630 5498 ex
1662 5457 1834 5516 eoque

246 5516 472 5573 conﬁcit
492 5522 775 5587 utriusque
803 5522 1047 5570 naturam
1086 5514 1322 5584 ejusdem
1348 5531 1469 5572 esse
1506 5514 1751 5587 generis,
1783 5524 1837 5587 et

247 5587 307 5643 in
340 5601 407 5642 se
438 5589 664 5645 invicem
689 5585 826 5643 esse
866 5602 988 5641 cum
1018 5587 1233 5643 diverso
1277 5598 1540 5658 respectu
1567 5585 1835 5658 gignentia

247 5669 309 5715 et
347 5664 557 5725 genita.
600 5659 805 5716 Eodem
862 5658 1114 5726 loquendi
1157 5659 1316 5713 modo
1350 5656 1486 5713 dixit
1521 5656 1835 5726 Fulgentius

247 5728 324 5800 ad
354 5728 605 5788 Ferrand.
640 5745 784 5800 reap.
812 5731 885 5786 2:
921 5728 1178 5785 Naturam
1204 5729 1331 5785 Filii
1358 5732 1421 5785 de
1452 5745 1506 5785 se
1529 5728 1640 5799 ipso
1664 5728 1838 5800 genuit

248 5798 448 5874 Pater,
469 5812 524 5863 et
546 5804 641 5861 lib.
666 5798 746 5860 dei
761 5803 969 5861 lncarn.
993 5814 1047 5859 et
1071 5803 1239 5873 gratia
1260 5801 1459 5860 Christi
1488 5816 1537 5858 e.
1552 5798 1597 5856 ⁷5
1620 5817 1633 5854 :
1659 5798 1839 5871 Neque

1925 494 2152 565 adeptus
2172 538 2187 563 ,
2223 496 2306 565 (Ι)
2335 495 2405 550 ab
2434 510 2530 565 spe
2559 495 2834 568 Evangelii
2867 497 3259 568 peregrinatur.
3288 497 3527 554 Creden—

1927 592 2027 647 dus
2050 602 2135 647 est
2155 590 2313 648 Pater
2339 591 2393 648 in
2426 591 2562 647 Filio
2582 634 2596 658 ,
2629 601 2681 648 et
2710 590 2879 648 Filius
2906 592 2961 647 in
2978 591 3166 658 Patre,
3195 608 3291 663 per
3323 603 3530 648 naturte

1925 684 2231 752 unitatem,
2292 700 2387 755 per
2452 682 2666 739 virtutis
2726 692 3086 754 potestatem,
3144 698 3244 756 per
3306 682 3531 739 honoris

1924 778 2329 849 aequalitatem,
2357 792 2455 849 per
2485 777 2781 833 nativitatis
2804 776 3231 848 generationem.
3260 773 3369 832 Sed
3398 789 3531 830 con-

1926 871 2091 926 traria
2111 870 2251 927 forte
2273 870 2397 925 huic
2418 880 2620 925 nostra:
2645 868 2965 941 professioni
2991 877 3074 924 est
3096 868 3308 924 Domini
3329 867 3406 940 (b)
3427 877 3528 924 tes-

1925 964 2056 1018 tatio
2078 1005 2092 1029 ,
2125 980 2247 1020 cum
2297 963 2403 1018 ait:
2432 962 2593 1018 Pater
2621 966 2790 1037 major
2818 979 2899 1018 me
2942 972 3014 1018 est
3054 961 3235 1031 (Joan.
3270 960 3529 1033 x1v,-28).

1925 1058 2140 1128 Hoeue,
2172 1060 2423 1115 Ineretice
2452 1100 2466 1123 ,
2496 1058 2786 1128 impietatis
2832 1065 2938 1113 tuae
2963 1058 3126 1113 telum
3150 1058 3266 1113 est?
3293 1056 3409 1112 lucc
3449 1056 3535 1113 fu-

1924 1150 2065 1207 roris
2087 1153 2162 1207 tui
2184 1167 2332 1207 arma
2354 1150 2516 1207 sunt?
2543 1149 2825 1207 Exeiditne
2848 1149 2944 1205 tibi
2969 1148 3269 1205 Eeclesiam
3292 1148 3427 1203 duos
3453 1147 3535 1203 itt-

1928 1244 2213 1300 nascibiles
2232 1243 2463 1311 nescire,
2481 1243 2682 1299 etduos
2699 1252 2877 1313 patres
2899 1259 3003 1297 non
3023 1240 3304 1297 conﬁteri?
3324 1240 3534 1298 Oblitus

1927 1348 1988 1390 es
2024 1333 2331 1391 Mediatoris
2359 1334 2851 1405 dispensationem,
2884 1342 2939 1390 et
2972 1332 3023 1388 in
3054 1348 3121 1390 ea
3161 1343 3368 1404 partum
3395 1374 3409 1398 ,
3440 1348 3535 1388 cu-

1928 1444 2061 1495 nas,
2092 1437 2306 1484 aetatem
2328 1469 2343 1495 ,
2377 1430 2714 1500 passionem,
2744 1444 2964 1485 crucem
2986 1469 3002 1494 ,
3049 1429 3322 1484 mortem?
3354 1427 3423 1483 Et
3450 1444 3537 1484 re-

1927 1535 2158 1576 nascens
2175 1536 2281 1577 non
2295 1522 2578 1578 confessus
2597 1538 2658 1579 es
2680 1524 2761 1593 (in
2780 1521 3065 1594 Symbolo)
3087 1538 3154 1577 ex
3175 1521 3339 1577 Maria
3364 1520 3533 1577 tilium

1928 1611 2024 1669 Dei
2054 1613 2277 1669 uatum?
2303 1614 2358 1670 Si
2386 1615 2438 1670 in
2472 1614 2556 1672 his
2583 1615 2834 1671 omnibus
2860 1614 3027 1670 Filius
3044 1630 3273 1671 manens
3294 1614 3399 1670 ait:
3429 1613 3539 1671 Pa-

1928 1714 2003 1761 ter
2033 1708 2200 1777 major
2230 1724 2310 1763 me
2336 1718 2445 1775 est;
2475 1708 2826 1779 ignorandum
2853 1708 3132 1764 existimas
3159 1708 3296 1763 hanc
3321 1707 3538 1779 dispen-

1856 1793 1900 1855 B
1940 1799 2205 1855 sationem
2238 1800 2427 1855 salutis
2453 1810 2558 1855 tua:
2606 1800 3028 1856 exinanitionem
3057 1800 3241 1854 forma:
3260 1800 3355 1855 Dei
3378 1798 3537 1856 esse?

1925 1898 1983 1944 et
2016 1890 2226 1946 Patrem
2250 1899 2398 1947 extra
2428 1891 2567 1947 hanc
2592 1891 2942 1948 humanarum
2962 1890 3270 1963 passionum
3289 1907 3537 1963 assump-

1939 1982 2179 2049 tionem,
2232 1982 2287 2038 in
2333 1983 2423 2039 illa
2478 1984 2916 2041 incontaminata:
2963 1993 3169 2040 natura:
3220 1999 3331 2040 sua:
3379 1986 3535 2040 beata

1925 2075 2228 2130 mternitate
2254 2074 2373 2131 sine
2399 2076 2578 2131 carnis
2632 2087 2834 2132 nostra:
2863 2078 3208 2148 susceptione
3237 2076 3536 2133 mansisse?

1924 2165 2033 2222 Nos
2058 2169 2200 2223 enim
2236 2168 2569 2240 unigenitum
2596 2170 2765 2227 Deum
2798 2172 2852 2228 in
2881 2170 3049 2228 forma
3082 2171 3178 2229 Dei
3220 2183 3531 2230 manentem

1926 2259 2000 2330 (ε)
2040 2260 2092 2315 in
2121 2270 2309 2316 natura
2337 2261 2432 2318 Dei
2477 2263 2742 2320 mansisse
2768 2265 3110 2334 proﬁtentur,
3153 2281 3327 2337 neque
3363 2267 3541 2323 unita-

1925 2359 2034 2407 tem
2074 2352 2261 2410 turma:
2284 2356 2497 2411 servilis
2525 2356 2577 2411 itt
2609 2365 2853 2412 naturam
2883 2357 3081 2414 divina:
3104 2360 3329 2415 unitatis
3351 2360 3534 2416 statim

1927 2442 2265 2500 refundimus
2306 2463 2318 2501 :
2375 2461 2550 2517 neque
2586 2462 2798 2503 rursum
2848 2449 3116 2518 corporali
3167 2450 3535 2507 insinuatione

1925 2534 2137 2592 Patrem
2168 2538 2219 2592 in
2253 2536 2388 2593 Filio
2410 2538 2797 2609 praedicamus,
2830 2540 2925 2596 sed
2951 2556 3019 2597 ex
3060 2558 3126 2597 eo
3152 2542 3394 2612 ejusdem
3440 2558 3536 2615 ge-

1926 2631 2071 2685 neris
2095 2631 2173 2703 (2)
2194 2631 2428 2701 genitam
2475 2632 2558 2703 (ri)
2604 2642 2850 2687 naturam
2898 2633 3219 2689 naturaliter
3263 2637 3315 2691 in
3356 2651 3418 2693 se
3454 2636 3536 2708 gi-

1929 2730 2183 2791 gnentem
2215 2737 2275 2776 se
2303 2720 2556 2778 habuisse
2584 2734 2831 2778 naturam
2855 2741 2868 2777 :
2892 2741 3012 2794 qua:
3044 2725 3095 2780 itt
3127 2725 3295 2780 forma
3324 2737 3533 2785 natura:

1926 2827 1985 2868 se
2019 2813 2289 2884 gignentis
2317 2828 2574 2882 manens,
2606 2814 2833 2870 formam
2873 2827 3083 2872 natura:
3121 2828 3283 2888 atque
3308 2819 3534 2875 inﬁrmi-

1927 2907 2054 2962 tatis
2089 2906 2387 2977 corporalis
2422 2907 2714 2978 acceperit.
2746 2907 2879 2963 Erat
2906 2908 3047 2963 enim
3073 2908 3144 2983 (e)
3172 2921 3378 2966 natura:
3410 2926 3536 2982 pro-

1927 3000 2165 3069 prietas:
2207 2999 2301 3055 sed
2343 3000 2414 3074 (Ι)
2460 3001 2555 3057 Dei
2587 2998 2758 3057 {arma
2796 3002 2905 3072 jam
2954 3018 3059 3058 non
3100 3011 3249 3072 erat,
3282 3005 3404 3077 quia
3438 3021 3535 3077 per

1927 3092 2045 3161 ejus
2073 3092 2490 3163 exinanitionem
2521 3093 2665 3149 servi
2694 3103 2811 3148 erat
2835 3094 3005 3149 forma
3045 3105 3313 3166 suscepta.
3348 3096 3535 3168 Neque

1931 3185 2095 3257 299
2118 3184 2262 3239 enim
2290 3183 2560 3240 deiecerat
2586 3194 2773 3241 natura
2792 3228 2806 3254 ,
2832 3202 2899 3243 ne
2926 3197 3070 3243 esset
3096 3205 3110 3242 :
3144 3187 3239 3243 sed
3269 3189 3321 3243 in
3344 3204 3404 3244 se
3434 3188 3534 3245 liu-

1923 3279 2207 3336 militatem
2236 3276 2313 3351 (g)
2344 3289 2571 3336 terrena:
2599 3281 2895 3337 nativitatis
2921 3296 3147 3338 manens
3174 3282 3278 3339 sibi
3310 3282 3405 3340 Dei
3436 3298 3532 3341 na-

2011 3397 2090 3472 (2)
2134 3396 2366 3453 Genitam
2394 3399 2446 3452 in
2472 3414 2526 3453 se
2552 3406 2811 3453 naturam.

1931 3518 2065 3595 enim
2087 3520 2140 3571 in
2169 3526 2313 3595 utero
2340 3526 2528 3572 sancta:
2554 3517 2698 3595 illius
2725 3518 2906 3595 matris
2928 3529 2976 3574 et
3001 3519 3215 3595 virginis
3232 3520 3348 3595 _illa
3376 3523 3532 3595 spiri-

1932 3591 2048 3643 talis
2072 3599 2118 3644 et
2144 3605 2205 3661 ea:
2238 3588 2342 3643 Deo
2364 3599 2513 3659 patre
2540 3589 2650 3644 sine
2674 3590 2819 3643 initio
2848 3595 3018 3661 genita
3050 3588 3200 3647 Verbi
3223 3590 3320 3648 Dei
3348 3588 3531 3650 natura

1932 3669 2127 3730 poterat
2156 3660 2342 3730 absque
2367 3676 2522 3715 carne
2545 3660 2893 3728 temporaliter
2917 3662 3140 3730 concipi.

2003 3730 2074 3806 (e)
2114 3731 2252 3806 Edilri
2286 3731 2373 3806 hic
2399 3733 2683 3802 prmligunt
2715 3732 2969 3806 humanm.
3005 3732 3363 3791 Tolerabilius
3390 3750 3529 3806 prte-

1932 3802 2175 3877 ﬁxisSettt
2202 3802 2385 3856 divina:
2408 3817 2426 3855 :
2453 3818 2572 3873 qum
2602 3818 2707 3859 vox
2740 3804 2840 3859 etsi
2878 3820 2984 3858 non
3012 3819 3298 3877 expressa,
3329 3802 3527 3864 intelli-

1931 3876 2102 3944 genda
2130 3882 2310 3928 tamen
2341 3880 2443 3928 est.

2000 3945 2054 4017 (Ῑ
2074 3946 2090 4014 )
2130 3945 2185 4000 In
2218 3945 2467 4012 vulgatis,
2514 3944 2603 4017 sed
2630 3962 2733 4000 non
2777 3944 2875 4000 Dei
2917 3950 3112 4017 forma,
3148 3947 3326 4004 addita
3356 3952 3523 4016 parti-

1928 4014 2044 4072 cula
2076 4026 2305 4088 negante
2323 4024 2507 4070 contra
2531 4014 2691 4088 ﬁdem
2721 4032 2852 4072 mss.
2877 4014 2930 4072 et
2959 4019 3142 4074 llilarii
3162 4014 3517 4088 sententiam,

1928 4103 2030 4159 qua
2062 4087 2161 4158 pro
2192 4102 2340 4160 more
2366 4101 2466 4141 suo
2496 4087 2750 4160 prtedicat
2771 4088 2825 4143 in
2856 4088 3077 4146 Christo
3107 4087 3526 4160 dispensationis

1931 4158 2174 4227 tempore
2196 4158 2290 4213 Dei
2315 4166 2559 4213 naturam
2582 4158 2842 4285 integram
2867 4158 3229 4227 permansisse
3251 4205 3267 4228 ,
3298 4164 3391 4218 sed
3415 4163 3526 4221 lor-

1932 4246 2073 4285 maut
2118 4230 2281 4285 fuisse
2318 4229 2662 4284 exinanitum.
2720 4231 2772 4285 ἰ
2814 4247 2920 4285 auo
2963 4232 3129 4285 liattet
3171 4249 3293 4285 eum
3335 4234 3526 4285 forum

1932 4246 2075 4303 mam
2118 4230 2281 4303 fuisse
2316 4229 2673 4303 exinanitum.
2695 4229 2772 4285 Ex
2813 4247 2933 4303 quo
2963 4232 3129 4303 liquet
3171 4249 3293 4289 eum
3335 4234 3526 4292 fortnas

1934 4301 2151 4356 nomine
2190 4300 2335 4357 aliud
2374 4309 2621 4378 enatura
2666 4302 2777 4378 ipsa
2810 4300 3161 4378 intellexisse.
3204 4304 3527 4378 Nequeob-

1933 4387 2149 4447 scarum
2182 4380 2265 4427 est
2300 4371 2426 4443 quid
2474 4371 3349 4447 intellexerit.AFormamﬂquippe
3392 4376 3527 4433 dixit

1936 4443 2176 4498 habitum
2204 4458 2365 4514 quem
2408 4459 2517 4507 prae
2543 4460 2603 4499 se
2632 4445 2751 4499 tulit
2789 4443 3056 4501 Christus.
3103 4443 3298 4504 Habitu
3344 4457 3526 4506 autem

1935 4530 2043 4589 non
2067 4524 2125 4569 ut
2148 4514 2319 4589 Deus,
2344 4516 2438 4571 sed
2464 4526 2521 4589 ut
2548 4515 2710 4589 homo
2734 4515 2983 4572 inventus
3008 4517 3077 4574 ab
3104 4520 3366 4588 Apostoto
3390 4536 3527 4589 pra:-

1935 4586 2175 4658 dicatur,
2203 4586 2348 4658 Phil.
2377 4588 2532 4658 11,77.
2563 4586 2715 4643 Unde
2749 4603 2869 4643 cum
2899 4602 3060 4658 supra
3094 4586 3241 4645 num.
3272 4591 3341 4646 38
3367 4586 3525 4648 docet

1934 4657 2208 4714 Christum
2239 4658 2288 4711 in
2335 4656 2554 4713 homine
2584 4659 2854 4714 nascendo
2895 4656 3185 4716 novitatem
3235 4663 3335 4717 sibi
3375 4662 3523 4717 iutu-

1855 4751 1908 4812 Β
1938 4729 2064 4812 lisse
2082 4744 2226 4812 ἲ,ηοη
2264 4728 2461 4782 virtutis
2503 4739 2797 4812 natat-teque
2823 4730 3016 4812 damno
3033 4772 3048 4798 ,
3078 4733 3171 4812 sed
3196 4733 3408 4812 habitns_
3435 4733 3525 4787 de-

1934 4801 2241 4872 mutatione,
2272 4814 2503 4872 cumque
2528 4800 2663 4854 intra
2693 4815 2842 4855 num.
2871 4800 2974 4862 Si.
3001 4803 3226 4871 largitur
3269 4802 3408 4872 quod
3432 4821 3525 4858 na-

1935 4872 2102 4924 tivitas
2149 4870 2369 4925 hominis
2413 4880 2652 4925 naturam
2703 4887 2885 4924 novam
2928 4870 3128 4933 intulit.
3175 4882 3222 4928 et
3258 4870 3523 4929 Itumilitas

1934 4945 2152 5013 formam
2185 4941 2580 5013 demutavitsub
2608 4943 2952 5004 assumptione
2972 4943 3156 5013 servili
3179 4959 3201 5009 ;
3224 4944 3356 5000 satis
3387 4944 3524 5000 indi-

1934 5011 2021 5067 cat
2049 5011 2350 5081 promiscua
2381 5011 2482 5067 sibi
2522 5027 2642 5069 esse
2670 5013 2855 5067 formtn
2880 5022 2937 5067 et
2970 5012 3185 5070 habitus
3222 5016 3478 5072 vocabula
3505 5034 3519 5071 :

1934 5084 2128 5155 quibus
2151 5098 2283 5140 sane
2306 5083 2569 5155 intellexit
2591 5084 2816 5155 gloriam
2841 5082 3128 5155 Unigenito
3154 5086 3367 5155 quidem
3393 5102 3524 5142 cou-

1935 5154 2170 5229 genitam
2191 5196 2207 5223 ,
2243 5154 2339 5211 sed
2373 5169 2534 5225 quam
2565 5154 2713 5212 carni
2734 5154 3048 5229 assumpta:
3083 5156 3149 5213 ad
3183 5166 3393 5229 tempus
3424 5174 3523 5213 ne-

1935 5226 2115 5309 gavit,
2164 5236 2326 5309 atque
2369 5236 2592 5282 eatenus
2641 5226 2855 5309 amisit:
2908 5226 3011 5309 non
3054 5226 3375 5309 conveniente
3424 5229 3524 5309 sibi

1936 5301 2119 5381 (arma:
2146 5298 2411 5381 utriusque
2438 5314 2706 5381 concursu,
2740 5306 2796 5353 ut
2824 5298 3058 5381 loquitur
3082 5317 3136 5355 n.
3163 5301 3254 5357 14.
3272 5300 3523 5381 Apertius

1935 5367 1988 5424 in
2022 5369 2104 5423 his
2136 5385 2280 5441 num.
2312 5367 2416 5427 4ος
2447 5368 2604 5424 Pater
2633 5387 2736 5424 non
2765 5380 2872 5441 eget
2899 5367 3074 5439 igloria
3095 5412 3110 5437 ,
3141 5389 3232 5426 nec
3267 5388 3321 5428 se
3340 5374 3521 5427 exina-

1934 5441 2100 5514 nierat
2135 5440 2200 5495 de
2228 5443 2394 5513 [orata
2431 5441 2611 5514 gloria:
2632 5457 2767 5514 sua}.
2788 5441 2853 5514 id
2884 5442 2952 5497 ab
2984 5458 3049 5496 eo
3076 5443 3241 5514 gloria
3264 5458 3326 5499 ac
3355 5448 3525 5514 forma

1935 5513 2113 5584 gloria:
2137 5511 2387 5584 vocatur,
2419 5511 2560 5583 quod
2588 5512 2674 5567 hic
2699 5511 2797 5567 Dei
2823 5516 3012 5583 forma.

2012 5581 2089 5657 (g)
2132 5583 2227 5638 Hic
2255 5581 2455 5657 terrena
2482 5581 3034 5657 nati_oitas_ltumanam
3058 5594 3302 5641 naturam
3328 5595 3521 5643 sonat:

1941 5652 2081 5712 sicut
2098 5669 2261 5725 supra
2288 5655 2340 5710 in
2368 5657 2452 5711 his
2491 5671 2546 5711 n.
2569 5654 2677 5711 40:
2711 5652 2892 5710 Gloria
2919 5657 3085 5712 omnis
3109 5674 3209 5711 non
3244 5657 3410 5714 Verbo
3438 5674 3528 5713 ac-

1942 5724 2242 5797 quirebatur
2258 5767 2274 5794 ,
2304 5727 2395 5785 sed
2416 5727 2561 5782 carni
2578 5769 2595 5795 ,
2617 5726 2672 5780 id
2690 5736 2796 5795 est,
2819 5743 2920 5782 non
2946 5728 3199 5783 natiuitati
3224 5727 3325 5785 Dei
3345 5771 3360 5795 ,
3381 5739 3486 5786 etc.
3505 5769 3524 5798 ,

1948 5798 2242 5855 nativitatis
2270 5800 2490 5857 nomine
2521 5810 2710 5856 natura
2736 5798 2917 5857 divina
2947 5798 3297 5873 signiﬁcatur.
3325 5801 3528 5863 Deinde
