4094 6180
233 256 339 328 as

1454 264 1542 327 os
1573 248 1947 331 TRINITATE
1985 248 2193 327 LlBER
2231 248 2326 331 ix.

3433 267 3538 324 3'26

233 392 322 447 ct,
358 381 461 451 Qui
500 395 581 436 me
604 379 761 447 vidit,
791 378 920 436 vidit
950 387 998 436 et
1021 375 1236 435 Patrem
1263 375 1442 452 (locu.
1471 396 1591 446 xw,
1632 382 1728 452 9);
1754 391 1839 451 et,
1872 385 1923 448 Α
1949 383 2129 457 (Rom.
2166 398 2287 450 vm,
2332 383 2413 455 5).
2465 382 2665 439 Totum
2695 390 2873 438 autem
2921 381 3025 437 hoe
3055 380 3121 437 ad
3153 382 3359 452 paterni
3391 397 3542 437 man-

235 476 424 549 h'goiu
472 473 661 537 Putre,
704 483 750 528 et
796 472 954 528 Pater
994 474 1047 527 in
1094 489 1174 533 me,
1212 471 1375 545 (Ibid.
1422 475 1531 545 ll).
1566 475 1835 532 Honorem

232 568 447 625 donatas
493 564 853 623 confessionis
891 564 1172 637 intelligo,
1215 566 1342 637 quia
1387 564 1649 623 Dominus
1677 566 1838 627 Jesus

234 660 318 734 (ι)
345 662 397 715 iu
426 660 599 731 gloria
633 659 731 716 Dei
758 659 955 715 Patris.
979 658 1207 725 Quando
1233 658 1395 730 igitur
1419 658 1552 716 illud
1578 670 1696 728 est,
1731 660 1840 716 Pa-

234 765 308 808 ter
336 757 507 827 major
544 770 624 811 me
666 751 783 807 est?
809 750 1018 823 Nempe
1065 760 1179 807 tum
1201 792 1216 817 ,
1246 766 1369 808 cum
1395 753 1630 809 donatur
1657 755 1705 810 ei
1744 769 1842 813 uo-

236 862 360 907 mcn
388 861 550 915 super
571 845 734 921 θοι
755 859 916 900 omne
944 858 1165 900 nomen.
1190 847 1255 903 At
1275 854 1459 900 contra
1488 847 1703 916 quando
1722 855 1838 914 est,

235 936 350 1009 Ego
370 946 417 992 et
440 935 598 991 Pater
618 954 780 991 unum
802 935 1013 991 sumus?
1040 935 1120 1009 (2)
1169 934 1371 1007 Nempe
1394 936 1471 1009 (a)
1498 954 1620 994 cum
1661 939 1841 995 omnis

236 1031 415 1102 lingua
442 1029 795 1096 conﬁteatur,
828 1030 953 1102 quia
983 1030 1244 1086 Dominus
1268 1030 1427 1086 Jesus
1452 1030 1508 1086 in
1535 1032 1704 1102 gloria
1744 1032 1839 1091 Dei

235 1122 435 1179 Patris.
481 1122 538 1180 Si
588 1121 752 1195 igitur
796 1122 1052 1179 donantis
1096 1124 1418 1180 auctoritate
1462 1123 1625 1181 Pater
1666 1123 1840 1196 major

234 1226 317 1270 est
340 1255 357 1281 ,
386 1215 643 1286 numquid
667 1214 744 1288 (b)
772 1230 869 1285 per
893 1214 1021 1272 doni
1048 1216 1449 1272 confessionem
1469 1216 1650 1272 minor
1670 1216 1840 1277 Filius

234 1307 356 1364 cst?
383 1308 558 1376 Major
587 1308 666 1381 (ὅ)
696 1308 880 1378 itaque
901 1308 1109 1365 donans
1129 1318 1240 1377 est;
1272 1310 1367 1366 sed
1394 1310 1572 1366 minor
1590 1309 1703 1379 jam
1729 1326 1837 1367 non

234 1410 319 1459 est
335 1446 351 1467 ,
382 1405 473 1459 cui
491 1420 660 1460 unum
684 1419 806 1461 esse
824 1404 1075 1461 donatur.
1104 1404 1159 1462 Si
1180 1420 1286 1459 non
1310 1405 1410 1460 hoc
1429 1404 1661 1461 donatur
1679 1404 1835 1470 Jesu.

232 1507 288 1551 ut
321 1496 663 1553 conlitendus
697 1498 769 1555 sit
812 1498 868 1553 in
894 1498 1066 1566 gloria
1099 1497 1190 1552 Dei
1226 1497 1421 1565 patris;
1456 1498 1634 1552 minor
1681 1496 1841 1553 Patre

230 1596 335 1642 est.
367 1588 424 1645 Si
454 1598 632 1644 autem
660 1589 713 1644 in
742 1604 801 1644 ea
825 1589 997 1659 gloria
1024 1587 1257 1643 donatur
1285 1589 1334 1643 ei
1362 1603 1516 1656 esse,
1542 1604 1645 1658 qua
1672 1588 1835 1645 Pater

233 1691 353 1747 est;
382 1680 551 1737 habes
587 1691 643 1739 ct
673 1682 728 1737 in
757 1681 1010 1739 donantis
1038 1682 1360 1737 auctoritate
1398 1679 1471 1754 (c)
1496 1681 1618 1751 quia
1666 1679 1840 1750 Inajor

1942 477 2051 532 dati
2094 477 2340 533 referens
2379 475 2745 533 obedientiam
2774 518 2790 542 ,
2824 476 3055 545 subjecit
3096 493 3110 529 :
3162 475 3271 531 Sed
3315 486 3372 529 ut
3415 478 3541 531 sciat

1942 571 2168 626 mundus
2194 571 2437 640 quoniam
2466 587 2556 641 rgo
2587 570 2748 641 diligo
2784 569 2995 625 Patrem
3020 611 3035 635 ,
3066 578 3119 624 et
3157 570 3289 623 sicut
3321 570 3541 643 manda-

1943 672 2047 715 tum
2078 663 2206 716 mihi
2244 662 2383 717 dedit
2418 660 2500 735 (7)
2542 661 2700 716 Pater
2726 704 2739 729 ,
2781 664 2855 718 sic
2884 663 3056 733 facio;
3087 663 3281 734 surgite
3303 704 3318 729 ,
3363 678 3543 717 eamus

1942 753 2062 811 hinc
2103 752 2289 824 (Joan.
2336 769 2446 818 xw,
2476 753 2593 827 51).
2628 754 2709 826 (g)
2753 753 2835 809 Ad
2888 754 3373 810 consummandam
3415 769 3541 808 cor-

1944 859 2126 915 poreae
2154 845 2421 915 paSsionis
2451 855 2873 912 sacramentum,
2907 860 3003 915 per
3033 845 3379 901 dilectionem
3422 845 3545 901 elli-

1941 935 2125 993 cicndi
2154 937 2392 995 mandati
2437 940 2645 1007 paterni
2671 979 2688 1005 ,
2724 938 2945 997 festinat
2973 954 3273 1010 exsurgens
3304 958 3317 993 :
3348 954 3546 1009 corpo-

1941 1044 2052 1087 rea:
2082 1040 2263 1087 tamen
2293 1030 2681 1101 assumptionis
2706 1032 2889 1087 statim
2923 1033 3241 1102 mysterium
3269 1030 3540 1102 paridem,

1942 1136 2039 1191 per
2068 1136 2229 1193 quam
2276 1123 2326 1178 ei
2357 1131 2629 1194 tamquam
2662 1125 2715 1181 in
2758 1124 2867 1181 vite
2902 1123 3068 1196 ³02
3114 1126 3277 1180 modo
3306 1125 3547 1194 palmitis

1940 1214 2263 1281 inessemus,
2292 1216 2526 1273 fructum
2551 1217 2706 1274 nobis
2735 1228 2791 1274 ut
2814 1218 3146 1289 palmitibus,
3170 1219 3273 1275 nisi
3297 1219 3393 1276 illo
3417 1221 3545 1277 vitis

1940 1317 2089 1369 esset
2133 1308 2376 1376 effectus,
2430 1311 2614 1366 utilem
2666 1325 2777 1367 non
2823 1310 3030 1376 daturis
3061 1309 3246 1383 (1m.
3276 1312 3440 1377 “,1
3494 1321 3545 1367 et

1941 1399 2129 1471 seqq.)
2177 1401 2355 1472 Atque
2401 1401 2603 1458 idcirco
2644 1417 2867 1461 manere
2916 1417 3017 1457 nos
3049 1402 3101 1457 in
3139 1418 3203 1457 se
3248 1417 3344 1472 per
3381 1401 3547 1458 fidem

1940 1493 2204 1564 assumpti
2233 1494 2483 1564 corporis
2508 1505 2722 1561 monet,
2760 1504 2817 1550 ut
2837 1495 2963 1565 quia
2992 1493 3232 1554 Verbum
3251 1509 3385 1550 caro
3420 1492 3540 1550 [ωηο

1940 1593 2059 1642 tum
2086 1596 2173 1642 est
2197 1627 2213 1653 ,
2243 1597 2451 1643 naturae
2491 1587 2676 1645 carnis
2699 1601 2816 1643 sure
2857 1596 3131 1657 tamquam
3161 1586 3260 1643 viti
3293 1586 3547 1656 palmites

1940 1679 2243 1737 inessemus
2274 1703 2289 1735 ;
2322 1695 2352 1737 a
2396 1695 2674 1750 corporeae
2717 1680 2878 1748 hujus
2925 1678 3250 1736 humilitatis
3293 1694 3545 1749 assump-

231 1784 350 1843 cst,
380 1784 436 1833 et
464 1775 515 1830 in
543 1774 725 1831 donati
749 1774 1092 1831 confessione
1114 1774 1241 1846 quia
1278 1789 1443 1830 unum
1483 1780 1629 1831 sunt.
1663 1773 1831 1843 Major
1865 1774 1915 1835 B
1940 1774 2088 1828 tione
2112 1770 2349 1831 formam
2374 1782 2615 1842 paterna:
2647 1771 2947 1839 maiestatis
2974 1773 3222 1829 aiienans
3254 1779 3390 1838 tum,
3418 1786 3543 1825 cum

231 1870 415 1940 itaque
441 1868 601 1924 Pater
631 1867 769 1924 Filio
805 1877 930 1923 est:
962 1874 1018 1923 et
1058 1867 1220 1937 plane
1256 1866 1459 1937 major,
1500 1866 1591 1937 qui
1632 1874 1836 1921 tantum

233 1963 400 2019 donat
424 1978 549 2019 esse
567 2004 582 2029 ,
604 1970 836 2032 quantus
864 1960 981 2031 ipse
1000 1970 1080 2016 est
1101 1975 1115 2026 ;
1141 1960 1225 2015 cui
1247 1956 1612 2017 innascibitita
1622 1958 1690 2014 tis
1714 1972 1839 2015 esse

178 2074 201 2105 ι
233 2054 523 2125 imaginem
571 2060 913 2109 sacramento
950 2050 1247 2106 nativitatis
1281 2050 1549 2120 impertit,
1576 2064 1737 2119 quem
1768 2063 1837 2104 ex

232 2164 285 2202 se
327 2145 411 2223 (ὀ)
452 2148 504 2202 in
537 2150 766 2202 formam
808 2161 961 2203 suam
1010 2155 1271 2219 generat,
1305 2159 1466 2215 quem
1508 2158 1726 2199 rursum
1768 2142 1839 2198 de

235 2240 404 2297 forma
436 2241 580 2296 servi
612 2240 665 2295 in
707 2239 936 2295 formam
966 2238 1060 2294 Dei
1102 2244 1360 2304 renovat;
1389 2252 1549 2307 quem
1584 2236 1637 2291 in
1666 2234 1839 2305 gloria

234 2350 321 2390 sua
358 2333 443 2406 (4)
483 2332 782 2390 secundum
827 2331 901 2406 (ε)
934 2331 1195 2401 Spiritum
1223 2330 1498 2385 Christum
1528 2328 1699 2385 Deum
1744 2343 1838 2381 na-

238 2436 387 2492 tum,
436 2427 606 2480 donat
658 2439 871 2481 rursum
918 2437 1038 2479 esse
1082 2423 1136 2478 in
1185 2421 1355 2493 gloria
1400 2436 1496 2478 sua
1540 2419 1841 2479 secundum

232 2533 450 2574 carnem
477 2517 660 2574 Jesum
683 2516 959 2571 Christum
984 2514 1152 2570 Deum
1178 2514 1259 2589 (5)
1283 2522 1553 2571 mortuum
1584 2511 1677 2586 (ι’).
1701 2513 1840 2567 Cau-

234 2627 345 2666 sam
377 2611 544 2682 igitur
586 2608 858 2673 ostendit,
887 2623 983 2663 cur
1009 2607 1055 2663 si
1095 2622 1217 2663 eum
1263 2605 1583 2678 diligerent,
1633 2604 1838 2679 gaude-

236 2712 359 2759 rent
386 2701 532 2774 quod
561 2702 628 2755 ad
661 2701 872 2756 Patrem
903 2699 1080 2767 vadit,
1115 2699 1238 2770 quia
1283 2698 1442 2756 Pater
1469 2699 1641 2768 major
1667 2708 1834 2754 esset.

300 2796 396 2851 55.
434 2794 551 2863 Quo
586 2809 740 2849 sensu
768 2792 925 2848 Pater
953 2792 1120 2846 dictus
1154 2792 1221 2846 sit
1244 2793 1437 2866 major,
1470 2792 1742 2861 conﬁcitur
1773 2806 1841 2847 ex

233 2900 355 2944 ante
378 2900 428 2944 et
451 2897 565 2961 post
595 2888 766 2942 dictis.
802 2917 873 2929 —-
907 2885 1177 2944 Gaudium
1223 2886 1325 2940 hoc
1353 2886 1536 2957 itaque
1566 2902 1634 2942 ex
1670 2884 1841 2942 dilec-

236 2982 383 3037 tione
434 2981 643 3037 docens
691 2994 841 3044 esse,
891 2979 1018 3050 quia
1060 2979 1341 3033 laetaretur
1387 2976 1612 3034 dilectio
1650 2976 1857 3035 Jesum.

236 3091 354 3131 esse
386 3076 444 3129 in
477 3075 572 3129 Dei
601 3073 781 3129 Patris
806 3072 978 3145 gloria
1007 3071 1378 3128 confitendum
1412 3082 1501 3128 :et
1524 3072 1712 3142 gloriae
1741 3071 1840 3126 hu-

1939 1880 2000 1921 se
2037 1864 2117 1935 (lt)
2159 1864 2228 1919 ad
2256 1866 2517 1921 unitatem
2546 1864 2825 1935 palmitum
2860 1864 3025 1921 vitem
3053 1864 3326 1933 professus
3346 1904 3365 1929 ,
3395 1863 3542 1932 agri-

1938 1958 2111 2013 colam
2134 1957 2352 2014 Patrem
2377 1957 2442 2030 (i)
2465 1957 2743 2015 curiosum
2771 1957 2937 2028 hujus
2954 1956 3079 2015 vitis
3101 1956 3364 2024 ostendit,
3385 1956 3545 2027 cujus

1940 2050 2156 2109 inutiles
2186 2061 2347 2122 atque
2394 2051 2661 2109 inferaces
2689 2051 2934 2120 palmiter
2972 2051 3040 2124 (ᾔ)
3077 2050 3341 2107 desecans
3379 2049 3548 2120 depu-

1943 2153 2082 2200 taret
2115 2158 2355 2201 arsuros.
2394 2143 2593 2201 Dicens
2637 2146 2841 2215 itaque,
2876 2143 2978 2210 Qui
3021 2160 3103 2199 me
3136 2144 3307 2209 ﬁtﬁt,
3352 2144 3480 2199 vidit
3497 2152 3547 2199 et

1939 2235 2153 2295 Patrem
2175 2252 2194 2303 ;
2228 2244 2319 2303 et,
2356 2236 2525 2295 Verba
2544 2252 2659 2308 quia
2680 2252 2774 2309 ego
2813 2236 3014 2306 loquor,
3048 2252 3152 2293 non
3180 2253 3213 2292 tt
3237 2252 3318 2291 ure
3337 2236 3547 2303 loquor,

1938 2327 2029 2383 sed
2059 2326 2217 2382 Pater
2240 2329 2328 2400 qui
2351 2331 2408 2387 in
2430 2346 2507 2385 me
2530 2339 2720 2395 manet,
2749 2330 2859 2400 ipse
2896 2333 3018 2400 facit
3046 2345 3204 2399 opera
3232 2346 3328 2389 tua
3359 2326 3542 2400 (loco.

1939 2421 2098 2491 xrv,9
2122 2408 2291 2491 βίω)
2316 2440 2332 2487 ;
2359 2432 2435 2490 et,
2468 2421 2671 2479 Credite
2696 2423 2846 2489 mihi,
2876 2423 3124 2493 quoniam
3149 2424 3319 2495 epeia.
3353 2421 3546 2490 Patre,

1940 2526 1988 2569 et
2029 2513 2192 2571 Pater
2223 2515 2278 2568 in
2307 2531 2387 2571 me
2407 2512 2575 2588 (Ibid.
2604 2514 2717 2585 il),
2754 2523 2814 2568 ut
2839 2525 2894 2570 et
2921 2523 3325 2571 sacramentum
3353 2512 3551 2570 nativi-

1941 2608 2069 2663 tatis
2102 2617 2157 2662 et
2196 2607 2515 2677 mySIerium
2554 2607 2821 2676 assumpti
2848 2607 3101 2676 corporis
3124 2608 3543 2673 mitestaret,
3583 2624 3595 2659 ι

1944 2713 2040 2766 per
2069 2698 2460 2755 continentiam
2504 2697 2770 2754 dictorum
2819 2698 2886 2754 ad
2917 2697 2971 2753 id
3005 2700 3231 2756 veniens
3252 2700 3330 2755 ait
3351 2739 3370 2766 ,
3415 2699 3552 2765 auia

1944 2789 2103 2847 Pater
2141 2792 2308 2860 major
2336 2806 2417 2846 me
2443 2798 2522 2846 est
2550 2789 2711 2862 (ibid.
2745 2790 2865 2862 28).
2900 2791 2967 2847 Et
2996 2791 3289 2849 confestim
3314 2832 3330 2859 ,
3362 2782 3423 2848 ut
3448 2793 3549 2848 ab-

1941 2884 2117 2943 soluta
2144 2884 2273 2943 dicti
2298 2886 2435 2940 ratio
2463 2882 2731 2950 subesset,
2761 2891 2817 2941 et
2840 2884 3095 2955 agricola:
3118 2894 3175 2941 et
3200 2885 3329 2941 vitis
3348 2895 3406 2941 et
3431 2884 3559 2956 pals.

1943 2976 2090 3032 mitis
2111 2974 2342 3047 subjecit
2369 2975 2714 3045 exemplum,
2739 2976 3169 3047 assmnptionem
3202 2992 3302 3048 per
3331 2978 3387 3034 id
3415 2992 3551 3035 cor-

1946 3084 2126 3139 porea:
2157 3067 2479 3144 humilitatis
2508 3068 2822 3127 ostendens.
2866 3069 2933 3126 Et
2974 3069 3104 3127 hinc
3130 3085 3353 3131 causam
3384 3071 3555 3128 eundi

237 3168 325 3239 jus
352 3167 700 3224 resumenda:
743 3167 996 3222 meritum
1027 3166 1286 3220 continuo
1313 3163 1580 3235 subjecit,
1612 3163 1798 3218 dicens
1825 3204 1838 3228 ,
1867 3170 1914 3234 (ξ
1947 3163 2015 3219 ad
2045 3162 2263 3225 Patrem
2288 3200 2309 3229 ,
2351 3170 2407 3220 et
2445 3162 2750 3219 dilectionis
2792 3162 3033 3219 laetitiam
3063 3178 3191 3221 cum
3233 3164 3302 3220 ad
3335 3164 3553 3221 Patrem

240 3258 391 3317 Venit
416 3260 555 3314 enim
581 3259 821 3332 princeps
844 3258 1003 3330 hujus
1044 3257 1221 3311 mundi
1248 3296 1264 3324 ,
1298 3267 1346 3312 et
1388 3257 1442 3311 iu
1483 3272 1562 3311 me
1592 3253 1668 3328 (6)
1694 3254 1845 3311 habet

239 3354 366 3409 nihil
416 3349 603 3425 (Joan.
648 3367 760 3418 xlv,
809 3350 922 3423 50).
975 3349 1117 3406 Nihil
1165 3349 1217 3404 in
1264 3364 1330 3405 eo
1377 3349 1628 3419 princeps
1679 3348 1841 3418 hujus

240 3446 425 3503 mundi
464 3446 629 3502 habet
662 3462 676 3499 ε
709 3446 836 3518 quia
869 3453 929 3500 ut
960 3445 1125 3500 homo
1155 3441 1341 3498 habitu
1372 3452 1657 3513 repertus,
1682 3451 1843 3499 extra

241 3550 526 3610 peccatum
554 3538 735 3594 carnis
764 3537 1015 3597 manebat
1045 3536 1095 3592 in
1136 3534 1491 3593 similitudine
1514 3535 1695 3590 carnis
1719 3549 1846 3606 pec-

240 3634 392 3700 cati,
435 3632 507 3689 de
536 3641 762 3703 peccato
810 3639 1088 3701 peccatum
1148 3629 1202 3685 in
1254 3642 1420 3685 carne
1475 3627 1844 3687 condemnans

311 3748 394 3890 (ιζ
436 3746 509 3804 In
533 3747 701 3821 gloria
730 3756 806 3803 est
836 3745 931 3801 Dei
959 3744 1155 3802 Patris.

311 3823 367 3889 (2
421 3819 609 3890 Neque
632 3834 732 3890 pro
758 3833 952 3890 nempe.

421 3819 609 3903 lgeq'uc
632 3834 732 3890 pro
758 3833 952 3891 nempe.

419 3888 721 4020 Statariam
733 3976 937 4017 carnem
951 3959 1133 4015 Iesum
1158 3957 1416 4015 Christum
1428 3956 1596 4014 Deum
1633 3967 1833 4014 natum.

314 4078 392 4152 (α)
410 4077 475 4152 In
500 4075 895 4152 antiquioribus
922 4089 1078 4139 mss.,
1107 4090 1341 4152 namque.

313 4141 391 4223 (b)
422 4149 482 4205 Id
510 4160 615 4223 est,
634 4141 742 4218 'per
769 4148 1020 4223 donatam
1046 4141 1464 4223 conifessionem,
1492 4159 1587 4223 seu
1618 4158 1717 4211 per
1740 4141 1843 4223 Vdo-

247 4216 382 4277 τιυὶιὶ
415 4216 694 4285 nominis,
726 4219 814 4273 cui
854 4219 1029 4274 omnis
1061 4218 1240 4288 lingua
1282 4216 1529 4273 conliteri
1570 4222 1838 4271 teneatur.

243 4294 385 4348 Mox.
422 4295 477 4347 in
509 4308 611 4348 ms.
651 4291 866 4345 Martia.
899 4290 1093 4360 utique.
1127 4303 1225 4358 pro
1252 4289 1441 4359 itaque.

317 4364 392 4437 (ε)
410 4363 473 4417 1n
505 4361 754 4432 vulgatis,
778 4363 897 4432 quia
918 4373 1062 4437 pater
1086 4361 1468 4437 maior._Ahest
1481 4365 1627 4431 pater
1653 4372 1683 4411 a
1702 4370 1833 4412 mss.

241 4450 291 4492 ct
322 4432 397 4490 sa
419 4436 715 4489 donantem
749 4442 894 4488 recte
919 4432 1151 4487 refertur
1180 4432 1364 4502 major.

315 4486 398 4578 (Ῑ)
424 4486 681 4572 ἒᾶἷιίξῦι
705 4486 1019 4578 [ονρὶιίδὲιαξ
1038 4486 1099 4559 et
1120 4486 1279 4578 mos:
1294 4504 1347 4557 iu
1369 4506 1533 4578 [arma
1557 4496 1657 4555 Dei
1677 4514 1706 4578 _:
1727 4512 1847 4578 cas-
1871 4486 1923 4548 D

245 4570 485 4649 ligantur
511 4570 583 4632 ex'
611 4570 744 4649 mss.
776 4572 997 4631 Generat
1023 4590 1184 4645 porro
1213 4575 1263 4626 in
1303 4570 1606 4649 aeternitate
1635 4570 1843 4639 glorio-

242 4646 361 4706 sam
391 4646 679 4705 tribuendo
706 4659 988 4710 naturam;
1016 4654 1227 4701 renovat
1256 4656 1435 4702 autem
1476 4647 1525 4697 in
1559 4654 1802 4710 tempore
1826 4680 1845 4708 ,

244 4728 531 4789 assumpto
560 4718 765 4774 homini
802 4717 1126 4789 indulgendo
1148 4717 1385 4771 divinam
1414 4716 1664 4789 gloriam.

316 4793 396 4865 (e)
423 4782 552 4849 uss.
584 4782 1040 4865 murtin;,__Coi-b.
1073 4799 1128 4842 ct
1160 4790 1364 4865 aliqum
1409 4782 1532 4852 alii,
1563 4782 1845 4865 secundum

240 4853 459 4920 carnem
503 4879 522 4916 :
561 4861 723 4917 male.
767 4858 921 4916 Colb.
948 4899 966 4927 ,
997 4862 1158 4915 Carn.
1197 4853 1262 4914 et
1289 4857 1473 4915 Germ.
1499 4898 1514 4922 ,
1560 4853 1846 4927 secundum

239 4933 804 5006 Christum,_on_iissa
855 4925 987 5006 voce
1035 4932 1291 5003 spiritum.
1342 4928 1623 5006 Mallemus
1668 4925 1843 5006 omitti

240 4999 544 5063 Christum.
564 5002 636 5059 Et
665 5002 719 5058 in
752 5003 817 5057 iis
846 4999 1072 5073 quidem
1104 5017 1234 5057 ntSs.
1275 5017 1379 5056 non
1410 4999 1578 5059 semel
1606 4999 1849 5061 occurrit

239 5076 487 5133 Christus
515 5078 634 5131 loco
667 5075 915 5145 Spiritus.

312 5145 411 5221 (Ι)
438 5147 577 5221 Editi
606 5162 689 5221 ex
711 5142 1011 5221 deterioris
1055 5151 1206 5221 notae
1237 5158 1370 5221 mss.
1411 5143 1503 5221 hic
1524 5142 1798 5221 addebant
1822 5182 1839 5206 ,

478 5219 719 5286 Quidam
753 5218 841 5273 hic
869 5218 1165 5273 verborum
1196 5217 1353 5271 ludus
1382 5225 1465 5270 est
1493 5218 1633 5271 inter
1670 5214 1841 5270 Deum

234 5301 461 5358 natatu,
486 5299 543 5346 et
567 5290 736 5347 [letam
765 5297 1077 5352 mortuum;
1111 5298 1294 5343 natum
1339 5286 1397 5341 in
1428 5287 1608 5358 gloria
1648 5300 1843 5341 secun-

230 5364 377 5421 dum
415 5357 711 5431 Spiritum.
754 5376 852 5417 seu
882 5371 1039 5429 prout
1070 5358 1302 5431 Verbum
1331 5366 1415 5415 est
1436 5401 1450 5426 ,
1499 5368 1553 5413 et
1580 5357 1838 5413 donatum

232 5430 469 5491 meum
495 5449 619 5491 esse
650 5432 709 5489 in
741 5431 915 5503 gloria
943 5430 1487 5503 secundumcarnem
1519 5438 1845 5503 postquam

231 5515 496 5563 minus
519 5515 603 5563 est
639 5521 655 5559 :
684 5499 824 5560 adeo
860 5512 921 5559 ut
943 5501 1111 5574 gloria
1140 5501 1339 5558 Christi
1368 5501 1464 5557 Dei
1503 5516 1536 5556 a
1563 5499 1849 5555 nativitate

228 5578 351 5646 sit,
380 5574 617 5635 hominis
643 5585 824 5632 autem
851 5590 884 5630 a
905 5582 1099 5630 morte.

335 5642 408 5722 ς)
438 5646 714 5722 lancem.
744 5662 869 5705 cum
892 5644 1198 5722 _Germ.,_ad
1227 5642 1667 5722 conﬁrmandum.

342 5711 419 5790 ἱ)
449 5718 781 5790 hilaritatis
808 5716 981 5775 codex
998 5758 1027 5790 ,_
1055 5711 1126 5790 ad
1163 5711 1458 5790 utilitatem.
1491 5713 1662 5790 _Un_tts
1688 5711 1847 5790 Golb.

227 5785 405 5850 cuin'
432 5789 593 5849 altero
639 5790 914 5861 Sorhon.,
958 5786 1031 5846 ad
1488 5785 1855 5853 [imitamina

1948 3254 2073 3320 iret,
2101 3253 2307 3315 docens
2334 3267 2456 3311 esse
2488 3263 2778 3324 oportere.
2807 3254 2935 3325 quia
2966 3255 3140 3326 major
3167 3270 3231 3312 se
3271 3255 3434 3313 Pater
3460 3272 3556 3315 cs-

1947 3356 2032 3402 sct
2062 3365 2075 3402 :
2113 3361 2145 3402 a
2169 3361 2281 3418 quo
2320 3345 2531 3402 scilicet
2554 3354 2702 3403 esset
2722 3346 2948 3418 gloriam
2976 3356 3384 3418 resumpturos;
3409 3347 3559 3420 apud

1948 3454 2112 3510 quem
2140 3448 2195 3495 et
2224 3439 2277 3496 in
2306 3455 2414 3510 quo
2443 3438 2829 3509 gloriﬁcandus
2862 3480 2878 3505 ,
2910 3455 3015 3497 non
3045 3440 3260 3499 novello
3303 3440 3510 3499 honore
3535 3481 3553 3511 ,

1948 3534 2043 3591 sed
2067 3534 2329 3606 pristino;
2363 3551 2539 3605 neque
2566 3537 2746 3593 alieno
2773 3578 2789 3603 ,
2817 3537 2913 3595 sed
2942 3553 3103 3607 quem
3133 3538 3274 3609 apud
3303 3554 3427 3596 cum
3456 3538 3556 3595 Ita-

1948 3628 2083 3685 buit.
2118 3628 2177 3687 Si
2205 3632 2388 3701 itaque
2424 3645 2531 3686 non
2559 3628 2635 3704 (Ic)
2664 3630 2716 3687 in
2757 3631 2933 3702 ipsum
2957 3632 3347 3703 glorifieandus
3366 3643 3474 3702 est,
3501 3632 3559 3691 id

2048 3744 2106 3816 ὅ)
2139 3743 2340 3816 Natum
2367 3756 2647 3801 mortuum.

2045 3814 2102 3893 (ξ)
2149 3814 2648 3893 Νῄοη-ριαὺειγριᾷιιὶις
2675 3816 3030 3881 hellenismus
3063 3819 3223 3890 juxta
3246 3835 3426 3893 grana
3463 3820 3563 3881 lo»

1951 3887 2147 3961 anhi8,_
2163 3890 2251 3961 ρῦκ
2282 3887 2400 3961 ἔχει

2022 3959 2102 4032 (7)
2134 3959 2247 4015 Νοη
2279 3959 2456 4016 existat
2486 3960 2646 4015 Pater
2673 3961 2725 4016 in
2757 3960 2944 4018 codice
2974 3961 3176 4018 Veron.

1948 4073 2314 4147 cumAcaet‘eris
2340 4073 2410 4126 ad
2432 4075 2693 4147 unitatem.
2726 4074 2794 4147 ,Ut
2816 4074 2963 4130 enim
2990 4075 3289 4132 haheturin
3314 4078 3452 4147 psal.
3472 4095 3548 4145 ιι,

1949 4161 2003 4198 n.
2040 4144 2102 4200 16
2131 4162 2144 4197 :
2168 4142 2439 4223 ﬂaturam
2471 4146 2604 4223 inse
2644 4146 2896 4223 universa:
2932 4149 3109 4223 caruit
3127 4142 3442 4221 assumpsit,
3468 4142 3558 4223 per

1945 4232 2101 4286 quam
2124 4214 2345 4295 effectus
2368 4232 2486 4295 vera
2502 4218 2626 4295 tritis
2642 4234 2804 4291 genus
2824 4219 2880 4275 in
2899 4234 2953 4273 se
2973 4220 3230 4277 uniuersa:
3252 4214 3551 4295 puopagiitis

1944 4287 2277 4377 Whitte“
2306 4290 2549 4377 ρτοξὲηιθ
2576 4287 2779 4377 siem
2800 4300 2926 4377 csa.
2945 4308 2985 4347 α
3001 4287 3265 4377 “recte?
3279 4287 3438 4377 tsi-5
3457 4294 3560 4377 '3.“-

1943 4358 2177 4412 militatis
2206 4361 2553 4445 assumptione
2582 4364 2811 4445 formant
2839 4358 3401 4445 paternwémajestatis
3426 4365 3561 4419 alic-

1947 4447 2116 4513 unus:
2147 4439 2325 4513 potest
2364 4432 2437 4487 ad
2467 4432 2742 4513 Christum
2791 4432 3209 4513 ipsum_referr_i
3234 4478 3249 4501 ,
3298 4435 3391 4505 qui
3435 4451 3556 4492 eum

1954 4503 2263 4577 palmitibus
2289 4516 2590 4573 congruere
2610 4503 2824 4572 volens,
2847 4506 2996 4577 carni
3015 4507 3250 4577 proprim
3274 4503 3556 4576 paternam

1952 4573 2178 4643 gloriam
2220 4577 2534 4644 negaverit,
2567 4584 2623 4631 et
2670 4577 2742 4629 ita
2772 4591 2801 4629 a
2852 4573 3040 4632 formae
3070 4573 3217 4632 illius
3254 4573 3459 4633 unitate
3499 4591 3561 4632 se

1952 4646 2295 4700 alienaverit.
2340 4645 2533 4701 Verius
2566 4654 2746 4700 tamen
2790 4647 2892 4702 hoc
2925 4648 2994 4703 de
3043 4649 3307 4705 membris
3329 4648 3554 4712 Christi,

1953 4718 2022 4788 de
2062 4726 2176 4769 toto
2201 4716 2336 4788 scil.
2381 4717 2658 4788 hominum
2695 4733 2898 4788 genere
2932 4721 3274 4788 interpretari
3311 4729 3395 4775 est
3422 4738 3435 4772 :
3460 4718 3554 4787 qui

1954 4787 2129 4842 liceta
2157 4784 2373 4841 Christo
2400 4787 2663 4856 assumpti
2681 4784 2780 4853 ,‘in
2810 4803 2875 4844 eo
2901 4790 3048 4845 velut
3077 4784 3131 4844 in
3164 4792 3277 4845 vite
3305 4784 3565 4858 pahnites

1952 4863 2094 4921 sint,
2139 4870 2177 4911 a
2221 4867 2457 4926 paternae
2503 4868 2681 4913 tamen
2725 4859 2916 4928 gloria:
2960 4861 3240 4915 consortio
3284 4860 3556 4916 alicnaadi

1954 4939 2065 4985 tum
2110 4928 2551 4984 demonstrantur
2578 4971 2591 4993 ,
2634 4944 2757 4983 cum
2800 4931 3161 4987 ostenduntur
3188 4930 3497 4987 eradicandi
3524 4946 3557 4986 a

1952 5002 2115 5057 Patre
2135 5040 2150 5062 ,
2182 5010 2271 5054 aut
2312 5001 2374 5055 ob
2410 5001 2770 5069 inﬁdelitatem
2795 5042 2814 5075 ,_
2842 5012 2934 5075 aut
2964 5002 3028 5055 ob
3051 5002 3389 5058 inutilitatem
3413 5007 3563 5075 fruc-

1954 5084 2098 5127 tuum
2118 5082 2441 5141 negaturum,
2467 5079 2525 5126 ut
2547 5087 2763 5127 rursum
2784 5072 3091 5129 declaratur
3107 5075 3229 5130 loco
3252 5072 3561 5131 mortem

1949 5143 2005 5199 in
2036 5142 2171 5215 psal.
2201 5158 2276 5211 ιι»,
2308 5160 2469 5215 quem
2498 5142 2722 5199 videsis.

2023 5238 2084 5312 (ἱ)
2122 5239 2397 5315 Vetustior
2431 5253 2462 5294 e
2492 5252 2622 5315 mss.
2656 5237 2814 5294 Colb.
2849 5239 3121 5315 gloriosae.
3156 5239 3324 5310 Magis
3370 5237 3554 5315 placet

1947 5309 2072 5366 cuni
2099 5309 2219 5365 aliis
2246 5314 2523 5377 curiosum,
2559 5309 2609 5364 id
2640 5320 2743 5378 est,
2775 5309 3072 5382 qui’curam
3101 5309 3276 5384 gerat.

2022 5406 2040 5477 (
2054 5408 2108 5478 j)
2136 5403 2193 5459 In
2230 5418 2333 5462 ms.
2365 5402 2487 5460 Vat.
2519 5402 2665 5478 bas.,
2694 5402 3031 5478 deserendas.
3062 5402 3268 5463 Deinde
3292 5403 3347 5461 in
3377 5401 3569 5475 vulga-

1948 5474 2333 5604 tlgisi'deputaret
2368 5491 2578 5530 arsuros
2603 5474 2779 5531 dicens
2808 5476 2901 5544 ita,
2930 5476 3032 5546 Qui
3058 5492 3158 5545 me,
3188 5474 3557 5550 etc.,_pertut‘-

1986 5564 2013 5602 a
2045 5564 2096 5603 e.

2024 5639 2272 5722 armis
2299 5638 2421 5722 ιιξςο
2448 5639 2505 5722 in
2533 5639 2761 5722 inmte:
2787 5638 3099 5722 ιάέιίιωοιμ
3119 5640 3337 5722 διωνοτὲ
3364 5640 3573 5722 mee-

1951 5709 2190 5783 quentis,
2220 5710 2541 5783 gloriﬁcatur
2564 5711 2621 5766 in
2651 5709 2832 5767 Patre.
2858 5711 3196 5784 Reponiutus
3225 5714 3280 5769 in
3306 5714 3562 5788 ipsumet

1953 5785 2007 5839 in
2030 5782 2243 5840 Patrem
2269 5782 2593 5841 auctoritate
2614 5796 2745 5841 mss.
