4094 6180
489 290 597 348 527

1707 278 1953 342 SANCTI
1996 279 2250 339 lllLARll
2290 279 2596 340 EI’ISCOPI

3687 284 3796 341 ὅτ’-8

491 410 598 467 est,
626 407 682 455 ut
710 399 780 457 sit
806 399 858 455 in
881 398 1048 471 gloria
1075 397 1170 455 Dei
1192 396 1396 471 patris;
1427 394 1815 452 contumeliam
1845 394 2094 452 adscribe
2122 400 2168 458 A
2199 395 2436 453 haeretici
2471 395 2539 452 ad
2568 403 2779 452 naturae
2818 394 3200 451 contumeliam
3230 403 3453 453 sumunt
3477 438 3492 465 ,
3532 396 3657 468 quia
3684 399 3800 455 dic—

494 502 702 548 natura:
736 509 749 545 :
783 492 828 547 si
862 506 1015 554 vero.
1047 490 1189 561 quod
1219 491 1288 545 ah
1314 504 1380 544 eo
1408 488 1762 559 gloriﬁcatur,
1796 486 2093 542 auctoritas

495 596 618 652 est;
657 585 871 642 Patrem
899 584 1162 656 majorem
1188 583 1243 640 in
1275 581 1613 655 glorificandi
1649 583 1971 639 auctoritate
1997 596 2093 639 co-

495 695 715 752 gnosce.

572 774 662 830 56.
700 773 800 841 Qui
826 771 984 828 Pater
1012 776 1204 844 major,
1228 789 1319 827 nec
1332 769 1508 828 Filius
1525 766 1788 826 minor.—-
1812 769 1950 837 Quid
1979 768 2094 824 dis-

500 866 874 937 pensationem
919 865 987 922 ad
1033 867 1366 937 impietatem
1408 865 1590 935 rapis?
1617 864 1755 932 Quid
1786 879 2099 920 sacramen-

502 966 613 1013 tum
651 967 853 1014 nostrte
885 958 1079 1014 salutis
1107 959 1317 1015 invadis
1344 957 1409 1014 ad
1454 958 1726 1013 mortem?
1751 958 2095 1015 Gloriﬁcatu-

500 1067 595 1108 rus
644 1051 841 1109 Filium
883 1052 1047 1108 Pater
1086 1052 1264 1123 major
1307 1059 1393 1108 est
1426 1069 1439 1104 :
1472 1051 1804 1122 glorificatus
1848 1051 1900 1106 in
1941 1051 2101 1107 Patre

501 1145 671 1202 Filius
710 1146 891 1203 minor
938 1161 1045 1201 non
1083 1154 1169 1202 est
1202 1145 1309 1200 Aut
1336 1144 1608 1215 quomodo
1639 1143 1817 1199 minor
1845 1153 1923 1200 est
1952 1184 1967 1209 ,
2008 1143 2101 1214 qui

502 1239 557 1295 in
587 1239 758 1311 gloria
798 1239 896 1296 Dei
925 1240 1097 1311 patris
1119 1239 1246 1295 est?
1274 1238 1382 1294 Aut
1421 1239 1682 1309 numquid
1731 1239 1891 1295 Pater
1929 1238 2103 1309 major

502 1349 612 1389 non
644 1334 772 1391 est?
800 1333 972 1405 Major
997 1334 1180 1406 itaque
1206 1333 1367 1389 Pater
1389 1342 1493 1400 est,
1520 1332 1647 1405 dum
1674 1342 1825 1404 pater
1851 1342 1934 1389 est
1966 1349 1980 1387 :
2006 1333 2103 1389 sed

504 1423 694 1490 Filius,
743 1424 871 1480 dum
913 1425 1058 1480 filius
1108 1433 1230 1490 est,
1285 1424 1448 1495 303
1501 1425 1679 1480 minor
1708 1440 1816 1479 non
1845 1432 1947 1480 est.
1999 1423 2103 1479 Na-

506 1516 689 1574 tivitas
735 1517 860 1574 Filii
907 1527 1114 1589 patrem
1146 1519 1426 1575 constituit
1467 1519 1727 1589 majorem
1773 1539 1787 1576 :
1840 1519 2104 1575 minorem

506 1625 637 1667 vero
665 1610 861 1667 Filium
891 1627 1015 1669 esse
1042 1612 1338 1668 nativitatis
1367 1620 1560 1668 natura
1591 1629 1697 1667 non
1728 1613 1948 1683 patitur.
1992 1612 2103 1667 Ma-

503 1702 592 1774 jor
618 1702 777 1759 Pater
802 1712 888 1760 est
913 1744 929 1772 ,
971 1704 1099 1760 dum
1128 1705 1353 1776 gloriam
1385 1712 1669 1775 assumpto
1697 1703 1904 1760 homini
1950 1718 2110 1775 roga-

2197 501 2306 546 tum
2339 500 2444 558 est,
2476 490 2636 545 Pater
2667 493 2834 561 major
2856 505 2937 546 me
2963 499 3036 545 est
3060 507 3078 545 :
3105 490 3188 545 vel
3217 490 3349 546 illud
3371 533 3385 557 ,
3413 489 3495 546 De
3514 492 3598 546 die
3623 504 3800 547 autem

2194 593 2242 639 et
2266 585 2394 639 liora
2415 600 2564 639 nemo
2594 584 2710 648 scit,
2740 598 2900 654 neque
2926 582 3112 655 Ληρειὶ
3134 585 3189 638 in
3216 583 3379 653 cretis,
3411 601 3575 656 neque
3598 582 3796 652 Filius,

2197 678 2298 731 nisi
2328 676 2487 731 Pater
2518 676 2662 731 solus
2695 674 2886 749 (Marc.
2920 687 3044 745 XIII,
3069 666 3491 749 52).'lgnoratio
3520 694 3652 750 ergo
3692 678 3801 736 diei

2197 779 2359 841 atque
2387 769 2536 825 hora:
2562 767 2816 840 ohjicitur
2843 769 3119 841 unigenito
3147 770 3261 826 Deo
3295 788 3309 824 :
3335 780 3392 825 ut
3420 771 3563 827 Deus
3592 788 3661 828 ex
3691 773 3801 829 Deo

2199 872 2356 919 natus
2392 877 2497 918 non
2528 863 2599 917 sit
2627 864 2678 918 iu
2707 878 2769 920 ea
2798 873 3003 919 natura:
3032 864 3362 933 perfectione
3388 881 3491 936 qua
3519 866 3664 924 Deus
3693 876 3799 935 est,

2198 973 2320 1014 cum
2347 955 2623 1014 nesciendi
2657 957 2976 1012 necessitate
3001 956 3315 1013 dominante
3336 999 3352 1025 ,
3371 957 3484 1029 jam
3512 959 3593 1014 vis
3618 958 3802 1030 aliqua

2200 1051 2435 1107 exterior
2478 1066 2542 1107 eo
2575 1053 2750 1122 potior
2800 1051 2906 1119 sit,
2955 1068 3074 1122 qua:
3121 1062 3391 1123 tamquam
3420 1052 3710 1110 adversum
3741 1070 3803 1112 se

2202 1143 2529 1201 imbecillum
2578 1143 2631 1198 in
2681 1143 2997 1213 ignorantia:
3028 1159 3150 1199 eum
3196 1143 3511 1202 inﬁrmitate
3536 1145 3801 1202 detineat.

2202 1237 2340 1306 Quin
2382 1236 2543 1292 etiam
2593 1235 2661 1291 ad
2705 1235 2866 1306 hujus
2906 1251 3004 1291 nos
3055 1236 3427 1308 intelligentia:
3473 1238 3807 1308 impietatem

2204 1328 2583 1384 hazreticorum
2632 1326 2781 1383 furor
2822 1328 2945 1397 jure
2988 1329 3225 1400 quodam
3275 1330 3440 1403 304
3484 1332 3810 1403 necessarias

2205 1421 2566 1478 confessionis
2592 1421 2900 1491 compellit,
2937 1431 2993 1476 ut
3043 1423 3112 1477 ita
3161 1400 3492 1479 credendum
3534 1426 3639 1491 sit;
3680 1400 3810 1495 quia

2207 1523 2263 1571 et
2288 1531 2317 1570 a
2367 1515 2593 1572 Domino
2625 1516 2695 1570 ita
2723 1516 2925 1571 dictum
2958 1517 3065 1581 sit,
3098 1528 3150 1572 et
3190 1517 3362 1574 videri
3410 1519 3813 1590 irreligiosissi~

2210 1622 2355 1661 mum
2403 1609 2611 1677 possit,
2647 1608 2998 1678 professionis
3028 1610 3147 1678 ejus
3174 1609 3241 1665 de
3271 1625 3331 1666 se
3360 1613 3811 1682 protestationem

2208 1699 2438 1762 diversa:
2468 1699 2838 1771 intelligentia:
2871 1711 3068 1757 noslrtc
3099 1702 3356 1773 opinione
3386 1707 3684 1776 corrumpi.

508 1806 596 1853 tur
639 1807 698 1852 ut
724 1795 918 1853 reddat
945 1812 960 1849 :
994 1795 1166 1852 Filius
1190 1797 1369 1852 minor
1416 1813 1523 1853 non
1564 1806 1647 1853 est
1667 1836 1683 1861 ,
1714 1797 1843 1852 dum
1869 1796 2099 1868 gloriam
2132 1789 2180 1850 B
2278 1792 2367 1848 59.
2399 1797 2594 1848 Auctor
2618 1794 2849 1848 omnium
2885 1793 2962 1848 nil
2989 1805 3154 1867 potest
3184 1796 3398 1851 nescire.
3449 1797 3550 1863 Qui
3578 1814 3693 1868 qua:
3718 1815 3816 1854 nec

505 1888 737 1946 resumit
772 1887 915 1960 apud
960 1888 1202 1944 Patrem.
1260 1889 1435 1961 Atque
1481 1889 1552 1944 ita
1604 1897 1656 1945 et
1703 1898 2101 1945 sacramentum

506 1981 804 2038 nativitatis
834 2021 851 2048 ,
896 1990 954 2037 et
1003 1979 1336 2051 dispensatio
1387 1980 1785 2051 corporationis
1829 1981 2102 2049 impletur.

505 2074 639 2132 Nam
667 2083 723 2131 et
762 2075 943 2141 Pater,
987 2074 1112 2130 dum
1155 2083 1209 2130 et
1247 2085 1399 2144 pater
1425 2084 1510 2131 est
1551 2084 1608 2131 et
1650 2075 1919 2146 gloriﬁcat
1963 2089 2108 2130 nunc

461 2179 476 2214 ι
506 2169 678 2225 ﬁlium
706 2166 944 2226 hominis
963 2209 977 2233 ,
1011 2167 1186 2238 major
1213 2176 1300 2224 est
1330 2185 1344 2223 :
1372 2176 1429 2223 et
1473 2167 1633 2223 Pater
1660 2176 1715 2222 ct
1743 2166 1909 2222 Filius
1941 2181 2108 2221 unum

507 2272 653 2332 sunt,
677 2262 805 2319 dum
832 2278 898 2318 ex
929 2263 1093 2318 Patre
1118 2268 1277 2317 natus
1307 2260 1499 2327 Filius,
1529 2268 1652 2332 post
1678 2259 2106 2331 assumptionem

508 2355 714 2412 terreni
749 2352 999 2426 corporis
1023 2353 1357 2425 gloriﬁcatur
1381 2351 1434 2406 in
1463 2352 1699 2408 Patrem.
1886 2413 1900 2426 .

479 2472 496 2499 ι
581 2449 670 2503 57.
698 2445 1127 2502 Innascibilitatis
1153 2454 1199 2499 et
1230 2444 1507 2499 nativitatis
1533 2460 1635 2498 non
1656 2443 1762 2499 alia
1790 2452 1997 2498 natura.
2017 2441 2113 2497 Fi-

510 2539 611 2595 lius
636 2547 790 2594 natus
818 2554 923 2593 non
951 2547 1163 2609 ereptus.
1193 2566 1265 2576 —-
1291 2534 1406 2591 Non
1438 2534 1601 2590 habet
1643 2535 1828 2604 itaque
1857 2535 2113 2590 nativitas

512 2642 719 2688 natura;
747 2629 1141 2703 ignobilitatem
1174 2647 1188 2685 :
1217 2627 1342 2698 quia
1373 2626 1427 2683 in
1469 2626 1643 2682 forma
1684 2627 1782 2682 Dei
1819 2637 1903 2684 est
1932 2669 1946 2695 ,
1991 2629 2114 2697 quia

512 2740 579 2780 ex
621 2724 735 2780 Deo
762 2724 1024 2779 nascitur.
1059 2722 1126 2776 Et
1155 2735 1280 2778 cum
1312 2718 1535 2776 differre
1570 2718 1968 2790 signiﬁcatione
1997 2717 2116 2790 ipsa

512 2815 855 2872 existimetur
893 2812 1289 2869 innascibilitas
1330 2827 1360 2866 a
1400 2811 1717 2876 nativitate;
1756 2810 2008 2865 nativitas
2039 2818 2119 2866 ta-

514 2924 640 2965 men
670 2923 778 2963 non
808 2904 892 2963 est
911 2902 1519 2961 extrainnascibilitatis
1550 2914 1821 2968 naturam,
1854 2902 1979 2973 quia
2008 2915 2119 2957 non

516 2998 978 3073 sumpsitaliundc
1002 2997 1147 3071 quod
1176 2996 1436 3053 substitit.
1452 2995 1587 3051 Nam
1612 2994 1828 3051 tametsi
1851 3010 1958 3050 non
1983 3009 2117 3050 con-

517 3104 700 3153 secuta
722 3093 817 3163 sit,
842 3102 904 3148 ut
924 3089 1327 3149 coinnascibilis
1348 3089 1544 3145 eﬁ‘ecta
1575 3087 1680 3151 sit;
1709 3090 1917 3159 accepit
1939 3099 2118 3143 tamen

2206 1887 2263 1940 in
2299 1902 2353 1940 se
2378 1901 2470 1940 nec
2498 1902 2587 1958 per
2614 1902 2668 1940 se
2697 1887 2798 1941 sint
2825 1887 2941 1954 scit,
2973 1889 3132 1942 multo
3161 1890 3325 1961 magis
3344 1905 3459 1959 quae
3492 1890 3545 1943 in
3576 1907 3629 1945 se
3652 1899 3701 1945 et
3722 1906 3817 1960 per

2207 1993 2281 2032 se.
2315 1975 2439 2033 Dies
2461 1974 2674 2031 Domini
2692 1994 2783 2050 per
2806 1978 2976 2046 ipsum
3003 1990 3048 2033 et
3076 1981 3128 2034 in
3155 1980 3269 2050 ipso
3298 1982 3577 2037 constituta
3615 1992 3711 2037 est.
3742 2011 3817 2023 ——

2210 2067 2287 2124 Ac
2317 2071 2551 2140 primum
2595 2080 2720 2125 ante
2750 2086 2911 2142 quam
2956 2072 3082 2127 dicti
3113 2073 3256 2129 ratio
3298 2083 3354 2129 et
3393 2088 3556 2130 causa
3601 2091 3817 2132 memo-

2210 2170 2395 2227 retur,
2436 2178 2601 2220 sensu
2631 2164 2936 2220 communis
2961 2164 3151 2235 judicii
3186 2166 3258 2238 (ὁ)
3302 2168 3647 2224 sentiendum
3683 2180 3815 2240 est,

2212 2269 2280 2309 an
2297 2254 2557 2311 credibile
2580 2270 2700 2312 esse
2720 2257 2911 2327 possit,
2928 2270 2985 2311 ut
3003 2256 3205 2327 aliquid
3229 2274 3296 2313 ex
3313 2260 3567 2315 omnibus
3586 2261 3817 2329 nesciat,

2213 2347 2303 2417 qui
2335 2347 2587 2403 omnibus
2613 2348 2679 2404 ad
2713 2348 2764 2403 id
2794 2348 2942 2419 quod
2971 2364 3095 2405 sunt
3125 2361 3288 2421 atque
3309 2362 3471 2407 erunt
3491 2363 3679 2410 auctor
3705 2363 3817 2411 est.

2215 2442 2276 2499 Si
2314 2442 2458 2525 enim
2490 2443 2671 2500 omnia
2717 2460 2814 2513 per
2856 2443 3134 2501 Christum
3180 2455 3234 2501 et
3272 2447 3325 2502 in
3352 2446 3572 2504 Christo
3597 2491 3611 2517 ,
3659 2459 3711 2504 et
3744 2449 3822 2505 ita

2219 2554 2313 2610 per
2339 2539 2540 2610 ipsum,
2565 2548 2625 2595 ιιι
2654 2538 2832 2594 omnia
2863 2540 2915 2595 in
2946 2541 3063 2612 ipso
3090 2539 3235 2608 sint;
3268 2540 3322 2597 id
3350 2542 3493 2614 quod
3522 2558 3696 2613 neque
3722 2558 3825 2598 ex-

2220 2640 2301 2687 tra
2350 2647 2471 2687 eum
2522 2647 2699 2703 neque
2749 2648 2854 2688 non
2905 2647 3003 2704 per
3051 2649 3174 2688 eum
3221 2643 3334 2701 est,
3386 2634 3660 2706 quomodo
3709 2651 3822 2691 non

2219 2725 2381 2782 etiam
2415 2727 2468 2782 in
2499 2725 2724 2783 scientia
2755 2728 2873 2797 ejus
2902 2727 3007 2795 sit,
3037 2742 3161 2783 cum
3192 2727 3513 2799 plerumque
3545 2727 3620 2800 (c)
3643 2730 3824 2784 scien-

2222 2819 2288 2877 tia
2319 2820 2438 2891 ejus
2462 2836 2548 2886 ea,
2582 2835 2700 2892 qua:
2726 2837 2902 2891 neque
2946 2821 2997 2875 in
3025 2836 3085 2876 se
3120 2836 3298 2892 neque
3329 2837 3427 2892 per
3453 2836 3513 2877 se
3544 2821 3689 2889 sint,
3725 2837 3825 2893 per

2221 2915 2474 2970 virtutem
2526 2924 2733 2970 natura:
2785 2914 2862 2985 (ιι)
2894 2929 3000 2970 non
3050 2915 3245 2972 nesciae
3290 2915 3705 2987 apprehendat?
3752 2918 3828 2971 At

2223 3022 2353 3063 vero
2384 3008 2525 3079 quod
2566 3023 2784 3063 causam
2817 3008 2919 3062 nisi
2951 3024 3016 3063 ex
3044 3024 3112 3064 eo
3141 3024 3248 3064 non
3279 3010 3441 3065 sumit
3467 3051 3481 3075 ,
3515 3008 3584 3082 (ε)
3614 3019 3667 3065 et
3700 3025 3827 3064 mo-

2224 3109 2335 3155 tum
2364 3100 2431 3156 ad
2457 3098 2528 3167 id,
2556 3098 2634 3173 (‘2)
2665 3100 2804 3169 quod
2832 3108 2917 3156 est
2950 3101 3182 3172 eritque,
3215 3102 3315 3157 nisi
3341 3103 3482 3157 intra
3511 3118 3571 3158 se
3599 3117 3703 3158 non
3730 3116 3830 3158 ca-

517 3204 585 3245 ex
623 3185 928 3243 innascibili
958 3185 1071 3240 Deo
1097 3198 1221 3240 esse
1264 3181 1412 3253 quod
1453 3182 1598 3237 Deus
1626 3188 1728 3237 est.
1769 3179 1934 3236 Fides
1958 3178 2116 3250 igitur

2226 3191 2343 3263 pit;
2372 3192 2644 3262 quomodo
2683 3201 2836 3248 extra
2864 3192 2981 3262 ejus
3021 3201 3227 3249 natura:
3252 3192 3534 3249 scientiam
3572 3202 3653 3249 εει
3675 3235 3690 3259 ,
3726 3208 3829 3263 per

519 3290 726 3348 nostra,
760 3282 867 3338 etsi
912 3281 1125 3335 initium
1176 3276 1477 3334 nativitatis
1508 3291 1615 3331 non
1660 3273 2076 3345 apprehendens
2100 3315 2117 3342 ,

520 3373 854 3446 unigenitum
885 3372 1058 3428 Deum
1091 3383 1310 3439 semper
1349 3368 1590 3439 (supple,
1622 3365 1767 3438 esse)
1796 3366 2115 3436 profitetur;

519 3470 645 3543 quia
664 3478 887 3525 matura
934 3483 1041 3523 non
1088 3464 1264 3532 ferat,
1296 3473 1355 3519 ιιι
1382 3462 1615 3534 coepisse
1656 3476 1780 3518 eum
1823 3460 2119 3532 aliquando

521 3564 865 3629 conﬁteatur,
896 3561 1054 3633 cujus
1085 3558 1341 3615 nativitas
1362 3573 1524 3614 omne
1546 3555 1684 3612 initii
1716 3564 1927 3626 tempus
1952 3568 2117 3611 cxce-

520 3656 632 3716 dat.
665 3656 772 3714 Sed
802 3671 962 3728 quem
991 3668 1209 3724 semper
1233 3666 1355 3707 esse
1386 3660 1438 3706 et
1468 3658 1596 3705 ante
1625 3658 1868 3718 tempora
1895 3648 2119 3702 conﬁte-

522 3761 631 3819 tur,
662 3759 845 3807 natum
879 3760 1058 3804 tamen
1090 3749 1169 3819 (a)
1201 3742 1543 3814 intemporali
1574 3742 1840 3797 inﬁnitate
1867 3756 1977 3796 non
2004 3756 2119 3795 am-

521 3844 678 3917 bigit,
701 3858 829 3900 eum
857 3852 1039 3898 tamen
1067 3838 1147 3914 (1)
1175 3855 1245 3897 ex
1269 3835 1607 3894 ininitiabilis
1632 3834 2002 3907 intelligentiae
2026 3850 2124 3892 na-

523 3938 733 3994 tivitate
760 3936 1029 3993 confessa.

594 4028 686 4087 58.
724 4027 982 4101 Objicitur
1005 4037 1183 4081 contra
1207 4040 1323 4081 eum
1348 4022 1605 4096 ignoratio
1630 4020 1754 4076 diei.
1783 4051 1853 4061 -
1881 4019 1990 4078 Sed
2019 4020 2123 4078 hoc

599 4173 677 4242 (ι)
711 4170 795 4242 Ea;
811 4168 1101 4242 initiabilis.

595 4232 675 4315 (2)
704 4241 863 4299 Prius
886 4240 1105 4315 quidem
1136 4236 1416 4315 legebatur
1441 4235 1494 4290 in
1520 4234 1711 4315 codice
1727 4232 1956 4315 Veram,
1985 4232 2124 4315 quod

521 4304 840 4386 est'eritque;
868 4304 964 4369 sed
993 4304 1230 4367 secunda
1277 4322 1440 4363 manu
1465 4304 1812 4362 emendatum
1843 4304 1962 4369 fuit,
1993 4304 2129 4374 quod

599 4448 945 4536 intend-ti"
973 4446 1261 4536 ιειξιοεειιίς
1297 4439 1778 4536 Εδὲἓοὲἶὶ
1797 4439 2129 4536 “attente:

526 4509 806 4580 ναιῖίΜοι
851 4509 945 4576 Er.
985 4509 1111 4589 post
1153 4516 1321 4589 Band,
1368 4530 1431 4589 ex
1470 4511 1798 4589 innitiabilis.
1841 4509 1966 4565 Par.
1999 4518 2127 4589 post

525 4596 675 4668 Lips.
705 4637 721 4661 ,
770 4609 834 4648 ea:
878 4580 1165 4668 initi-abitis.
1217 4580 1517 4668 “Sequimur
1562 4598 1693 4638 mss.
1743 4580 2131 4668 Nomamli‘igit

525 4652 683 4732 ﬁdes,
709 4652 893 4720 'natum
920 4652 1546 4735 intemporatinativitate
1568 4696 1583 4722 ,
1614 4670 1774 4725 quem
1818 4652 2130 4735 scitnatnm

525 4742 591 4795 ab
610 4729 826 4803 aeterno,
844 4735 1161 4805 nativitatem
1182 4729 1413 4783 videlicet
1432 4742 1494 4805 ea:
1509 4738 1720 4805 paterna
1741 4729 2025 4805 tuternitate
2035 4739 2132 4805 sn-

527 4823 766 4874 mentsm,
802 4796 1078 4862 ntdieitur
1108 4802 1202 4859 lib.
1236 4816 1310 4874 tv,
1345 4814 1399 4853 n.
1432 4796 1486 4853 6.
1523 4799 1659 4874 Eum
1691 4798 1854 4851 etiam
1878 4811 1945 4849 ex
1971 4796 2133 4874 inini-

529 4865 722 4939 tiabilis
750 4865 1111 4953 intelligentia:
1151 4872 1415 4953 natis-itote
1457 4870 1763 4953 conﬁtetur,
1786 4874 1994 4953 .utpote
2016 4865 2133 4953 ini-

515 4935 656 5009 «tium
684 4935 965 5006 nativitatis
990 4965 1091 5004 non
1114 4940 1616 5022 apprehendens,_ut
1646 4941 1893 5022 prostime
1917 4935 2133 5022 diceba-

528 5032 617 5080 tur
652 5045 667 5080 :
696 5023 895 5079 clarius
935 5031 1114 5076 autem
1150 5009 1253 5071 lib.
1300 5029 1403 5092 xu,
1441 5029 1497 5067 n.
1529 5010 1807 5092 5l_,“qu‘i.a
1844 5009 1893 5092 si
1915 5009 2040 5092 quid
2069 5009 2132 5061 de

528 5094 672 5151 Filio
704 5110 848 5149 mens
881 5100 1139 5149 retroacta
1176 5085 1515 5149 scrutabitur,
1547 5081 1679 5137 nihil
1700 5080 1855 5136 aliud
1893 5086 2132 5135 scrutan-

529 5168 595 5222 tis
624 5166 816 5231 sensui,
850 5179 1004 5235 quarn
1030 5171 1209 5218 natum
1237 5174 1350 5214 esse
1372 5166 1421 5211 et
1441 5169 1644 5226 semper
1664 5168 1795 5219 esse,
1819 5166 2018 5223 semper
2039 5165 2130 5205 oc-

531 5247 724 5294 curret.
976 5276 980 5281 -

605 5310 684 5380 (b)
708 5306 829 5380 Vat.
855 5306 974 5380 bas.
989 5319 1117 5372 ms.,
1132 5315 1332 5380 sensum
1350 5297 1632 5354 communis
1643 5294 1831 5380 judicii
1850 5294 2127 5380 interrogo,

567 5367 678 5436 uid'
703 5376 1022 5434 sentiendum
1070 5367 1141 5430 est
1195 5389 1214 5428 :
1262 5372 1526 5443 glossema
1575 5367 1851 5443 subolet,‘
1886 5367 2025 5420 sicut
2075 5373 2130 5419 et

585 5452 747 5507 artin.
771 5450 823 5504 in
856 5463 964 5520 quo
990 5448 1204 5517 legitur,
1233 5439 1493 5520 interrogo
1522 5458 1591 5495 an
1619 5439 1935 5520 sentiendum
1958 5445 2053 5491 est.

604 5505 682 5593 (ﬁci)
715 5505 908 5593 Excussi
932 5561 948 5584 ,
982 5505 1201 5575 scisma
1235 5532 1299 5593 ea
1341 5505 1515 5593 etiam,
1558 5513 1761 5568 omisso
1789 5512 1904 5583 ejus
1927 5547 1942 5570 ,
1984 5505 2131 5593 quod

531 5580 702 5664 probe
747 5580 1008 5664 exhibent
1050 5583 1473 5664 mss._§lirist_.us
1517 5594 1575 5638 ιιι
1621 5598 1782 5638 causa
1812 5580 2129 5664 generalis,

532 5655 779 5737 proxime
820 5662 1054 5737 omnibus
1078 5660 1148 5714 ad
1188 5658 1246 5713 id
1262 5655 1407 5728 'quod
1447 5666 1564 5710 sunt
1592 5660 2134 5737 atqueeruntauctor

533 5724 775 5791 assertus
800 5741 886 5790 est
918 5749 931 5785 :
965 5732 1053 5787 hic
1084 5745 1211 5786 vero
1238 5724 1300 5785 ut
1339 5740 1502 5782 causa
1535 5724 1897 5796 partieularis,
1931 5735 2131 5796 appre-

535 5804 775 5865 hendere
816 5802 1014 5859 dicitur
1055 5816 1174 5872 quae
1216 5812 1378 5872 neque
1415 5796 1471 5852 in
1504 5794 1559 5852 se
1588 5812 1748 5869 neque
1788 5809 1878 5867 per
1916 5808 1972 5848 se
1993 5794 2094 5850 sint
2115 5833 2131 5865 ,

2153 4551 2208 4611 D

2224 3299 2385 3355 quam
2425 3292 2481 3339 et
2520 3284 2572 3339 in
2602 3299 2706 3355 qua
2741 3284 2792 3339 id
2823 3283 2966 3355 quod
2997 3282 3343 3340 efﬁciendum
3379 3285 3452 3341 sit
3476 3284 3833 3341 continetur?

2221 3375 2588 3446 Cogitationes
2635 3391 2869 3447 namque
2896 3375 3162 3431 humanas
3199 3391 3307 3432 non
3355 3377 3528 3432 solum
3570 3375 3830 3448 praesenti

2224 3475 2372 3523 motu
2404 3467 2674 3536 incitatas,
2704 3467 2798 3523 sed
2826 3469 2990 3524 etiam
3024 3468 3282 3525 instinctu
3309 3468 3502 3525 futurae
3531 3467 3833 3525 voluntatis

2224 3557 2504 3629 agitandas
2528 3600 2544 3626 ,
2579 3559 2838 3614 Dominus
2881 3558 3128 3617 Christus
3167 3577 3274 3616 non
3304 3559 3540 3632 ignorat,
3574 3559 3832 3631 Evange-

2226 3651 2350 3707 lista
2381 3659 2616 3707 testante
2649 3670 2661 3705 :
2693 3650 2903 3708 Sciebat
2933 3654 3065 3708 enim
3089 3651 3241 3708 Jesus
3262 3652 3325 3706 ab
3351 3652 3518 3716 initio,
3548 3651 3636 3721 qui
3661 3660 3834 3708 essent

2224 3761 2326 3800 non
2349 3746 2609 3801 credentes
2640 3743 2721 3819 (5)
2747 3755 2794 3802 et
2823 3747 2910 3817 qui
2937 3757 3062 3803 esset
3082 3747 3367 3802 traditurus
3394 3762 3509 3802 eum
3537 3728 3721 3820 (Joan.
3748 3763 3830 3815 vi,

2226 3839 2341 3914 65).
2373 3840 2590 3897 Natura:
2627 3856 2759 3913 ergo
2786 3842 2903 3914 ejus
2946 3843 3145 3911 virtus,
3177 3859 3297 3915 quae
3328 3841 3694 3913 cognitionem
3740 3857 3834 3897 re-

2224 3947 2345 3987 rum
2390 3948 2499 3987 non
2534 3934 2861 3989 exstantium
2890 3934 3071 4005 capit,
3115 3944 3171 3990 et
3212 3934 3610 4005 quiescentium
3645 3932 3832 3990 adhuc

2226 4023 2527 4081 animorum
2578 4024 2848 4083 subituras
2906 4026 3310 4098 inquietudines
3338 4041 3446 4082 non
3493 4026 3736 4099 ignorat,
3774 4025 3833 4082 id

2228 4170 2306 4220 est
2333 4163 2669 4232 exteriorque.

2298 4236 2382 4307 (5)
2415 4236 2484 4291 Et
2502 4240 2615 4306 quis
2635 4245 2783 4293 esset.

2233 4448 2384 4513 puta,
2411 4440 2764 4512 cogitationes
2784 4440 3009 4497 alienas.
3034 4440 3267 4513 Rursum
3292 4452 3509 4513 movere
3532 4446 3711 4513 potest
3730 4453 3836 4513 cur

2234 4510 2530 4585 plerumque
2556 4529 2576 4567 :
2602 4528 2668 4568 an
2699 4526 2806 4568 non
2833 4514 3012 4566 omnia
3041 4510 3839 4585 apprehendit?Apprcheudit

2232 4581 2455 4654 quidem
2479 4585 2701 4652 omnia,
2749 4585 2844 4639 sed
2902 4581 3173 4654 suam’rde
3219 4581 3496 4637 nonnullis
3547 4582 3839 4654 dututaxal

2233 4652 2512 4711 scientiam
2541 4655 2877 4710 manifestam
2909 4652 3054 4710 fecit.
3085 4653 3183 4708 Hic
3205 4654 3351 4709 enim
3370 4653 3687 4708 Vocabulum
3721 4654 3839 4721 ple-

2233 4743 2466 4795 rumque,
2492 4744 2598 4782 non
2628 4726 2887 4797 majorem
2920 4737 3148 4797 partem,
3178 4726 3271 4780 sed
3298 4724 3572 4797 indefinite
3586 4724 3835 4797 aliquant

2235 4794 2503 4866 signiﬁcat
2529 4815 2542 4851 :
2572 4813 2677 4869 qua
2703 4794 3056 4869 intelligentia
3084 4797 3207 4869 aliis
3237 4797 3398 4852 etiam
3429 4794 3706 4861 Patribus,
3732 4794 3840 4852 sed

2235 4874 2467 4926 maxime
2492 4867 2753 4938 Gregorio
2780 4868 2940 4938 Papa:
2967 4867 3236 4923 familiare
3261 4876 3366 4923 est.

2309 4960 2387 5037 (ά)
2416 4961 2572 5037 Apud
2601 4962 2811 5037 Bai|._et
2836 4959 2956 5022 Er..
2981 4975 3081 5014 non
3102 4958 3351 5037 nesciens.
3380 4958 3435 5012 In
3458 4974 3568 5037 uno
3595 4971 3699 5037 m_s.
3731 4956 3842 5014 Va-

2236 5030 2327 5092 ticl
2356 5030 2411 5090 et
2439 5030 2611 5089 altero
2638 5033 2895 5099 Sorbon.,
2926 5047 3028 5086 non
3062 5032 3257 5085 nesciat
3286 5041 3332 5085 et
3352 5030 3724 5103 apprehendat.

2309 5145 2380 5219 (ε)
2406 5147 2525 5219 Duo
2552 5144 2867 5219 nissuColh.
2894 5158 3019 5219 eum
3045 5143 3259 5219 Germ.,
3287 5151 3419 5219 etne
3443 5152 3660 5219 motum.
3694 5141 3839 5199 Tum

2234 5214 2562 5289 apudBad.,
2595 5215 2664 5289 a_d
2684 5214 2744 5289 id
2767 5215 2905 5289 mood
2932 5224 3007 5289 est
3028 5215 3250 5289 exterior
3273 5215 3491 5289 eritque,
3519 5215 3571 5268 in
3600 5228 3708 5289 uno
3736 5228 3838 5270 eu-

2236 5285 2356 5345 dice
2376 5288 2572 5353 Vatic.,
2603 5286 2742 5341 Tell.
2762 5297 2813 5340 et
2837 5285 3021 5351 Viud.,
3053 5286 3122 5339 ad
3148 5286 3204 5340 id
3229 5287 3364 5355 quod
3383 5285 3466 5341 est
3491 5285 3841 5356 erteriorque;

2236 5361 2289 5416 in
2317 5360 2553 5417 Sorbon.
2576 5401 2590 5426 ,
2621 5362 2689 5412 ad
2716 5357 2770 5411 id
2807 5358 2945 5431 quod
2986 5371 3058 5431 est
3098 5360 3452 5431 exterior-aque
3494 5373 3521 5431 :_
3549 5357 3836 5431 mendose.

2237 5432 2349 5488 Hoc
2379 5432 2552 5503 ipsum
2572 5428 2962 5503 argumentum
2993 5430 3079 5503 sic,
3110 5428 3634 5503 paucis‘perstringit
3659 5440 3715 5483 et
3741 5442 3839 5483 ex-

2235 5497 2414 5575 plicat'
2436 5497 2671 5574 Cyrillus
2690 5501 2790 5575 lib.
2821 5500 3084 5575 Thesauri
3114 5497 3237 5570 pag.
3255 5497 3366 5555 218
3394 5517 3406 5553 :
3439 5497 3723 5575 Proprium
3759 5507 3836 5553 est

2248 5570 2430 5639 Verbo,
2457 5570 2711 5646 quatenus
2751 5570 2970 5646 Verbum
2988 5583 3069 5646 est
3089 5612 3104 5637 ,
3131 5586 3279 5646 nosse
3303 5586 3482 5627 eorum
3500 5585 3615 5641 quin
3634 5571 3699 5624 ab
3721 5576 3837 5639 ipso

2234 5647 2440 5701 condita
2468 5640 2587 5701 sunt
2614 5645 2869 5715 principia
2894 5653 2940 5698 et
2969 5643 3117 5711 ﬁnes.
3155 5640 3328 5697 Unum
3353 5657 3470 5699 vero
3491 5640 3695 5710 eorum,
3722 5656 3839 5709 qua:

2236 5717 2298 5798 ab
2316 5719 2439 5798 ipso
2468 5716 2676 5798 condita
2699 5726 2818 5798 sunt
2837 5756 2868 5798 ,_
2886 5723 2958 5770 est
2985 5722 3186 5798 tempus
3224 5722 3321 5798 :Let
3359 5715 3447 5785 qui
3477 5723 3678 5785 tempus
3708 5729 3836 5768 ωηο

2237 5786 2390 5858 didit,
2419 5805 2574 5861 quam
2600 5787 2692 5843 diu
2720 5786 3024 5843 duraturum
3051 5786 3118 5841 sit
3138 5786 3299 5843 novit.
