4094 6180
252 244 348 300 529

1463 239 1552 295 DE
1580 233 1952 296 ΤΒΙΝΙΤΛΤΕ
1995 234 2193 291 LIBER
2228 237 2317 293 IX.

3444 249 3550 315 350

252 356 386 425 quod
415 372 510 414 uer
538 371 599 413 se
626 355 874 428 intraque
898 371 958 412 se
988 366 1066 413 est
1091 400 1104 424 ,
1144 356 1383 412 nescisse
1411 351 1845 411 existimabitur?
1877 352 1919 413 Α
1954 353 2387 421 pra-scientiam?
2412 354 2673 412 llumana‘
2701 356 2839 416 istud
2865 362 3213 422 eonscientim
3239 384 3346 426 non
3372 384 3552 444 ρωιρει

253 450 316 507 Ει
363 450 526 505 alieni
561 462 754 520 potens
778 492 794 516 ,
844 449 1112 519 impotens
1141 450 1224 504 sui
1271 460 1382 514 est;
1412 448 1478 502 de
1510 462 1618 514 quo
1644 446 1845 500 dietutn

251 544 677 609 meminerimus,
698 543 887 598 Omnia
909 559 999 613 per
1019 543 1210 614 ipsum,
1233 551 1279 597 et
1302 542 1355 594 in
1378 541 1487 613 ipso
1516 548 1684 593 creata
1704 545 1845 602 sunt,

250 647 291 696 ιι
309 638 419 706 ipse
446 646 519 691 est
538 645 655 691 ante
680 651 857 691 omnes
874 633 1097 707 (Colon.
1116 650 1156 699 ι,
1188 633 1314 705 t6);
1346 632 1429 688 \‘el
1454 630 1606 698 illud,
1629 629 1764 696 Quia
1792 628 1847 681 in

253 730 362 799 ipso
387 728 698 802 complacuit
729 745 928 783 omnem
954 728 1035 799 (i)
1066 726 1438 798 plenitudinem
1462 723 1768 786 inhabitare,
1796 729 1845 775 et

255 840 342 897 per
372 824 543 895 ipsum
572 822 898 878 reconciliari
939 821 1113 876 omnia
1154 818 1230 892 (a)
1262 820 1317 874 in
1344 834 1460 873 eum
1487 814 1678 889 (lbid.,
1714 812 1845 887 19)?

249 916 379 972 Cum
403 916 562 987 igitur
587 914 766 970 omnis
793 914 846 968 in
873 928 940 969 eo
984 913 1056 968 sit
1089 910 1387 982 plenitudo,
1433 918 1489 965 et
1540 908 1716 964 omnia
1751 921 1846 977 per

251 1013 419 1081 ipsum
448 1019 503 1066 et
533 1011 586 1065 in
616 1009 738 1079 ipso
761 1005 1180 1063 reconcilientur
1204 1046 1220 1071 ,
1248 1013 1305 1061 et
1328 1004 1444 1060 dies
1477 1003 1569 1057 illa
1596 1000 1841 1057 reconci-

249 1101 478 1158 liationis
505 1107 708 1155 nostra:
733 1098 1064 1166 ex5pectatio
1087 1095 1157 1151 sit
1186 1111 1201 1150 :
1236 1094 1373 1149 hanc
1396 1093 1488 1149 ille
1517 1091 1658 1148 diem
1687 1092 1842 1161 igno-

250 1205 362 1263 rat,
413 1194 568 1264 cujus
607 1203 661 1249 et
703 1193 756 1248 in
804 1207 866 1246 se
898 1203 1107 1260 tempus
1147 1199 1266 1256 est,
1303 1197 1358 1243 et
1397 1204 1490 1256 per
1530 1200 1841 1241 sacramen-

250 1300 356 1346 tum
378 1288 451 1361 (b)
472 1287 592 1358 ejus
619 1287 735 1342 est?
758 1286 966 1340 Etenim
994 1283 1259 1339 adventus
1279 1281 1358 1335 sui
1387 1280 1504 1335 dies
1530 1279 1630 1334 ista
1651 1285 1755 1347 est,
1772 1278 1843 1333 de

247 1396 345 1453 qua
375 1378 671 1452 Apostolus
696 1378 774 1431 ait
795 1418 810 1443 ,
854 1374 986 1430 Cum
1009 1384 1177 1429 autent
1220 1373 1383 1446 305
1416 1371 1645 1425 Christus
1677 1386 1843 1443 appa-

246 1475 403 1532 ruerit
460 1473 564 1528 vita
604 1481 806 1535 uestra,
866 1479 990 1523 tunc
1037 1478 1082 1522 et
1128 1482 1214 1521 vos
1260 1482 1376 1519 cunt
1432 1480 1492 1518 eo
1529 1463 1843 1534 apparebitis

249 1568 323 1640 (2)
354 1570 407 1623 in
435 1567 601 1641 gloria
623 1566 848 1640 (Coloss.
873 1580 953 1626 Ill,
982 1562 1059 1634 4).
1085 1561 1255 1617 Nemo
1286 1561 1468 1630 itaque
1494 1558 1637 1631 quod
1660 1575 1759 1631 per
1782 1573 1842 1614 se

244 1673 295 1718 ct
319 1664 467 1718 intra
501 1678 560 1718 se
588 1670 694 1724 est,
726 1658 901 1715 nescit
932 1675 946 1710 :
976 1655 1225 1713 Christus
1260 1653 1470 1721 aderit,
1494 1665 1548 1708 et
1575 1651 1840 1708 adventus

1950 444 2092 500 ferre
2125 446 2412 516 trepidatio
2431 490 2443 513 ,
2470 450 2652 506 ulline
2673 452 2776 508 sibi
2805 453 2873 509 de
2895 456 3008 511 Deo
3031 458 3310 515 arbitrium
3343 480 3547 531 praesit.

1950 548 2091 614 mat,
2120 551 2175 594 et
2203 541 2251 596 ei
2281 542 2409 596 vitia
2436 540 2685 600 humanas
2707 544 3093 606 demutationis
3136 553 3442 623 adseribat;
3489 569 3550 615 ut

1949 641 2041 684 aut
2069 631 2269 703 aliquid
2301 632 2435 689 Filio
2465 633 2630 692 Pater
2659 635 2910 710 deneget,
2944 643 3254 716 autaliquid
3282 647 3424 706 Deus
3446 666 3547 707 na-

1950 732 2036 779 tus
2064 724 2294 796 ignoret.

2022 817 2111 871 61.
2148 816 2218 874 Ut
2245 816 2385 874 Deus
2406 862 2420 886 ,
2451 820 2646 878 invidia
2670 835 2855 892 vacat;
2896 835 2949 880 ut
2999 824 3178 895 Pater,
3209 831 3283 885 nil
3313 848 3413 887 non
3460 834 3551 889 dat

1945 910 2084 981 quod
2104 911 2273 978 habet,
2304 916 2587 981 praesertim
2614 933 2729 971 cum
2748 919 2813 973 sit
2832 920 3073 991 simplex.
3097 922 3164 978 Ut
3195 922 3325 992 Deo,
3349 927 3421 980 ita
3449 926 3550 982 Dei

1946 1003 2081 1072 ﬁlio,
2117 1005 2386 1076 praprium
2407 1017 2480 1062 est
2508 1012 2687 1080 futura
2716 1015 2975 1081 praescire.
3017 1045 3085 1055 -—
3134 1015 3315 1072 Nescit
3364 1029 3544 1076 autem

1946 1093 2092 1151 Dens
2144 1097 2286 1153 aliud
2341 1101 2630 1170 aliquando
2678 1120 2838 1171 quam
2888 1107 3109 1162 dilectio
3161 1124 3318 1175 esse,
3373 1126 3548 1182 neque

1945 1188 2089 1244 aliud
2120 1206 2283 1261 quam
2307 1204 2459 1263 pater
2486 1208 2629 1250 esse.
2654 1195 2833 1266 thui
2865 1197 3075 1270 diligit,
3128 1216 3230 1256 non
3276 1202 3479 1259 invidet
3530 1220 3544 1259 :

1944 1291 2000 1338 et
2018 1285 2108 1353 qui
2132 1294 2286 1355 pater
2311 1299 2392 1341 eSt
2418 1329 2433 1353 ,
2464 1290 2755 1346 nonetiam
2782 1306 2886 1346 non
2919 1302 3073 1362 pater
3104 1303 3249 1350 tutus
3295 1305 3396 1351 est.
3429 1297 3545 1352 Non

1943 1376 2088 1430 enim
2112 1377 2351 1433 admittit
2377 1379 2480 1435 hoc
2506 1396 2705 1437 nomen
2752 1385 3094 1452 portionem,
3155 1400 3210 1441 ut
3254 1404 3323 1443 ex
3368 1389 3549 1460 aliquo

1944 1481 2095 1538 pater
2120 1473 2224 1534 sit,
2252 1480 2307 1526 et
2329 1488 2393 1527 ex
2446 1473 2627 1544 aliquo
2663 1485 2819 1545 pater
2865 1476 3029 1548 306
3071 1495 3179 1534 non
3234 1480 3324 1535 sit.
3388 1481 3550 1538 Pater

1943 1562 2086 1616 enim
2117 1564 2485 1620 universitatis
2514 1564 2585 1637 (Γ)
2617 1568 2736 1638 ejus
2763 1584 2883 1637 quae
2933 1572 2984 1624 in
3014 1585 3075 1628 se
3104 1582 3189 1629 est
3228 1583 3381 1643 pater
3429 1587 3547 1642 est,

1942 1669 2158 1711 onmem
2189 1656 2330 1712 sein
2372 1673 2438 1713 eo
2465 1658 2705 1726 habens,
2760 1663 2847 1717 eui
2907 1678 3013 1718 non
3064 1665 3136 1720 sit
3174 1682 3239 1721 ex
3294 1669 3548 1733 portione

244 1756 322 1811 sui
365 1755 507 1810 diem
539 1754 789 1825 ignorat?
817 1752 943 1806 Dies
978 1764 1109 1805 suus
1134 1756 1238 1814 est,
1270 1746 1565 1803 secundum
1592 1746 1841 1802 eumdem
1872 1747 1922 1808 B
1947 1747 2090 1817 quod
2122 1757 2275 1817 pater
2290 1760 2369 1804 est
2405 1767 2419 1804 :
2455 1765 2559 1804 non
2589 1751 2732 1821 quod
2761 1753 2862 1807 sibi
2892 1771 3079 1810 eorum
3110 1772 3229 1826 qua:
3269 1773 3364 1814 sua
3416 1770 3546 1813 sunt

245 1849 557 1921 Apostolutn
581 1889 596 1912 ,
643 1864 766 1920 quia
815 1845 924 1900 dies
958 1842 1169 1899 Domini
1203 1843 1332 1898 sicut
1373 1846 1461 1913 {nr
1491 1849 1637 1895 nocte
1687 1840 1840 1895 adve-

244 1945 339 2000 niet
369 1942 413 2014 (Ι
438 1942 623 1997 Thess.
676 1956 731 2008 v,
763 1934 821 2011 Ξ)
853 1957 865 1991 :
897 1946 952 1995 et
980 1937 1318 2009 ignoratione
1347 1936 1466 2002 ejus
1494 1932 1723 1989 detineri
1755 1932 1840 1987 itt-

246 2033 565 2108 telligendus
595 2032 718 2089 est?
764 2031 1024 2086 Humana:
1071 2040 1279 2084 naturai
1318 2026 1463 2099 quod
1507 2042 1667 2097 agere
1710 2026 1842 2082 deli-

245 2131 429 2194 niunt,
473 2136 736 2199 quantum
788 2125 840 2179 in
874 2139 934 2180 se
975 2133 1094 2191 est,
1127 2121 1458 2192 przesciuut,
1500 2129 1555 2174 et
1600 2119 1844 2190 sequitur

247 2223 601 2294 gerendorum
631 2220 870 2291 cognitio
899 2219 1232 2274 voluntatem
1263 2214 1458 2287 agendi
1497 2232 1511 2269 :
1545 2215 1686 2270 Deus
1714 2229 1843 2270 vero

246 2329 394 2374 natus
419 2315 567 2390 quod
597 2316 654 2372 in
699 2331 760 2372 se
784 2324 841 2373 et
867 2331 963 2387 per
987 2330 1048 2371 se
1068 2322 1151 2369 est
1176 2311 1387 2369 nescit?
1416 2310 1520 2366 Per
1548 2324 1671 2365 eum
1699 2310 1845 2366 enim

246 2421 485 2483 tempora
510 2455 524 2480 ,
556 2421 613 2467 et
644 2414 695 2467 in
726 2425 792 2466 eo
827 2408 944 2465 dies
970 2417 1092 2474 est;
1126 2407 1249 2478 quia
1277 2414 1334 2462 et
1361 2420 1456 2476 per
1484 2405 1660 2474 ipsum
1702 2403 1843 2459 futu-

243 2521 422 2565 rorum
469 2502 789 2561 constitutio
818 2511 946 2569 est,
974 2512 1030 2558 et
1055 2503 1107 2556 in
1139 2500 1256 2572 ipso
1295 2499 1560 2555 adventus
1605 2498 1687 2553 sui
1727 2497 1843 2553 dis-

246 2598 489 2669 pensatio
517 2606 598 2653 est
629 2613 642 2649 :
676 2603 733 2653 et
757 2595 860 2651 erit
896 2595 949 2650 in
989 2608 1051 2650 ea
1080 2590 1438 2658 hebetudine,
1469 2601 1531 2647 ut
1559 2590 1703 2663 quod
1740 2591 1844 2648 sibi

246 2701 484 2759 constat,
536 2705 702 2747 sensu
739 2699 946 2748 naturae
996 2687 1260 2759 torpentis
1305 2687 1557 2759 ignoret,
1608 2686 1843 2747 ferarum

247 2784 657 2855 belluarumqne
707 2783 906 2849 modo,
954 2798 1074 2853 qu.e
1112 2792 1263 2838 extra
1313 2779 1577 2836 rationem
1626 2779 1837 2835 consilii

250 2878 588 2952 providentis
630 2877 885 2933 animatae
908 2917 924 2943 ,
955 2876 1129 2946 ipsum
1160 2874 1301 2945 quod
1346 2880 1513 2944 agunt
1557 2872 1845 2938 nesciunt,

248 2985 360 3028 cum
389 2969 628 3043 quodam
675 2978 823 3025 motu
863 2965 1094 3039 stupida:
1123 2965 1418 3022 voluntatis
1443 2964 1691 3036 agitatas,
1738 2963 1848 3020 lor—

248 3064 374 3120 tuito
403 3063 475 3132 ad
505 3060 712 3133 aliquid
737 3068 793 3117 et
821 3062 1028 3116 incerto
1057 3057 1304 3115 feruntur
1332 3055 1614 3126 ingressu?

1945 1847 2095 1908 pater
2123 1840 2239 1910 ipse
2264 1841 2365 1906 sit,
2391 1841 2485 1896 sed
2508 1843 2654 1912 quod
2684 1843 2737 1897 in
2766 1842 2852 1898 his
2878 1847 3073 1916 quibus
3095 1847 3211 1917 ipse
3232 1860 3314 1903 est
3338 1890 3354 1916 ,
3381 1850 3428 1905 ei
3452 1852 3544 1921 qui

1943 1944 2011 1985 ex
2040 1945 2099 1986 se
2120 1941 2236 1997 est,
2272 1942 2425 2000 pater
2452 1940 2595 1987 totus
2614 1932 2703 1988 sit.
2737 1935 2801 1989 Et
2831 1950 2953 1990 cum
3009 1938 3304 1993 secundum
3367 1942 3549 1997 huma-

1945 2038 2136 2078 norum
2162 2038 2453 2094 corporum
2476 2035 2697 2081 naturas
2717 2067 2731 2093 ,
2762 2043 2883 2099 quae
2903 2044 2983 2083 ex
3015 2030 3321 2103 disparibus
3348 2049 3550 2092 conve-

1946 2116 2101 2172 niunt
2130 2127 2185 2171 et
2241 2132 2306 2173 ex
2338 2118 2656 2190 compositis
2702 2122 3039 2191 consistunt,
3085 2138 3191 2179 non
3229 2128 3397 2196 possit
3445 2129 3548 2184 nisi

1946 2211 2185 2268 omnium
2217 2227 2437 2268 suorum
2460 2213 2581 2284 quis
2607 2213 2684 2286 (g)
2716 2224 3039 2287 paterpater
3062 2233 3182 2275 esse
3204 2261 3219 2287 ,
3245 2222 3371 2276 dum
3401 2224 3547 2292 quod

1945 2302 2001 2359 in
2048 2320 2375 2377 unoquoque
2401 2317 2487 2363 est
2514 2323 2775 2379 generum
2806 2326 2870 2366 ac
2897 2311 3170 2381 partium,
3220 2315 3273 2370 id
3321 2318 3373 2372 in
3422 2316 3548 2374 filiis

1945 2398 2199 2456 nativitas
2222 2399 2459 2471 perfecta
2489 2414 2806 2460 conservet:
2840 2406 3082 2464 omnium
3136 2423 3268 2481 ergo
3322 2427 3546 2468 suorunt

1947 2492 2069 2563 quis
2098 2502 2255 2565 pater
2283 2504 2437 2565 pater
2485 2507 2598 2563 est,
2652 2496 2779 2553 dum
2830 2515 2897 2555 ex
2930 2503 3184 2560 omnibus
3211 2506 3465 2565 nativitas
3493 2517 3550 2565 et

1948 2585 2001 2641 in
2030 2588 2281 2644 omnibus
2314 2598 2517 2645 manet.
2553 2590 2617 2645 Et
2648 2605 2768 2646 cum
2796 2592 2849 2646 in
2881 2593 2994 2649 Deo
3018 2610 3121 2650 non
3146 2597 3256 2652 sint
3281 2613 3541 2671 Corpora-

1947 2676 2041 2743 lia,
2087 2678 2182 2734 sed
2222 2678 2506 2747 absoluta;
2557 2695 2736 2751 neque
2788 2682 3108 2752 particulata
3138 2727 3153 2752 ,
3184 2690 3279 2743 sed
3328 2699 3436 2746 tota
3492 2704 3550 2749 et

1948 2771 2231 2839 universa;
2260 2787 2365 2827 non
2395 2773 2663 2829 viviﬁcata
2684 2817 2697 2841 ,
2741 2775 2835 2831 sed
2863 2777 3012 2843 viva;
3044 2789 3188 2835 totus
3218 2782 3436 2851 vivens,
3492 2797 3550 2843 et

1948 2880 2115 2920 unum
2140 2863 2217 2938 (5)
2251 2863 2330 2936 (it)
2362 2873 2506 2922 totus
2532 2866 2675 2923 Deus
2721 2876 2827 2936 est,
2868 2869 2994 2925 dum
3041 2888 3148 2928 non
3189 2889 3253 2930 ex
3301 2880 3551 2946 portione

1950 2957 2286 3028 compositus
2306 2959 2537 3026 est,sed
2570 2975 2635 3015 ex
2673 2962 3022 3032 simplicitate
3080 2968 3353 3036 perlectus
3393 2980 3479 3027 est
3529 2990 3544 3027 :

1952 3064 2180 3106 necesse
2209 3058 2293 3106 est
2317 3091 2332 3117 ,
2355 3059 2415 3105 ut
2441 3051 2739 3109 secundum
2791 3054 2934 3125 quod
2978 3068 3061 3111 est
3094 3069 3265 3127 pater,
3320 3061 3438 3132 ipse
3476 3066 3549 3121 sit

309 3156 398 3212 60.
431 3153 587 3210 Patri
613 3154 923 3225 injuriosum
946 3162 1021 3207 est
1053 3149 1194 3206 Filio
1222 3150 1571 3221 ignorantiam
1626 3150 1837 3221 affinge-
1865 3142 1912 3207 C
1941 3144 2182 3201 omnium
2209 3160 2428 3200 suorum
2468 3147 2517 3202 ei
2558 3162 2718 3218 quem
2750 3163 2813 3203 ex
2865 3164 2924 3205 se
2963 3150 3150 3221 genuit
3197 3163 3349 3224 pater
3378 3167 3546 3228 tctus,

246 3250 470 3323 γεφιωὶ
517 3250 566 3304 ei
612 3248 875 3303 inviderit.
918 3276 990 3287 —
1032 3243 1319 3314 Quomodo
1372 3244 1534 3299 etiam
1582 3244 1845 3302 Dominus

245 3343 425 3416 glerim
444 3386 464 3411 ,
491 3342 758 3398 adventus
780 3340 861 3397 sui
892 3338 1177 3411 ignorabili
1204 3338 1292 3395 die
1311 3381 1327 3407 ,
1359 3348 1563 3393 natura:
1589 3354 1712 3394 esse
1763 3338 1837 3393 in-

247 3436 562 3509 compositae
590 3434 1032 3507 imperfectusque
1074 3432 1346 3496 credetur,
1371 3449 1491 3503 qua:
1520 3440 1576 3487 et
1606 3432 1845 3488 necessi-

250 3539 409 3585 tatem
467 3526 667 3583 habeat
729 3524 1086 3585 adveniendi.
1146 3531 1202 3579 et
1243 3523 1527 3579 scientiam
1580 3522 1847 3582 adventus

251 3619 328 3676 sui
374 3635 489 3676 non
514 3618 705 3686 adepta
737 3616 848 3672 sit?
895 3615 1000 3671 Per
1055 3612 1198 3686 quod
1252 3614 1429 3684 potior
1468 3615 1539 3669 sit
1584 3615 1848 3686 ignoratio

254 3714 325 3788 (ε)
353 3715 497 3779 Deo,
522 3727 645 3784 quae
671 3711 719 3767 ei
755 3712 963 3767 auferat
989 3708 1314 3782 cognitionis
1346 3708 1543 3765 habere
1571 3710 1841 3765 virtutem.

248 3805 359 3863 lam
389 3822 523 3864 vero
543 3812 744 3878 quanta
774 3804 1064 3873 impietatis
1094 3800 1176 3876 (ά)
1210 3802 1516 3874 geminatur
1534 3805 1768 3870 occasio;
1801 3804 1847 3859 si

251 3911 445 3971 prater
474 3899 841 3955 inﬁrmitatem
865 3896 1067 3953 Christi
1097 3898 1257 3951 etiam
1311 3895 1425 3952 Deo
1469 3896 1606 3966 patri
1659 3897 1847 3952 vitium

250 3992 628 4064 deputabitur;
660 4000 718 4047 ut
737 3990 1069 4061 unigenitum
1100 3988 1270 4044 Deum
1294 4029 1309 4054 ,
1328 3997 1385 4045 et
1404 3986 1711 4044 dilectionis
1735 4003 1850 4045 suae

251 4084 449 4151 ﬁlium,
477 4084 582 4140 diei
615 4083 776 4154 hujus
797 4081 1105 4153 cognitione
1145 4079 1509 4146 fraudaverit,
1544 4080 1848 4151 malignitao

254 4178 427 4249 tisque
452 4177 525 4248 (ε)
554 4173 751 4231 affectu
807 4172 1086 4231 scientiam
1137 4171 1329 4227 futurae
1367 4172 1850 4227 consummationis

251 4267 612 4324 invideritzet
632 4282 755 4322 cum
778 4280 884 4321 non
918 4263 1268 4335 ignorabilem
1319 4264 1369 4320 ei
1426 4278 1548 4319 esse
1581 4265 1848 4334 passionis

250 4370 302 4416 et
321 4361 471 4417 diem
500 4369 552 4415 et
578 4358 767 4412 horam
791 4356 1057 4421 voluerit;
1089 4355 1228 4410 diem
1262 4355 1473 4411 virtutis
1493 4355 1640 4426 ejus,
1664 4363 1719 4412 et
1739 4356 1851 4411 cla-

247 4452 498 4510 riﬁeandi
519 4453 570 4507 in
595 4451 799 4510 sanctis
824 4451 937 4506 suis
964 4450 1152 4505 horam
1171 4450 1481 4521 negaverit,
1525 4460 1581 4505 et
1632 4450 1849 4506 ademe-

1950 3239 2075 3295 dnm
2106 3255 2227 3295 eum
2262 3249 2467 3310 patrem
2498 3256 2563 3295 ex
2593 3243 2706 3296 suis
2732 3242 2983 3299 omnibus
3010 3247 3257 3302 nativitas
3298 3249 3389 3305 lilii
3426 3268 3549 3321 ter-

1950 3332 2087 3391 fccta
2116 3342 2479 3391 consummat.
2511 3335 2570 3393 Si
2598 3335 2764 3407 igitur
2794 3340 3046 3408 proprius
3072 3339 3212 3396 Filio
3244 3342 3407 3400 Pater
3429 3356 3549 3413 est;

1950 3429 2003 3484 in
2035 3444 2099 3484 ea
2124 3444 2346 3485 necesse
2376 3438 2461 3484 est
2490 3429 2684 3485 Filium
2715 3447 2940 3488 manere
2968 3435 3300 3503 preprietate
3325 3452 3429 3506 qna
3456 3440 3555 3497 I’a-

1953 3530 2035 3579 ter
2063 3532 2165 3578 est.
2190 3523 2409 3579 Manere
2460 3531 2639 3578 autem
2681 3526 2955 3594 quomodo
3009 3527 3407 3587 existimabitur
3432 3575 3445 3597 ,
3498 3535 3545 3590 si

1951 3626 2103 3672 extra
2139 3615 2493 3685 praescientire
2517 3625 2762 3671 naturam
2792 3617 2898 3684 sit,
2922 3627 2979 3673 et
3024 3620 3227 3691 aliquid
3280 3626 3545 3681 nativitati

1951 3706 2068 3777 eius
2099 3704 2163 3780 (i)
2190 3722 2253 3762 ex
2304 3714 2526 3761 auctore
2550 3707 2815 3763 defuerit?
2840 3707 3014 3764 deerit
3058 3713 3202 3766 enim
3246 3731 3413 3785 prope
3466 3730 3552 3771 ιυ-

1955 3809 2063 3853 tutn
2085 3843 2099 3867 ,
2134 3799 2179 3854 si
2207 3798 2348 3869 quod
2390 3798 2660 3869 proprium
2692 3799 2804 3853 Deo
2834 3810 2949 3867 est,
2987 3817 3095 3857 non
3143 3803 3358 3862 habeat.
3415 3808 3548 3866 Pro-

1954 3894 2126 3965 priutn
2156 3901 2333 3947 autem
2358 3891 2470 3946 Deo
2500 3890 2625 3963 quid
2643 3891 2785 3946 aliud
2809 3934 2822 3959 ,
2878 3908 3039 3964 quam
3066 3897 3303 3968 cognitio
3349 3898 3555 3958 futuro-

1950 4002 2072 4043 rum
2100 3996 2216 4051 est;
2281 3995 2335 4040 ut
2391 4001 2478 4042 res
2520 3985 2758 4040 nondum
2807 3997 3120 4055 manentes,
3163 4007 3555 4066 mensurasque

1952 4079 2252 4150 pOSlel'itts,
2283 4077 2634 4133 invisibilium
2665 4094 2729 4133 ac
2756 4078 2993 4135 nondum
3022 4082 3349 4141 exstantium
3377 4101 3546 4158 gene-

1952 4190 2069 4231 rum
2097 4188 2265 4243 capax
2293 4180 2482 4227 natura
2503 4172 2813 4227 contineat?

2025 4266 2115 4322 69..
2146 4263 2241 4320 Nil
2261 4264 2383 4319 latet
2409 4281 2522 4319 cunt
2569 4265 2622 4319 in
2671 4282 2772 4337 quo
2810 4282 2984 4323 omnes
3028 4270 3260 4327 scientia:
3300 4271 3551 4343 thesauri,

1952 4358 2184 4430 quamvis
2210 4369 2378 4412 tamen
2399 4357 2635 4412 latentes.
2666 4388 2739 4399 —
2763 4357 2879 4413 Non
2906 4360 3107 4428 patitur
3136 4376 3318 4420 autem
3362 4369 3413 4421 in
3455 4383 3555 4425 no-

1954 4452 2037 4508 bis
2065 4450 2255 4508 doctor
2283 4452 2523 4523 gentium
2548 4449 2747 4505 Paulus
2768 4449 2906 4506 hanc
2929 4453 3078 4523 impii
3120 4455 3323 4513 erroris
3342 4459 3553 4530 profes-

249 4547 319 4603 rit
343 4542 704 4603 beatitudinis
733 4542 1098 4614 cognitionem
1121 4583 1135 4608 ,
1183 4541 1269 4597 cui
1322 4540 1513 4597 mortis
1556 4540 1841 4599 indulserit
1870 4542 1925 4605 D
1948 4545 2192 4609 sionem,
2224 4551 2282 4598 ut
2302 4542 2586 4614 ignorasse
2607 4541 2811 4612 aliquid
2836 4542 3147 4614 unigenitus
3183 4547 3327 4606 Deus
3367 4551 3561 4607 exigi.

319 4682 403 4756 (l)
446 4680 840 4756 Plenitttdinem
866 4677 1165 4736 divinitatis.

321 4685 368 4756 (1
450 4682 770 4737 Plenitndint

321 4682 406 4828 (ἓξ
434 4752 506 4808 In
529 4755 770 4827 gloriam.

321 4894 404 4967 (a)
448 4892 524 4949 Ita
568 4907 700 4948 mss.
730 4891 1005 4967 quomodo
1042 4890 1394 4967 et_lib._vtu,
1427 4907 1481 4945 η.
1517 4890 1584 4959 5,
1630 4903 1860 4946 consen-

249 4960 425 5023 tient'e
448 4980 625 5029 greco
656 4968 729 5026 εἰς
756 4960 937 5020 αὐτόν.
972 4967 1039 5017 At
1065 4960 1218 5029 editi,
1242 4964 1299 5016 in
1323 4963 1459 5032 ipso.

325 5036 413 5110 (b)
440 5036 663 5118 scilicet
697 5035 1119 5118 dispensationis
1159 5044 1214 5089 et
1250 5044 1540 5118 assumpta:
1568 5034 1770 5118 carnis,
1802 5034 1858 5090 in

386 5105 650 5162 uenturus
672 5118 756 5161 est
778 5105 1024 5176 judicare
1047 5109 1198 5161 vivos
1220 5116 1275 5160 et
1301 5116 1565 5161 mortuos.
1593 5105 1858 5176 Quocirca

386 5123 650 5162 venturus
672 5123 756 5161 ρει
778 5123 1024 5176 judicare
1047 5123 1198 5161 VWOS
1220 5123 1275 5160 et.
1301 5123 1565 5161 mortuos.
1593 5123 1858 5173 quoetrca

249 5123 377 5237 ἓξὲξ
427 5179 519 5234 illa
560 5178 764 5234 Christi
809 5185 895 5233 est
935 5187 994 5232 ut
1040 5175 1308 5243 hominis;
1352 5179 1397 5232 si
1438 5177 1655 5248 quidem
1700 5175 1862 5233 Pater

248 5264 424 5307 omne
471 5248 728 5319 judicium
756 5248 908 5304 dedit
934 5248 1068 5303 Filio
1094 5291 1108 5315 ,
1142 5250 1263 5319 quia
1302 5247 1707 5303 ιὶιίιιειιωιιιίιιίδ
1736 5259 1819 5302 est
1840 5288 1856 5315 ,

248 5334 306 5377 ut
340 5318 610 5387 scriptum
636 5330 719 5375 est
743 5318 899 5390 Joau.
942 5336 996 5385 v,
1020 5319 1093 5373 22
1118 5362 1132 5385 ,
1162 5319 1253 5374 27.
1301 5320 1409 5375 Diei
1459 5333 1672 5390 quoque
1722 5328 1861 5375 tem-

246 5408 359 5467 pus
391 5401 487 5467 est
509 5393 559 5467 in
587 5393 707 5467 ipso
734 5401 793 5447 ut
816 5389 1006 5467 Verbo
1022 5399 1322 5467 temporum
1347 5389 1652 5467 conditore.

328 5464 414 5538 (ε)
438 5461 498 5518 In
522 5463 730 5538 duobus
763 5478 897 5519 mss.
921 5463 1075 5518 deest
1097 5461 1204 5538 Deo
1227 5478 1245 5517 :
1266 5477 1525 5538 qua_voce
1554 5461 1869 5538 intelligitur

250 5532 460 5599 Paiér,
473 5536 551 5590 cui
568 5537 810 5591 omnium
828 5534 1328 5604 cognoscendorum
1346 5533 1517 5587 virtus
1538 5532 1799 5601 neganda,
1816 5540 1872 5588 ct

244 5607 537 5680 ignoratio
550 5605 890 5680 attribuenda
908 5603 977 5680 sit
997 5606 1198 5680 potius,
1207 5620 1372 5680 quam
1388 5620 1449 5660 ea
1466 5604 1680 5680 invidia:
1699 5603 1867 5669 labes,

290 5675 367 5775 na
401 5676 603 5775 dilecto
632 5678 747 5734 tilio
769 5675 1130 5749 cognitionem
1151 5675 1388 5775 aliquam
1416 5676 1732 5733 subtrahere
1757 5688 1874 5731 cre-

248 5696 367 5810 auit
405 5696 459 5732 at

290 5759 459 5805 atur.

673 5847 949 5908 PATROL.
997 5844 1081 5906 X.

2046 4682 2124 4758 (5)
2151 4678 2356 4736 Totum.

2039 4884 2118 4963 (tl)
2142 4884 2280 4963 _Ba_d.
2312 4882 2511 4963 etEt,
2543 4887 3051 4963 generatur-occasio
3077 4904 3167 4959 per
3209 4890 3563 4963 infirmitatem

1962 4956 2265 5082 CIﬁ‘iéli.llll
2293 4956 2416 5040 aliis
2444 4971 2657 5027 quoque
2710 4956 2872 5012 editis
2928 4956 3277 5019 desideratur
3323 4956 3559 5041 sequens

1963 5046 2063 5082 nar
2089 5044 2175 5082 ten
2202 5043 2231 5082 a
2270 5044 2334 5082 st.

2002 5039 2231 5086 articula
2270 5039 2334 5082 st.

1963 5047 2231 5104 particula
2270 5047 2334 5082 st.

2040 5102 2112 5167 (ε)
2142 5098 2199 5155 In
2227 5099 2439 5155 duobus
2461 5113 2591 5153 mss.
2624 5098 2829 5167 effectu.

2066 5118 2092 5155 e
2142 5102 2199 5155 In
2227 5102 2439 5155 duobus
2461 5113 2591 5153 mss.
2624 5102 2829 5167 elfectu.

2037 5102 2176 5255 “id
2206 5182 2323 5239 est,
2366 5170 2526 5255 Pater
2547 5169 2738 5226 Filium
2767 5171 3080 5243 generando
3110 5174 3203 5233 dat
3232 5180 3282 5235 ei
3314 5184 3564 5245 universa

1964 5260 2085 5318 quae
2103 5252 2160 5318 in
2187 5259 2247 5298 se
2272 5252 2416 5318 sunt.

2044 5315 2120 5389 (g)
2146 5315 2200 5369 In
2221 5314 2453 5399 ytilgatis
2476 5313 2691 5399 .liicnet
2733 5312 2890 5399 infra_
2916 5331 3047 5399 non“
3080 5323 3345 5392 repetitur
3374 5339 3520 5399 pater
3545 5347 3567 5387 :

1968 5385 2205 5457 moique
2225 5387 2451 5441 habetur
2469 5385 2523 5439 in
2552 5386 2662 5454 ﬁlio
2686 5426 2703 5454 ,
2736 5403 2839 5439 non
2871 5388 2926 5441 in
2952 5388 3094 5456 ﬁliis.

2045 5458 2123 5529 (Ii)
2154 5457 2227 5512 lta
2259 5457 2496 5525 optimus
2515 5457 2689 5512 codex
2709 5457 2864 5514 Colb.
2897 5473 3019 5514 cuin
3049 5462 3267 5522 Martio.
3295 5478 3353 5526 et
3375 5469 3564 5532 Germ.

1973 5531 2078 5587 Alii
2107 5544 2237 5583 vero
2259 5570 2272 5590 ,
2305 5538 2485 5583 totum.

2047 5598 2109 5673 (i)
2136 5599 2195 5654 lit
2227 5613 2532 5653 unoemss.
2561 5597 2710 5674 _Vat_._
2751 5608 2803 5654 et
2857 5598 3045 5667 Carn.,
3105 5623 3168 5661 ex
3217 5616 3570 5674 auctoritate:

1976 5669 2136 5748 lectio
2169 5686 2272 5748 non
2303 5669 2712 5748 spernenda;id
2733 5673 2877 5728 enim
2908 5674 3109 5733 llilario
3126 5689 3229 5748 est,
3263 5669 3543 5745 auctoritas

1976 5742 2118 5817 quod
2148 5742 2303 5800 nobis
2334 5731 2673 5814 principium.
3264 5731 3566 5762 """""""t

3050 5844 3116 5906 11
