4094 6180
491 236 594 304 331
1703 244 1950 303 SANCTI
1990 242 2250 303 HILARII
2287 246 2597 308 EPISCOPI
3690 242 3798 307 352

491 374 709 432 inetur;
742 362 819 420 ait
842 363 990 421 enim
1015 380 1030 418 :
1060 361 1296 418 Instituti
1352 361 1407 415 in
1455 360 1766 428 dilectione,
1817 362 1874 415 in
1918 376 2092 416 omnes
2119 362 2169 423 Α
2195 371 2242 417 et
2262 362 2379 433 2|).
2411 362 2685 420 Habemus
2698 376 2829 435 ergo
2851 364 3185 421 nescientem
3211 363 3407 431 Deum,
3435 360 3583 433 quod
3615 370 3795 420 tamen

496 457 709 511 divitias
730 456 1113 529 adimpletionis
1133 454 1425 510 intellectus
1454 494 1469 520 ,
1501 454 1556 508 in
1583 454 1900 526 agnitionem
1923 470 2098 508 sacra—
2200 469 2308 510 non
2341 456 2563 511 nesciat.
2588 454 2722 512 Nam
2751 471 2873 512 cum
2897 466 3120 528 peccata
3148 468 3340 527 magna
3369 454 3528 511 valde
3555 455 3691 511 sciat
3714 470 3803 512 es-

497 549 656 604 menti
684 547 759 621 (a)
784 546 881 603 Dei
903 546 1126 608 Christi,
1159 545 1214 600 in
1242 562 1345 617 quo
1366 554 1485 601 sunt
1513 561 1688 601 omnes
1742 544 1969 599 thesauri
2013 561 2099 598 sa-
2198 561 2288 611 se,
2321 558 2376 604 et
2402 562 2620 605 rursum
2648 549 2931 605 descendit
2961 557 3018 605 ut
3045 549 3227 605 videat
3253 540 3338 621 (It)
3363 560 3431 605 an
3456 560 3803 605 consumma-

497 644 706 719 pientite
730 652 776 696 et
804 642 1030 697 scientia:
1058 641 1137 713 (i)
1167 640 1421 696 absconsi.
1454 639 1595 696 Deus
1621 638 1875 695 Christus
1916 653 2098 694 sacra-

501 747 744 795 mentum
771 746 887 803 est,
919 744 976 792 et
1005 751 1196 791 omnes
1218 734 1505 806 sapientiae
1551 742 1608 791 et
1644 734 1885 789 scientiae
1928 733 1981 789 in
2034 746 2101 789 eo

500 833 736 892 thesauri
765 832 955 888 latent.
981 830 1230 887 Portioni
1283 844 1455 895 vero,
1506 838 1561 885 et
1605 827 1948 883 universitati
1991 842 2100 883 non

500 936 686 1001 potest
709 926 1006 982 convenire
1039 941 1053 977 :
1084 925 1209 996 quia
1236 939 1414 995 neque
1442 938 1570 993 pars
1621 922 1807 978 omnia
1844 921 2103 992 intelligi-

504 1031 610 1087 tur,
642 1028 699 1078 et
719 1018 902 1076 omnia
933 1025 1142 1089 partem
1174 1032 1280 1072 non
1307 1018 1590 1087 patiuntur
1632 1016 1889 1088 intelligi.
1935 1014 2106 1070 Filius

502 1113 648 1171 enim
674 1112 721 1167 si
752 1112 898 1167 diem
922 1111 1129 1177 nescit,
1148 1110 1259 1181 jam
1314 1125 1422 1165 non
1473 1123 1666 1165 omnes
1690 1109 1744 1163 in
1769 1123 1836 1164 eo
1861 1106 2106 1163 scientiae

505 1206 744 1262 thesauri
771 1212 899 1260 sunt
927 1219 941 1257 :
967 1202 1049 1277 (2)
1074 1202 1151 1277 (b)
1179 1201 1321 1259 diem
1345 1217 1453 1258 non
1483 1202 1728 1271 ignorat,
1753 1215 1943 1257 omnes
1972 1200 2023 1254 in
2048 1212 2109 1256 se

506 1298 754 1356 scientiae
787 1294 1072 1351 thesauros
1119 1295 1428 1351 continens.
1482 1293 1590 1351 Sed
1645 1292 1962 1350 meminisse
2011 1304 2109 1347 nos

508 1393 783 1456 convenit,
797 1390 957 1462 307
971 1389 1213 1445 occultos
1237 1389 1293 1443 in
1317 1404 1382 1444 eo
1398 1389 1531 1443 istos
1554 1386 1795 1442 scientiae
1826 1384 2112 1441 thesauros

512 1499 637 1541 esse
659 1526 673 1549 ,
708 1498 881 1554 neque
909 1482 1146 1547 idcirco,
1177 1482 1302 1551 quia
1354 1480 1550 1535 occulti
1592 1480 1730 1545 sint,
1758 1493 1864 1533 non
1887 1478 2109 1533 inesse:

510 1590 633 1631 cum
664 1591 760 1645 per
789 1574 840 1629 id
863 1616 877 1641 ,
910 1572 1056 1644 quod
1086 1574 1231 1629 Deus
1268 1581 1373 1636 est,
1403 1572 1457 1626 in
1485 1586 1551 1627 eo
1577 1572 1775 1638 insint;
1810 1585 1909 1641 per
1934 1570 1986 1624 id
2016 1584 2112 1626 ve.

512 1684 575 1725 ro
596 1668 741 1740 quod
769 1675 1173 1724 sacramentum
1199 1675 1313 1729 est,
1338 1665 1703 1720 occultantur.
1756 1662 1872 1718 Non
1924 1662 2114 1719 occul-

2200 647 2252 695 ta
2274 639 2411 706 sint,
2441 649 2497 696 et
2518 641 2563 696 si
2594 641 2837 697 nondum
2867 648 3245 698 consummata
3292 648 3450 709 sunt,
3499 650 3562 697 ut
3615 642 3752 697 sciat
3782 654 3800 699 :

2203 730 2552 801 intelligimus
2602 747 2726 789 eum
2783 734 2870 806 (5)
2918 748 3025 791 non
3073 735 3288 791 nescire
3317 776 3333 802 ,
3380 733 3504 805 quia
3561 735 3801 801 nesciat;

2205 822 2273 897 (ε)
2327 824 2564 882 sedtum
2603 827 2777 894 seire,
2827 827 2953 898 quia
3007 836 3225 899 tempus
3268 826 3337 883 ad
3387 828 3657 898 agendum
3708 826 3802 883 sit.

2208 916 2284 991 (j)
2314 918 2469 975 Scire
2491 934 2623 990 ergo
2651 920 2843 987 Deum,
2871 932 2979 976 non
3005 929 3093 977 est
3121 920 3440 992 ignorantia:
3465 918 3804 987 demutatio,

2207 1011 2301 1067 sed
2335 1014 2599 1083 temporis
2623 1014 2924 1085 plenitudo.
2953 1014 3319 1083 Exspectatur
3342 1013 3491 1069 enim
3515 1012 3694 1068 adhuc
3742 1018 3804 1068 ut

2208 1105 2343 1160 sciat
2370 1124 2381 1160 :
2407 1114 2606 1162 etcum
2629 1122 2736 1162 non
2761 1107 3031 1178 possimus
3061 1106 3115 1161 id
3136 1105 3205 1162 de
3234 1121 3299 1162 eo
3328 1105 3633 1177 intelligere
3661 1103 3808 1176 quod

2209 1200 2448 1267 nesciat;
2477 1215 2600 1256 cum
2624 1212 2803 1257 tamen
2822 1201 3000 1257 adhuc
3012 1209 3290 1273 exspectet
3315 1208 3374 1254 ut
3399 1198 3553 1264 sciat,
3586 1212 3811 1255 necesse

2211 1301 2315 1358 est,
2333 1301 2391 1346 ut
2413 1292 2465 1347 id
2495 1293 2637 1364 quod
2660 1294 2840 1349 sciens
2867 1292 3061 1361 nescit,
3085 1299 3142 1349 et
3156 1290 3405 1348 nesciens
3425 1292 3549 1359 scit,
3567 1288 3644 1364 (lt)
3668 1290 3811 1349 nihil

2212 1385 2357 1442 aliud
2378 1401 2538 1457 quam
2570 1388 2652 1443 vel
2682 1387 2936 1458 loquendi
2965 1387 3301 1458 diapensatio
3324 1386 3417 1453 sit,
3451 1387 3534 1442 vel
3562 1386 3809 1456 gerendi.

2286 1478 2380 1536 64.
2410 1478 2547 1535 Deus
2572 1480 2761 1535 dicitur
2787 1481 2841 1535 id
2860 1482 3012 1535 modo
3040 1481 3192 1548 scire,
3223 1481 3362 1553 quod
3398 1479 3552 1535 modo
3593 1478 3811 1552 profert.

2216 1603 2289 1614 —
2314 1573 2431 1629 Non
2456 1589 2588 1646 ergo
2612 1573 2810 1645 ambigi
2834 1576 2962 1631 licet
2985 1617 3000 1641 ,
3034 1574 3127 1630 Dei
3154 1576 3438 1631 scientiam
3469 1586 3533 1631 ex
3565 1582 3815 1645 tempore

2220 1667 2399 1736 potius
2421 1680 2543 1721 esse
2573 1680 2735 1736 quam
2766 1681 2832 1721 ex
2855 1664 3258 1733 demutatione,
3282 1680 3404 1722 cum
3446 1665 3515 1722 ad
3567 1665 3621 1722 id
3669 1664 3819 1737 quod

512 1772 624 1817 tum
654 1771 838 1817 autem
858 1803 873 1827 ,
900 1776 1077 1831 neque
1103 1761 1410 1831 ignoratum
1432 1758 1590 1814 nobis
1612 1767 1697 1813 est
1716 1765 2116 1812 sacramentum
2147 1755 2195 1818 ι
2226 1758 2364 1813 Deus
2383 1758 2519 1825 scit,
2543 1758 2861 1829 profitendae
2889 1758 3055 1831 308
3080 1759 3258 1829 p0tius
3311 1758 3552 1815 scientiae
3597 1766 3818 1830 tempus

517 1856 614 1912 Dei
636 1856 876 1920 Christi,
902 1856 954 1910 in
979 1870 1087 1925 quo
1113 1853 1366 1909 absconsi
1395 1867 1586 1908 omnes
1615 1849 2116 1907 scientitethesauri

514 1961 664 2006 sunt.
697 1951 759 2005 Et
789 1950 915 2021 quia
943 1956 1346 2006 sacramentum
1382 1946 1456 2019 (c)
1492 1945 1612 2017 ipse
1668 1954 1785 2012 est;
1834 1944 2119 2000 videamus

516 2059 584 2096 an
610 2042 663 2096 in
693 2040 779 2095 his
798 2081 814 2106 ,
844 2055 966 2110 quae
992 2040 1171 2095 nescit
1193 2081 1210 2107 ,
1238 2039 1498 2111 ignorans
1520 2038 1612 2093 sit.
1644 2038 1701 2095 Si
1728 2038 1873 2093 enim
1926 2038 1981 2093 in
2009 2051 2118 2092 cae-

523 2138 654 2192 teris
684 2134 956 2206 professio
984 2133 1272 2205 ignorandi
1295 2147 1402 2188 non
1426 2129 1507 2206 (d)
1541 2130 1705 2187 habet
1728 2129 2011 2186 nesciendi
2033 2130 2118 2184 in-

520 2228 906 2299 telligentiam;
941 2241 1010 2282 ne
1038 2240 1183 2282 nunc
1212 2224 1433 2296 quidem
1460 2224 1607 2295 quod
1662 2222 1837 2278 nescit
1883 2222 2116 2292 ignorat.

517 2319 653 2377 Nam
680 2318 752 2395 (ε)
780 2335 906 2376 cum
935 2310 1206 2390 ignoratio
1234 2317 1356 2390 ejus
1375 2357 1391 2383 ,
1426 2315 1724 2373 secundum
1755 2314 1902 2386 quod
1928 2327 2123 2370 omnes

521 2413 760 2468 thesauri
787 2412 843 2468 in
883 2426 949 2467 eo
1000 2410 1246 2466 scientia:
1295 2398 1497 2474 latent,
1543 2406 1887 2479 dispensatio
1942 2407 2125 2477 potius

524 2519 689 2575 quam
744 2502 1346 2575 iguoratio,sit;hahes
1383 2515 1607 2557 causam
1662 2498 1952 2570 ignorandi
2003 2498 2125 2555 sine

521 2596 883 2669 intelligentia
906 2594 1210 2652 nesciendi.

591 2691 682 2747 65.
708 2689 850 2745 Deus
870 2690 956 2758 qui
985 2689 1181 2744 nescire
1202 2695 1295 2743 aut
1314 2687 1422 2752 iant
1448 2688 1578 2744 scire
1622 2687 1750 2758 quid
1794 2687 2023 2742 dicatur.
2053 2711 2129 2729 -ιι

520 2785 576 2840 lu
605 2784 861 2840 omnibus
882 2783 1065 2848 enim,
1096 2797 1220 2852 qua:
1246 2782 1500 2853 ignorare
1549 2796 1613 2837 se
1659 2781 1802 2836 Deus
1858 2781 2123 2852 loquitur,

521 2875 879 2949 ignorantiam
906 2875 1128 2947 quidem
1160 2875 1467 2946 proﬁtetur,
1521 2873 1617 2930 sed
1663 2875 1731 2945 (Ι)
1788 2874 2130 2945 ignoratione

521 2978 703 3025 tamen
732 2984 842 3024 non
867 2968 1143 3023 detinetur
1172 2984 1186 3020 :
1217 2967 1346 3023 dum
1377 2966 1445 3022 ad
1491 2965 1546 3023 id
1576 2965 1724 3037 quod
1775 2967 1984 3034 nescit,
2019 2980 2127 3024 non

526 3061 809 3118 nesciendi
838 3059 1123 3116 inﬁrmitas
1155 3070 1275 3130 est,
1310 3059 1408 3116 sed
1437 3070 1528 3115 aut
1552 3069 1765 3130 tempus
1811 3069 1895 3116 est
1917 3074 2027 3115 non
2050 3060 2132 3115 Ιο-

2218 1852 2325 1920 sit,
2355 1869 2515 1923 quam
2545 1853 2759 1924 adeptae
2784 1871 2797 1908 :
2823 1862 2884 1909 ut
2909 1854 3072 1909 etiam
3104 1869 3172 1910 ex
3196 1853 3301 1909 hoc
3341 1854 3625 1920 docemur,
3673 1851 3819 1923 quod

2219 1944 2287 2001 ad
2310 1944 2587 2000 Abraham
2613 1946 2816 2001 dictum
2844 1954 2932 2001 est
2956 1963 2969 2001 :
2997 1944 3080 2001 Ne
3121 1946 3572 2018 inﬁcias-manum
3595 1953 3737 2000 tuam
3764 1947 3823 2000 in

2221 2052 2438 2106 puerum
2458 2079 2473 2104 ,
2497 2046 2544 2092 et
2572 2053 2635 2091 ne
2656 2038 2818 2109 facias
2848 2037 2933 2093 illi
2959 2038 3240 2110 quidquam
3268 2055 3286 2094 :
3311 2055 3449 2093 nunc
3475 2039 3611 2093 enim
3630 2054 3824 2111 cogno-

2221 2132 2267 2185 ui
2291 2130 2415 2201 quia
2443 2131 2585 2186 times
2609 2131 2691 2202 (4)
2722 2130 2788 2204 (ι)
2827 2130 2993 2187 Deum
3022 2142 3167 2187 tuum
3192 2175 3208 2199 ,
3237 2141 3284 2188 et
3323 2150 3424 2189 non
3453 2133 3729 2206 pepercisti
3754 2133 3825 2203 ﬁ-

2221 2223 2291 2277 lio
2311 2232 2398 2275 tuo
2425 2221 2612 2277 dilecto
2641 2233 2853 2293 propter
2878 2238 2960 2278 me
2985 2221 3140 2293 (Gen.
3166 2239 3313 2292 xxn',
3362 2224 3477 2298 1‘2).
3535 2224 3694 2281 Deus
3718 2223 3824 2280 ila-

2222 2329 2330 2385 que
2358 2313 2522 2370 modo
2547 2314 2650 2369 solt
2678 2332 2690 2367 :
2721 2313 2884 2370 modo
2903 2323 3084 2371 autem
3112 2317 3275 2383 scire,
3321 2317 3614 2373 anterioris
3663 2320 3823 2389 igno-

2224 2408 2419 2464 rantiaa
2457 2408 2725 2479 professio
2769 2419 2874 2464 est.
2902 2410 3061 2477 Quod
3088 2424 3212 2466 cum
3235 2411 3289 2466 in
3321 2411 3494 2467 Deum
3516 2424 3626 2467 non
3648 2410 3833 2481 cadat,

2226 2514 2403 2570 neque
2421 2498 2517 2573 (in)
2538 2510 2599 2555 ιιι
2627 2500 2958 2571 ignoraverit
2975 2510 3136 2557 antea
3160 2501 3376 2558 ﬁdelem
3388 2502 3491 2559 sibi
3511 2512 3637 2559 esse
3655 2502 3838 2560 Abra-

2227 2591 2383 2657 ham,
2411 2590 2481 2647 de
2506 2606 2614 2663 quo
2640 2591 2844 2648 dictum
2871 2603 2992 2659 est,
3023 2592 3283 2649 Creditlit-
3301 2594 3577 2650 Abraham
3601 2596 3716 2651 Deo
3738 2638 3752 2660 ,
3777 2602 3837 2652 et

2227 2684 2542 2757 deputatum
2565 2685 2822 2742 estteiad
2846 2687 3111 2758 justitiam
3143 2685 3295 2759 (Gen.
3327 2703 3416 2755 xv,
3461 2687 3526 2754 ϐξ
3575 2698 3624 2744 et
3670 2687 3832 2745 Rom.

2229 2794 2307 2847 tv,
2338 2778 2393 2852 5)
2430 2778 2577 2834 :hoe
2604 2779 2749 2851 quod
2795 2794 2939 2835 nunc
2987 2783 3277 2852 cognovit,
3335 2790 3548 2852 tempus
3592 2790 3676 2837 est
3725 2786 3842 2852 quo

2232 2870 2506 2925 Abraham
2538 2872 2907 2927 testimonium
2936 2872 3167 2943 accepit,
3193 2882 3297 2928 non
3330 2873 3491 2929 etiam
3514 2872 3670 2947 (quo)
3686 2873 3841 2931 scire

2233 2963 2375 3019 Deus
2392 2963 2579 3035 etrapit.
2613 2964 2887 3020 Abraham
2915 2966 3090 3032 enim,
3120 2965 3438 3022 holocausto
3492 2965 3586 3023 lllil
3608 3008 3624 3035 ,
3658 2967 3837 3023 dileca

2234 3056 2435 3111 tionem
2459 3071 2623 3127 quam
2652 3056 2719 3113 ad
2750 3056 3201 3114 Demnhabebat
3263 3058 3535 3116 docuerat‘
3609 3076 3624 3115 :
3697 3059 3847 3117 Deus

528 3158 758 3230 quendi,
793 3165 885 3212 aut
910 3156 1245 3226 dispensatio
1276 3164 1361 3209 est
1388 3168 1501 3209 non
1528 3153 1743 3224 agendi.
1768 3154 2035 3224 Loquitur
2060 3153 2130 3209 ad
2155 3144 2202 3210 C
2236 3162 2349 3206 tum
2376 3152 2662 3221 cognovit,
2686 3167 2810 3207 cum
2839 3153 3102 3223 loquitur.
3151 3152 3229 3208 Et‘
3263 3155 3387 3225 quia
3441 3164 3575 3211 ante
3622 3154 3846 3214 nescire

528 3251 801 3309 Abraham
830 3250 974 3305 Deus
999 3248 1187 3303 dicens
1220 3264 1234 3301 :
1262 3244 1471 3301 Clamor
1493 3246 1737 3302 Sodoma:
1757 3256 1804 3301 et
1830 3244 2134 3302 Gomorrhtv
2233 3258 2343 3297 non
2376 3243 2763 3316 intelligendus
2781 3253 2901 3311 est;
2930 3258 3163 3302 necesse
3177 3254 3260 3301 est
3289 3245 3495 3303 idcirco
3517 3248 3651 3303 tunc
3674 3247 3851 3304 intel-

528 3344 770 3412 impletus
799 3349 870 3396 est
890 3349 980 3407 ,.et
1013 3346 1221 3408 peccata
1239 3353 1414 3392 eorum
1464 3352 1654 3409 magna
1697 3337 1868 3393 ualde.
1909 3336 2135 3393 Descen-
2235 3334 2432 3406 ligatur
2452 3351 2720 3407 cognosse
2740 3379 2754 3402 ,
2786 3338 2912 3407 quia
2938 3338 3194 3409 loquitur.
3225 3339 3289 3394 Et
3312 3338 3385 3395 de
3414 3339 3661 3409 plurimis
3708 3340 3847 3411 φῆς

534 3438 654 3490 dam
676 3451 797 3507 ergo
822 3444 868 3489 et
890 3433 1068 3489 videbo
1092 3474 1109 3499 ,
1141 3432 1188 3487 si
1213 3431 1493 3486 secundum
1533 3430 1811 3486 clamorem
1840 3445 2014 3485 eorum
2051 3428 2132 3504 (g)
2234 3429 2360 3486 dem
2383 3471 2397 3495 ,
2423 3446 2544 3502 quae
2563 3431 2632 3487 de
2662 3432 2887 3488 scientia
2918 3433 3015 3488 Dei
3046 3420 3615 3491 Testamento'Véteri
3667 3435 3851 3493 obliti-

536 3536 995 3593 consummantur;
1015 3524 1154 3597 quod
1181 3525 1226 3580 si
1252 3540 1385 3590 non,
1418 3533 1474 3580 ut
1500 3523 1663 3578 sciam
1683 3521 1840 3597 (Gen.
1871 3540 1998 3579 xvnt
2017 3562 2034 3592 ,
2059 3523 2134 3580 20
2236 3535 2454 3593 nentur,
2475 3523 2594 3581 haec
2615 3534 2822 3580 tantum
2872 3525 3110 3597 exempli
3160 3539 3325 3582 causa
3392 3526 3764 3586 demonstrata
3810 3544 3850 3589 δ

612 3670 695 3747 (1)
726 3667 1043 3747 Absconditi.
1070 3665 1242 3720 Porro
1262 3664 1547 3747 thensauri3
1567 3662 1744 3747 littera
1775 3662 2127 3733 ninterjecla,

534 3735 851 3800 constanter
880 3740 932 3795 in
967 3737 1167 3795 Veron.
1201 3736 1389 3792 codice
1421 3735 1692 3791 scribitur.

611 3815 689 3889 (2)
712 3819 858 3889 Ante
884 3810 1049 3866 verba
1064 3811 1322 3889 diem_non
1349 3809 1574 3889 ignorat,
1600 3809 1717 3889 haec
1738 3806 1899 3889 hauet
1913 3804 2088 3889 codex
2113 3822 2129 3889 ξ

539 3878 690 3955 Quod
718 3887 762 3941 si
792 3888 845 3939 in
868 3900 930 3939 eo
950 3882 1116 3953 omnis
1134 3881 1358 3936 scientia:
1377 3878 1641 3935 thensauri
1661 3887 1800 3934 sunt.
1830 3878 2000 3934 Paulo
2016 3887 2138 3949 post

604 4028 683 4102 (α)
698 4026 844 4102 Lips.
862 4024 1054 4102 etPar.
1071 4021 1169 4078 Dei
1184 4022 1346 4096 patris
1361 4029 1409 4102 et
1428 4020 1645 4102 Christi;
1659 4017 2129 4102 consentientibus

541 4091 738 4156 nostris
767 4091 930 4155 'sacri
961 4106 1139 4151 textus
1168 4091 1572 4162 exemplaribus
1606 4109 1620 4145 :
1646 4091 1743 4146 sed
1767 4091 2129 4146 renitentibus

540 4171 697 4236 Bad.,
718 4170 811 4225 Er.
846 4177 895 4224 et
923 4183 1054 4223 mss.
1081 4180 1305 4222 necnon
1331 4164 1571 4235 subjecta
1596 4164 1882 4219 verborum
1913 4162 2131 4218 illorum

542 4244 902 4312 expositiOne.

613 4305 688 4385 (b)
714 4312 1064 4385 Bemovintus
1089 4309 1215 4385 hinc
1236 4350 1252 4375 ,
1287 4306 1440 4372 Quod
1468 4305 1512 4359 si
1542 4306 1594 4359 in
1618 4320 1880 4385 eoromnes
1908 4305 2137 4360 scientia:

547 4376 772 4440 thesauri
802 4391 951 4447 sunt,
996 4380 1263 4449 potiorum
1296 4391 1427 4432 mss.
1469 4376 1810 4449 auctoritate.

618 4455 690 4528 (c)
724 4453 782 4528 in
812 4445 1182 4528 duobusmss.
1211 4450 1268 4503 in
1295 4466 1349 4501 se
1374 4457 1448 4500 est
1493 4464 1512 4498 :
1567 4445 1711 4512 quod
1768 4460 1875 4499 non
1930 4448 2130 4528 placet.

546 4522 810 4596 Superius
840 4526 981 4578 enim
1004 4523 1641 4596 Christussacrantentum
1669 4533 1775 4596 non
1808 4522 1970 4596 semel
1994 4534 2133 4587 pra:-

546 4586 779 4661 dic'atur,
811 4596 911 4649 hoc
937 4604 1041 4657 est.
1074 4595 1210 4646 Deus
1237 4589 1603 4653 absconditus,
1634 4588 1787 4661 cujus
1815 4586 2003 4642 forma
2040 4604 2136 4655 per

545 4660 941 4740 susceptionem
1016 4662 1332 4740 humilitatis
1369 4676 1643 4730 corporea:
1698 4660 1796 4714 fuit
1839 4661 2131 4715 exinanita.

548 4735 737 4798 Postea
800 4755 930 4795 mss.
989 4735 1200 4793 Martio.
1255 4748 1369 4804 qua:
1412 4748 1552 4787 exse
1578 4740 1718 4795 sunt,
1766 4745 1863 4801 pro
1889 4747 2004 4799 qua:
2050 4748 2139 4786 ne-

547 4814 662 4869 scit.
1280 4830 1285 4835 “

617 4884 696 4957 (d)
726 4882 911 4957 ld_e_st,
947 4897 1052 4935 non
1073 4894 1137 4934 ea
1167 4884 1281 4957 est,
1330 4883 1387 4930 ut
1412 4874 1752 4957 intelligatur
1767 4873 2032 4957 ignorare.
2056 4874 2146 4930 Sic

549 4945 716 5022 inira,
746 4945 917 5008 Habes
947 4966 1161 5007 causam
1205 4947 1479 5020 ignorandi
1525 4946 1634 5002 sine
1678 4945 2012 5022 intelligentia
2057 4962 2148 5000 ne-

548 5016 779 5089 sciendi,
809 5026 911 5080 hoc
940 5037 1044 5089 csn,
1078 5016 1245 5076 habes
1283 5036 1379 5074 cur
1406 5034 1466 5074 se
1496 5027 1618 5090 agat
1647 5026 1705 5071 ut
1734 5016 2144 5086 ignoransynec

550 5108 727 5154 tamen
755 5099 1083 5166 intelligatur
1110 5093 1338 5166 nescire.

625 5169 697 5242 (ε)
724 5157 1045 5242 Parmenioni
1069 5182 1185 5220 cum
1205 5162 1463 5220 omittunt
1487 5160 1594 5217 duo
1615 5176 1749 5218 mss:
1780 5157 1961 5229 Coll»,
1995 5176 2138 5218 unus

546 5238 778 5297 Stirlion.
807 5252 860 5294 et
889 5238 1075 5294 Germ.

618 5312 684 5384 (Ῑ)
724 5310 978 5384 German.
1034 5307 1237 5384 codex,
1287 5305 1544 5384 ignoratio
1594 5314 1765 5361 tamen
1802 5322 1904 5384 non
1958 5304 2131 5384 datur.

549 5377 753 5440 Deinde
788 5382 935 5451 Lips.
966 5388 1021 5435 et
1047 5379 1171 5434 Par.
1201 5380 1326 5432 dum
1345 5379 1399 5433 id
1419 5420 1435 5447 ,
1489 5388 1759 5447 expuncto
1811 5380 1881 5431 ad
1930 5377 2136 5447 absque

546 5456 649 5511 ulla
682 5455 1023 5512 auctoritate.

619 5525 695 5596 (ῃ)
727 5525 876 5583 Unus
903 5539 1005 5578 ms.
1038 5522 1212 5579 Vatic.
1247 5536 1368 5596 cum
1421 5518 1631 5596 Remig.
1687 5530 1745 5596 et
1792 5517 2141 5596 Theod.__bic

548 5590 727 5663 addit,
758 5598 826 5651 ad
848 5612 925 5651 me
945 5596 1244 5651 uenientem.
1278 5592 1412 5649 Tum
1444 5592 1498 5647 in
1524 5590 1658 5647 solis
1685 5591 1897 5648 Martia.
1929 5600 1986 5648 et
2014 5590 2139 5647 Vat.

549 5669 689 5733 bas.,
707 5667 1214 5723 consummabuntur.

598 5740 695 5821 .(h)
722 5739 963 5796 Potiores
988 5751 1142 5805 mss.,
1166 5752 1234 5791 an
1263 5734 1600 5793 consummati
1618 5735 1742 5805 sint,
1766 5743 1814 5793 et
1840 5735 1885 5791 si
1914 5735 2145 5792 nondum

2240 3679 2520 3737 omnem...
2540 3664 2904 3732 thensaurum;
2933 3663 3150 3731 deinde,
3178 3664 3277 3720 sint
3308 3680 3406 3737 pro
3424 3666 3603 3721 insint.

2310 3734 2390 3807 (.3)
2415 3734 2521 3807 Sed
2542 3745 2665 3789 tunc
2692 3737 2823 3807 scire
2841 3777 2857 3803 ,
2886 3753 3004 3791 cum
3022 3747 3245 3807 tempus.

2312 3806 2390 3878 (ὁ)
2422 3806 2701 3862 Dominum
2726 3805 2897 3863 Deum
2927 3818 3095 3864 tuum.

2236 4018 2574 4074 consummati
2597 4018 2758 4093 sint.“
2780 4018 3022 4093 Martin.,
3052 4038 3119 4075 an
3139 4018 3539 4078 consumman‘di
3572 4022 3709 4093 sint,
3739 4022 3841 4082 etsi

2238 4107 2343 4145 non
2364 4090 2760 4145 consummandi
2788 4092 2910 4146 sint.

2310 4161 2501 4236 (i)gSic
2539 4177 2670 4236 mss.
2704 4177 2813 4236 uno
2836 4173 3068 4234 excepto
3093 4163 3253 4220 Vind.
3290 4165 3342 4221 iu
3374 4164 3707 4236 quo"ex'slat,
3732 4172 3849 4224 non”

2241 4250 2298 4288 ea
2319 4234 2484 4307 scire,
2515 4233 2636 4298 quia
2681 4235 2890 4307 nesciat.
2945 4233 3176 4302 Excusi,
3230 4254 3333 4292 non
3379 4233 3441 4293 ea
3496 4246 3619 4292 tunc
3666 4241 3841 4307 scire,

2242 4305 2361 4381 quia
2390 4306 2530 4375 prius
2553 4306 2767 4381 nesciat.
2802 4306 2906 4381 Pro
2924 4307 3046 4381 quia
3102 4309 3328 4381 nesciat,
3371 4324 3565 4365 sensus
3616 4305 3846 4381 exigere

2243 4376 2454 4449 videtur
2477 4376 2599 4447 quia
2621 4393 2756 4449 nunc
2771 4377 2917 4449 sciat.
2937 4376 3011 4432 Et
3030 4378 3245 4449 quidem
3269 4395 3389 4435 cum
3438 4389 3650 4439 veteres
3708 4376 3841 4439 fibri

2243 4463 2381 4501 nunc
2401 4447 2606 4501 duabus
2636 4447 2830 4502 litteris
2876 4464 2940 4501 nc
2973 4447 3295 4515 exhibeant,
3357 4466 3459 4506 nec
3507 4453 3672 4507 verba
3723 4455 3846 4510 ullo

2244 4519 2407 4573 modo
2431 4534 2461 4573 a
2489 4534 2609 4573 sese
2636 4530 2891 4588 separa-nt
2912 4563 2925 4587 ,
2968 4536 3035 4575 ex
3066 4522 3273 4576 nesciat
3316 4523 3472 4579 facile
3525 4524 3845 4582 confectum

2244 4590 2315 4643 sit
2342 4592 2553 4644 nesciat.
2590 4591 2791 4645 Deinde
2822 4608 2922 4648 ms.
2953 4592 3163 4648 Merlin.
3186 4593 3273 4649 sed
3295 4604 3403 4648 tum
3423 4596 3586 4663 scire,
3620 4613 3737 4650 cum
3765 4608 3851 4654 est

2245 4670 2444 4732 tempus
2465 4664 2531 4716 ad
2558 4663 2833 4731 agendum.

2169 4768 2223 4836 Ι)
2320 4736 2390 4815 (j)
2418 4733 2573 4815 Loco
2589 4734 2741 4788 verbi
2768 4736 2896 4787 scire
2912 4735 3149 4817 praetulit
3167 4736 3426 4794 Erasmus
3448 4740 3644 4794 nescire
3662 4742 3845 4811 ,ψιῡὰ

2253 4803 2448 4858 deinde
2471 4814 2815 4858 arrtnuerunt
2833 4806 3044 4858 Linsuts
3070 4821 3123 4858 et
3153 4810 3240 4858 nui
3289 4812 3340 4858 in
3400 4821 3674 4858 nnstrema
3724 4813 3845 4858 mli-

2292 4805 2448 4879 einde
2471 4805 3044 4879 arripueruntLipsius
3070 4821 3123 4863 et
3153 4810 3240 4879 qui
3289 4812 3340 4865 in
3400 4821 3675 4879 postrema
3710 4805 3849 4868 ἐὐί-

2253 4879 2399 4930 tioue
2427 4876 2544 4930 Per.
2575 4876 2894 4947 corrigenda
2946 4876 3471 4945 operam'navarunt
3521 4900 3534 4936 :
3586 4884 3845 4941 omnibus

2252 4963 2420 5017 prope
2444 4964 2573 5002 mss.
2607 4948 3015 5003 reluctantibus.
3048 4950 3159 5005 lioc
3180 4952 3279 5006 sibi
3306 4954 3449 5007 vult‘
3485 4973 3498 5009 :
3542 4967 3665 5008 cum
3694 4956 3859 5010 Densi

2250 5018 2383 5098 fire
2403 5018 2621 5098 dicitur,
2651 5034 2757 5098 non
2788 5018 2849 5098 ﬁt
2862 5021 2914 5073 in
2929 5035 3000 5098 eo_
3009 5021 3296 5098 demutatio
3317 5024 3482 5098 (male
3504 5025 3836 5094 apud‘ﬂtd.,

2250 5086 2345 5165 Er.
2378 5099 2435 5165 et
2461 5090 2513 5143 in
2540 5104 2675 5165 niss.
2700 5091 2937 5165 Martinu,
2967 5092 3264 5158 diminutio)
3316 5086 3386 5150 ah
3436 5086 3736 5165 ignorantia
3766 5086 3853 5154 ad

2246 5160 2560 5238 scientiam,
2583 5162 2677 5238 sed
2707 5162 2965 5216 iudicatur
2991 5167 3238 5238 temporis?
3259 5160 3546 5238 plenitudo.

2320 5229 2396 5314 (k)
2426 5230 2480 5314 lu
2514 5232 2791 5314 plerisque
2813 5247 2946 5290 mss.
3002 5246 3059 5291 et
3093 5229 3270 5307 'apud'
3295 5239 3421 5294 Par;
3447 5240 3713 5311 repetitur
3751 5234 3855 5297 hio-

2242 5305 2503 5372 particula
2531 5312 2604 5357 ut.

2319 5375 2387 5445 (ι)
2420 5375 2475 5429 ln
2519 5374 2780 5445 vulgatis,
2818 5375 3099 5432 Dominum
3121 5377 3476 5435 Deunt’tttum.
3525 5384 3681 5439 abest
3722 5380 3851 5437 Do-‘

2246 5446 2442 5526 ruinam
2471 5461 2500 5500 a
2533 5463 2664 5501 mss.
2693 5446 2862 5504 Abest
2885 5457 3369 5519 praelereatuunr'n
3394 5466 3573 5526 greco
3592 5452 3840 5511 et‘latiho

2245 5517 2539 5587 Scriptura:
2571 5528 2740 5574 textu.

2323 5589 2434 5719 (ηιξ)
2448 5590 2576 5645 Post
2601 5606 2758 5662 neque
2780 5590 3037 5648 reticetur
3065 5592 3855 5668 aaddc-adeoquepertﬁ'u'lam‘

2334 5678 2395 5717 su
2436 5673 2748 5719 seuuentem
2774 5678 2805 5718 a
2836 5662 3020 5719 Linsio
3048 5680 3329 5719 nemorum
3380 5674 3719 5719 enuntiarem
3750 5682 3840 5719 re-

2249 5662 2752 5744 utsubsequenteni
2774 5678 2805 5718 a
2836 5662 3020 5744 Lipsio
3048 5680 3329 5737 perperam
3380 5662 3719 5741 eitpuitctant'
3750 5682 3840 5726 re-

2251 5734 2526 5790 stituimus
2556 5749 2623 5789 ex
2644 5734 2774 5791 Bad.
2796 5776 2812 5803 ,
2844 5734 2935 5790 Er.
2969 5746 3023 5792 et
3052 5734 3183 5795 mss.
