4094 6180
479 207 588 265 555

1699 203 1944 262 SANCTI
1976 203 2233 260 lliLAltll
2263 204 2569 267 EPISCOPI

3680 217 3787 276 536

485 319 720 375 absconsi
750 318 972 388 (Coloss.
1022 334 1085 386 tr,
1116 317 1197 391 3).
1229 317 1327 373 Est
1363 330 1492 387 ergo
1540 316 1804 372 absconsa
1831 314 2089 372 scientia:
2118 317 2171 378 Α
2197 327 2252 373 et
2274 320 2446 377 solida
2476 322 2696 394 liquidis
2725 323 2805 398 (2)
2832 340 2940 381 non
2991 326 3222 394 cedant;
3253 329 3378 401 quia
3399 343 3522 386 cum
3552 346 3660 386 non
3694 348 3791 400 pa-

490 430 613 484 qua:
652 412 775 484 quia
805 411 1180 468 abscondenda
1217 420 1320 478 est,
1364 408 1628 467 interdum
1680 419 1734 463 et
1786 409 2080 464 ncseientia

490 508 797 565 conﬁtenda
835 515 937 570 est,
984 515 1041 561 ut
1078 519 1200 562 esse
1227 505 1398 576 possit
1431 505 1715 561 absconsa.
1747 502 1879 557 Nam
1904 502 1947 557 si
1980 501 2083 556 erit

483 600 540 657 in
575 597 991 673 protestatione,
1019 612 1126 653 non
1151 599 1315 654 etiam
1363 598 1416 653 in
1449 605 1657 653 secreto
1686 594 1943 650 manebit.
1972 593 2077 649 Ne-

485 704 578 765 gat
603 707 735 763 ergo
774 707 833 747 se
853 691 996 747 scire
1021 708 1035 745 :
1063 700 1122 747 ut
1141 690 1367 748 scientia
1398 690 1570 762 possit
1595 703 1717 746 esse
1739 687 2076 744 abscondita.

484 784 640 853 Quod
660 785 707 841 si
729 784 931 840 idcirco
964 784 1158 852 nescit,
1189 794 1250 840 ut
1269 782 1494 839 scientia
1524 791 1739 838 maneat
1764 780 2029 836 absconsa
2061 795 2080 848 ;

486 894 597 938 non
632 894 727 949 per
766 885 1011 935 naturam
1036 878 1229 935 ‘nescit
1257 878 1437 933 omnia
1472 877 1673 944 sciens,
1707 875 1851 948 quod
1880 874 2083 931 idcirco

483 981 717 1038 tantum,
764 980 822 1027 ut
865 973 1188 1028 absconsum
1234 972 1326 1040 sit,
1385 972 1578 1029 nescit.
1609 971 1717 1027 Cur
1757 979 1940 1026 autem
1971 968 2081 1026 diei

490 1063 716 1121 scientia
744 1064 1011 1120 absconsa
1047 1064 1139 1131 sit,
1170 1079 1278 1121 non
1328 1065 1383 1120 in
1433 1065 1664 1121 obscuro
1702 1073 1806 1121 est.
1842 1063 2086 1136 Namque

487 1172 718 1214 monens
749 1171 849 1212 nos
878 1157 1150 1213 irremissa
1184 1156 1290 1213 ﬁde
1333 1157 1568 1213 intentos
1597 1172 1811 1228 semper
1840 1171 2081 1226 manere,

486 1248 832 1305 securitatem
864 1249 1186 1319 cognitionis
1217 1247 1295 1320 (a)
1326 1248 1562 1304 deﬁnitae
1591 1248 1793 1305 ademit
1828 1266 1841 1301 :
1872 1257 1929 1304 ut
1950 1263 2083 1321 pen-

487 1342 632 1399 dulas
661 1342 1082 1413 exspectationis
1116 1341 1326 1397 incerto
1355 1357 1509 1398 mens
1534 1342 1784 1407 sollicita,
1820 1339 2083 1397 fesﬁnans

488 1444 545 1491 et
571 1434 839 1491 adventus
858 1434 1000 1490 diem
1023 1448 1136 1489 sem
1146 1449 1239 1503 per
1258 1441 1599 1505 exspectans,
1626 1449 1737 1490 sem
1747 1448 1839 1504 per
1859 1446 2084 1504 exspec-

488 1529 654 1584 tando
684 1536 971 1599 speraret;
1008 1542 1302 1598 curamque
1348 1528 1660 1598 pervigilem
1693 1527 1956 1582 incertum
2001 1526 2081 1596 ip-

485 1634 630 1687 sum,
662 1634 768 1674 non
816 1618 1122 1687 ambigendi
1153 1629 1330 1673 tamen
1372 1620 1650 1689 tetnporis,
1681 1618 1973 1675 detineret.
2002 1618 2079 1673 Ita

2186 419 2329 468 teant
2358 414 2532 470 valida
2581 416 2906 484 inﬁrmibus,
2931 420 3125 476 validis
3154 430 3332 477 tamen
3365 423 3576 478 inﬁrma
3621 439 3791 493 pcne-

2188 513 2415 561 trantur.
2460 505 2541 563 0b
2585 507 2639 564 id
2669 524 2800 580 ergo
2839 512 3195 582 cogitationes
3215 514 3310 570 Dei
3343 515 3509 585 patris
3536 515 3790 587 ignorare

2184 596 2351 654 Filius
2380 600 2447 655 ab
2474 600 2653 671 impiis
2694 603 2912 671 dicitur,
2952 605 3078 676 quia
3106 605 3353 662 inﬁrmus
3379 607 3497 678 ipse
3532 623 3654 663 cum
3684 611 3778 677 sit,

2185 706 2291 748 non
2321 692 2476 747 adeat
2507 691 2742 751 ineundo
2768 699 3056 767 potiorem,
3082 713 3185 755 nec
3215 699 3487 757 valentem
3511 700 3782 759 invalidus

2188 793 2542 841 transcurrat.

2256 877 2346 934 69.
2378 878 2635 936 Christum
2659 880 2820 937 Patre
2844 883 3141 956 inferiorem
3166 884 3270 941 dici
3301 902 3405 959 non
3443 885 3619 942 sinunt
3640 886 3791 943 Scri-

2186 978 2369 1041 pturaa.
2408 969 2562 1027 Pater
2602 982 2652 1028 et
2686 972 2855 1029 Filius
2884 976 3149 1046 speculum
3187 980 3689 1048 mutuum—Quae
3737 981 3784 1037 si

2185 1063 2307 1134 quis
2328 1079 2435 1120 non
2467 1065 2630 1122 modo
2658 1083 2755 1123 ore
2784 1069 3069 1126 temerario
3091 1070 3232 1138 loqui
3253 1071 3478 1128 audebit
3500 1072 3570 1129 de
3591 1073 3784 1145 unige-

2187 1154 2300 1210 nito
2322 1155 2454 1221 Deo,
2489 1172 2675 1214 verum
2717 1159 2880 1215 etiam
2930 1161 3095 1217 corde
3139 1162 3305 1232 impio
3335 1165 3607 1235 cogitare;
3639 1167 3788 1237 Apo—

2184 1248 2383 1304 stolum
2398 1250 2470 1304 ita
2483 1248 2553 1306 de
2570 1250 2775 1321 Spiritu
2791 1260 3001 1308 sancto
3027 1252 3093 1310 ad
3116 1253 3431 1311 Corinthios
3451 1257 3783 1313 scribentem

2185 1342 2484 1401 credidisse
2509 1355 2805 1417 cognoscat
2823 1344 3013 1403 :Nobis
3050 1358 3222 1405 autent
3250 1351 3491 1405 reuelauit
3518 1349 3661 1408 Deus
3688 1368 3783 1424 per

2187 1436 2443 1507 Spiritum
2484 1456 2657 1495 suum.
2723 1441 2953 1510 Spiritus
2989 1444 3125 1497 enim
3177 1446 3351 1500 omnia
3391 1456 3675 1515 scrutatur,
3738 1458 3788 1504 et

2184 1530 2290 1585 alta
2321 1529 2437 1586 Dei.
2472 1533 2598 1599 Quis
2633 1533 2772 1588 enim
2811 1536 2909 1590 scit
2953 1535 3218 1592 hominum
3241 1555 3356 1610 qua:
3372 1551 3493 1595 sunt
3531 1540 3778 1609 hominis,

2183 1639 2296 1692 qua:
2337 1625 2390 1679 in
2429 1625 2543 1695 ipso
2587 1624 2680 1698 (Γ),
2712 1627 2813 1682 nisi
2840 1628 3051 1700 spiritus
3079 1631 3168 1698 qui
3214 1631 3268 1684 in
3296 1633 3407 1702 ipso
3447 1633 3570 1687 est?
3598 1634 3689 1688 Ita
3730 1644 3782 1690 et

482 1712 626 1766 enim
650 1711 906 1767 Dominus
935 1711 1042 1765 ait:
1074 1708 1200 1764 Ideo
1225 1720 1272 1765 et
1299 1725 1387 1764 vos
1408 1718 1561 1766 estote
1571 1710 1759 1782 parati,
1779 1712 1901 1780 quia
1922 1711 2083 1766 nesei-
2110 1714 2158 1776 B
2186 1732 2298 1787 qua:
2321 1719 2373 1772 in
2402 1716 2514 1773 Deo
2525 1728 2643 1774 sunt
2655 1737 2803 1776 nemo
2826 1723 2984 1790 novit,
3008 1723 3108 1778 nisi
3129 1722 3359 1794 Spiritus
3384 1723 3485 1780 Dei
3506 1725 3551 1798 (ι
3573 1724 3697 1782 Cor.
3722 1743 3783 1796 st,

485 1804 551 1858 tis
561 1819 664 1874 qua
679 1803 809 1858 hora
823 1804 961 1874 ﬁlius
973 1802 1194 1858 hominis
1207 1812 1450 1859 venturus
1466 1813 1537 1858 est
1564 1802 1775 1874 (Matth.
1800 1819 1925 1858 XXIV
1935 1844 1950 1869 ,
1963 1801 2078 1873 44).

488 1897 560 1952 Ει
583 1912 795 1952 rursum
824 1914 838 1952 :
864 1895 1053 1952 Beatus
1079 1898 1170 1951 ille
1210 1912 1381 1952 servus
1409 1913 1559 1968 quem
1597 1897 1802 1953 ueniens
1831 1895 2083 1952 Dominus

481 1991 599 2062 ejus
624 1986 699 2061 (b)
724 1989 966 2043 invenerit
994 1990 1069 2044 sic
1093 1982 1360 2059 facientem
1411 1987 1610 2064 (lbid.,
1651 1989 1766 2062 46).
1814 1989 2083 2061 Ignoratio

480 2093 589 2135 non
606 2078 674 2134 ad
690 2094 930 2135 errorem
951 2079 1050 2135 fuit
1063 2079 1389 2145 necessaria,
1406 2081 1499 2136 sed
1513 2081 1578 2135 ad
1600 2080 2079 2151 perseverantiam.

487 2168 600 2225 Nec
621 2180 871 2238 negatum
902 2169 956 2224 id
978 2169 1043 2225 ad
1073 2170 1456 2226 detrimentum
1479 2181 1585 2239 est,
1608 2170 1752 2242 quod
1780 2173 2079 2243 ignoratum

485 2261 648 2334 311
704 2261 890 2317 tribuit
936 2262 1351 2331 incrementum,
1400 2278 1468 2318 ne
1526 2263 1765 2319 scientia:
1820 2266 2081 2322 securitas

481 2353 860 2423 negligentiam
891 2350 1016 2408 ﬁdei
1043 2351 1395 2409 dissimulata;
1418 2351 1493 2426 (ε)
1514 2353 1792 2423 excitaret,
1817 2355 1910 2412 sed
1940 2372 2081 2427 prte-

491 2442 824 2513 parationem
867 2443 1196 2500 irremissam
1272 2446 1602 2515 exspectatio
1659 2447 1932 2503 indeﬁnita
1989 2464 2080 2506 re-

480 2533 685 2590 tineret
707 2552 720 2586 :
750 2533 827 2607 (d)
845 2549 964 2605 quze
979 2535 1141 2591 modo
1163 2536 1295 2592 turis
1325 2537 1670 2594 metuendum
1692 2555 1907 2610 semper
1927 2556 2082 2597 cave-

484 2633 568 2682 ret
599 2627 674 2697 (l)
701 2626 1012 2693 adventum,
1064 2627 1158 2683 illo
1180 2628 1410 2700 cligente
1438 2631 1612 2685 somni
1637 2641 1843 2701 tempus
1865 2632 1930 2687 ad
1970 2632 2079 2689 fur-

481 2728 594 2772 tum
615 2735 629 2771 :
653 2720 1039 2790 patretaniilias
1067 2735 1194 2777 vero
1207 2722 1418 2792 domus,
1441 2722 1845 2796 datnnisemper
1864 2726 2075 2796 timore,

475 2811 750 2883 vigilante.

547 2906 639 2978 ϐξ.
684 2906 964 2975 Christum,
995 2909 1087 2963 etsi
1124 2908 1350 2965 humana
1399 2921 1622 2980 penetret
1661 2922 1718 2967 ut
1769 2915 1954 2986 potior,
1985 2933 2080 2988 pa-

486 3007 633 3052 terna
674 3009 944 3069 penetrare
983 3000 1162 3056 nolunt
1211 3012 1265 3056 ut
1308 3003 1624 3074 inferiorem.
1655 2994 2076 3079 —-—Quamquam

2189 1811 2258 1867 iO
2280 1853 2295 1878 ,
2327 1812 2438 1883 ll).
2469 1812 2575 1869 Sed
2625 1814 2741 1870 haec
2770 1815 2950 1871 inania
2982 1817 3345 1887 corporalimn
3385 1834 3566 1875 rerum
3594 1837 3788 1877 exem-

2186 1902 2270 1973 pla
2313 1913 2652 1973 spernentes,
2684 1905 2852 1962 Deum
2892 1906 2961 1963 de
2990 1907 3128 1976 Deo,
3152 1920 3205 1965 et
3247 1910 3509 1981 Spiritum
3552 1911 3619 1968 de
3663 1913 3790 1985 Spi-

2185 1997 2314 2060 ritu,
2338 1996 2625 2053 virtutibus
2652 1999 2763 2054 suis
2804 1999 3001 2070 potius,
3031 2017 3193 2072 quam
3221 2000 3297 2075 (g)
3336 2005 3567 2061 terrenis
3594 2007 3789 2062 eandi-

2186 2087 2422 2144 tionibus
2465 2089 2818 2146 aestimemus.
2847 2090 3204 2148 Estimemus
3255 2104 3457 2162 autem,
3488 2111 3592 2152 non
3618 2112 3788 2153 sensu

2186 2186 2391 2247 nostro,
2424 2180 2520 2237 sed
2567 2182 2901 2252 professione
2929 2183 3146 2241 divina:
3181 2197 3235 2241 et
3284 2187 3571 2244 credamus
3598 2188 3649 2245 ei
3693 2189 3788 2260 qui

2183 2273 2277 2342 ait,
2311 2273 2413 2339 Qui
2455 2291 2534 2329 me
2565 2275 2710 2341 vidit,
2742 2276 2865 2331 vidit
2890 2287 2937 2331 et
2965 2275 3177 2332 Patrem
3200 2276 3384 2346 (Joan.
3425 2295 3536 2347 xlv,
3567 2279 3648 2352 9).
3676 2279 3789 2336 Nec

2184 2366 2493 2438 ignoremus
2525 2384 2646 2423 eum
2677 2370 2767 2441 qui
2802 2370 2957 2437 dixit,
2999 2369 3089 2426 Vel
3118 2372 3359 2444 operibus
3400 2374 3479 2446 (5)
3516 2374 3646 2428 meis
3673 2390 3793 2429 cre-

2186 2456 2309 2525 dite,
2340 2460 2460 2529 quia
2489 2459 2646 2514 Pater
2676 2461 2729 2515 in
2749 2477 2851 2528 me,
2883 2469 2932 2517 et
2961 2479 3056 2532 ego
3105 2463 3162 2517 in
3188 2461 3349 2519 Patre
3373 2463 3550 2537 (Joau.
3588 2483 3642 2532 κ,
3664 2464 3786 2539 58).

2183 2549 2292 2606 Nec
2336 2551 2645 2623 ignoremus
2684 2569 2830 2619 eum,
2862 2556 2952 2627 qui
2996 2557 3209 2612 loculus
3254 2568 3359 2627 est,
3390 2558 3552 2633 312
3582 2558 3692 2631 Ego
3736 2568 3790 2615 et

2186 2641 2341 2698 Pater
2366 2661 2519 2699 unum
2542 2663 2714 2700 sumus
2737 2646 2787 2718 (Ι
2795 2648 2898 2702 bid.
2924 2646 3037 2720 50).
3059 2650 3114 2705 Si
3133 2650 3277 2705 enim
3304 2666 3523 2708 sensum
3538 2665 3786 2710 nostrum

2184 2751 2365 2791 rerum
2423 2738 2638 2793 nomina
2698 2739 2992 2794 secundum
3036 2740 3326 2797 humanam
3375 2744 3784 2815 intelligentiam

2183 2844 2602 2888 commemorata
2649 2834 3003 2890 conﬁrmant:
3041 2850 3147 2890 non
3199 2836 3361 2893 habet
3388 2838 3456 2893 ab
3483 2854 3550 2895 eo
3574 2850 3786 2896 natura!

2182 2922 2564 2993 differentiam,
2592 2924 2645 2980 in
2671 2942 2777 2997 quo
2809 2942 2903 2997 per
2932 2927 3338 2999 intelligentiam
3368 2929 3451 3003 (Ιι)
3473 2933 3597 3002 quis
3628 2932 3786 2989 vide-

2185 3024 2304 3081 tur;
2341 3032 2440 3072 nec
2470 3015 2648 3073 diﬁ‘ert
2687 3018 2740 3073 in
2765 3034 2984 3090 genere,
3015 3020 3104 3091 qui
3155 3031 3461 3078 manentem
3501 3023 3556 3079 in
3599 3039 3663 3080 se
3688 3024 3789 3081 ha-

476 3091 641 3165 igitur
662 3109 768 3149 non
795 3093 1083 3151 obscurum
1115 3095 1206 3162 sit,
1242 3097 1628 3168 ignorationem
1663 3099 1755 3156 Dei
1780 3117 1886 3157 non
1920 3101 2075 3173 igno-
2103 3106 2148 3171 C
2184 3106 2338 3175 hens,
2361 3106 2504 3163 inest
2545 3109 2596 3164 in
2621 3122 2870 3166 manente
2898 3128 2912 3177 ;
2947 3127 3046 3168 nec
3072 3111 3270 3169 diversi
3308 3124 3455 3182 sunt,
3485 3115 3574 3186 qui
3614 3132 3787 3174 unum

473 3186 738 3243 rationem
767 3202 910 3255 esse,
939 3189 1037 3246 sed
1088 3204 1489 3247 sacramentum
1515 3211 1526 3247 :
1560 3193 1685 3249 dum
1737 3210 1833 3265 per
1856 3195 2074 3266 dispen-

472 3279 738 3335 sationem
779 3290 872 3335 aut
914 3281 1131 3351 agendi,
1173 3292 1266 3337 aut
1314 3286 1669 3355 protestandi,
1720 3296 1815 3343 aut
1850 3287 2078 3344 demon-

484 3371 693 3427 strandi
720 3372 800 3426 sic
817 3372 1010 3438 nescit,
1039 3384 1096 3427 ut
1126 3374 1299 3440 sciat;
1332 3383 1387 3431 et
1415 3376 1493 3431 sic
1521 3392 1627 3432 non
1656 3381 1847 3445 nescit,
1876 3391 1934 3435 ut
1955 3395 2081 3438 nes-

474 3464 623 3519 ciat:
668 3473 847 3520 tamen
878 3464 1165 3521 videndum
1207 3475 1291 3522 est
1313 3508 1327 3532 ,
1361 3482 1426 3523 ne
1477 3468 1611 3524 forte
1635 3479 1689 3525 et
1720 3470 1792 3525 ita
1832 3472 2079 3530 inﬁrmus

468 3556 563 3623 sit,
589 3564 646 3610 ut
673 3570 758 3622 ea,
784 3570 908 3627 qua:
938 3556 1097 3613 Pater
1125 3558 1252 3623 scit,
1276 3559 1413 3616 scire
1454 3577 1559 3615 non
1611 3562 1811 3630 possit:
1849 3574 2067 3634 potente

469 3647 689 3719 quidem
716 3663 784 3705 eo
825 3649 1178 3721 cogitationes
1207 3650 1562 3709 humanorum
1596 3654 1841 3711 eordium
1869 3671 2062 3715 nosse:

472 3740 598 3812 quia
650 3750 839 3796 natura
872 3742 1050 3813 potior
1087 3742 1322 3799 mctibus
1348 3758 1409 3800 se
1445 3754 1649 3801 natura:
1679 3746 1951 3805 inferioris
1972 3750 2066 3806 ad-

482 3831 728 3899 misceat,
781 3849 1009 3906 eamque
1059 3842 1327 3906 tamquam
1385 3836 1710 3894 imbecillam
1764 3838 2074 3899 vehementi

476 3926 675 3981 virtute
698 3929 1062 3983 transcurrat:
1094 3926 1187 3983 sed
1227 3928 1497 3999 impotens
1517 3930 1587 3985 sit
1613 3929 2072 3991 vehementiorem

474 4018 544 4092 (ε)
576 4021 657 4077 sui
681 4029 927 4077 naturam
952 4022 1219 4079 inﬁrmior
1248 4023 1360 4094 ipsa
1392 4034 1715 4099 penetrare;
1756 4028 1879 4099 quia
1909 4039 1965 4085 ut
1996 4031 2073 4086 le-

475 4111 559 4166 via
590 4113 869 4184 gravibus,
896 4124 950 4170 ct
1006 4130 1123 4170 rara
1169 4115 1375 4183 densis,
1403 4125 1459 4172 et
1490 4117 1686 4189 liquida
1731 4121 1920 4177 solidis
1948 4131 2076 4180 sunt

475 4204 695 4273 pervia;
722 4206 795 4261 ita
824 4215 1016 4263 contra
1059 4216 1115 4264 et
1143 4210 1329 4280 gravia
1366 4210 1612 4278 levibus,
1644 4223 1698 4267 ct
1726 4211 1894 4270 densa
1931 4216 2078 4272 raris

551 4366 630 4441 (ι)
661 4365 782 4422 Vox
824 4365 1099 4421 adventum
1152 4367 1306 4451 deest
1355 4368 1405 4422 in
1446 4380 1633 4427 nostro
1665 4372 1870 4432 codice.
1921 4377 2067 4451 Mox,

473 4455 624 4495 omne
647 4448 864 4509 tempus,
889 4452 1003 4509 Anon
1025 4454 1188 4493 somni
1213 4448 1432 4509 tempus.

544 4508 627 4584 (2)
659 4507 779 4562 Non
804 4507 1012 4563 cedunt.

473 4663 577 4704 non
613 4645 875 4703 excusavit
919 4645 1256 4708 mendacium.
1318 4646 1407 4702 sed
1451 4665 1551 4703 non
1600 4667 1709 4706 esse
1748 4661 2064 4717 nionstravit.

473 4717 887 4800 Eotndemﬂipse
921 4720 1164 4800 sequitur
1187 4717 1296 4800 ιιιξτ,
1331 4735 1346 4772 ι
1386 4720 1453 4775 de
1480 4720 1522 4774 Τ
1526 4721 1654 4800 rit_i.,
1688 4726 1865 4800 c2193,
1890 4746 1944 4783 ιι.
1970 4730 2064 4800 25,

473 4792 613 4847 sicut
637 4799 691 4845 ct
727 4786 1015 4861 Gregorius
1064 4789 1201 4861 Papa
1244 4788 1334 4845 lib.
1371 4806 1484 4857 vni,
1512 4793 1670 4861 epist.
1704 4798 1790 4850 42.
1819 4797 1930 4855 Nec
1957 4786 2068 4860 dis:

471 4862 639 4918 sentit
679 4860 936 4932 Cyrillus,
964 4861 1057 4916 lib.
1090 4860 1351 4916 Thesauri
1383 4879 1436 4931 p.
1466 4860 1592 4930 222,
1619 4864 1819 4922 Christi
1851 4888 2064 4929 sermo-

476 4950 599 5015 nem
641 4932 712 4987 ita
732 4931 812 4985 ab
841 4931 959 5015 ipso
992 4941 1344 5014 temperatum
1372 4950 1661 5015 enat-rans,
1683 4940 1812 5015 quia
1839 4942 2066 5015 discipu.

474 5004 645 5080 lorum
666 5012 869 5080 captum
898 5006 1012 5076 ejus
1040 5004 1113 5080 rei
1144 5005 1328 5058 notitia
1353 5007 1646 5080 superabat.
1680 5004 1862 5080 Longe
1890 5004 2060 5079 magis

472 5078 542 5131 ad
577 5075 822 5131 eamdem
867 5075 1186 5130 sententiam
1226 5076 1433 5132 accedit
1458 5078 1778 5135 Eustachius
1801 5075 2057 5143 ‘Antioch.

472 5148 613 5218 apud
646 5144 975 5218 Facundum
1000 5147 1095 5218 lib.
1133 5160 1208 5218 si,
1240 5148 1327 5201 ubi
1361 5148 1465 5204 hoc
1491 5165 1520 5202 a
1550 5150 1768 5208 Christo
1805 5154 2063 5214 adinven-

479 5216 589 5273 tum
621 5216 858 5272 ostendit
886 5216 1129 5270 utilitatis
1153 5216 1426 5272 hominum
1450 5234 1631 5276 causa.

545 5288 623 5369 (a)
666 5287 897 5370 Verbum
943 5287 1188 5370 deﬁnitte,
1224 5288 1277 5342 in
1332 5291 1482 5359 prius
1517 5294 1745 5364 vulgatis
1777 5298 2059 5370 omissum,

477 5359 781 5415 reStituitur
804 5375 870 5415 ex
899 5359 1130 5428 scriptis.

546 5430 622 5503 (b)
666 5430 805 5485 Editi
829 5471 844 5493 .
874 5431 1118 5485 invenerit
1157 5431 1448 5502 vigilantem
1468 5450 1488 5489 :
1515 5434 1902 5498 dissidentibus
1931 5459 2063 5501 mss.

473 5512 527 5556 Cl
550 5517 706 5557 δειετο
731 5511 900 5558 textu.

545 5575 619 5645 (ς)
650 5572 870 5639 Excusi,
898 5582 1143 5645 escepto.
1189 5574 1338 5642 Pan,
1365 5593 1466 5632 non
1485 5593 1788 5639 excerceret.
1818 5586 1920 5641 Alii
1948 5601 2077 5645 vero

475 5642 620 5708 libri,
646 5647 906 5711 excitaret,
936 5642 1046 5700 hoc
1065 5656 1184 5712 est,
1210 5661 1421 5715 pareret
1448 5665 1513 5706 ac
1535 5651 1764 5709 foveret.

547 5715 627 5786 (tt)
655 5716 799 5774 llanc
829 5716 1114 5777 lectionem
1140 5718 1231 5775 uni
1256 5717 1427 5778 Vatic.
1459 5731 1515 5782 et
1538 5722 1698 5783 alteri
1719 5725 1932 5802 Remig.
1960 5744 2069 5792 ms.

2096 4498 2154 4560 D

2179 3208 2324 3253 sunt.
2378 3199 2621 3273 lntellige
2680 3202 2966 3269 unitatem,
2995 3204 3122 3259 dum
3165 3222 3271 3261 non
3324 3207 3539 3262 dividua
3589 3218 3785 3268 natura

2186 3301 2288 3347 est.
2331 3291 2549 3349 Naturae
2586 3311 2713 3351 vero
2762 3312 2974 3352 rursum
3037 3298 3329 3356 individua:
3383 3314 3783 3363 sacramentum

2181 3386 2550 3457 apprehende,
2600 3388 2726 3445 dum
2777 3400 3047 3462 tamquam
3093 3394 3371 3464 speculum
3426 3413 3566 3452 unus
3618 3398 3785 3458 unius

2183 3491 2285 3536 est.
2318 3478 2606 3550 Speculum
2659 3490 2840 3539 autem
2883 3483 2978 3554 ita,
3027 3494 3085 3542 ut
3123 3502 3232 3543 non
3284 3488 3628 3561 imaginatam
3658 3508 3789 3565 spe-

2182 3573 2320 3629 ciem
2356 3586 2562 3646 natttru:
2601 3578 2886 3633 exterioris
2932 3578 3192 3649 splendor
3235 3582 3449 3639 emittat
3476 3601 3494 3651 ;
3524 3584 3620 3641 sed
3651 3585 3786 3645 dum

2172 3669 2358 3725 vivens
2401 3680 2592 3727 natura
2618 3682 2822 3729 naturae
2856 3673 3056 3730 viventi
3090 3675 3407 3735 indifferens
3432 3690 3554 3747 est,
3580 3681 3787 3754 quippe

2180 3775 2300 3830 quin
2325 3776 2389 3817 ex
2425 3771 2532 3817 tota
2563 3771 2672 3819 tota
2719 3764 2810 3833 sit,
2841 3782 2962 3837 quae
2997 3776 3053 3823 et
3086 3766 3216 3823 dum
3260 3769 3534 3842 nnigenita
3567 3784 3653 3828 est
3678 3773 3784 3829 Pa-

2182 3861 2322 3910 trem
2370 3855 2424 3910 in
2461 3872 2520 3913 se
2548 3855 2763 3925 habeat,
2813 3869 2868 3914 et
2913 3870 3131 3917 maneat
3181 3861 3234 3917 in
3278 3862 3439 3921 Patre
3470 3864 3599 3922 dum
3642 3867 3786 3925 Deus

2178 3955 2282 4003 est.

2223 4041 2337 4096 '70.
2370 4040 2451 4097 De
2478 4050 2676 4099 natum
2699 4045 2895 4101 unitate
2919 4046 3056 4102 dicta
3083 4052 3217 4107 male
3234 4051 3304 4106 ad
3323 4052 3574 4109 unitatem
3595 4056 3782 4111 volun-

2181 4136 2300 4190 tatis
2344 4136 2641 4208 detorquent
2682 4137 3024 4196 hteretici.—
3051 4142 3178 4200 Haec
3222 4145 3426 4217 itaque,
3471 4148 3539 4205 ad
3574 4149 3782 4221 signiﬁ-

2186 4227 2417 4284 candum
2463 4229 2759 4287 nativitatis
2801 4244 3199 4293 sacramentum
3236 4254 3265 4293 a
3311 4238 3538 4296 Domino
3569 4241 3774 4313 praedi-

2250 4387 2332 4460 (5)
2363 4390 2469 4475 γριι
2502 4396 2629 4449 meis
2654 4395 2993 4456 desideratur
3020 4401 3073 4456 in
3103 4403 3291 4460 codice
3312 4404 3612 4462 Veronensi
3630 4423 3645 4472 ;
3678 4422 3785 4466 nec

2179 4472 2488 4541 occurritur
2520 4481 2697 4541 graeco
2719 4479 2885 4541 textu.
2911 4479 2965 4528 et
2988 4475 3370 4533 omittiturlib.
3402 4492 3495 4541 vn,
3527 4493 3676 4534 num.
3703 4479 3780 4536 24

2176 4539 2231 4586 et
2259 4532 2350 4600 26,
2385 4535 2474 4590 ubi
2504 4532 2585 4592 ter
2608 4538 2696 4596 hic
2720 4540 2870 4596 locus
2898 4544 3183 4614 repetitur.

2177 4667 2442 4758 habemus
2469 4686 2772 4758 acceptam,
2802 4680 3109 4758 aliis‘etiam
3140 4685 3464 4752 faventibus,
3500 4688 3552 4744 in
3580 4689 3779 4758 quibus

2176 4750 2352 4827 tamen
2396 4761 2502 4802 Vox
2539 4753 2808 4827 adventum
2834 4754 3120 4827 omittitur,
3165 4772 3287 4827 qme
3316 4768 3366 4814 et
3421 4750 3572 4815 salvo
3599 4750 3778 4818 sensu

2171 4816 2345 4902 omitti
2365 4828 2559 4885 potest.
2580 4823 2726 4902 Aluit!
2759 4826 3006 4902 vulgatis,
3035 4816 3150 4896 qua:
3171 4816 3323 4884 modo
3346 4832 3478 4902 furis
3506 4816 3778 4890 metuende

2167 4900 2365 4954 semper
2392 4901 2608 4954 caveret,
2635 4894 2726 4948 illo
2753 4896 2966 4966 etigcnte
2985 4894 3130 4953 omne
3161 4894 3380 4973 tempus.

2244 4976 2316 5052 (ι’)
2347 4979 2510 5047 Editi,
2540 5000 2626 5050 se;
2662 4989 3021 5046 renitentibus
3044 5007 3174 5049 mss.

2237 5071 2389 5163 (υηιη
2420 5076 2759 5163 vulgatisﬂhic
2788 5081 3005 5163 additur
3028 5095 3170 5163 sunt,
3202 5088 3345 5159 quod
3372 5089 3527 5146 abest
3552 5107 3583 5147 a
3611 5107 3773 5163 mss.,

2165 5145 2424 5236 ‘ljli‘ltus
2469 5145 2606 5236 unus
2632 5149 2797 5236 opto.
2852 5166 2904 5207 et
2934 5158 3071 5236 alter
3100 5145 3333 5215 sorhon.
3363 5145 3776 5236 omittunt—qua?

2251 5217 2393 5339 lipse,
2430 5227 2485 5271 ut
2508 5227 2563 5273 et
2612 5223 2827 5291 vulgata
2853 5229 2990 5281 sacri

2270 5302 2296 5336 ιι
2330 5302 2435 5339 tua.

2270 5302 2435 5340 ςιιιιιίι.

2245 5356 2320 5426 (g)
2354 5356 2471 5412 Duo
2498 5375 2627 5417 mss.
2654 5367 2868 5423 terrenis
2892 5371 3288 5442 cogitationibus
3316 5390 3336 5430 :
3365 5376 3530 5433 male.

2444 5453 2697 5541 vulgatis.
2729 5461 2962 5541 quisque.
2991 5463 3210 5541 Rectius
3253 5468 3306 5521 in
3340 5468 3610 5541 plerisque
3635 5485 3769 5527 mss.

2179 5523 2293 5608 quis
2319 5536 2337 5608 ς
2364 5522 2466 5580 hoc
2488 5522 2678 5608 .est,__i-n
2697 5522 2814 5608 quo
2847 5522 2967 5603 quis
2989 5537 3105 5608 viso
3131 5547 3291 5608 atque
3319 5522 3775 5597 iiiiétté'c'io'iiiiéL

2178 5600 2449 5675 turatque
2470 5598 2819 5675 intelligitur,
2851 5598 2956 5659 non
2988 5606 3147 5663 habet
3173 5598 3242 5665 a'b
3284 5627 3350 5666 eo
3376 5621 3583 5667 natura:
3614 5613 3774 5670 diﬁ‘e—

2178 5668 2608 5757 reptiatn..'l‘um
2649 5668 2798 5757 Eips.
2837 5685 2901 5757 et
2940 5677 3064 5731 Par.
3119 5696 3213 5735 nec
3265 5683 3443 5755 differt
3482 5701 3515 5738 a
3551 5668 3775 5757 genere:

2175 5736 2529 5797 emendantur
2554 5757 2622 5798 ex
2647 5736 2754 5803 Ba'd
2783 5786 2800 5813 ,
2837 5745 2931 5804 Er.
2963 5757 3018 5806 et
3047 5764 3176 5808 mss.
