4094 6180
295 363 393 420 557

1525 374 1610 430 DE
1649 373 2021 431 TRINlTATE
2059 376 2262 433 LIBER
2304 378 2397 434 IX.

3493 391 3595 447 533

292 493 425 545 cata,
464 481 704 538 lmrctici
735 485 855 554 quia
888 502 1081 556 negare
1114 502 1218 543 non
1252 501 1493 559 possunt,
1525 492 1595 547 ita
1623 503 1890 548 conantur
1915 497 1966 558 Α
1995 496 2168 551 solum
2195 499 2337 554 scire
2363 500 2623 571 dixisset,
2655 506 2872 560 maximi
2907 506 3130 576 periculi
3162 523 3251 564 res
3284 509 3590 580 intelligen-

292 577 531 642 eludcre,
565 593 615 633 ut
650 581 715 634 ad
749 582 1037 638 voluntatis
1065 585 1412 641 concordiam
1452 585 1720 653 referant;
1751 598 1803 642 ut
1834 587 1886 644 in

296 669 405 724 Deo
435 679 587 738 patre
617 682 672 728 et
713 677 764 726 in
806 674 914 727 Deo
955 674 1062 729 ﬁlio
1107 692 1215 731 non
1243 677 1546 733 divinitatis
1586 680 1655 734 sit
1685 680 1886 746 unitas,

292 763 381 817 sed
413 764 705 819 voluntatis
732 785 744 820 :
782 777 1052 838 tamquam
1082 770 1278 825 diviute
1305 771 1565 829 doctrinae
1588 775 1744 844 ineps
1769 789 1886 830 ser-

290 874 375 914 mo
417 859 512 924 sit,
559 877 733 931 ncqne
771 871 866 916 aut
909 863 1013 917 dici
1057 879 1086 917 a
1131 865 1359 919 Domino
1404 869 1662 938 potuerit,
1695 869 1805 939 Ego
1834 880 1889 924 et

299 953 456 1008 Pater
484 970 650 1008 unum
679 955 966 1013 volumus:
996 967 1086 1012 aut
1115 959 1354 1028 ejusdem
1389 963 1757 1034 intelligentiae
1795 965 1886 1028 sit,

292 1041 400 1115 Ego
427 1056 472 1098 et
514 1045 675 1100 Pater
729 1064 884 1101 unum
911 1064 1128 1105 sumus:
1173 1053 1252 1106 vel
1298 1052 1550 1123 loquendi
1605 1054 1887 1123 imperitus

289 1154 390 1192 nun
413 1138 633 1201 dixerit.
664 1140 764 1208 Qui
795 1141 926 1196 vidit
954 1144 1280 1201 voluntatem
1313 1163 1508 1211 meum,
1542 1147 1673 1202 vidit
1703 1157 1758 1203 et
1787 1164 1886 1204 vo-

288 1230 548 1286 luntatem
576 1232 754 1288 Patris
782 1235 887 1288 mei
921 1253 933 1288 :
968 1246 1020 1290 et
1069 1236 1120 1290 id
1174 1238 1345 1306 ipsum
1377 1239 1467 1303 sit,
1502 1239 1601 1306 Qui
1628 1258 1708 1294 me
1734 1243 1878 1309 vidit,

283 1324 406 1378 vidit
435 1335 484 1378 et
518 1323 764 1381 Patrem:
794 1327 879 1382 vel
918 1339 1066 1383 certe
1104 1345 1210 1384 non
1246 1330 1408 1386 fuerit
1453 1333 1506 1388 in
1557 1350 1654 1388 usu
1683 1335 1884 1410 eloquii

289 1419 477 1485 divini,
506 1419 766 1477 Voluntas
798 1422 970 1478 Patris
1021 1425 1125 1479 mei
1181 1425 1228 1479 in
1264 1442 1349 1481 me
1379 1435 1482 1493 est,
1530 1437 1587 1483 et
1633 1431 1884 1486 voluntas

282 1528 400 1567 mea
433 1515 484 1568 in
511 1513 668 1569 Patre
691 1529 812 1570 meo
840 1525 960 1581 est;
992 1517 1086 1571 sed
1107 1517 1434 1574 conveniens
1462 1518 1586 1575 huic
1615 1521 1759 1575 dicto
1789 1524 1880 1590 sit,

283 1604 393 1678 Ego
434 1607 488 1660 in
539 1606 714 1674 Patre,
741 1617 788 1662 et
825 1607 982 1662 Pater
1029 1610 1083 1664 in
1131 1628 1208 1664 me
1243 1609 1424 1678 (Joan.
1461 1630 1571 1680 xtv,
1603 1615 1714 1685 Η).
1750 1614 1881 1683 Quae

284 1715 609 1771 quamquam
643 1702 822 1756 omnia
876 1700 1014 1758 [teda
1053 1713 1104 1758 et
1127 1705 1303 1774 inepta
1349 1715 1402 1761 ct
1434 1707 1595 1778 impia
1627 1710 1755 1775 sint,
1788 1725 1881 1766 ne-

279 1807 380 1862 que
409 1807 605 1848 sensus
633 1793 897 1849 bumanus
921 1796 972 1850 in
997 1795 1134 1852 hanc
1159 1799 1337 1852 stulta:
1361 1800 1634 1868 Opinionis
1658 1811 1878 1857 senten-

1993 588 2081 642 tiae
2102 599 2301 644 nostra:
2325 592 2744 664 relinqueretur,
2775 612 2842 651 ne
2874 598 3013 654 forte
3041 600 3450 657 existimaretur
3480 603 3598 673 ipse

1991 684 2221 741 nescire.
2251 685 2383 742 Nam
2415 705 2535 743 cum
2569 692 2619 744 in
2653 708 2740 760 eo,
2773 695 2915 763 quod
2943 697 3149 761 nescit,
3181 697 3514 767 dispensatio
3542 700 3595 754 ei

1993 780 2167 848 potius
2209 783 2540 839 abscondita:
2585 787 2862 855 scientiae,
2929 806 3086 860 qttam
3145 799 3336 846 natura
3381 793 3453 847 sit
3497 808 3591 848 ne-

1991 877 2218 942 sciendi;
2253 894 2346 948 per
2374 880 2423 934 id
2453 896 2663 953 quoque
2693 898 2856 948 nunc,
2905 885 3044 955 quod
3094 886 3242 941 solus
3273 886 3435 941 Pater
3464 887 3588 954 scit,

1993 983 2099 1023 non
2149 971 2424 1041 ignorasse
2455 975 2758 1030 credendus
2795 987 2877 1032 est
2907 996 2919 1032 :
2955 980 3108 1048 quia,
3154 980 3291 1035 sicut
3335 981 3587 1051 superius

1991 1060 2306 1126 docuimus,
2342 1066 2564 1120 scientia
2596 1068 2734 1138 apud
2775 1070 2939 1124 Deum
2960 1114 2973 1137 ,
3010 1086 3116 1126 non
3146 1075 3506 1141 cognoscendi
3537 1075 3590 1129 id

1989 1154 2132 1222 quod
2166 1157 2419 1212 nescierit
2452 1159 2535 1226 (d)
2566 1161 2917 1230 intelligentia
2944 1173 3055 1219 est.
3099 1163 3191 1218 sed
3224 1165 3496 1236 loquendi.
3528 1167 3592 1221 Et

1991 1260 2086 1313 per
2117 1246 2204 1312 id,
2231 1249 2372 1317 quod
2399 1251 2544 1305 solos
2573 1252 2732 1307 Pater
2760 1254 2892 1318 scit,
2926 1253 3095 1310 Filius
3133 1271 3236 1311 non
3282 1257 3593 1328 intelligitur

1990 1338 2232 1403 nescire;
2267 1353 2388 1394 cum
2433 1341 2598 1398 Filius
2641 1344 2843 1399 idcirco
2873 1348 3083 1402 nescire
3126 1365 3185 1402 sc
3221 1349 3394 1413 dicat,
3427 1365 3494 1406 ne
3536 1361 3592 1405 et

1987 1430 2075 1485 alii
2103 1430 2274 1486 sciant
2302 1451 2314 1486 :
2350 1445 2404 1488 et
2429 1434 2643 1491 Patrem
2673 1436 2743 1507 (e)
2775 1438 2844 1491 ob
2867 1438 2917 1492 id
2946 1439 3122 1494 solum
3148 1440 3293 1496 dicat
3321 1442 3484 1508 scire,
3518 1457 3587 1498 ne

1985 1531 2041 1578 et
2071 1524 2183 1593 ipse
2223 1540 2327 1580 non
2373 1530 2594 1582 nesciat.
2632 1528 2688 1583 Si
2731 1531 2874 1585 enim
2911 1541 3036 1586 tunc
3077 1534 3397 1603 cognovisse
3441 1535 3586 1591 Deus

1984 1615 2204 1682 dicitur,
2233 1619 2400 1673 amari
2428 1635 2487 1676 se
2517 1621 2586 1676 ab
2614 1623 2881 1677 Abraham
2902 1665 2916 1690 ,
2947 1640 3067 1679 cum
3112 1627 3214 1681 hoc
3246 1644 3350 1681 non
3393 1629 3587 1684 celavit

1983 1710 2218 1766 Abrahae
2269 1713 2422 1783 (Gen.
2452 1732 2599 1781 xxn,
2633 1716 2756 1788 12);
2813 1734 3033 1774 necesse
3074 1731 3190 1782 est.
3229 1733 3284 1776 ut
3328 1733 3382 1777 et
3429 1724 3592 1780 Pater

1983 1803 2122 1859 diem
2153 1805 2222 1858 ob
2261 1805 2312 1860 id
2351 1807 2491 1862 scire
2517 1807 2748 1875 dicatur,
2778 1811 2900 1880 quia
2929 1828 3034 1867 non
3065 1813 3321 1869 celaverit
3349 1814 3543 1870 Filium
3569 1860 3583 1882 ,

283 1885 406 1938 tiam
440 1884 730 1949 concedat,
773 1895 830 1940 ιιι
873 1897 965 1940 aut
1012 1905 1118 1943 non
1152 1892 1385 1958 puluerit
1444 1893 1700 1947 Dominus
1733 1895 1876 1964 loqui
1907 1896 1954 1956 B
1984 1894 2095 1950 Deo
2122 1897 2400 1951 scientiam
2430 1914 2536 1953 non
2565 1899 2634 1955 de
2667 1904 2944 1971 repentim
2969 1905 3277 1974 cognitione
3307 1919 3580 1974 sumente,

279 1978 420 2048 quod
448 1978 684 2042 volebat,
715 1990 804 2034 aut
824 1980 965 2035 aliud
993 1981 1205 2038 locutus
1236 1985 1489 2057 sitquam
1523 1988 1733 2042 locutus
1756 1997 1876 2042 est:

282 2070 353 2141 (a)
383 2071 478 2138 qui
507 2088 832 2142 quamquam
873 2074 1175 2143 reperiatur
1207 2078 1530 2147 parabolicis
1575 2089 1632 2136 et
1673 2082 1876 2152 allego-

280 2161 403 2217 ricis
427 2163 585 2218 dictis
614 2180 742 2220 usus
766 2181 906 2232 esse,
941 2168 1035 2223 sed
1058 2169 1204 2224 aliud
1229 2181 1313 2226 est
1354 2173 1436 2226 vel
1467 2175 1730 2246 exemplis
1756 2175 1875 2231 dic-

279 2265 325 2309 ta
388 2255 473 2329 (1)
523 2258 758 2324 ﬁrmare,
804 2260 886 2314 vel
933 2261 1340 2330 proverbiorum
1393 2266 1880 2332 signiﬁcationibus

280 2364 460 2402 rerum
483 2349 801 2406 satisfacere
817 2351 1084 2422 dignitati,
1105 2356 1185 2408 vel
1203 2365 1505 2427 temporum
1532 2359 1880 2429 professioni-

279 2439 374 2493 bus
415 2455 476 2494 se.
521 2451 774 2512 coaptare
806 2463 818 2499 :
856 2454 1032 2500 tamen
1076 2446 1164 2502 hic
1209 2448 1348 2504 idem
1399 2452 1642 2520 unitatis,
1675 2454 1743 2510 de
1772 2472 1875 2524 qua

277 2541 562 2601 tractatur,
599 2534 749 2590 locus
778 2552 882 2591 non
910 2537 1110 2606 patitur
1133 2541 1184 2594 in
1217 2542 1374 2598 dictis
1403 2544 1571 2612 aliud,
1600 2563 1758 2616 quam
1790 2563 1879 2604 so-

277 2639 406 2683 nant
440 2629 625 2694 verba,
673 2646 794 2686 esse
837 2632 1189 2688 credendum.
1224 2636 1279 2692 Si
1321 2637 1464 2692 enim
1499 2654 1594 2708 per
1629 2639 1678 2694 id
1712 2657 1877 2698 unum

279 2734 425 2788 sunt,
459 2726 584 2794 quia
628 2741 791 2780 unum
824 2727 1046 2792 volunt;
1077 2743 1241 2783 unum
1282 2738 1462 2786 autem
1505 2732 1643 2787 velle
1674 2743 1878 2789 natura:

276 2818 615 2888 separabiles
649 2835 753 2874 non
785 2831 1032 2890 possunt,
1065 2837 1182 2892 quae
1212 2823 1290 2897 (ὑ)
1320 2823 1635 2880 diversitate
1663 2829 1877 2896 generis

286 2911 604 2968 dissidentis
652 2915 706 2970 iu
737 2915 978 2972 diversas
1030 2917 1192 2990 313
1239 2920 1544 2974 necessario
1575 2921 1878 2977 voluntates

277 3016 485 3064 natura:
506 3008 822 3066 diversitate
851 3009 1179 3067 dissentiunt
1209 3030 1220 3065 :
1250 3012 1521 3083 quomodo
1544 3030 1707 3086 unum
1737 3015 1878 3072 velle

279 3110 524 3170 possunt,
551 3102 746 3172 quibus
764 3104 904 3159 scire
936 3119 1040 3158 non
1067 3120 1227 3159 ιιιιιιιῐι
1250 3114 1366 3170 est;
1401 3120 1523 3185 cum
1553 3107 1800 3172 scicntia,
1824 3116 1879 3162 et

277 3194 542 3266 ignoratio
591 3197 884 3252 voluntatis
925 3199 1079 3252 unius
1107 3198 1186 3270 ('2)
1231 3199 1525 3267 impediant
1571 3201 1875 3256 unitatem?

1985 1986 2080 2041 sed
2125 1988 2175 2040 in
2211 1999 2452 2060 tempore
2478 2002 2831 2061 protestante.
2865 1994 2920 2050 Si
2959 1996 3140 2066 itaque
3165 2005 3218 2052 et
3247 1997 3390 2053 diem
3417 1997 3589 2056 Filius

1985 2079 2280 2133 secundum
2308 2093 2705 2138 sacramentum
2751 2087 2948 2154 nescit,
2986 2096 3042 2142 ut
3073 2096 3278 2154 taceat;
3309 2105 3340 2145 c
3369 2099 3586 2146 contra-

1983 2173 2066 2228 rio
2117 2189 2344 2230 necesse
2385 2187 2497 2243 est,
2532 2177 2656 2233 ideo
2687 2178 2829 2234 diem
2877 2181 3037 2237 Pater
3076 2182 3226 2237 solus
3269 2183 3587 2239 ostendatur

1983 2267 2145 2333 scire,
2173 2270 2297 2339 quia
2322 2285 2428 2325 non
2463 2281 2620 2327 tacet.

2057 2362 2144 2416 7'2.
2189 2361 2330 2418 Deus
2361 2366 2616 2433 simplex,
2653 2376 2700 2419 et
2738 2367 2966 2421 Immone
3011 2369 3162 2423 modo
3202 2370 3412 2425 minime
3447 2370 3587 2441 cogi-

1982 2455 2187 2509 tandus.
2234 2455 2358 2512 Non
2396 2468 2642 2513 mutatur.
2677 2458 2864 2514 Omnia
2901 2471 3082 2532 potest.
3119 2492 3191 2502 ——
3223 2462 3378 2518 Absit
3405 2473 3583 2518 autem

1982 2549 2346 2618 corporalium
2370 2550 2797 2607 demutationum
2824 2556 3096 2609 novitates
3119 2555 3169 2609 in
3195 2556 3352 2611 Patre
3374 2565 3426 2611 et
3449 2556 3586 2612 Filio

1982 2640 2304 2707 existimari,
2334 2652 2390 2697 ut
2419 2643 2710 2713 aliquando
2735 2644 2895 2699 Pater
2917 2644 3054 2700 Filio
3077 2656 3168 2700 aut
3189 2647 3459 2718 loquatur,
3493 2659 3587 2703 aut
3663 2665 3668 2670 '

1985 2743 2177 2788 taceat.
2203 2734 2367 2789 Nobis
2393 2735 2610 2806 quidem
2643 2751 3024 2808 nonnunquam
3055 2737 3272 2793 missam
3296 2754 3484 2794 vocem
3513 2741 3583 2795 de

1982 2827 2124 2881 coelo
2157 2828 2528 2892 meminimus;
2563 2837 2623 2882 ut
2651 2839 3050 2886 sacramentum
3098 2831 3236 2900 apud
3280 2847 3379 2887 nos
3425 2830 3578 2899 Filii,

1983 2921 2189 2989 paterni
2219 2919 2347 2975 dicti
2377 2920 2696 2992 signiﬁcatio
2722 2925 2985 2990 ﬁrmaret,
3019 2923 3159 2979 sicut
3188 2925 3446 2980 Dominus
3469 2925 3542 2979 ait
3567 2942 3580 2979 :

1981 3014 2096 3070 Non
2130 3023 2350 3085 propter
2390 3031 2476 3070 me
2503 3031 2604 3071 vox
2631 3016 2745 3072 haec
2776 3017 2923 3072 venit
2946 3018 3016 3074 de
3045 3018 3206 3079 cmlo,
3239 3018 3331 3073 sed
3364 3029 3583 3090 propter

1981 3123 2078 3163 vos
2105 3107 2282 3180 (Joan.
2313 3125 2420 3175 xu,
2457 3109 2572 3180 50).
2613 3111 2879 3168 Caeterum
2924 3121 3114 3168 natura
3162 3113 3255 3166 Dei
3307 3128 3410 3165 non
3458 3122 3582 3182 eget

1981 3203 2295 3272 compositis
2316 3203 2533 3258 bumani
2553 3203 2715 3258 ofﬁcii
2736 3205 3172 3270 necessitatibus,
3195 3204 3390 3276 lingua:
3413 3201 3580 3276 31E.

276 3289 407 3345 Cum
437 3290 619 3362 itaque
647 3291 890 3346 scientize
921 3291 995 3363 (ε)
1025 3290 1304 3346 inscientia
1333 3291 1556 3348 adversa
1583 3293 1678 3359 sit,
1704 3310 1868 3350 unum
1897 3299 1942 3364 C
1975 3308 2147 3365 motu,
2182 3307 2608 3369 temperamento
2638 3300 2772 3366 oris,
2802 3299 3023 3368 Spiritus
3053 3300 3193 3366 nisu,
3227 3298 3369 3353 aeris
3401 3299 3577 3368 pulsu.

276 3383 411 3438 velle
434 3381 661 3438 adversa
695 3397 801 3438 non
842 3394 1090 3455 possunt.

341 3476 434 3531 71.
477 3474 642 3530 Pater
667 3476 783 3531 ideo
817 3477 956 3531 solus
991 3477 1126 3531 diem
1160 3478 1284 3544 scit,
1317 3479 1437 3544 quia
1462 3480 1561 3533 soli
1601 3477 1744 3535 Filio
1773 3499 1876 3536 non

276 3578 399 3624 tacet
427 3585 446 3624 :
474 3567 648 3624 Filius
675 3571 870 3638 nescit,
896 3572 1017 3643 quia
1044 3571 1177 3625 nulli
1203 3571 1592 3628 revelat.——Sed
1624 3573 1762 3629 forte
1787 3575 1873 3643 id,

276 3663 415 3734 quod
452 3663 633 3747 solum
663 3663 878 3720 Patrem
911 3663 1081 3718 Filius
1110 3664 1187 3718 ait
1214 3664 1386 3748 scire,
1428 3665 1654 3730 Filium,
1688 3667 1776 3736 qui
1814 3683 1874 3724 se

276 3758 488 3814 nescire
516 3741 732 3827 dixerit,
763 3758 976 3814 nescire
999 3759 1306 3814 conlirmet.
1329 3741 1444 3813 'Nisi
1478 3759 1636 3830 plane
1659 3759 1872 3817 Patrem

343 3899 431 3972 (1)
464 3899 593 3955 Erat
622 3901 673 3954 in
703 3901 986 3972 anteriori,
1007 3903 1294 3970 inﬁrmare.

341 3971 428 4043 (2)
469 3974 639 4028 Antea
673 3971 970 4042 legebatur,
1000 3975 1266 4044 impediat.

340 4088 423 4160 (τι)
455 4088 568 4161 Eia,
599 4088 748 4161 Lips.
777 4097 828 4161 et
860 4087 1009 4154 Par.,
1041 4099 1085 4142 et
1118 4107 1440 4161 quamquam.

343 4163 421 4229 (lt)
451 4160 619 4232 Editi,
649 4160 986 4213 diversitatem
1017 4163 1251 4230 generis:
1283 4160 1615 4232 castigantur
1639 4178 1706 4218 ex
1739 4178 1868 4218 mss.

342 4235 420 4302 (ε)
463 4231 516 4284 Ιιι
549 4233 757 4302 aliquot
799 4247 929 4286 mss.
966 4233 1183 4286 inscitia.
1230 4233 1286 4288 lu
1329 4231 1577 4300 illailia,
1612 4236 1823 4290 scientia
1856 4250 1874 4287 :

278 4305 439 4357 male.

341 4373 428 4446 (d)
464 4375 516 4428 lu
549 4375 808 4440 vulgatis,
853 4375 1223 4446 intelligentiw.
1259 4376 1477 4432 Rectius
1522 4379 1570 4431 in
1605 4392 1760 4445 mss.,
1792 4377 1878 4432 in-

277 4448 559 4517 telligentia
590 4463 607 4500 :
641 4447 742 4500 hoc
774 4457 875 4508 est.
905 4463 1024 4500 cum
1058 4447 1253 4502 dicitur
1286 4449 1423 4503 Deus
1453 4450 1624 4517 scire,
1658 4466 1763 4503 non
1798 4451 1879 4504 iu-

276 4519 528 4591 tulligitur
558 4535 652 4591 seu
709 4535 812 4591 non
869 4517 1567 4591 signiﬁcatur,Cognoscere
1606 4521 1748 4591 quod
1781 4537 1879 4577 ne-

274 4589 474 4650 scierit,
506 4590 772 4664 sedquod
807 4605 915 4664 non
944 4590 1154 4644 locutus
1183 4589 1250 4644 sit
1282 4589 1446 4664 loqui,
1482 4589 1877 4664 utijainattigi-

273 4676 386 4714 mus
427 4677 569 4714 num.
597 4662 689 4723 62,
723 4676 785 4716 ac
811 4661 1110 4716 declaratur
1141 4678 1287 4716 lltlltl.
1319 4662 1407 4718 64.

339 4732 417 4802 (e)
457 4732 776 4786 Particnlant
806 4731 889 4797 ob,
919 4733 1054 4787 male
1085 4749 1112 4785 a
1144 4734 1323 4801 Lipsio
1345 4743 1694 4804 expunctant,
1718 4737 1876 4790 resti-

1982 3392 2124 3448 Deus
2145 3391 2372 3462 simplex
2400 3401 2505 3460 est,
2540 3393 2803 3463 religione
2834 3402 3020 3447 nostra
3051 3391 3428 3463 intelligendus
3459 3400 3543 3446 cst
3563 3433 3578 3458 ,
3634 3399 3641 3422 ‘

1979 3485 2178 3556 pietate
2207 3484 2540 3555 protitendus
2577 3497 2657 3540 eSt
2689 3504 2703 3541 :
2736 3499 2901 3541 sensu
2928 3499 3060 3541 vero
3105 3499 3209 3538 non
3245 3499 3578 3554 persequen-

1979 3578 2078 3634 dus
2109 3588 2226 3646 est,
2255 3580 2350 3636 sed
2383 3580 2722 3646 adorandus;
2752 3581 2878 3651 quia
2909 3589 3100 3635 natura
3130 3579 3402 3634 moderata
3427 3577 3498 3651 (ι’)
3525 3586 3581 3632 et

1979 3671 2240 3738 inﬁrmis,
2288 3683 2494 3728 natura:
2540 3673 2765 3728 inﬁnita:
2809 3681 2865 3728 et
2895 3673 3132 3743 potentis
3175 3679 3580 3728 sacramentum

1977 3764 2345 3836 intelligentiae
2383 3767 2635 3836 opinione
2679 3781 2786 3821 non
2829 3773 3076 3834 occupet.
3118 3763 3196 3839 (ὅ)
3229 3765 3311 3836 (g)
3341 3762 3461 3816 Non
3497 3769 3582 3816 est

2173 3902 2296 3958 Non
2345 3915 2419 3959 est
2461 3905 2631 3976 itaque
2679 3904 2893 3960 diversis
2951 3904 3242 3976 composita:
3285 3900 3578 3957 substantia:

2050 3988 2109 4029 ιιι
2147 3993 2222 4030 us.

1974 3988 2222 4046 partibus.

1978 4093 2273 4161 marginem
2305 4101 2429 4146 nota
2462 4109 2474 4145 :
2509 4090 2614 4146 Cur
2633 4108 2752 4164 ergo
2781 4102 2884 4146 tam
2913 4091 3076 4145 multa
3114 4091 3384 4159 deﬁnivit?
3413 4092 3575 4161 Qua:-

1980 4179 2102 4218 nam
2129 4180 2288 4234 porro
2311 4164 2400 4218 illa
2429 4176 2530 4218 tam
2554 4165 2713 4218 multa
2735 4164 2996 4229 deﬁnivit,
3022 4165 3112 4234 qui
3141 4165 3224 4220 vix
3249 4164 3318 4219 ab
3345 4165 3446 4218 hoc
3469 4179 3578 4220 uno

1979 4249 2145 4302 sc0po
2173 4234 2424 4299 declinat,
2459 4251 2564 4306 quo
2603 4234 2976 4306 demonstrare
3007 4235 3221 4301 Studet,
3266 4251 3366 4290 nec
3409 4237 3575 4290 Deum

1979 4306 2278 4360 solitarium
2301 4322 2443 4369 esse,
2475 4305 2573 4361 nec
2603 4305 2790 4362 Filium
2815 4323 2846 4360 a
2873 4307 3031 4361 Patre
3061 4307 3202 4362 aliud
3231 4323 3324 4362 seu
3353 4307 3578 4362 alterius

1981 4393 2103 4433 esse
2130 4378 2485 4433 substantiae?
2513 4378 2762 4434 llzeccine
2786 4393 2912 4432 vero
2940 4379 3055 4448 ipse
3076 4379 3358 4434 deﬁnivit?
3383 4381 3578 4434 Annon

1984 4451 2160 4520 potius
2192 4459 2476 4521 utrumque
2497 4451 2788 4520 Scripturis
2809 4461 2995 4519 aperte
3019 4451 3271 4506 traditum
3301 4451 3367 4505 ab
3395 4451 3579 4506 Eccle-

1984 4521 2062 4576 sia
2091 4521 2312 4576 didicit?
2348 4523 2580 4576 Primum
2612 4523 2755 4576 enim
2795 4523 2905 4588 jam
2937 4522 3094 4593 longe
3134 4531 3259 4578 ante
3296 4521 3582 4577 deﬁnierat

1985 4593 2228 4647 Ecclesia
2259 4593 2476 4647 Sabellii
2497 4636 2511 4660 ,
2543 4593 2696 4648 Nocti
2717 4635 2729 4652 .
2763 4593 2982 4647 Praxem
3012 4595 3377 4663 similiumque
3408 4594 3578 4647 Insere—

1985 4664 2213 4718 ticorum
2233 4665 2532 4719 doctrinam
2559 4665 2918 4733 proscribens.
2939 4666 3178 4719 Alterum
3194 4681 3321 4718 vero
3334 4665 3580 4732 proxime

1985 4736 2370 4790 contirmarant
2416 4735 2616 4789 Nica-ni
2670 4736 2855 4789 Patres
2895 4753 2907 4786 :
2947 4737 3086 4804 quod
3139 4736 3345 4803 pridem
3389 4742 3579 4788 contra

276 4806 474 4857 luimus
501 4819 567 4857 ex
601 4804 758 4866 Bad.,
793 4806 887 4858 Er.
921 4815 974 4859 et
1006 4819 1134 4858 mss.
1165 4804 1298 4860 Tum
1329 4821 1390 4860 ne
1415 4815 1463 4860 et
1488 4807 1598 4876 ipse
1631 4822 1729 4859 non
1758 4823 1872 4860 nes-
1897 4814 1950 4874 Ι)
1977 4807 2202 4862 Paulum
2235 4805 2502 4861 Samosat.
2536 4807 2905 4860 declaraverat
2934 4807 3266 4860 Antiocltena
3298 4805 3537 4874 synodus
3558 4846 3572 4865 ,

274 4875 399 4946 ςὶω,
454 4877 502 4929 id
551 4885 668 4936 est,
719 4887 776 4928 ut
825 4886 880 4929 et
937 4877 1052 4946 ipse
1103 4876 1431 4946 intelligatur
1484 4875 1587 4932 non
1638 4880 1866 4932 nescire.

273 4944 326 4998 Id
351 4947 525 5014 ipsmn
549 4947 788 5012 apertius
809 4947 886 5000 sic
906 4944 1244 5016 exprimitur,
1273 4944 1420 5002 num.
1443 4949 1512 5004 75
1537 4966 1550 5000 :
1584 4946 1753 5001 Filius
1773 4949 1871 5002 ita-

271 5033 366 5086 que
393 5021 524 5072 diem
562 5019 754 5072 idcirco
791 5019 910 5088 quia
953 5027 1101 5082 taret,
1135 5020 1332 5072 nescit:
1375 5029 1420 5072 et
1464 5019 1672 5074 Patrem
1704 5022 1871 5074 solum

274 5089 461 5144 idcirco
487 5092 618 5143 scire
636 5091 732 5155 ait,
755 5092 876 5158 quia
896 5089 1040 5143 solus
1065 5091 1153 5143 uni
1179 5091 1273 5145 sibi
1296 5107 1396 5144 non
1416 5101 1561 5146 tacet.
1588 5091 1705 5146 Non
1731 5100 1872 5147 tacet

274 5171 451 5215 autem
504 5161 641 5216 Filio
697 5163 884 5222 Pater;
945 5160 1182 5229 alioquin
1232 5163 1320 5233 qui
1371 5177 1492 5217 eum
1547 5164 1871 5232 intelligeret

275 5233 434 5286 scire.
467 5233 630 5288 Filius
663 5247 791 5288 vero
819 5241 976 5295 tacet,
1001 5233 1124 5302 quia
1155 5235 1232 5288 sic
1259 5236 1302 5288 a'
1320 5233 1474 5290 Patre
1501 5235 1785 5298 didicerat,
1812 5244 1869 5289 ut

275 5305 434 5380 simul
485 5307 766 5380 tacendum
792 5305 1064 5380 didicerit,
1093 5307 1234 5380 quod
1257 5307 1578 5375 expediebat
1613 5309 1868 5380 ignorari.

277 5377 392 5432 lluc
416 5390 612 5450 spectat
636 5379 764 5433 illud
784 5377 1069 5446 Augustini
1097 5377 1272 5433 Serm.
1289 5395 1428 5450 nunc
1452 5396 1616 5444 xci-tl,
1635 5377 1729 5435 int
1756 5399 1768 5435 :
1791 5379 1874 5434 Ne

276 5449 548 5522 carnaliter
570 5453 827 5522 sapientes
848 5460 1083 5520 putemus
1112 5451 1309 5519 aliquid
1345 5449 1552 5522 Patrem
1583 5456 1714 5506 scire
1738 5452 1875 5522 quod

274 5523 469 5576 nesciat
488 5520 680 5578 Filius.
718 5520 857 5576 Nam
881 5522 1054 5588 utique
1074 5538 1185 5574 cum
1218 5523 1378 5587 dixit,
1411 5521 1570 5577 Pater
1599 5525 1730 5585 scit,
1752 5520 1875 5578 ideo

274 5594 376 5666 lioc
405 5593 548 5661 dixit,
580 5597 700 5666 quia
725 5607 772 5649 et
787 5595 854 5666 _i_n
891 5591 1046 5666 Patre
1078 5590 1248 5647 Filius
1269 5597 1382 5648 scit.
1414 5594 1550 5660 Quid
1570 5597 1705 5649 enim
1726 5606 1800 5650 est
1820 5597 1872 5650 in

274 5665 383 5737 die,
413 5667 543 5734 quod
569 5663 671 5720 non
697 5669 750 5720 in
786 5663 952 5718 Verbo
977 5667 1168 5737 factum
1197 5675 1292 5732 est,
1322 5681 1410 5736 per
1430 5666 1568 5734 quod
1595 5667 1763 5736 {actus
1799 5677 1874 5722 est

275 5735 386 5788 dies
400 5737 428 5788 .9

349 5806 423 5876 (Γ)
461 5807 565 5864 Iloc
609 5817 727 5875 est,
771 5807 932 5863 modo
976 5807 1126 5862 ﬁnito
1163 5816 1536 5877 coangustata.
1580 5809 1790 5878 Erasini
1819 5809 1871 5864 iu

278 5875 534 5935 Hilarium
567 5881 724 5951 paulo
765 5878 1047 5949 ini'quioris
1088 5894 1148 5934 ca
1180 5875 1440 5934 ltactenus
1469 5875 1776 5936 obtinuerat
1803 5879 1870 5934 ad

1981 4882 2088 4932 into
2122 4891 2309 4931 contra
2340 4879 2612 4932 Artemam
2658 4877 2896 4943 aliOSque
2927 4886 3241 4930 constanter
3272 4891 3574 4945 propugna-

1979 4958 2097 5002 rant
2118 4949 2412 5016 Apostolici
2436 4948 2557 5014 viri,
2583 4950 2656 5001 uti
2689 4949 2841 5001 testis
2887 4958 2972 5002 est
3001 4946 3287 5011 Eusebius,
3310 4949 3400 5016 qui
3426 4948 3518 5001 lib.
3545 4965 3577 5002 v

1978 5019 2106 5074 bist.
2136 5035 2186 5074 c.
2209 5021 2302 5082 ‘28,
2326 5029 2575 5074 recenset
2595 5019 2791 5087 scripta
2818 5028 2974 5072 :rtate
2999 5016 3232 5072 Victoris
3259 5027 3314 5072 et
3337 5017 3576 5074 Artema:

1979 5092 2307 5159 antiquiora,
2334 5104 2456 5162 quae
2477 5092 2666 5145 fratres
2688 5096 2800 5142 tum
2828 5099 3013 5162 centra
3035 5099 3223 5162 gentes
3253 5099 3362 5162 tum
3388 5100 3578 5162 contra

1981 5163 2237 5232 temporis
2263 5160 2667 5216 sui‘bmreticos
2697 5175 2792 5229 pro
2817 5161 3112 5216 divinitatis
3145 5160 3345 5216 Christi
3385 5161 3575 5216 defen-

1977 5237 2132 5290 sione
2176 5237 2529 5306 scripserunt.
2559 5234 2756 5290 Verum
2798 5234 3005 5305 judicet
3050 5236 3276 5304 quisque
3321 5235 3372 5288 in
3413 5249 3575 5306 quem

1979 5309 2139 5363 cadat
2163 5305 2534 5364 inconstantia;
2564 5307 2735 5372 labes,
2765 5309 2816 5362 in
2852 5307 3200 5372 llilariumne,
3232 5321 3298 5360 an
3331 5306 3382 5360 in
3412 5305 3578 5361 Eras-

1980 5396 2158 5444 mum;
2191 5381 2300 5450 qui,
2331 5381 2424 5434 lib.
2459 5395 2516 5444 ιι,
2551 5379 2692 5432 illius
2721 5379 2772 5432 in
2805 5379 3089 5450 scribendo
3105 5392 3368 5450 summam
3393 5380 3580 5432 mode-

1979 5455 2137 5506 stiam
2162 5449 2492 5519 admiratus,
2527 5465 2646 5505 eam
2693 5450 2778 5504 bis
2803 5450 2982 5504 verbis
3025 5449 3338 5504 imitandam
3381 5464 3582 5520 propo-

1981 5524 2088 5579 suit
2111 5541 2126 5578 :
2151 5524 2306 5590 Audi,
2330 5525 2570 5594 deﬁnitor
2591 5522 2870 5576 temerarie.
2900 5520 3066 5575 Nobis
3077 5535 3206 5594 vero
3229 5520 3348 5594 prius
3374 5521 3578 5594 Praesul

1983 5611 2244 5666 nusquam
2271 5590 2415 5650 visus
2446 5605 2531 5650 est
2559 5595 2845 5666 immemor
2870 5607 3029 5662 quam
3074 5590 3343 5646 imbecilla
3381 5593 3454 5646 sit
3481 5596 3581 5666 bu-

1985 5665 2141 5722 mania
2172 5669 2329 5722 ratio.
2365 5665 2736 5720 Inﬁrmitatem
2768 5665 2908 5718 illius
2938 5669 3252 5718 constanter
3281 5667 3353 5716 ob
3392 5665 3580 5720 oculos

1985 5738 2154 5809 ponit,
2185 5747 2244 5793 ut
2274 5740 2446 5794 discat
2474 5737 2637 5793 homo
2669 5749 2774 5790 non
2804 5737 2914 5791 suis
2941 5736 3140 5800 sensis,
3175 5733 3270 5790 sed
3300 5735 3395 5790 Dei
3421 5736 3581 5793 dictis

1978 5811 2360 5953 "imiimi
2374 5881 2504 5938 mss.
2524 5895 2645 5938 cum
2663 5841 3033 5944 Bad.,Nonest
3046 5879 3214 5949 itaque
3227 5861 3437 5934 diversis
3448 5847 3560 5932 com
3573 5921 3595 5934 .
