4094 6180
316 298 401 353 5η
1537 293 1626 352 DE
1651 292 2027 354 THINITA'I‘E
2056 297 2257 356 LIBER
2289 301 2379 357 IX.

3500 321 3607 378 542

310 429 428 472 vero
454 410 748 468 nativitatis
778 410 1097 481 plerumque
1129 409 1521 467 demonstratio
1547 419 1632 468 est
1659 411 1899 468 adhibita
1926 416 1976 478 Α
2006 425 2134 471 sunt
2179 417 2471 475 secundum
2521 433 2706 476 aurem
2751 421 3081 482 intellexisse
3136 429 3346 487 nescire
3374 431 3601 498 Filium;

311 522 568 578 personae,
595 520 718 561 cum
745 503 942 560 dicitur
969 523 983 561 :
1016 503 1138 560 Non
1159 507 1272 561 veni
1297 507 1612 561 voluntatem
1634 523 1797 563 meam
1818 513 1898 580 fa-

307 616 440 668 cere,
473 599 564 654 sed
593 597 904 652 roluntatem
932 600 1045 671 ejus
1067 597 1158 668 qui
1186 614 1265 652 me
1287 599 1426 654 misit
1447 598 1630 670 (Joan.
1662 615 1746 667 vr,
1780 601 1895 670 '58).

309 693 474 750 Patris
503 693 836 748 voluntatem
855 733 870 758 ,
911 708 1018 746 non
1051 707 1203 748 suam
1233 694 1358 749 lacit
1386 712 1400 748 :
1429 693 1555 749 dum
1584 709 1680 765 per
1706 695 1898 750 volun-

311 796 462 842 tatem
491 784 634 855 eius,
665 785 752 855 qui
781 798 842 839 se
882 785 1065 849 misit,
1101 784 1369 855 signiﬁcat
1397 795 1451 840 et
1478 786 1713 841 Patrem.
1746 787 1900 854 Quod

307 888 479 933 autem
510 877 564 932 id
599 878 772 946 ipsum
803 876 969 942 velit,
999 892 1103 930 non
1134 875 1385 948 ambigue
1408 879 1644 934 ostendit
1664 878 1850 934 dicens
1882 897 1896 932 :

311 970 482 1034 Pater,
514 987 640 1040 quos
669 969 795 1023 mihi
831 968 1052 1033 dedisti,
1086 969 1200 1024 volo
1231 980 1283 1022 ut
1322 970 1407 1024 ubi
1437 987 1530 1040 ego
1565 987 1712 1037 sum,
1743 981 1788 1025 et
1824 971 1903 1026 illi

307 1066 402 1120 sint
426 1081 623 1118 mecum
649 1061 827 1135 (Joan.
858 1078 990 1129 xvu,
1015 1061 1133 1132 24).
1154 1063 1289 1118 Cum
1318 1079 1448 1134 ergo
1466 1064 1625 1120 Pater
1653 1066 1779 1121 velit
1802 1081 1902 1122 nos

305 1174 418 1213 eum
445 1156 666 1212 Christo
689 1171 831 1220 esse,
863 1157 914 1210 in
940 1171 1048 1225 quo
1073 1155 1369 1212 secundum
1393 1157 1712 1226 Apostolum
1741 1160 1905 1229 elegit

306 1269 394 1308 nos
421 1261 551 1306 ante
575 1251 1016 1306 constitutionem
1049 1250 1256 1315 mundi,
1288 1259 1342 1305 et
1370 1250 1544 1320 ipsum
1580 1251 1706 1306 illud
1736 1252 1902 1307 Filius

306 1348 453 1412 velit,
479 1345 690 1401 scilicet
715 1359 838 1399 esse
869 1359 968 1400 nos
994 1359 1177 1398 secum
1213 1341 1431 1414 (Ep/tes.
1460 1359 1498 1408 i,
1528 1342 1621 1416 i);
1653 1345 1904 1400 voluntas

302 1442 361 1496 ad
394 1450 648 1495 naturam
675 1437 867 1495 eadem
897 1447 1009 1506 est,
1042 1453 1162 1509 qua
1189 1439 1255 1492 ad
1289 1438 1584 1493 nativitatis
1629 1440 1902 1510 signiﬁca-

303 1540 502 1593 tionem
524 1535 870 1606 distinguitur
891 1534 972 1608 (i)
993 1533 1072 1607 (α)
1101 1536 1150 1588 in
1174 1534 1471 1590 voluntate.

367 1630 458 1685 75.
503 1627 638 1684 Eum
669 1643 768 1684 non
798 1628 1123 1692 nescientem,
1170 1628 1260 1681 sed
1289 1643 1352 1682 ex
1396 1628 1782 1699 dispensatione
1825 1638 1902 1682 ta.

300 1732 491 1778 sentem
523 1720 882 1776 intellexerunt
921 1721 1178 1790 Apostoli.
1211 1749 1283 1761 —
1311 1721 1427 1776 Non
1475 1722 1656 1792 itaque
1696 1724 1906 1794 ignorat

2007 525 2129 565 cum
2157 510 2262 582 ipsi
2289 526 2413 568 eum
2441 521 2714 585 tamquam
2740 517 3004 574 scientem
3031 534 3221 577 rursus
3246 523 3603 597 interrogent.

2005 601 2111 658 Sed
2136 614 2536 660 sacramentum
2565 606 2863 675 nesciendi,
2892 609 3351 681 dispensationem
3372 632 3494 673 esse
3523 619 3606 672 iu—

2005 695 2311 766 telligentes
2337 696 2498 770 317
2527 701 2770 767 tacendi,
2806 717 2948 758 nunc
2992 714 3113 775 post
3149 712 3605 767 resurrectionem

2005 787 2263 857 loquendi
2294 797 2506 860 tempus
2540 791 2651 861 jam
2691 794 3019 852 arbitrantes
3050 813 3205 865 esse,
3248 801 3606 875 interrogant.

2005 879 2185 950 Atque
2231 880 2337 935 illis
2373 881 2538 936 Filius
2585 899 2689 939 non
2717 884 2824 955 jam
2853 902 2913 942 se
2940 890 3150 946 nescire
3193 892 3294 958 ait;
3327 896 3420 949 sed
3463 898 3607 967 quod

2007 973 2148 1027 scire
2175 988 2281 1026 non
2323 975 2396 1027 sit
2424 989 2634 1041 eorum,
2673 976 2747 1047 (ε)
2777 980 2901 1048 quia
2935 981 3096 1036 Pater
3127 984 3177 1036 in
3213 995 3478 1053 potestate
3513 1007 3607 1045 sua

2007 1068 2267 1135 posuerit.
2302 1066 2359 1121 Si
2405 1067 2584 1138 itaque
2614 1068 2862 1139 Apostoli
2893 1071 3027 1140 hoc,
3056 1078 3198 1146 quod
3229 1083 3398 1136 nescit
3440 1082 3609 1141 Filius

2007 1158 2172 1226 diem,
2206 1159 2665 1229 dispensationem
2688 1178 2808 1218 esse
2837 1166 3158 1237 intelligunt,
3193 1186 3296 1226 non
3328 1175 3612 1230 infirmita-

2007 1260 2150 1318 tem;
2181 1267 2280 1306 nos
2301 1251 2497 1307 Filium
2528 1255 2598 1309 ob
2621 1257 2672 1310 id
2707 1268 2911 1312 tantum
2946 1259 3089 1314 diem
3121 1262 3349 1319 dicimus
3378 1271 3610 1334 nescire,

2008 1359 2077 1398 ne
2105 1343 2249 1398 Deus
2275 1344 2384 1398 sit?
2414 1361 2535 1399 cum
2564 1347 2704 1401 diem
2745 1348 2905 1403 Pater
2938 1351 3077 1405 Deus
3107 1353 3311 1409 ideirco
3343 1357 3394 1411 in
3428 1371 3608 1429 potes-

2009 1445 2118 1492 tate
2150 1452 2246 1491 sua
2271 1440 2531 1507 posuerit,
2567 1455 2635 1495 ne
2662 1439 2729 1494 ad
2759 1443 3039 1496 scientiam
3075 1444 3324 1501 humanae
3350 1452 3613 1522 cognitio-

2009 1530 2094 1584 nis
2123 1531 2380 1586 evaderet
2409 1549 2421 1584 :
2455 1544 2509 1587 et
2538 1533 2706 1588 Filius
2737 1544 2862 1589 ante
2902 1535 3288 1609 interrogatus,
3318 1544 3527 1599 nescire
3554 1561 3613 1600 se

2008 1622 2198 1678 dicens
2225 1639 2369 1678 nunc
2396 1639 2608 1680 rursum
2638 1643 2743 1681 non
2774 1642 2833 1683 se
2877 1631 3085 1685 nescire
3127 1635 3483 1703 respondeat,
3515 1638 3611 1693 sed

2009 1731 2195 1771 eorum
2227 1733 2348 1772 esse
2389 1720 2626 1785 nescire;
2676 1720 2892 1776 Patrem
2939 1738 3070 1778 vero
3116 1736 3357 1797 tempora
3406 1747 3510 1785 non
3559 1733 3612 1787 in

301 1815 505 1882 Filius,
549 1813 692 1886 quod
737 1830 844 1869 non
894 1813 1104 1884 ignorat
1154 1814 1340 1880 Pater;
1375 1830 1550 1884 neque
1579 1816 1706 1885 quia
1754 1817 1901 1872 solus
1929 1828 1978 1888 Β
2009 1811 2230 1869 scientia
2278 1828 2409 1879 sua,
2457 1813 2553 1868 sed
2599 1814 2650 1870 in
2683 1824 2947 1885 potestate
2993 1819 3278 1887 posuisse?
3327 1822 3455 1878 Nam
3488 1841 3610 1880 cmn

298 1907 457 1964 Pater
490 1908 624 1974 scit,
653 1906 855 1962 idcirco
895 1907 1064 1962 nescit
1096 1914 1154 1962 et
1181 1905 1349 1962 Filius
1381 1925 1396 1962 :
1437 1924 1559 1962 cum
1603 1910 1654 1963 in
1695 1909 1900 1966 unitate

299 2012 502 2058 natum
559 2000 720 2056 Pater
762 2008 818 2057 et
853 1999 1022 2055 Filius
1061 2012 1350 2067 maneant;
1400 2001 1543 2072 quod
1582 2010 1761 2057 autem
1810 2002 1901 2058 Fi-

297 2094 394 2148 lius
441 2092 688 2159 nesciat,
739 2091 791 2145 in
827 2107 936 2162 quo
987 2105 1177 2148 omnes
1229 2091 1465 2148 thesauri
1518 2094 1798 2163 sapientia:
1847 2105 1901 2150 et

297 2186 537 2242 scientia:
593 2185 896 2240 absconditi
946 2186 1090 2252 sint,
1146 2185 1354 2242 tacendi
1399 2185 1731 2256 dispensatio
1773 2187 1844 2243 sit
1885 2206 1900 2244 :

297 2280 429 2333 sicut
468 2277 589 2348 ipse
632 2276 894 2332 Dominus
943 2285 1170 2333 testatus
1212 2285 1332 2343 est,
1367 2291 1489 2332 cum
1535 2278 1899 2347 quaerentibus

298 2371 574 2442 Apostolis
597 2369 667 2426 de
699 2371 1033 2440 temporibus
1058 2371 1339 2442 respondit
1367 2387 1386 2426 :
1419 2369 1540 2426 Non
1563 2382 1635 2427 est
1677 2383 1899 2428 vestrum

296 2465 424 2517 scire
463 2474 698 2533 tempora
735 2463 814 2535 (2)
849 2461 924 2536 (ὁ)
960 2464 1036 2519 cel
1076 2473 1358 2531 momenta,
1401 2481 1516 2534 qua:
1547 2465 1704 2521 Pater
1735 2467 1900 2536 posuit

298 2558 346 2610 in
393 2573 498 2611 sua
549 2565 798 2626 potestate
825 2554 846 2628 (
869 2557 980 2611 Act.
1010 2573 1069 2624 ι,
1104 2557 1182 2628 7).
1215 2555 1461 2627 Cognitio
1503 2568 1728 2628 negatur
1760 2577 1774 2613 :
1809 2576 1902 2615 ne-

297 2664 402 2719 que
453 2648 632 2702 solum
687 2659 931 2719 negatur,
987 2649 1082 2705 sed
1131 2657 1186 2704 et
1227 2650 1530 2706 sollicitudo
1578 2653 1900 2722 cognitionis

298 2741 596 2807 inhibetur,
630 2756 753 2796 cum
794 2743 935 2798 scire
965 2743 1079 2798 haec
1125 2752 1363 2814 tempora
1408 2761 1512 2799 non
1558 2755 1642 2801 est
1688 2739 1898 2803 eorum.

301 2832 406 2902 Ipsi
458 2844 609 2890 certe
658 2850 801 2891 nunc
853 2845 975 2906 post
1033 2838 1479 2894 resurrectionem
1533 2839 1601 2894 de
1647 2843 1904 2911 tempori-

301 2927 401 2982 bus
455 2927 824 2999 interrogant,
879 2931 1073 2999 quibus
1128 2940 1257 2985 ante
1314 2931 1766 3002 interrogantibus
1819 2932 1903 2987 di-

300 3031 448 3076 ctum
479 3031 598 3089 est,
631 3037 700 3078 ne
741 3021 936 3078 Filium
975 3023 1194 3094 quidem
1233 3023 1375 3080 scire
1406 3041 1419 3078 :
1452 3039 1554 3080 nec
1582 3026 1752 3083 videri
1783 3042 1904 3098 pos-

369 3159 460 3234 (l)
498 3157 567 3234 ξι
599 3161 815 3216 volente.

372 3232 462 3306 (2)
501 3232 620 3288 Non
651 3240 829 3289 exstat
857 3233 935 3288 vel
963 3242 1221 3290 momenta
1250 3235 1303 3289 in
1328 3242 1513 3290 nostro
1539 3235 1750 3294 codice.

372 3394 455 3468 (a)
487 3395 565 3450 ita
590 3398 800 3468 optime
822 3405 963 3451 nota:
992 3411 1122 3450 mss.
1149 3395 1256 3451 duo
1280 3395 1462 3462 Colb.,
1484 3394 1672 3460 Carm,
1697 3396 1906 3465 Germ.,

301 3466 577 3532 Sorbon..
610 3466 746 3524 Vict.
780 3467 1082 3524 faventibus
1115 3469 1236 3523 aliis
1263 3483 1356 3523 sex
1377 3509 1392 3536 ,
1423 3470 1474 3522 in
1511 3471 1703 3540 quibus
1730 3479 1909 3525 tamen

304 3541 452 3600 male
477 3549 675 3603 eXSIat,
709 3556 809 3592 non
836 3540 1168 3612 distinguitur
1188 3546 1239 3594 in
1267 3544 1538 3594 voluntate.
1570 3543 1636 3594 At
1658 3541 1820 3596 (ἔοι-ι).
1846 3557 1911 3598 ac

304 3614 466 3690 pauci
498 3612 588 3667 alii
618 3627 739 3666 cum
773 3614 1031 3684 vulgatis,
1065 3615 1116 3667 in
1154 3615 1360 3668 volente.
1402 3618 1732 3686 Quamquam
1763 3619 1912 3673 salvo

302 3702 356 3746 et
398 3693 614 3762 integro
649 3705 810 3748 sensu
845 3708 1127 3750 removere
1156 3694 1346 3748 liceret
1379 3694 1493 3749 sive
1534 3694 1586 3748 in
1622 3695 1908 3762 voluntate,

303 3765 426 3819 sive
449 3765 504 3816 in
532 3765 746 3817 volente.

380 3834 460 3907 (b)
504 3835 553 3890 Α
577 3851 708 3889 mss.
740 3845 1052 3892 constanter
1079 3835 1230 3891 abest
1256 3836 1333 3892 vel
1363 3847 1615 3890 momenta
1637 3880 1649 3898 .
1683 3839 1821 3892 sicut
1857 3849 1913 3896 et

305 3908 454 3982 apud
485 3910 841 3982 Augustinum
873 3911 1033 3977 epist.
1066 3923 1256 3982 cxcvn_
1279 3920 1330 3962 et
1353 3923 1528 3982 _C.\CIX
1557 3908 1622 3962 ad
1649 3909 1908 3982 Hesyeh.,

307 3978 648 4051 quiquitletn
681 3980 838 4048 epist.
883 3995 1092 4044 cvcvn,
1135 3997 1187 4032 n.
1228 3979 1284 4039 ‘2,
1317 3979 1567 4033 observat
1602 3978 1776 4049 graece
1809 3982 1912 4051 legi

310 4050 547 4128 χρόνους
571 4049 602 4108 ii
642 4053 848 4127 καιρούς
879 4069 892 4104 :
928 4051 1110 4128 Nostri
1148 4061 1346 4112 autent,
1393 4051 1555 4128 inquit
1578 4092 1592 4116 ,
1639 4049 1912 4128 utrumque

309 4121 414 4176 hoc
443 4121 646 4174 verbum
678 4121 904 4193 teinpora
929 4124 1220 4193 appellant,
1253 4139 1369 4175 cum
1399 4122 1612 4176 habeant
1643 4123 1752 4176 lucc
1780 4125 1914 4178 inter

311 4210 363 4272 se
386 4210 494 4245 non
524 4193 1264 4272 negligenda":_di/]'erentiam,
1292 4198 1500 4272 npttpouc
1522 4195 1710 4262 quippe
1735 4197 1914 4272 appelj

313 4267 430 4319 lant
473 4273 706 4328 tempora
733 4281 846 4335 qua:
879 4267 933 4320 in
971 4266 1116 4319 rebus
1157 4265 1224 4317 ad
1263 4265 1460 4332 aliquid
1495 4265 1794 4332 opportunis
1842 4268 1917 4321 vel

312 4338 626 4412 importunis
652 4338 952 4401 sentiuntur,
980 4349 1035 4390 ut
1060 4337 1260 4412 messis,
1286 4354 1407 4412 pax,
1443 4337 1666 4402 bellum;
1695 4338 1918 4412 χρόνους·

313 4418 488 4481 atrurn
512 4408 628 4477 ipsa
650 4421 933 4478 (corporum
953 4411 1138 4481 spatia.
1166 4409 1463 4477 Hesychius
1487 4419 1663 4462 tamen
1690 4408 1916 4481 epistola

314 4479 462 4547 apud
495 4481 743 4535 eumdem
770 4479 1124 4550 Augustinum
1156 4481 1425 4549 praedictis
1450 4480 1768 4534 intermedia
1792 4483 1919 4550 legit

316 4562 552 4620 tempora
595 4550 672 4622 vel
711 4562 963 4606 momenta
997 4569 1015 4606 :
1042 4568 1200 4622 quam
1247 4550 1529 4605 lectionem
1565 4551 1765 4605 Hilario
1810 4569 1915 4608 non

318 4623 560 4693 ignotam
588 4621 752 4678 fuisse
779 4625 950 4691 palam
984 4621 1124 4678 me:
1151 4623 1426 4691 subjectis.

395 4693 471 4764 (ο)
505 4692 594 4748 Sic
622 4709 750 4749 mss.
780 4695 850 4748 At
871 4696 1021 4758 editi,
1048 4710 1161 4764 qua:
1183 4694 1356 4749 Pater.

397 4767 476 4850 (τι)
505 4765 638 4850 diale
665 4767 899 4822 coltzeret
915 4768 1049 4850 illud
1081 4785 1180 4850 non
1207 4784 1358 4850 ergo:
1387 4767 1671 4850 cumaliud
1701 4783 1920 4850 prorsus

317 4837 694 4898 Concludatur,
725 4856 883 4910 quam
915 4837 966 4892 in
995 4838 1364 4910 superioribus
1393 4837 1552 4894 fuerit
1589 4839 1914 4896 conlectum.

318 4910 439 4964 lino
506 4921 744 4979 pugnare
818 4911 1030 4965 videtur
1104 4911 1218 4965 hzt-c
1263 4912 1536 4965 conclusio
1585 4925 1706 4966 cum
1764 4913 1918 4969 dictis

322 4994 478 5036 num.
509 4981 580 5036 58
605 5019 619 5044 ,
650 4981 736 5036 ubi
770 4983 1004 5039 Hilarius
1033 4983 1174 5036 diem
1205 4983 1352 5036 illum
1380 4998 1406 5033 a
1430 4980 1647 5036 Christo
1687 4985 1917 5051 ignorari

321 5066 490 5123 posse
531 5062 723 5122 negat,
769 5074 876 5110 non
909 5055 1081 5109 solum
1112 5053 1234 5122 quia
1264 5064 1562 5123 temporum
1605 5067 1792 5108 auctor
1834 5066 1919 5112 est

321 5136 386 5181 ut
412 5125 642 5182 Verbum
669 5165 686 5189 ,
720 5129 813 5183 sed
853 5126 972 5199 quia
1004 5125 1296 5199 secundum
1329 5128 1640 5199 mysterium
1673 5141 1916 5196 assump-

324 5207 397 5252 ιω
426 5199 606 5255 carnis
637 5202 701 5256 atl
735 5197 1147 5270 eum—pertinet,
1180 5207 1234 5251 et
1267 5197 1433 5265 ipsius
1460 5198 1572 5251 dies
1601 5207 1704 5264 est,
1734 5200 1782 5251 in
1816 5216 1920 5268 qua

322 5278 588 5326 venturus
623 5283 706 5329 est
753 5272 996 5340 judicare
1043 5270 1191 5322 vivos
1237 5278 1287 5322 et
1338 5280 1599 5322 mortuos.
1657 5272 1920 5336 Quocirca

325 5342 609 5399 minutiori
653 5347 969 5400 charactere
1017 5340 1389 5408 distinguenda
1439 5341 1746 5394 censuimus
1801 5358 1922 5410 qua;

327 5425 627 5484 sequuntur
648 5461 666 5484 ,
695 5415 927 5471 maxime
947 5430 1066 5470 cmn
1101 5426 1204 5465 non
1229 5418 1440 5484 exstent
1467 5411 1676 5484 ἱιυῐνε.
1704 5411 1922 5481 optimm

331 5479 478 5539 mlite
505 5479 846 5544 Colbertinus
877 5488 1081 5550 tribus,
1112 5482 1426 5535 (larnntensi
1454 5524 1468 5548 ,
1499 5479 1682 5537 Germ.
1716 5479 1768 5536 et
1791 5485 1920 5538 Sor-

335 5556 465 5610 lion.
520 5558 596 5612 Ea
645 5570 825 5616 tamen
881 5573 979 5613 suo
1027 5572 1055 5608 c
1082 5554 1202 5608 loco
1233 5569 1338 5606 non
1371 5554 1634 5606 tinivimus
1666 5570 1922 5622 prorsus.

335 5627 460 5696 quia
484 5640 540 5683 et
567 5634 618 5686 in
647 5631 968 5701 perantiquo
997 5624 1182 5701 codice
1214 5624 1445 5701 basilicae
1472 5623 1762 5701 Vaticana',
1790 5626 1933 5701 Mar-

349 5694 550 5758 tiniano
579 5747 591 5764 ,
639 5694 957 5759 Corheieiisi
981 5744 994 5765 ,
1036 5699 1262 5764 aliisque
1307 5694 1570 5750 habentur
1592 5737 1606 5761 ,
1634 5707 1685 5749 et
1715 5697 1782 5752 ab
1819 5699 1934 5752 aliis

347 5773 527 5835 Hilarii
577 5775 758 5832 verbis
807 5792 900 5845 per
949 5788 1009 5845 se
1041 5776 1165 5822 sunt
1190 5767 1318 5820 satis
1355 5767 1716 5845 discreta.
1762 5769 1938 5845 simile

347 5851 470 5918 quid
515 5849 608 5908 lib.
643 5864 697 5918 x,
729 5865 782 5904 n.
807 5838 872 5918 ’8,
907 5843 1191 5908 haberent,
1221 5838 1616 5908 suspicaremur
1636 5840 1935 5912 librarium,

1933 3164 1980 3227 C

2007 1906 2122 1960 dies
2153 1915 2209 1960 et
2234 1915 2570 1961 momentum
2612 1908 2750 1962 intra
2795 1919 3099 1978 temporum
3144 1927 3340 1970 nomen
3371 1918 3472 1983 sit;
3503 1935 3612 1974 non

2007 2007 2186 2071 potest
2213 2000 2380 2054 videri
2409 2001 2574 2072 318
2597 2001 2738 2057 diem
2765 2011 2821 2058 et
2846 2015 3178 2062 momentum
3208 2009 3525 2066 restituendi
3559 2015 3613 2068 in

2007 2108 2229 2164 regnum
2265 2093 2426 2148 Israel
2445 2097 2560 2164 ipse
2583 2097 2693 2162 ille,
2709 2098 2798 2168 qui
2826 2100 3171 2157 restituturus
3191 2119 3313 2158 eum
3337 2115 3440 2170 est,
3458 2107 3610 2178 igno-

2007 2205 2148 2245 rare.
2183 2189 2291 2245 Sed
2325 2205 2423 2244 nos
2464 2191 2531 2246 ad
2578 2191 2986 2265 intelligentiam
3033 2201 3328 2257 nativitatis
3366 2219 3478 2258 sua:
3520 2222 3618 2273 per

2009 2286 2380 2354 exceptionem
2423 2294 2663 2356 pateram
2705 2291 2986 2358 potestatis
3022 2292 3311 2362 erudiens,
3342 2312 3516 2368 neque
3555 2313 3616 2354 se

2008 2378 2220 2434 nescire
2266 2378 2547 2450 respondit
2577 2397 2590 2433 :
2623 2389 2677 2435 et
2718 2381 3031 2439 facultatem
3078 2386 3212 2456 ipsis
3241 2389 3480 2444 scientiae
3508 2408 3614 2446 non

2011 2486 2325 2528 concessam
2351 2487 2470 2528 esse
2492 2473 2892 2543 demonstrans,
2915 2476 2966 2530 id
2992 2477 3166 2548 ipsum
3195 2480 3246 2535 in
3275 2494 3616 2538 sacramento

2012 2573 2250 2635 paternte
2280 2563 2560 2634 potestatis
2588 2566 2885 2622 consistere
2915 2576 2997 2622 est
3026 2569 3323 2640 professus.

2085 2660 2163 2730 (5)
2193 2658 2270 2731 (d)
2300 2659 2414 2714 Non
2444 2674 2594 2731 ergo,
2626 2660 2750 2730 quia
2781 2663 2993 2718 nescire
3021 2679 3080 2718 se
3109 2663 3253 2720 diem
3278 2677 3333 2722 et
3362 2683 3611 2724 momen-

2013 2761 2125 2806 tum
2157 2752 2322 2806 Filius
2350 2750 2498 2817 dicit,
2535 2752 2749 2807 nescire
2781 2752 3088 2809 credendus
3115 2768 3218 2825 est,
3250 2756 3406 2814 sicuti
3436 2776 3611 2832 neque

2011 2857 2132 2898 cum
2163 2844 2456 2898 secundum
2487 2843 2757 2899 hominem
2799 2856 2891 2900 aut
2931 2846 3025 2902 llct
3051 2891 3064 2915 ,
3113 2857 3212 2904 aut
3251 2849 3488 2919 dormit,
3521 2862 3615 2908 aut

2014 2935 2183 2990 tristis
2211 2945 2314 3001 est,
2349 2935 2494 2990 Deus
2520 2936 2786 2992 obnoxius
2814 2952 2934 2994 esse
2965 2950 3057 2995 aut
3084 2941 3340 3015 lacrymis
3360 2986 3374 3012 ,
3421 2943 3492 3016 (e)
3523 2955 3615 3002 aut

2013 3029 2213 3095 timori,
2242 3040 2333 3084 aut
2359 3044 2553 3085 somno
2583 3041 2664 3086 est
2693 3031 3068 3090 confitendus:
3109 3037 3204 3091 sed
3235 3038 3383 3094 salva
3413 3037 3614 3111 linige-

2085 3166 2164 3243 (ἔξ)
2195 3166 2326 3235 Qua:
2352 3166 2757 3243 subsequuntur
2786 3183 2960 3243 usque
2979 3169 3239 3243 adﬁnem
3263 3213 3279 3238 ,
3324 3175 3613 3243 perspicue

2017 3239 2339 3294 exhibentur
2359 3255 2388 3292 a
2406 3242 2769 3294 vetustissimo
2784 3239 3044 3296 Ecclesiae
3057 3239 3382 3299 Veronensis
3404 3239 3614 3304 codice.

2017 3411 2178 3469 quem
2226 3395 2279 3451 in
2326 3395 2586 3468 praedicto
2628 3395 2814 3452 codice
2855 3397 3027 3454 sancti
3072 3399 3215 3456 Petri
3253 3405 3611 3467 exscribendo

2019 3485 2210 3540 magna
2239 3484 2393 3540 usmn
2439 3484 2562 3524 esse
2607 3469 2819 3524 licentia
2869 3482 3124 3539 constat,
3175 3473 3291 3530 haec
3334 3481 3496 3533 verba
3543 3483 3609 3538 ad

2019 3539 2329 3600 Graecorum
2359 3539 2711 3595 imitationem
2735 3557 2990 3611 expressa
3015 3543 3307 3602 addidisse.
3337 3550 3481 3606 Sane
3503 3568 3608 3610 non

2020 3618 2178 3688 longe
2209 3615 2275 3667 ab
2305 3614 2384 3669 eis
2413 3611 2677 3667 (“\Sidelll
2709 3615 2823 3667 haec
2849 3612 3039 3695 Cyrilli
3069 3616 3164 3670 lib.
3195 3617 3456 3695 Thesauri
3487 3642 3604 3695 pag.

2018 3699 2117 3754 221
2152 3716 2163 3750 :
2221 3696 2664 3763 Quemadmodum
2707 3695 2804 3748 Ιιοο
2842 3691 2895 3743 in
2935 3711 2987 3747 se
3024 3695 3214 3764 recepit
3253 3691 3524 3762 Christus,
3551 3691 3606 3751 ut

2021 3770 2172 3823 homo
2203 3773 2369 3840 factus
2401 3785 2504 3822 una
2529 3784 2644 3820 cum
2675 3766 2966 3840 hominibus
2987 3767 3226 3833 esut‘iret,
3255 3768 3420 3840 sitiret
3445 3807 3459 3830 ,
3485 3767 3608 3840 reli-

2015 3838 2213 3912 quaque
2241 3850 2516 3911 pateretur,
2546 3854 2662 3912 quw
2683 3838 2744 3890 de
2773 3838 3044 3912 ipso_dict_a
3071 3848 3230 3912 sunt;
3259 3838 3437 3912 eadem
3460 3838 3612 3904 plane

2016 3907 2215 3966 ratione
2242 3907 2357 3964 non
2387 3922 2457 3964 est
2483 3911 2617 3981 quod
2657 3925 2806 3978 quem
2846 3907 3072 3981 offendat
3098 3909 3216 3981 ,ῌδὶΔ
3245 3919 3295 3962 ut
3327 3907 3479 3981 homo
3506 3924 3612 3981 una

2017 4000 2131 4037 cum
2174 3981 2460 4036 hominibus
2496 3977 2776 4054 ignorasse
2831 3979 3051 4054 dicatur.
3108 3977 3309 4054 Ea‘dem
3364 3978 3609 4034 doctrina

2019 4055 2143 4109 licet
2192 4056 2259 4108 ab
2292 4048 2583 4108 Athanasio
2633 4060 2834 4104 asserta
2878 4051 3123 4104 videatur
3159 4048 3252 4104 Or.
3311 4066 3362 4104 iv
3419 4059 3606 4105 contra

2019 4129 2138 4190 Ar.,
2175 4141 2225 4194 p.
2275 4125 2380 4180 494
2407 4132 2460 4178 et
2487 4123 2613 4187 495,
2646 4136 2822 4194 neque
2839 4120 3100 4194 Gregorio
3122 4120 3275 4189 Naz.,
3300 4120 3393 4177 Or.
3421 4137 3606 4194 xxxvi,

2022 4214 2076 4252 η.
2111 4191 2198 4263 6‘2,
2227 4197 2459 4273 aliisque
2491 4191 2866 4273 ηιιιειιίεοπινὶιῆξι⁸
2887 4192 3224 4273 distilicuisse
3247 4209 3287 4273 ;‘
3313 4208 3346 4246 a
3386 4193 3616 4273 Leporio

2023 4262 2200 4322 tamen
2227 4270 2277 4322 in
2303 4262 2501 4331 libello,
2532 4262 2616 4320 cui
2640 4262 2759 4318 cuin
2783 4263 2900 4336 aliis
2922 4265 3238 4332 subscripsit
3261 4262 3610 4336 Augustinus,

2021 4350 2153 4394 tom.
2213 4356 2250 4394 ll
2303 4339 2534 4401 Coucil.,
2571 4352 2676 4392 non
2707 4335 2867 4388 modo
2899 4343 3184 4388 retractata
3215 4375 3230 4400 ,
3275 4335 3370 4391 sed
3399 4343 3454 4389 ct
3480 4350 3612 4389 ana-

2023 4411 2260 4466 themate
2285 4413 2535 4464 damnata
2562 4418 2682 4464 est:
2729 4407 2848 4476 quia
2888 4405 2990 4457 dici
3023 4423 3123 4458 non
3151 4406 3264 4461 licet
3292 4450 3305 4473 ,
3339 4409 3493 4460 etiam
3535 4423 3615 4460 se-

2021 4483 2245 4536 cundum
2283 4482 2580 4546 hominem,
2623 4482 2882 4553 ignorasse
2905 4476 3190 4553 Dominum
3222 4480 3609 4553 prop/letarum.

2025 4555 2132 4608 hno
2181 4555 2446 4626 Cyrillus,
2493 4548 2838 4626 Athanasius,
2870 4548 3068 4618 aliique
3098 4549 3306 4616 Patres,
3354 4551 3399 4605 si
3427 4565 3613 4626 eorum

1949 4649 1996 4708 ι)
2024 4621 2286 4708 sententia
2319 4625 2536 4707 propius
2565 4621 3034 4704 illSpiCiallll‘,“lttlll
3064 4630 3166 4708 tam
3193 4630 3441 4708 assqrtint
3467 4621 3617 4673 ϐΙιι-ἰο

2027 4708 2166 4751 stum
2189 4708 2243 4751 ut
2266 4691 2536 4750 hominem
2558 4691 2741 4750 revera
2768 4693 3026 4747 nesriisse
3052 4692 3192 4745 diem
3216 4691 3420 4760 jndicii,
3451 4705 3613 4760 quam

2027 4771 2126 4838 ipsi
2159 4780 2211 4822 ut
2241 4768 2441 4822 homini
2474 4768 2687 4820 licuisse
2719 4765 2975 4838 singulari
3007 4763 3238 4833 quodam
3268 4761 3499 4838 consilio
3533 4762 3617 4838 tli-

2024 4833 2148 4896 cere
2174 4856 2232 4894 se
2262 4844 2507 4904 nescire;
2540 4853 2712 4908 neque
2743 4837 2810 4890 ab
2835 4836 3066 4908 humana
3102 4846 3286 4908 natura
3307 4875 3320 4897 ,
3350 4833 3501 4902 Cujus
3533 4833 3616 4886 in-

2026 4914 2305 4967 firmitates
2333 4909 2590 4977 susrepit,
2622 4907 2854 4962 alienam
2879 4922 2999 4960 esse
3028 4907 3381 4977 ignorantiam
3410 4921 3422 4955 :
3456 4919 3620 4970 quam

2024 5000 2131 5054 pra:
2159 4999 2218 5038 se
2245 4976 2666 5054 illltltinlniilltuil)
2701 4981 2917 5045 tulerit,
2967 4985 3024 5030 nt
3064 4976 3219 5054 nobis
3269 4984 3614 5054 congrueret.

2022 5047 2197 5121 Atque
2227 5047 2296 5108 ita
2321 5069 2443 5108 cum
2477 5050 2681 5107 Hilario
2709 5061 2913 5109 nostro.
2948 5064 3096 5121 num.
3127 5048 3218 5121 66,
3254 5047 3621 5121 potiustacere

2025 5117 2275 5182 vitientur
2299 5168 2312 5188 ,
2365 5140 2523 5194 quam
2552 5141 2670 5176 eum
2707 5121 2770 5194 iis
2798 5163 2812 5187 ,
2856 5121 2946 5191 qui
2977 5119 3278 5194 Iustiniano
3320 5117 3622 5194 imperante

2025 5198 2294 5254 Christum
2329 5188 2395 5250 ut.
2416 5194 2685 5250 hominem
2714 5188 2988 5262 ignorasse
3020 5191 3383 5246 defendebant
3409 5231 3422 5252 ,
3473 5201 3523 5242 et
3551 5188 3621 5262 ab

2026 5280 2245 5324 auctore
2277 5285 2374 5322 suo
2397 5258 2758 5331 Tltemistiuni,
2786 5263 2851 5316 ab
2877 5279 3062 5318 errore
3091 5263 3324 5334 Aguoitw
3346 5258 3623 5334 cognomi-

2029 5341 2138 5396 nati
2169 5351 2332 5394 snnt:
2385 5350 2568 5393 eontra
2618 5352 2750 5405 quos
2801 5336 2858 5391 S.
2912 5332 3625 5405 Eulogii‘Comtuentarinm

2029 5413 2289 5484 approbat
2317 5409 2609 5480 Gregorius
2635 5402 2778 5484 Papa
2807 5407 2864 5484 i_,
2899 5407 2994 5460 lib.
3027 5402 3124 5484 Vill
3145 5403 3346 5484 ,uepist.
3381 5402 3471 5484 4‘2:
3503 5403 3626 5484 μαι..

2032 5473 2140 5537 sint
2167 5499 2381 5553 quoque
2410 5473 2544 5551 o'pus
2575 5473 2847 5550 Agoliartli
2875 5487 3059 5530 eontra
3087 5473 3340 5539 Felicem,
3371 5473 3462 5553 qui
3485 5473 3628 5553 diem

2039 5545 2221 5624 jndicii
2249 5596 2262 5618 ,
2297 5545 2482 5608 Lazari
2529 5545 2869 5624 sepulcrum,
2904 5561 3184 5624 sermones
3214 5547 3544 5624 pergentium
3575 5545 3630 5598 in

2046 5617 2324 5689 Etntnaus,
2345 5633 2471 5689 elc.,
2503 5617 2959 5679 Chi‘istulatuisse
2985 5617 3343 5672 existimabat.
3367 5617 3497 5671 Vide
3539 5630 3632 5670 no-

2045 5707 2148 5772 lata
2174 5697 2245 5772 ad
2272 5699 2364 5753 lib.
2393 5713 2447 5772 δ,
2479 5697 2613 5772 n-__8-
2676 5766 2689 5772 _
2905 5763 2950 5772 --
3044 5760 3055 5772 .
3449 5760 3478 5772 ..

2119 5769 2188 5841 (ε)
2224 5771 2279 5825 ln
2307 5771 2492 5826 Codice
2526 5767 2642 5824 Vat.
2676 5766 2792 5822 bas.
2817 5772 2869 5820 et
2904 5763 3142 5829 .‘llartin.,
3192 5772 3279 5816 aut
3329 5763 3499 5830 morti,
3528 5772 3636 5814 non

2047 5856 2129 5897 aut
2158 5842 2347 5898 timori.
