4094 6180
480 240 590 299 δίς
1590 258 1605 273 I
1671 241 1917 298 SANCTI
1960 240 2217 297 IllLMiIl
2272 240 2580 300 EPI‘COPI
3122 252 3129 257 '
3679 254 3780 311 5H

484 356 582 413 uiti
612 356 668 411 in
697 371 755 412 se
805 357 1033 412 veritate
1057 399 1072 425 ,
1122 354 1419 411 secundum
1449 354 1630 411 carnis
1675 355 2041 411 infirmitatem
2069 399 2082 423 ,
2114 358 2167 419 Α

485 448 695 520 ﬂetum,
728 467 1003 518 somnum,
1030 451 1289 518 inediam,
1317 452 1461 506 sitim
1482 493 1496 518 ,
1529 452 1937 520 lassitudinem,
1968 469 2085 509 me-

488 554 601 623 tum
624 584 640 611 ,
692 545 806 614 pari
848 558 1071 599 necesse
1100 553 1183 598 est
1221 542 1518 599 secundum
1555 543 1827 598 hominem
1855 555 2043 599 natura
2067 584 2083 610 ,

489 634 596 692 diei
612 648 771 707 atque
783 635 931 693 hora:
947 634 1215 704 professus
1234 650 1357 691 esse
1378 635 1708 706 intelligatur
1731 636 2086 693 inscientiam.
2109 650 2123 660 '

2263 369 2308 412 et
2333 360 2552 432 angelici
2577 362 2845 417 ministerii
2860 366 3150 436 expendens
3171 384 3377 438 causas,
3402 372 3518 425 enni
3540 386 3640 425 non
3663 371 3776 437 sibi,

2261 454 2351 507 sed
2389 453 2648 523 Apostolis
2680 457 2873 511 tristem
2920 459 3080 529 fuisse
3104 502 3119 525 ,
3168 477 3372 529 orasse,
3428 471 3474 518 et
3505 463 3567 517 ab
3598 464 3782 534 Angela

2263 546 2605 611 confortatum
2631 564 2741 602 esse
2771 565 3079 622 propugnat.
3128 551 3263 606 Tum
3307 555 3534 622 quinque
3572 558 3784 610 numeris

2263 637 2583 709 sequentibus
2609 651 2813 694 enarrat
2834 658 2945 711 qua:
2965 641 3198 698 Christus
3226 647 3277 698 in
3300 645 3543 716 passione
3561 645 3782 718 praebue-

806 775 970 847 319
983 774 1167 847 -320
1215 773 1416 829 LIBER
1456 773 1770 833 DECIMUS.

493 912 654 969 Totus
680 922 751 968 est
782 912 1028 968 adversus
1057 930 1162 980 eos,
1192 916 1281 986 qui
1308 913 1508 969 nullam
1547 916 1599 969 in
1629 913 1836 970 Christo
1872 916 2093 972 colentes

562 1024 671 1062 esse
709 1007 1087 1074 substantiam,
1143 1024 1258 1079 qua:
1295 1025 1398 1063 non
1446 1010 1499 1063 in
1560 1012 1797 1082 passione
1846 1012 2093 1078 doluerit,

564 1100 760 1153 nullam
802 1116 917 1170 qua:
955 1099 1016 1153 ab
1047 1104 1212 1154 esurie
1236 1142 1249 1161 ,
1278 1102 1365 1155 siti
1390 1142 1405 1164 ,
1434 1102 1644 1156 tristitia
1663 1144 1679 1169 ,
1713 1104 1894 1157 timore
1926 1102 2098 1158 aliena

568 1198 672 1265 [net
687 1195 748 1259 it,
775 1193 970 1248 divina:
1002 1194 1351 1264 prolessioois
1381 1206 1692 1267 natumque
1717 1196 2094 1263 immemores,

568 1287 634 1340 ad
680 1298 1057 1358 argumentum
1116 1287 1408 1357 impietatis
1463 1304 1574 1343 sum
1614 1330 1629 1353 ,
1679 1288 2101 1358 dispensationis

568 1387 719 1449 gesta
750 1389 805 1434 et
828 1378 968 1433 dicta
1000 1388 1285 1433 tenuerunt
1325 1379 1345 1452 (
1372 1378 1486 1434 Lib.
1519 1395 1560 1445 ι,
1590 1397 1642 1434 n.
1675 1379 1807 1451 59.).
1868 1380 2101 1448 Quorum

570 1473 663 1527 alii
692 1469 950 1526 Christum
999 1474 1289 1527 asserebant
1337 1488 1534 1526 merum
1582 1488 1690 1527 esse
1713 1472 2005 1539 hominem,
2047 1474 2101 1529 in

571 1566 727 1635 cujus
756 1565 991 1620 animam
1019 1608 1033 1629 ,
1069 1582 1170 1619 non
1196 1564 1419 1633 simplex
1443 1606 1458 1629 ,
1499 1566 1589 1620 sed
1626 1580 1892 1621 DOIINANS
1928 1578 2105 1620 metus

577 1657 810 1712 tristitia:
864 1656 1198 1711 inminentis
1249 1658 1539 1722 inciderit,
1587 1659 1676 1727 qui
1731 1666 2108 1714 consternatus

576 1750 738 1805 fuerit
769 1749 1035 1820 passionis
1059 1764 1440 1818 NECESSITATE,
1465 1761 1515 1805 et
1543 1767 1692 1821 queat
1713 1751 2005 1807 obtinuerit
2028 1751 2107 1807 vis
2139 1756 2185 1814 Β

577 1839 832 1913 doloris-(
858 1838 1021 1906 Ibid.,
1054 1859 1107 1895 n.
1139 1841 1249 1910 35).
1276 1843 1380 1897 Alii
1414 1841 1639 1897 Verbum
1667 1859 1782 1897 cum
1805 1859 1961 1898 carne
1987 1860 2111 1899 con-

577 1934 847 2004 fundentes
867 1974 881 1998 ,
916 1933 1079 2003 officio
1105 1934 1292 1987 animte
1322 1938 1555 2004 functum
1595 1952 1704 1990 esse
1738 1936 2109 2007 praedicabant.

583 2022 694 2077 Nec
725 2026 931 2077 deerant
972 2026 1059 2092 qui
1096 2025 1263 2093 ipsum
1297 2025 1360 2078 ab
1388 2024 1595 2080 homine
1635 2043 1849 2098 prorsus
1870 2044 2115 2098 separan-

582 2125 655 2168 tes
691 2157 704 2181 ,
737 2115 933 2169 nullam
956 2114 1097 2170 illius
1121 2117 1175 2169 in
1203 2114 1406 2172 Christo
1430 2119 1757 2185 prtcsentiunt
1797 2119 2112 2188 fatebantur,

588 2206 687 2260 nisi
713 2222 863 2277 quam
891 2209 944 2260 in
974 2207 1234 2277 praphetis
1260 2210 1599 2280 agnoscimus.
1648 2209 1875 2266 Rursum
1915 2213 2116 2267 discre-

584 2309 762 2371 pantes
796 2300 1258 2371 complectebantur
1297 2303 1571 2359 sententias
1596 2344 1613 2368 ,
1653 2321 1770 2358 cum
1799 2304 1989 2359 Christi
2013 2323 2115 2362 non

585 2391 738 2447 modo
778 2407 1005 2459 carnem,
1047 2393 1137 2448 sed
1162 2404 1206 2448 et
1232 2394 1457 2449 animam
1490 2394 1552 2448 ab
1580 2396 1743 2450 Adam
1780 2408 2116 2468 propagatum

585 2488 854 2543 sentientes
875 2531 889 2554 ,
919 2498 972 2541 ut
1004 2487 1305 2557 Scripturas
1333 2489 1632 2557 eluderent,
1678 2490 1859 2562 quibus
1890 2492 1954 2546 de
1977 2495 2117 2549 ctelis

590 2581 908 2636 descendisse
932 2581 1276 2653 signiﬁcatur,
1300 2583 1597 2639 descensum
1614 2585 1760 2639 illum
1782 2601 1883 2639 non
1914 2587 1977 2640 de
1999 2604 2119 2659 per-

594 2694 721 2734 sana
751 2676 906 2732 Verbi
933 2692 1138 2731 carnem
1164 2676 1262 2731 sibi
1281 2689 1590 2746 assumentc,
1621 2678 1710 2734 sed
1734 2679 1798 2733 de
1823 2681 1937 2750 ipsa
1965 2695 2117 2737 Carne

2265 731 2333 783 rit
2380 730 2566 785 diuina:
2606 733 2989 801 omnipotentiae
3032 751 3139 790 suae
3183 736 3329 807 signa
3364 752 3383 791 :
3409 736 3592 804 quibus
3643 737 3787 805 tacite

2266 832 2555 895 appareat,
2599 825 2794 879 doloris
2836 828 3225 896 necessitatem,
3265 830 3367 883 vim
3396 846 3458 883 ac
3497 829 3710 884 dedecus
3736 831 3787 885 in

2269 933 2384 972 eum
2407 933 2511 972 non
2532 920 2802 975 convenire
2824 962 2837 980 ,
2870 922 2959 992 qui
2989 930 3130 976 tanta
3152 924 3413 991 potuerit;
3453 933 3502 979 et
3533 940 3645 977 eum
3683 925 3788 992 qui-

2271 1009 2388 1063 dem
2413 1011 2708 1066 secundum
2750 1011 3023 1068 hominem
3057 1028 3152 1083 pro
3193 1015 3350 1069 nobis
3381 1014 3590 1069 inﬁrma
3619 1017 3785 1071 omnia

2271 1103 2421 1172 pati,
2449 1104 2545 1159 sed
2574 1106 2867 1160 secundmn
2902 1108 3066 1162 Deum
3111 1110 3161 1161 in
3209 1107 3290 1163 his
3329 1108 3586 1164 omnibus
3610 1108 3786 1164 trium-

2276 1196 2442 1265 phare
2467 1195 2634 1267 (nunt.
2669 1199 2781 1269 47).

2204 1288 2344 1343 Hinc
2373 1291 2652 1345 adversarii
2678 1307 2851 1347 vocem
2877 1291 3067 1347 Christi
3109 1293 3362 1367 objiciunt
3404 1310 3459 1347 se
3506 1293 3788 1348 derelictum

2277 1383 2567 1437 clamantis.
2616 1384 2745 1452 Qua:
2774 1394 2943 1440 autem
2972 1387 3181 1441 illarum
3206 1387 3270 1439 de
3304 1385 3515 1441 Christo
3540 1387 3665 1457 ﬁdes
3692 1388 3787 1454 sit,

2277 1480 2505 1534 declarat
2549 1495 2793 1534 numerus
2836 1481 2927 1536 49.
2990 1482 3062 1534 Ac
3099 1479 3313 1535 subinde
3351 1480 3530 1536 multis
3552 1480 3791 1551 oppositis

2280 1572 2644 1644 quaestionibus
2672 1574 2735 1628 de
2765 1570 2956 1628 Christi
2987 1586 3104 1630 ortu
3134 1574 3410 1643 temporali
3440 1614 3454 1637 ,
3502 1574 3624 1643 ﬂetu
3647 1615 3662 1639 ,
3691 1573 3792 1627 ani-

2283 1682 2382 1719 ma:
2411 1667 2661 1735 ponendae
2686 1683 2747 1720 ac
2773 1666 3088 1722 resumenda?
3111 1677 3363 1738 potestate
3386 1707 3403 1734 ,
3434 1667 3645 1737 spiritus
3666 1681 3794 1720 cont-

2287 1760 2610 1815 mendatione
2661 1769 2706 1814 et
2757 1761 3067 1826 traditione,
3125 1776 3241 1833 qua:
3295 1776 3416 1815 cum
3463 1759 3794 1814 [hereticorum

2284 1852 2521 1906 doctrina
2564 1852 2833 1906 conciliari
2874 1863 3163 1923 nequeant,
3215 1851 3414 1906 nodum
3465 1867 3638 1906 earum
3663 1850 3797 1904 solvit

2287 1959 2427 1996 num.
2458 1942 2548 2007 Gl,
2581 1959 2646 1997 ea:
2675 1944 2778 2014 fide
2810 1943 3077 2008 Ecclesiae,
3111 1960 3227 2012 qute
3242 1960 3367 1998 cum
3392 1941 3585 1997 Christi
3606 1952 3798 1996 naturas

2289 2052 2390 2090 non
2408 2037 2712 2107 confundat,
2741 2053 2831 2091 nec
2858 2037 3052 2092 dividat
3080 2052 3352 2109 personas,
3392 2037 3449 2090 in
3474 2052 3574 2090 uno
3616 2036 3798 2089 eodem-

2286 2145 2383 2200 que
2410 2128 2615 2184 Christo
2643 2128 2794 2185 habet
2824 2140 3249 2201 conquerentem
3295 2129 3364 2185 ad
3392 2139 3618 2184 mortem
3657 2127 3799 2182 relic-

2292 2229 2402 2275 tum
2433 2235 2494 2276 se
2520 2236 2662 2288 esse,
2694 2223 2821 2294 quia
2848 2221 3011 2278 homo
3059 2232 3141 2278 est
3163 2263 3178 2287 ,
3224 2232 3271 2277 et
3299 2237 3424 2277 eum
3464 2221 3553 2292 qui
3594 2219 3800 2274 moritur

2291 2313 2632 2384 prolitentem
2681 2330 2741 2371 se
2797 2316 2850 2369 iu
2896 2314 3148 2385 paradiso
3201 2327 3468 2386 regnare,
3519 2314 3638 2383 quia
3675 2311 3800 2365 Deus

2295 2414 2400 2461 est.
2445 2404 2659 2464 Interea.
2702 2405 2940 2461 Hilarius
2987 2406 3110 2477 ﬁdei
3156 2405 3510 2460 necessitatem
3555 2417 3687 2456 more
3716 2416 3799 2455 suo

2291 2501 2609 2556 commendat
2637 2516 2774 2571 :quo
2795 2501 3141 2572 arrogantiam
3167 2499 3415 2554 retundat
3456 2496 3802 2556 ha’reticorum,

2290 2594 2645 2667 3ﬁ1-322
2673 2595 2759 2666 qui
2782 2590 2972 2649 Christi
3019 2593 3263 2664 mysteria
3304 2609 3368 2648 se
3406 2587 3800 2661 comprehendere

2282 2687 2612 2763 jactitabant.
2665 2685 2733 2742 Ut
2779 2687 2915 2742 enim
2965 2687 3120 2741 tradit
3167 2684 3494 2740 Athanasius
3520 2681 3586 2736 ad
3636 2680 3803 2734 calcem

589 2791 617 2828 e
640 2771 778 2828 caelis
800 2773 1009 2827 advecta
1040 2772 1523 2842 interpretabantur.

520 2866 710 2923 Contra
743 2865 863 2921 illos
887 2865 1152 2921 Inereticos
1196 2865 1435 2921 Hilarius
1465 2884 1522 2923 eo
1550 2877 1606 2922 ut
1649 2868 1930 2939 plurimum
1956 2869 2119 2924 utitur

592 2959 880 3029 argumenti
899 2976 1102 3029 genere,
1125 2977 1223 3031 quo
1249 2960 1304 3014 in
1330 2960 1438 3016 suis
1469 2960 1699 3031 ipsorum
1728 2963 1990 3017 sententiis
2015 2978 2119 3017 non

593 3063 861 3109 succurrat
897 3054 971 3108 eis
1004 3054 1141 3123 quod
1177 3064 1449 3123 reponant.
1503 3054 1652 3121 Quod
1691 3065 1861 3110 autem
1898 3056 2119 3110 aliorum

597 3144 824 3215 Operam
852 3145 998 3200 initio
1028 3155 1198 3217 rogat,
1226 3144 1282 3199 id
1310 3146 1357 3200 ei
1383 3146 1604 3201 maxime
1637 3146 1693 3199 in
1721 3145 1817 3200 hoc
1845 3146 1975 3201 libro
1996 3164 2119 3202 con-
2145 3141 2190 3205 C

599 3236 879 3291 cedendum
902 3271 926 3303 ,-
945 3253 1008 3290 ne
1048 3236 1237 3291 scilicet
1268 3235 1332 3290 de
1363 3237 1475 3307 ipso
1504 3246 1622 3291 ante
1642 3237 1796 3306 linem
1829 3239 2116 3308 judicetur.

593 3331 655 3389 Si
680 3332 805 3403 quid
830 3333 966 3386 enim
988 3328 1285 3399 oﬂ'endiculi
1314 3333 1524 3401 pariunt
1555 3332 1703 3386 initia
1728 3373 1743 3396 ,
1772 3332 1894 3401 ﬁnis
1916 3332 2118 3387 levabit.

600 3425 923 3492 Quamquam
967 3425 1196 3496 exposita
1234 3424 1643 3479 adversariorum
1674 3424 1923 3480 sententia
1970 3426 2124 3496 facile

586 3520 861 3594 judicatur
885 3561 898 3584 ,
932 3519 1009 3574 vel
1033 3519 1197 3574 solam
1235 3537 1266 3575 a
1295 3518 1473 3573 dolore
1495 3560 1511 3584 ,
1553 3527 1690 3572 metu
1715 3559 1730 3585 ,
1767 3519 1975 3573 tristitia
2014 3520 2124 3573 exi-

597 3627 732 3667 mere
772 3611 963 3666 Christi
996 3611 1346 3677 divinitatem;
1393 3611 1470 3665 vel
1496 3610 1775 3665 humanam
1802 3610 1944 3665 illius
1975 3621 2124 3665 natu—

596 3725 709 3762 ram
740 3724 773 3762 a
799 3707 1183 3761 dominantibus
1220 3707 1488 3761 dumtaxat
1530 3716 1577 3760 et
1606 3707 1796 3761 coactis
1826 3704 2125 3778 hujusmodi

596 3799 953 3868 aﬁ‘ectionibus
1003 3800 1280 3856 vindicare.
1352 3799 1498 3854 Illud
1548 3801 1705 3855 etiam
1760 3799 2126 3854 attendendum

595 3895 731 3966 quod
752 3893 1031 3966 Gregorius
1058 3892 1218 3965 Nyss.
1251 3891 1345 3947 0r.
1378 3908 1411 3947 ν
1439 3902 1618 3948 contra
1648 3892 1851 3947 Eunom
1901 3910 1934 3947 a
1962 3891 2127 3948 Theo-

597 3991 798 4056 doreto,
830 3987 974 4043 Dial.
1007 4003 1088 4051 tu.
1116 3986 1360 4041 laudatus
1388 3987 1493 4041 ait:
1516 3985 1651 4042 Cum
1676 3988 1819 4041 enim
1850 3986 2045 4055 duplex
2072 3996 2128 4042 et

597 4081 847 4151 ambigua
891 4086 964 4134 sit
1002 4079 1186 4149 opinio
1213 4120 1226 4143 ,
1280 4079 1605 4133 divinitasue
1635 4123 1651 4147 ,
1701 4094 1767 4133 au
1824 4078 2127 4133 humanitas

600 4186 757 4242 passa
786 4172 851 4226 sit
875 4188 889 4226 :
923 4171 1082 4226 unius
1109 4171 1354 4241 reiectio,
1384 4170 1605 4228 ahtcrius
1627 4184 1855 4241 prorsus
1876 4172 1975 4225 crit
2005 4185 2127 4226 eou-

600 4263 854 4317 lirmatio.

2294 2783 2329 2835 ι.
2355 2780 2419 2836 de
2433 2781 2664 2837 Salutari
2682 2780 2812 2835 Adv.
2834 2778 2891 2835 J.
2914 2780 2971 2835 C.
2996 2779 3324 2851 quidivinita
3345 2778 3381 2832 ti
3396 2777 3510 2847 ejus
3527 2773 3801 2846 passionem

2293 2874 2627 2940 adscribunt,
2654 2882 2747 2929 aut
2773 2873 2865 2945 qui
2896 2872 3215 2927 humanitati
3243 2871 3375 2942 ejus
3398 2869 3553 2925 ﬁdem
3580 2880 3677 2922 non
3722 2863 3804 2918 ha-

2292 2967 2442 3031 bent,
2476 2976 2568 3021 aut
2607 2966 2699 3037 qui
2728 2981 2890 3020 unum
2922 2965 2973 3019 in
2999 2964 3106 3019 duo
3144 2976 3339 3033 separa
3355 2971 3430 3026 ut,
3450 2961 3488 3014 ii
3511 2957 3676 3016 carnis
3701 2956 3803 3025 ejus

2292 3058 2685 3114 dimensionem
2712 3057 2935 3125 faciunt,
2958 3066 3011 3112 ct
3034 3070 3278 3120 ausurum
3300 3069 3335 3110 e
3352 3065 3363 3107 t
3380 3065 3618 3119 quouooo
3631 3056 3803 3119 prater

2293 3166 2476 3206 sacras
2506 3150 2811 3221 Scripturas
2858 3149 3118 3206 deliuiuut
3145 3190 3158 3214 ,
3188 3150 3247 3206 τὸ
3287 3149 3460 3205 πόσον
3485 3146 3514 3208 ἣ
3537 3151 3641 3206 πῶς
3667 3142 3799 3215 παρὰ

2295 3251 2390 3308 τὰς
2418 3249 2617 3322 γραφὰς
2640 3247 2798 3321 λέγειν
2825 3248 3131 3320 τολμῶντες.

2300 3421 2350 3475 1.
2397 3420 2763 3476 Dissidentium
2789 3422 3154 3477 sententiarum
3173 3437 3287 3492 quae
3305 3434 3501 3476 causa.
3533 3413 3800 3471 Doctrinam

2226 3514 2421 3589 placiti,
2451 3530 2553 3568 non
2580 3515 2794 3569 rationis
2820 3523 3087 3569 sectantes.
3116 3543 3190 3556 -
3218 3513 3336 3569 Non
3370 3524 3452 3570 est
3492 3507 3795 3578 ambiguum,

2226 3620 2442 3661 clunem
2470 3606 2686 3661 humani
2712 3606 2913 3674 eloquii
2950 3620 3255 3662 sermonem
3287 3599 3686 3662 contradictioni
3712 3595 3798 3650 ob-

2228 3698 2447 3754 noxium
2475 3713 2693 3769 semper
2731 3698 2895 3753 fuisse
2927 3716 2939 3751 :
2970 3698 3092 3770 quia
3140 3696 3586 3753 dissentientibus
3624 3690 3795 3745 volun-

2229 3802 2397 3849 tatum
2440 3793 2699 3862 motibus,
2730 3790 3059 3848 dissentiens
3105 3805 3321 3862 quoque
3366 3789 3438 3845 sit
3480 3798 3661 3843 sensus
3698 3776 3794 3833 atti-

2229 3902 2440 3942 morum
2464 3904 2478 3955 ;
2509 3902 2629 3943 cum
2660 3886 3057 3943 adversantium
3082 3884 3410 3955 judiciorum
3436 3882 3511 3955 (a)
3539 3874 3796 3933 aﬂ'ectionc

2229 3995 2620 4052 compugnans,
2677 3978 3066 4035 assertionibus
3111 3977 3216 4044 bis,
3263 3978 3458 4049 quibus
3512 3965 3826 4027 oli‘enditur.~

2229 4075 2569 4131 contradicit.
2599 4074 2852 4142 Quamvis
2879 4074 3022 4128 enim
3051 4086 3212 4126 omne
3240 4070 3448 4126 dictum
3475 4065 3582 4123 veri
3612 4059 3797 4119 ratione

2232 4170 2527 4241 perlectum
2552 4169 2656 4231 sit;
2690 4177 2867 4223 tamen
2895 4166 3022 4221 dum
3052 4154 3194 4219 aliud
3217 4164 3338 4220 aliis
3360 4173 3451 4219 aut
3475 4157 3691 4216 videtur,
3718 4157 3798 4204 aut

2230 4263 2553 4332 complacct,
2591 4269 2735 4330 patet
2778 4260 3018 4315 veritatis
3060 4275 3239 4315 sermo
3283 4251 3677 4313 adversantium
3723 4256 3774 4298 re

525 4352 709 4424 Itaque
740 4351 1004 4419 Hilarius,
1035 4369 1179 4407 num.
1212 4353 1277 4419 9,
1307 4353 1516 4407 insanas
1553 4351 1909 4407 Itwreticoruin
1950 4365 2128 4410 contra
2230 4355 2507 4427 Spousioui
2538 4372 2552 4408 :
2585 4356 2708 4426 quia
2739 4364 2926 4409 contra
2957 4354 3230 4409 veritatem
3256 4362 3469 4408 autnon
3502 4344 3798 4403 intellectam

598 4446 789 4503 Christi
825 4447 1141 4501 divinitatem
1170 4447 1437 4516 Opiniones
1465 4461 1715 4517 exponere
1745 4445 1901 4501 simul
1927 4464 1988 4502 ac
2013 4465 2126 4519 per~
2232 4456 2323 4503 aut
2348 4445 2730 4511 oﬂ‘eudcntem,
2763 4447 2846 4501 Vcl
2877 4445 3055 4501 stulm:
3074 4445 3158 4502 vel
3186 4445 3397 4500 vitiosa:
3422 4432 3700 4498 voluntatis
3721 4443 3797 4484 er-

597 4542 743 4612 sequi
767 4540 1309 4612 incipiens,dcinceps,
1335 4555 1490 4610 usque
1511 4540 1580 4594 ad
1604 4556 1745 4594 num.
1774 4539 1862 4603 '56.
1889 4540 1952 4596 de
1975 4543 2127 4596 mira-
2157 4537 2207 4598 D
2235 4558 2325 4597 ror
2351 4541 2627 4596 obuititur.
2672 4539 3027 4595 [inmoderata
3075 4539 3221 4594 enim
3252 4548 3339 4596 est
3380 4534 3557 4593 omnis
3596 4533 3796 4590 suscep-

600 4635 689 4692 bili
727 4635 869 4690 illius
899 4633 1226 4704 conceptione
1248 4633 1321 4686 ita
1350 4632 1595 4698 disserit,
1636 4642 1692 4686 ut
1740 4648 1805 4687 ea:
1837 4649 1897 4687 ea
1926 4642 2126 4688 natura:
2232 4644 2404 4689 tarum
2453 4633 2783 4689 voluntatum
2830 4632 3122 4704 pertinacia
3176 4650 3189 4687 :
3239 4642 3294 4688 et
3356 4626 3618 4687 indeﬂcxo
3663 4619 3796 4673 ωοῑιι

597 4739 789 4786 nostra:
814 4728 1074 4783 veritatem
1115 4744 1148 4781 a
1186 4724 1348 4780 Verbo
1378 4726 1491 4779 sine
1524 4725 1603 4779 sui
1645 4724 1923 4779 abolitione
1951 4767 1965 4792 ,
2017 4727 2126 4782 sine
2230 4725 2307 4799 (b)
2338 4725 2657 4781 adversandi
2685 4724 2919 4780 studium
2954 4723 3215 4796 persistit,
3248 4723 3339 4779 ubi
3366 4736 3471 4779 non
3508 4710 3692 4774 rationi
3719 4717 3801 4760 vo-

596 4825 785 4880 nostris
811 4822 943 4877 vitiis
962 4830 1244 4892 susceptam
1265 4835 1378 4873 esse
1404 4818 1731 4873 demonstret.
1781 4817 1863 4872 Ex
1887 4835 1984 4889 quo
2004 4836 2127 4873 cou-
2230 4819 2408 4874 lunlas
2450 4818 2754 4886 subjicitur,
2806 4832 2909 4873 nec
2928 4815 3162 4872 studium
3188 4815 3448 4872 doctrinae
3475 4799 3797 4898 impenditur.

595 4919 735 4988 ﬁcit,
765 4915 1025 4971 Christum
1055 4929 1214 4969 unum
1237 4912 1566 4979 eamdemque
1590 4953 1606 4979 ,
1646 4911 1743 4969 etsi
1768 4928 1870 4967 non
1899 4913 2125 4969 Inuuana
2230 4913 2325 4968 sed
2357 4911 2439 4968 his
2471 4927 2591 4981 qua:
2612 4912 2860 4967 volumus
2897 4911 3163 4966 rationem
3203 4907 3588 4982 conquirimus.
3618 4901 3671 4951 ei
3724 4888 3798 4942 his

598 5011 707 5082 lege
734 5016 1054 5083 conceptum,
1086 5013 1332 5061 tamenet
1384 5004 1827 5060 verumhominem
1852 5006 2123 5075 exstitisse,
2225 5020 2347 5078 qua:
2401 5004 2680 5062 studemus
2726 5005 3029 5061 doctrinam
3076 5012 3392 5075 caaptamus
3460 4996 3690 5083 Jamquﬁ
3706 4996 3797 5083 Mf

591 5077 843 5158 etvverum
868 5077 1076 5154 Deum:
1105 5108 1159 5152 ut
1185 5114 1356 5153 rerum
1386 5096 1668 5160 hominem,
1696 5095 2001 5166 passionum
2026 5113 2123 5152 na-
2231 5077 2394 5154 minis
2422 5099 2623 5169 potius,
2671 5113 2828 5168 quam
2858 5109 3087 5163 natura),
3119 5096 3225 5153 erit
3252 5094 3496 5152 doctrina
3520 5097 3642 5176 quat
3660 5077 3799 5176 θίξξὲ

597 5195 731 5250 turis
761 5193 1069 5264 permissum
1093 5205 1234 5245 esse:
1285 5198 1338 5243 ut
1361 5187 1550 5258 absque
1577 5188 1790 5259 originis
1818 5198 2003 5243 nostra?
2042 5191 2121 5243 vi-
2229 5199 2316 5246 tur
2349 5208 2363 5246 :
2396 5200 2449 5245 ct
2494 5205 2602 5245 non
2644 5190 2756 5259 jam
2807 5190 2923 5245 veri
2974 5189 3215 5246 manebit
3255 5189 3414 5251 ratio,
3464 5176 3558 5237 sed
3596 5169 3794 5271 l‘i’fmj

595 5286 678 5339 (iis
705 5295 1002 5356 conceptum
1023 5323 1038 5344 ,
1088 5280 1400 5351 passionum
1445 5287 1734 5334 nostrarum
1774 5296 1875 5334 non
1919 5283 2125 5354 confec-
2226 5296 2387 5353 quam
2417 5280 2517 5336 sibi
2544 5280 2792 5336 voluntas
2817 5280 2987 5351 magis
3008 5281 3076 5337 ad
3097 5280 3464 5337 defensionem
3493 5265 3792 5365 placenti":u

593 5388 700 5434 tum
730 5395 841 5434 esse
861 5341 1110 5447 injuriis;
1143 5383 1199 5429 ut
1224 5389 1396 5428 verum
1424 5371 1622 5441 Deum,
1653 5372 1717 5427 ab
1754 5373 1939 5429 iisdem
1967 5390 2120 5446 pror-
2225 5374 2577 5444 coaptaverit,
2608 5390 2714 5428 non
2740 5389 2862 5446 qua:
2901 5374 3195 5432 voluntatis
3216 5373 3521 5429 instinctum
3546 5372 3635 5431 per
3649 5341 3794 5458 inici:

594 5488 683 5526 sus
708 5472 867 5543 fuisse
891 5470 1137 5525 alienum.

2226 5467 2496 5539 ligentiam
2526 5468 2641 5524 veri
2680 5469 3019 5524 rationabilis
3060 5467 3323 5524 iucitabit.
3369 5463 3472 5518 Per
3517 5449 3791 5548 Iniecisin

520 5563 728 5620 Exinde
754 5579 908 5634 usque
956 5562 1023 5616 ad
1049 5576 1190 5616 num.
1218 5558 1292 5617 45
1313 5600 1330 5625 ,
1357 5558 1577 5615 tristitia:
1606 5558 1770 5631 ipsius
1792 5601 1806 5626 ,
1830 5559 2079 5615 orationis
2101 5599 2118 5629 ,
2224 5561 2355 5619 vitia
2397 5563 2756 5621 studiosarum
2807 5564 3140 5619 voluntatum
3172 5574 3361 5619 clunes
3404 5543 3780 5611 adversantium

615 5681 668 5753 a)
708 5677 1136 5753 bls.hlartin_._et
1159 5677 1251 5753 alii
1282 5677 1551 5753 nonnulli,
1581 5675 1903 5753 assertione._
1934 5726 1937 5733 .
2005 5740 2035 5753 _
2110 5745 2141 5753 η
2208 5724 2241 5753 η

615 5684 668 5753 a)
708 5684 1051 5741 Ms.Martin.
1080 5686 1136 5732 et
1159 5684 1251 5742 alii
1282 5684 1551 5743 nonnulli,
1581 5684 1882 5751 assertione.
1934 5726 1937 5733 η
2031 5740 2035 5747 Α
2222 5724 2240 5746 ί,
2322 5732 2325 5735 _

588 5684 662 5827 ib)
708 5751 825 5809 Vat.
857 5750 996 5819 bas,
1025 5748 1236 5805 Martio.
1269 5764 1331 5805 ac
1369 5742 1526 5820 'pattci
1556 5746 1645 5806 alii
1671 5761 1801 5806 mss.
1833 5745 2141 5806 aduersandi
2167 5738 2358 5802 studio.
