4094 6180
480 295 583 356 517

1669 301 1910 362 SANCTI
1946 300 2196 365 lllLARll
2231 307 2529 370 EPISCOPl

3671 314 3776 379 £43

476 429 596 509 cum
626 415 920 489 impietatis
950 419 1288 490 professione
1320 433 1422 474 non
1468 421 1655 490 possit.
1690 422 1887 477 Eorum
1919 423 2063 479 enim
2094 427 2146 487 Α
2242 427 2295 481 7.
2340 427 2478 493 Quid
2523 429 2586 484 de
2633 427 2928 504 temporali.
2965 462 3034 477 -
3064 432 3241 507 Atque
3285 435 3364 508 (g)
3391 434 3529 492 hanc
3558 431 3773 509 quidem

478 508 770 579 dictorum,
819 525 939 582 qua:
967 511 1261 567 set-nntium
1312 511 1603 584 talsiloqnii
1655 515 1736 569 sui
1791 521 1959 570 artem
2006 531 2072 572 cx

478 600 786 674 Evangeliis
819 603 1057 660 hwretici
1089 614 1439 674 prmeurnunt,
1474 607 1543 660 ita
1589 605 1954 663 demonstrata
1985 619 2077 664 ves

479 697 612 752 ritas
638 708 740 761 est,
772 690 832 752 ut
856 697 964 767 jam
995 699 1046 753 in
1069 699 1498 755 contradictione
1529 701 1887 771 ignorantiam

479 797 740 848 excusare
773 805 877 847 non
919 791 1098 860 liceat,
1130 792 1230 853 sed
1260 794 1718 864 irreligiositatem
1752 809 1977 852 necesse
2008 798 2078 852 sit

479 883 744 940 conﬁteri.
783 885 912 939 Eam
948 899 1163 956 quoque
1187 900 1351 953 nunc,
1385 886 1680 942 secundum
1713 889 1884 942 sancti
1906 887 2078 958 Spiri-

481 988 566 1036 tus
592 979 811 1043 donttm,
849 981 1270 1050 temperavimus
1309 981 1475 1035 totius
1506 981 1627 1036 ﬁdei
1659 981 2077 1037 demonstratio-

480 1083 626 1139 nent,
661 1073 737 1146 (a)
772 1085 825 1129 ut
860 1089 925 1128 ne
971 1073 1099 1146 quid
1129 1076 1377 1129 ementiri
1409 1075 1600 1129 saltem
1651 1076 1936 1130 advorsum
1981 1088 2079 1131 nos

479 1168 723 1222 criminis
767 1176 1006 1238 possent.
1038 1167 1225 1222 Solent
1255 1168 1398 1222 enim
1441 1168 1512 1222 ita
1545 1168 1611 1222 de
1648 1167 1804 1222 nobis
1853 1167 2078 1237 implere

479 1254 637 1318 aures
662 1255 1038 1334 ignorantium,
1060 1269 1116 1316 nt
1141 1278 1238 1316 nos
1251 1269 1492 1317 aSserant
1510 1271 1704 1334 negare
1719 1263 2076 1329 nativitatem,

481 1367 602 1410 eum
634 1355 893 1409 unitatem
920 1352 1218 1408 divinitatis
1244 1353 1596 1424 prtedicamtts
1629 1371 1642 1408 :
1675 1364 1728 1409 et
1751 1354 1930 1409 dicant
1954 1346 2082 1410 soli-

483 1449 676 1504 tarium
707 1463 739 1502 a
771 1445 924 1502 nobis
953 1461 1046 1517 per
1077 1447 1178 1500 hoc
1201 1489 1214 1512 ,
1251 1448 1325 1517 (lt)
1358 1445 1471 1518 Ego
1498 1456 1547 1500 et
1577 1445 1782 1502 Patrem
1806 1463 1964 1501 unum
1994 1459 2082 1501 su-

481 1557 593 1595 mus
625 1539 804 1614 (toan.
853 1556 883 1593 ι
906 1581 922 1606 ,
956 1540 1073 1609 50),
1102 1540 1392 1609 signiﬁcari
1428 1538 1594 1595 Deum
1627 1557 1639 1593 :
1674 1539 2081 1595 ntinnascibilis

484 1637 625 1692 Deus
672 1634 1010 1688 descendens
1052 1634 1102 1687 in
1136 1632 1408 1704 Virginem
1455 1633 1618 1688 homo
1671 1644 1830 1688 natus
1865 1634 1955 1700 sit,
1990 1634 2080 1702 qui

482 1732 554 1804 (υ)
576 1731 640 1785 ad
666 1729 1120 1801 dispensationem
1150 1728 1328 1781 carnis
1353 1726 1403 1780 id
1429 1727 1570 1798 quod
1592 1727 1663 1782 ita
1680 1728 1922 1798 emperit,
1944 1727 2077 1798 Ego,

2177 528 2231 574 et
2273 521 2709 593 intemporalem,
2757 529 2813 582 et
2857 526 3301 597 inenarrabilem,
3346 541 3401 586 et
3425 545 3640 587 omnem
3673 533 3771 587 hn.

2177 627 2351 668 manze
2401 611 2771 687 intelligentiae
2832 635 3050 676 sensum
3100 623 3452 680 excedentem
3501 625 3774 696 Unigeniti

2175 709 2578 776 generationem
2624 710 3003 781 praedicantes,
3035 715 3144 770 nati
3183 732 3396 789 quoque
3425 718 3476 772 in
3502 718 3777 776 hominem

2177 815 2243 856 ex
2273 811 2425 871 partu
2477 801 2706 874 Virginis
2754 806 2848 862 Dei
2890 819 3286 865 sacramentum
3332 810 3778 870 docuimuszde-

2177 903 2541 951 monstrantes
2571 897 2867 952 secundum
2900 899 3062 975 325
3107 901 3570 974 dispensationem
3599 901 3779 961 carnis-

2177 997 2488 1057 assumptus,
2526 995 2636 1044 tum
2683 1007 2804 1047 cum
2835 1006 2893 1048 se
2921 1009 2988 1050 ex
3019 997 3188 1051 forma
3237 996 3327 1051 Dei
3369 1012 3636 1053 evacuans
3666 998 3783 1053 ior-

2180 1092 2322 1134 mam
2353 1083 2492 1135 servi
2525 1085 2752 1152 accepit,
2782 1083 3151 1142 inﬁrmitatem
3188 1089 3402 1145 habitus
3433 1089 3655 1146 humani
3687 1091 3779 1146 Dei

2181 1188 2286 1226 non
2313 1173 2611 1228 intirmasSe
2642 1181 2904 1244 naturam,
2939 1179 3033 1234 sed
3083 1179 3229 1235 salva
3264 1181 3560 1237 divinitatis
3591 1184 3642 1238 in
3674 1183 3779 1238 ho-

2182 1266 2324 1319 mine
2357 1267 2548 1321 virtute
2573 1270 2885 1339 acquisitam
2917 1287 3039 1328 esse
3066 1271 3154 1327 Dei
3185 1273 3250 1329 ad
3285 1273 3557 1329 hominem
3583 1285 3768 1344 potes-

2182 1365 2364 1415 tatem.
2398 1348 2638 1432 Namque
2663 1373 2782 1419 eum
2807 1362 2887 1438 (It)
2923 1364 2976 1420 in
3006 1364 3278 1423 hominem
3313 1367 3453 1422 Deus
3487 1377 3644 1424 natus
3673 1371 3780 1436 sit;

2184 1467 2292 1506 non
2325 1453 2526 1510 idcirco
2555 1464 2712 1512 natus
2752 1468 2855 1524 est,
2886 1473 2954 1513 ne
2996 1474 3101 1515 non
3133 1460 3273 1517 Dens
3304 1471 3569 1527 maneret.
3595 1461 3689 1518 sed
3726 1471 3786 1516 nt

2185 1551 2438 1601 manente
2499 1546 2606 1602 Deo
2656 1547 2819 1604 homo
2872 1561 3025 1606 natus
3077 1553 3128 1608 in
3190 1555 3353 1610 Deum
3406 1557 3495 1610 sit.
3553 1555 3684 1610 Nam
3729 1558 3787 1610 et

2183 1635 2266 1708 (2)
2293 1637 2605 1696 Emmanuel
2629 1654 2824 1696 nomen
2847 1645 2962 1713 ejus
2976 1655 3059 1700 est
3078 1644 3291 1716 (Matth.
3313 1663 3352 1713 ι,
3380 1647 3496 1720 25).
3521 1650 3661 1720 quod
3695 1658 3782 1704 est

2185 1731 2464 1785 nobiscum
2491 1731 2631 1787 Deus
2656 1751 2668 1787 :
2696 1742 2753 1788 ut
2777 1749 2880 1790 non
2909 1735 3144 1793 defeetio
3167 1738 3261 1794 Dei
3289 1739 3355 1794 ad
3388 1740 3657 1795 hominem
3687 1741 3782 1809 sit,

480 1819 547 1878 ad
571 1822 864 1878 divinitatis
893 1835 1006 1875 suae
1049 1832 1180 1875 vero
1207 1817 1728 1875 demonstrationem
1758 1819 2072 1888 subiecerit,
2104 1821 2150 1881 B
2179 1822 2272 1878 sed
2306 1824 2538 1879 hominis
2572 1826 2842 1895 prolectus
2879 1830 2945 1884 ad
2979 1831 3142 1886 Deum
3174 1833 3244 1896 sit
3283 1832 3462 1908 (Joan.
3503 1850 3639 1901 xvn,
3695 1833 3777 1905 5).

481 1923 529 1970 et
562 1911 738 1978 Pater,
771 1922 1046 1983 tamquam
1073 1912 1228 1983 hujus
1249 1911 1485 1968 hominis
1513 1911 1593 1965 sui
1625 1919 1776 1982 pater
1803 1921 1978 1976 esset;
2009 1925 2076 1965 ex

481 2008 691 2063 duohns
714 2024 838 2064 vero
865 2011 1186 2074 consistens,
1213 2008 1431 2063 homine
1456 2008 1665 2062 scilicet
1689 2015 1742 2061 et
1766 2007 1894 2072 Deo,
1927 2004 1996 2061 de
2023 2020 2082 2061 se

481 2085 691 2157 loeutus
719 2102 810 2168 sit,
846 2119 1004 2156 unum
1029 2107 1225 2156 simius.

556 2194 610 2250 6.
658 2195 792 2262 Quid
817 2194 1059 2251 hactenus
1079 2195 1268 2250 dictum
1291 2195 1354 2250 de
1379 2201 1569 2249 attenta
1588 2192 1712 2248 Filii
1732 2192 2080 2265 generatione.

484 2317 554 2329 ——
592 2287 698 2344 Sed
751 2303 849 2343 nos
895 2289 1225 2344 nativitatem
1257 2288 1639 2343 subsistentem
1686 2289 1805 2343 sine
1835 2296 2081 2356 tempore

487 2387 868 2452 protestantes,
914 2381 1325 2452 pra’dicavimus
1355 2381 1521 2436 Deum
1555 2381 1721 2436 ﬁlium
1753 2396 1860 2435 non
1889 2382 2084 2436 aliena:

486 2488 514 2526 a
549 2473 658 2528 Deo
688 2483 836 2544 patre
866 2484 1072 2529 natnrte
1121 2475 1287 2531 Deum
1320 2494 1331 2529 :
1365 2489 1540 2546 neque
1561 2490 1626 2530 ex
1656 2475 2076 2530 innascibilitate

485 2564 790 2623 lnnascibili
815 2569 1163 2641 comqualem,
1186 2568 1281 2624 sed
1307 2584 1371 2624 ex
1401 2569 1752 2640 generatione
1775 2567 1852 2638 (ά)
1886 2567 2084 2638 Unige-

487 2661 581 2714 niti
614 2675 719 2716 non
747 2661 1018 2732 disparem
1045 2679 1057 2714 :
1083 2677 1256 2733 neque
1285 2679 1448 2717 unum
1481 2675 1577 2718 eos
1605 2677 1725 2718 esse
1749 2677 1816 2717 ex
1847 2665 2086 2732 gemina-

484 2755 552 2808 tis
580 2755 888 2810 nominibus
915 2755 988 2829 (e)
1021 2757 1269 2822 unionis,
1303 2757 1396 2812 sed
1425 2773 1489 2814 ex
1533 2759 1815 2815 nativitate
1836 2767 2085 2816 naturaet

485 2851 660 2916 neque
689 2846 826 2902 duos
870 2846 1004 2902 deos
1055 2864 1150 2918 per
1191 2845 1560 2905 diversitatem
1611 2851 1828 2921 generis
1877 2851 1930 2905 in
1978 2849 2088 2906 ﬁde

484 2947 626 3005 esse,
680 2952 856 3010 neque
897 2955 1110 2996 rursum
1157 2942 1481 3012 singularem
1516 2941 1594 3014 (1)
1629 2940 1698 3016 (Ῑ)
1743 2943 1865 3012 quia
1914 2943 2088 2998 soltnn

491 3033 678 3101 Diaum,
713 3035 801 3090 ubi
835 3045 1232 3091 sacramentum
1269 3037 1360 3092 Dei
1405 3037 1662 3107 unigeniti
1708 3044 1792 3093 est
1831 3037 2090 3092 conﬁtens

487 3127 616 3183 dum
642 3143 656 3195 ;
686 3125 780 3183 sed
802 3128 852 3183 in
879 3129 1037 3184 Patre
1057 3128 1344 3214 signiﬁcari
1368 3137 1530 3200 atque
1557 3144 1683 3185 esse
1714 3129 1932 3196 Filiam,
1958 3128 2087 3183 dntn

2183 1915 2277 1970 Vel
2309 1931 2429 1970 cum
2455 1917 2744 1988 gloriﬁcari
2769 1936 2827 1975 se
2857 1933 3031 1993 rogat,
3075 1939 3180 1979 non
3213 1925 3396 1994 utique
3425 1934 3631 1981 natura:
3662 1925 3786 1994 Dei,

2183 2009 2277 2064 sed
2304 2013 2661 2084 assumptioni
2704 2013 3027 2072 humilitatis
3069 2016 3172 2073 hoc
3219 2019 3451 2087 proiicit.
3485 2017 3616 2076 Nam
3647 2020 3791 2076 hanc

2183 2103 2406 2173 gloriam
2441 2108 2696 2175 postulat,
2747 2125 2907 2180 quam
2934 2121 3060 2166 ante
3104 2113 3543 2170 constitutionem
3600 2113 3790 2170 tnnndi

2185 2197 2325 2266 apud
2359 2197 2523 2253 Deum
2552 2199 2761 2256 habuit.

2257 2286 2311 2342 8.
2347 2288 2485 2356 Quid
2513 2289 2576 2344 de
2602 2289 2731 2346 hara
2761 2293 3018 2363 ignorata.
3043 2326 3113 2336 —
3145 2293 3550 2369 Respondentes
3576 2309 3796 2369 quoque

2185 2380 2518 2437 stultissimis
2547 2397 2733 2438 eorum
2767 2385 3214 2456 professionibus,
3245 2401 3414 2461 usque
3432 2389 3497 2445 ad
3527 2393 3794 2462 ignorata:

2187 2472 2338 2527 horae
2367 2473 2748 2532 descendimus
2779 2477 3297 2537 demonsn'ationem
3331 2500 3346 2538 :
3409 2499 3530 2553 qua:
3554 2484 3794 2550 etiamsi,

2187 2565 2486 2621 secundum
2547 2567 2688 2635 illos,
2722 2584 2752 2624 a
2795 2569 2929 2628 Filio
2957 2574 3292 2642 apprehensa
3339 2574 3637 2646 (percepta)
3684 2591 3794 2631 non

2189 2667 2356 2727 esset,
2390 2665 2570 2717 tamen
2629 2661 2683 2717 id
2735 2662 2801 2718 ad
2834 2667 3218 2722 contumeliam
3275 2667 3576 2725 divinitatis
3604 2671 3800 2740 unige-

2191 2750 2317 2806 nita!
2345 2765 2450 2806 non
2480 2755 2774 2823 pertineret
2806 2772 2820 2821 ;
2851 2755 2974 2828 quia
3008 2767 3197 2814 natura
3225 2773 3330 2815 non
3365 2760 3554 2828 ferret,
3583 2771 3638 2814 ut
3666 2776 3796 2816 eum

2193 2845 2444 2900 nativitas
2493 2856 2829 2921 retroageret
2860 2851 2925 2906 ad
2981 2852 3417 2909 innascihilitatis
3459 2855 3522 2926 (i)
3555 2855 3799 2910 ininitia-

2191 2935 2355 2991 bilem
2389 2938 2854 3010 snhstitutionem,
2893 2944 3144 3012 potestati
3188 2960 3300 3000 sua:
3347 2943 3504 3001 Patre
3553 2962 3802 3003 momen-

2194 3043 2304 3090 tum
2334 3035 2623 3094 deﬁniendi
2671 3039 2846 3096 adhuc
2890 3042 2994 3097 diei
3025 3042 3091 3098 ad
3149 3043 3667 3100 demonstrationem
3699 3063 3802 3102 au-

2193 3138 2463 3196 ctoritatis
2507 3141 2841 3198 innascibilis
2869 3155 3221 3200 reservante:
3255 3161 3428 3217 neque
3469 3145 3521 3201 in
3552 3161 3618 3200 eo
3646 3143 3803 3199 inﬁr-

487 3221 541 3276 in
571 3236 638 3276 eo
659 3228 713 3276 et
743 3231 929 3275 natura
961 3221 1132 3275 Patris
1163 3231 1216 3275 et
1245 3235 1437 3274 nomen
1471 3220 1609 3292 (scit.
1641 3221 1869 3289 naturae)
1892 3229 1996 3285 est,
2027 3223 2078 3274 in

2197 3258 2338 3297 mam
2391 3243 2613 3316 intelligi
2644 3261 2803 3316 posse
2834 3256 3101 3315 naturam,
3135 3249 3189 3304 in
3219 3263 3321 3320 qua
3357 3257 3560 3303 tantum
3593 3249 3802 3303 inesset

489 3314 626 3368 Filio
657 3329 785 3368 vero
811 3314 1024 3368 Patrem
1058 3312 1283 3384 intelligi
1309 3328 1370 3368 ac
1401 3327 1641 3379 manere,
1672 3311 1797 3367 dum
1824 3312 1965 3367 ﬁlius
1993 3329 2086 3368 ne-

488 3423 592 3480 que
621 3406 728 3463 dici
777 3414 953 3479 potest
998 3408 1098 3462 nisi
1137 3422 1203 3462 ex
1231 3417 1398 3476 patre,
1434 3421 1608 3478 neque
1651 3419 1773 3462 esse
1808 3421 1821 3461 :
1857 3407 2087 3461 viventis

488 3519 702 3576 quoque
735 3515 941 3560 naturae
983 3517 1102 3560 esse
1129 3505 1396 3560 viventem
1449 3504 1756 3574 imaginem,
1811 3509 1865 3558 et
1912 3503 2089 3558 censi-

488 3607 701 3667 gnatam
733 3597 1048 3652 naturaliter
1083 3596 1172 3652 Dei
1221 3597 1270 3650 in
1329 3597 1435 3651 Deo
1480 3595 1705 3650 formam
1739 3601 1907 3667 usque
1951 3594 2088 3650 adeo

488 3687 846 3745 indiderentis
873 3689 1153 3758 potestatis
1177 3696 1231 3743 et
1251 3691 1483 3759 generis,
1529 3699 1584 3742 nt
1614 3690 1663 3742 in
1698 3704 1762 3743 eo
1801 3703 1898 3744 nec
1924 3702 2084 3760 opus,

491 3797 591 3838 nec
622 3798 822 3844 sermo.
873 3797 971 3838 nec
1002 3784 1147 3836 visus
1173 3781 1382 3837 alienus
1424 3797 1451 3834 a
1499 3781 1653 3836 Patre
1681 3783 1750 3834 sit
1781 3799 1792 3834 :
1828 3781 1920 3836 sed
1965 3793 2088 3836 cum

487 3875 808 3930 naturaliter
838 3874 889 3928 in
913 3885 972 3929 se
1001 3873 1196 3928 habeat
1229 3873 1464 3927 auctoris
1496 3875 1576 3925 sni
1611 3872 1786 3942 imago
1817 3875 2087 3936 naturam,

491 3983 587 4038 per
619 3968 915 4025 naturalem
943 3983 1157 4040 quoque
1187 3967 1473 4038 imaginem
1497 3981 1650 4021 suam
1676 3974 1864 4022 auctor
1886 3977 1938 4022 et
1961 3981 2090 4036 ope-

486 4069 652 4128 ratus,
687 4072 739 4116 ct
772 4061 1000 4126 locutus,
1032 4067 1088 4116 et
1113 4061 1256 4115 visus
1287 4061 1376 4114 sit.

563 4189 642 4272 (l)
687 4198 861 4255 Verba
893 4198 1012 4268 quia
1037 4197 1203 4252 solum
1233 4195 1434 4252 desunt
1461 4195 1515 4251 in
1537 4195 1727 4251 codice
1757 4192 1958 4250 Veron.

565 4337 640 4408 (a)
681 4337 754 4391 lta
787 4351 916 4391 mss.
953 4335 1093 4389 Editi
1127 4349 1275 4402 vero,
1309 4343 1366 4388 ut
1391 4349 1452 4388 ne
1475 4334 1681 4406 quidem
1707 4331 2093 4388 mentiri...cri-

497 4407 648 4463 minis
677 4408 874 4472 aliquid
897 4407 1112 4478 pOSaint.

567 4479 644 4553 (ὸ)
682 4479 738 4553 ιρι
777 4475 1003 4547 vulgatis
1047 4477 1134 4533 hic
1158 4476 1374 4532 additur
1393 4476 1529 4547 quod
1572 4475 1818 4546 scriptum
1855 4485 1933 4530 est
1961 4492 1978 4530 :
2005 4490 2094 4531 re—

492 4551 824 4619 fragantibus
856 4562 984 4601 mss.

568 4617 640 4696 (ε)
688 4624 821 4696 11ης-
844 4621 1022 4684 lectio,
1053 4625 1172 4696 qilm
1199 4626 1284 4696 est
1314 4618 1697 4696 plerornmque
1729 4632 1801 4696 _a_c
1829 4617 2094 4696 sincerio-

493 4688 772 4752 rum'mss.
813 4694 1014 4761 integra
1043 4688 1166 4753 erit.
1199 4691 1245 4746 si
1276 4691 1494 4746 verbum
1519 4693 1707 4762 referat
1729 4688 1816 4762 hic
1837 4689 2091 4758 supplea-

493 4777 602 4822 tur.
641 4767 694 4820 In
729 4765 900 4819 tribus
933 4763 1412 4833 mss.exstat,qnia
1434 4761 1502 4816 ad
1521 4761 1952 4833 dispensationem
1979 4777 2091 4813 στιν-
2121 4763 2176 4825 1)

495 4842 575 4894 nis
604 4839 668 4892 sit
699 4836 834 4906 quod
865 4836 960 4898 ita,
985 4843 1091 4889 etc.
1127 4838 1193 4888 At
1227 4836 1275 4887 itt
1302 4835 1529 4899 vulgatis
1552 4836 1756 4903 alisque
1781 4832 1889 4906 ulla
1909 4842 2096 4886 aucto—

494 4913 654 4966 ritate
683 4904 924 4969 h'abetnr,
955 4908 1074 4976 quia
1105 4907 1174 4960 ad
1194 4906 1627 4978 dispensationem
1647 4904 1817 4958 carnis
1845 4905 2094 4978 pertinent

495 4982 550 5035 id
579 4981 714 5051 quod
741 4981 832 5043 ita,
865 4989 970 5051 etc.
1024 4978 1120 5032 Hie
1151 4977 1608 5051 ttotatanahellii
1637 4976 1910 5051 doctrina,
1943 4976 2095 5046 cujus

497 5049 753 5108 invidiam
778 5051 830 5104 in
854 5050 1165 5103 Catholicos
1195 5049 1382 5105 Ariani
1409 5049 1781 5104 conferebant.

574 5146 652 5216 (ά)
679 5145 841 5205 ΕιΙίιὶ,
865 5152 1091 5211 excepto
1116 5143 1236 5216 Par.
1265 5145 1580 5216 unigenitum
1606 5160 1625 5196 :
1652 5144 1813 5198 male.
1845 5141 1973 5216 Nam
1999 5158 2096 5195 vo-

504 5211 759 5274 cabulum
791 5216 1051 5283 disparem
1083 5211 1313 5268 refertur
1342 5211 1406 5268 ad
1451 5215 1767 5269 nativitatem
1813 5213 2097 5268 subsisten-

499 5301 618 5348 tem.
656 5288 705 5341 iti
735 5296 837 5351 est,
867 5286 1216 5340 subsistentia
1245 5302 1272 5337 a
1311 5287 1565 5356 gignente
1596 5285 1903 5340 distinctam
1931 5301 1944 5339 :
1977 5299 2098 5356 qum

500 5361 646 5417 Patri
697 5359 934 5428 aequalis
965 5356 1290 5427 prmdicatur
1333 5359 1542 5412 ratione
1570 5357 1960 5428 generationis,
1994 5371 2099 5412 non

501 5431 712 5488 ratione
736 5427 1186 5484 itmaseibilitatis.

581 5526 652 5598 (ρ)
699 5525 810 5580 Iloc
837 5535 940 5588 εει,
993 5539 1166 5598 neque
1196 5538 1356 5598 nnnm
1389 5537 1483 5598 eos
1512 5538 1632 5578 esse
1654 5523 1723 5598 ob
1753 5521 2100 5598 singularita-

511 5589 918 5667 tem'personae,
965 5595 1051 5649 cui
1083 5589 1299 5650 nmnina
1329 5596 1598 5667 geminata
1627 5596 1752 5667 sint.
1805 5589 1942 5649 llinc
1974 5608 2106 5647 eon-

512 5661 760 5740 ﬁrtnatnr
785 5661 926 5740 quod
959 5661 1365 5740 olisrrvavitttus
1396 5668 1536 5740 (col.
1574 5661 1698 5731 163,
1731 5676 1836 5719 not.
1869 5681 1900 5740 ξς
1925 5677 2118 5740 nostra:

522 5741 626 5795 edit
658 5739 698 5810 ),
717 5725 1006 5810 Satiellinm
1023 5738 1077 5793 in
1107 5737 1324 5807 Virgine
1341 5725 1590 5808 niiionem
1617 5725 1838 5792 ratemis
1852 5725 2116 5803 dividere,

533 5809 799 5885 quatenus
836 5809 1126 5885 incipit-bat
1156 5811 1250 5885 Dei
1278 5813 1516 5885 CJUSdt‘lII
1545 5813 1758 5885 nomina
1789 5813 2083 5885 gemmare.

612 5882 684 5953 (ι)
710 5880 1058 5938 licstitninms
1079 5883 1199 5949 quia
1221 5883 1382 5936 solum
1399 5896 1462 5936 ex
1486 5880 1784 5951 potioribus
1799 5894 1926 5934 mss.
1944 5879 2121 5951 Colb.,

2197 3358 2264 3399 ex
2317 3344 2596 3401 nativitate
2651 3355 2881 3413 natnrm,
2914 3356 3170 3418 quantum
3205 3348 3432 3418 implere
3466 3358 3648 3420 posset
3676 3364 3804 3418 per-

2198 3443 2337 3501 feeta
2392 3447 2647 3502 nativitas
2697 3465 2709 3502 :
2749 3463 2922 3518 neque
2968 3447 3035 3503 ad
3085 3447 3440 3503 differentiam
3497 3436 3802 3502 divinitatis

2200 3547 2476 3616 unigenito
2499 3549 2606 3603 Deo
2627 3547 3021 3620 ignorationem
3042 3548 3147 3603 diei
3170 3549 3389 3604 ethorze
3406 3547 3800 3619 deputandum,

2199 3663 2320 3702 cum
2351 3648 2416 3702 ad
2449 3648 2923 3706 demonstrandam
2956 3649 3243 3705 adversum
3277 3649 3565 3704 lia-retices
3604 3648 3803 3705 Sabel-

2194 3749 2366 3806 lianos
2391 3751 2554 3824 326
2577 3751 3014 3807 innascibiiemin
3043 3751 3202 3806 Patre
3220 3759 3383 3822 atque
3415 3749 3804 3804 ininitiabilem

2193 3859 2540 3922 potestatem,
2571 3853 2906 3908 innascibilis
2947 3853 3061 3907 hrcc
3107 3853 3158 3907 in
3187 3867 3252 3907 eo
3283 3849 3363 3907 sit'
3389 3852 3670 3922 potestatis
3702 3865 3802 3905 ex—

2193 3955 2390 4024 ceptio.
2423 3953 2508 4028 (j)
2539 3954 2646 4011 Sed
2677 3957 2800 4026 quia
2833 3955 2970 4010 hanc
2999 3955 3216 4011 noscita:
3239 3955 3347 4011 diei
3379 3953 3803 4025 professionem,

2197 4073 2303 4113 non
2350 4057 2704 4128 ignorationis
2733 4072 2854 4114 esse
2880 4057 3276 4124 inﬁrtnita'em,
3311 4056 3406 4113 sed
3436 4056 3646 4112 tacendi
3679 4057 3798 4112 (ΙὶειΙ

2276 4194 2353 4266 (9.)
2389 4191 2684 4248 Immanuel
2709 4209 2806 4265 pro
2828 4192 3154 4248 Emmanuel.

2209 4333 2393 4400 (ἴθι-ειη
2428 4333 2660 4404 Remig..
2708 4334 2917 4399 Gcrm..
2958 4342 3090 4400 etc.,
3121 4333 3211 4390 ubi
3236 4337 3296 4391 τὸ
3323 4334 3487 4388 solum
3522 4345 3626 4390 non
3671 4337 3807 4391 soli-

2210 4403 2402 4459 tariutn
2445 4406 2729 4476 signiﬁcat.
2782 4405 2876 4460 sed
2924 4422 3127 4460 unum:
3162 4407 3265 4460 hoe
3293 4416 3397 4471 est,
3450 4422 3628 4477 neque
3675 4410 3804 4476 quia

2207 4477 2618 4547 przedicavimns
2668 4493 2828 4531 untnn
2863 4491 2926 4532 ac
2953 4477 3127 4530 solum
3164 4477 3354 4543 Deum,
3388 4477 3508 4531 ideo
3542 4480 3806 4547 prmdica-

2207 4546 2378 4602 vimns
2432 4550 2754 4619 singularem
2780 4563 2840 4601 ac
2863 4547 3198 4619 solitarium;
3230 4547 3274 4602 si
3297 4549 3512 4617 quidem
3543 4546 3803 4618 unigeniti

2208 4619 2298 4672 Dei
2331 4618 2620 4683 confessio,
2655 4629 2710 4674 nt
2742 4633 2846 4674 non
2877 4618 3011 4673 duos
3040 4633 3241 4690 genere
3284 4620 3550 4685 diversos,
3594 4622 3664 4675 ita
3694 4635 3795 4675 nec

2202 4691 2495 4746 solitarium
2521 4692 2727 4761 recipit.

2272 4761 2347 4833 (g)
2375 4764 2596 4833 Aliquot
2625 4764 2840 4833 optima:
2871 4772 3010 4816 notae
3033 4777 3162 4817 mss.
3185 4773 3336 4832 atque
3362 4763 3411 4816 in
3435 4763 3586 4816 hanc.

2273 4783 2288 4832 1
2331 4783 2347 4832 )
2375 4783 2596 4833 Λιιψιυι
2625 4783 2840 4833 ιψιιιῐιίὲ
2871 4783 3010 4816 110ιὶιῖ
3033 4783 3162 4817 11155.
3185 4783 3336 4832 atque
3362 4783 3411 4816 111
3435 4783 3586 4816 HUNC.

2273 4783 2355 4905 (ἶ)
2381 4835 2436 4888 1η
2467 4837 2714 4904 vulgatis,
2747 4838 2797 4887 in
2848 4835 3095 4897 homine;
3133 4834 3318 4904 sicque
3343 4834 3486 4905 alias
3507 4836 3635 4904 legit
3662 4831 3809 4888 Hila-

2198 4904 2342 4965 rius,
2368 4913 2492 4974 puta
2547 4908 2639 4961 lib.
2669 4922 2719 4970 ν,
2757 4906 2917 4970 ιι.18,
2966 4918 3015 4958 et
3067 4906 3163 4959 lib.
3191 4921 3266 4967 Ix.
3301 4920 3359 4958 ιι.
3389 4910 3441 4958 4.
3477 4904 3575 4960 Hic
3625 4916 3805 4960 tamrn

2199 4978 2523 5033 auctoritate
2563 4993 2692 5031 mss.
2743 4977 3080 5032 restitnimns
3124 4977 3176 5030 in
3219 4977 3514 5044 hominem,
3561 4978 3704 5047 quod
3755 4990 3808 5030 et

2203 5052 2505 5118 pantoante
2538 5049 2738 5119 habent
2764 5049 2917 5112 editi,
2949 5063 3011 5102 ac
3038 5049 3205 5119 magis
3235 5051 3484 5116 congruit
3526 5063 3648 5103 cum
3677 5049 3806 5102 sub-

2203 5122 2358 5174 ttexis
2384 5130 2536 5174 natus
2565 5121 2618 5173 in
2651 5118 2818 5174 Deum
2856 5122 2941 5173 sit.

2278 5211 2342 5286 (i)
2375 5209 2586 5286 aliquot
2619 5227 2746 5286 ‘mss
2777 5253 2788 5270 .
2822 5209 3129 5286 initiabitem
3169 5209 3580 5266 substitutionem
3609 5227 3626 5266 :
3651 5226 3809 5286 mea-

2205 5282 2356 5339 dose.
2389 5282 2762 5337 lninitiabilem
2791 5284 3200 5336 snbstitutionem
3257 5289 3412 5337 vocat
3461 5295 3578 5337 eam
3631 5283 3808 5336 subsi-

2206 5356 2383 5410 stendi
2406 5354 2693 5420 rationem,
2719 5369 2835 5424 quae
2858 5355 3034 5408 omnis
3057 5354 3302 5424 principii
3331 5367 3528 5423 expers
3553 5353 3641 5409 sit.
3669 5350 3811 5406 Con-

2204 5427 2320 5482 cedi
2375 5427 2559 5495 nequit
2613 5416 2824 5480 Patrem
2859 5416 3111 5494 potestati
3151 5416 3262 5479 sure
3312 5416 3602 5495 qnidqnam
3636 5439 3813 5478 reser-

2208 5513 2385 5564 vasse,
2412 5493 2517 5552 nisi
2540 5497 2680 5552 tilins
2706 5499 2802 5566 ipsi
2836 5493 3115 5567 inzeqnalis
3138 5493 3701 5551 eonrcdatttr.Verttnt
3725 5495 3811 5548 hic

2217 5570 2448 5625 llilarins
2498 5585 2603 5624 non
2660 5579 2764 5622 tam
2798 5585 2862 5624 ex
2895 5583 2989 5638 sua
3018 5581 3177 5638 qnam
3229 5579 3295 5622 ex
3323 5567 3649 5621 Arianorum
3682 5582 3809 5621 seno

2224 5643 2392 5696 tentia
2416 5642 2689 5712 loquitur:
2722 5642 2893 5710 inqua
2926 5633 3095 5694 Filius
3129 5646 3234 5712 non
3257 5639 3571 5708 simpliciter
3593 5649 3814 5705 negetur

2229 5716 2388 5780 scire,
2452 5711 2543 5768 sed
2601 5723 2823 5766 eatenus
2871 5727 3080 5766 lit'St'll'e
3127 5711 3357 5775 dicatur,
3415 5718 3682 5780 quatenus
3715 5725 3813 5762 non

2225 5784 2552 5840 innascibilis
2580 5797 2699 5838 esse
2719 5782 3053 5854 intelligitur.

2290 5879 2362 5955 (j)
2398 5877 2652 5936 Erasmus
2682 5877 2768 5935 hic
2797 5878 3099 5935 inseruerat
3124 5875 3261 5935 :Per
3279 5893 3432 5949 quam
3454 5875 3614 5948 patuit
3677 5871 3820 5932 Verbi
