4094 6180
481 333 581 394 55!

1682 332 1927 391 SANCTI
1982 334 2236 393 [HLARII
2278 337 2586 398 EPISCOPI

3682 346 3784 403 532

485 452 632 509 enim
662 452 848 524 generi
883 451 1006 508 vita:
1053 458 1285 509 mortem
1314 458 1405 505 aut
1452 449 1533 507 vis
1586 450 1844 516 exterior,
1877 450 1927 506 id
1980 461 2086 519 est.
2114 454 2167 516 A
2195 457 2442 513 humanze
2464 459 2567 515 sub
2596 459 2887 516 voluntatis
2908 475 3018 516 sua:
3049 459 3296 517 libertate
3323 461 3637 518 moriturus.
3668 462 3786 520 Non

485 545 673 615 febris,
708 544 972 610 vulneris,
1004 557 1187 608 casus,
1217 543 1409 611 ruinaz,
1460 541 1774 613 degrassata
1804 545 1855 599 in
1888 559 2086 615 corpus

492 639 805 705 accelerat;
836 645 930 692 aut
971 636 1086 708 ipsa
1131 644 1318 691 natura
1365 638 1610 706 corporis
1653 638 1819 693 nostri
1848 637 2000 693 senio
2030 637 2083 693 in

487 746 609 788 eam
656 730 826 800 ipsam
878 738 1107 784 mortem
1145 730 1283 783 victa
1337 728 1602 784 concedit.
1640 728 1955 800 Unigenitus
1983 744 2082 784 au-

486 832 595 879 tem
640 822 783 877 Deus
835 824 908 876 ita
958 829 1283 894 potestatem
1333 820 1539 885 habens
1578 822 1842 891 ponendae
1866 821 2083 889 animm,

489 914 570 988 (l)
596 923 653 970 ut
677 914 1041 981 resumendae,
1056 914 1123 969 ad
1145 915 1510 985 peragendum
1534 915 1585 969 in
1613 930 1674 969 se
1705 914 1893 970 mortis
1914 929 2091 970 saera-

488 1019 755 1076 mentum,
783 1024 905 1064 cum
947 1018 1076 1079 poto
1101 1015 1255 1063 aceto
1277 1022 1687 1063 consummasse
1716 1022 1776 1062 se
1800 1022 1962 1061 omne
1990 1006 2092 1061 bu-

487 1116 771 1159 manarutn
825 1086 1155 1173 passionum
1195 1115 1331 1171 opus
1359 1098 1434 1173 (a)
1468 1106 1697 1155 testatus
1738 1108 1902 1167 esset,
1932 1098 2089 1153 incli-

496 1202 625 1252 nato
652 1195 828 1266 capite
853 1194 1104 1264 spiritum
1137 1192 1358 1247 tradidit
1380 1190 1586 1265 (Joan.,
1621 1208 1734 1259 Xlx,
1758 1192 1877 1263 50).
1901 1191 1958 1248 Si
1990 1195 2092 1247 hoc

495 1297 704 1345 natura:
755 1287 993 1343 hominis
1037 1289 1126 1357 jus
1147 1287 1389 1342 relictum
1413 1297 1519 1355 est,
1542 1297 1601 1343 ut
1632 1304 1726 1359 per
1746 1302 1806 1343 se
1834 1286 2093 1342 exhalans

489 1382 739 1453 Spiritum
756 1380 1240 1454 requiescat328
1262 1380 1313 1434 in
1335 1389 1586 1446 mortem,
1617 1389 1672 1435 et
1696 1396 1801 1434 non
1822 1379 2089 1434 dissoluto

492 1488 723 1545 corpore
767 1472 1087 1530 labefactata
1132 1474 1310 1527 anima
1340 1472 1582 1540 decedat,
1611 1474 1694 1527 vel
1736 1472 1979 1543 abruptis
2004 1481 2097 1527 aut

491 1567 755 1640 perfossis
801 1575 894 1622 aut
940 1566 1146 1622 collisis
1180 1565 1438 1621 membris
1472 1567 1696 1636 spiritus
1739 1573 2011 1637 tamquam
2041 1565 2097 1621 in

493 1661 623 1717 sede
653 1676 749 1716 sua
780 1658 1009 1716 violatus
1048 1668 1297 1729 erumpat
1325 1666 1418 1713 aut
1457 1658 1639 1714 ellluat
1667 1675 1680 1711 :
1706 1656 1909 1713 incidat
1935 1657 1987 1712 in
2017 1656 2095 1730 (ιγ)

494 1753 782 1809 Dominum
817 1754 946 1808 vitae
995 1753 1185 1808 mortis
1212 1760 1410 1818 metus,
1434 1752 1479 1806 si
1504 1751 1647 1822 quod
1676 1752 1877 1807 emisso
1904 1751 2097 1822 spiritu

2185 562 2271 606 est
2303 551 2353 605 in
2386 552 2662 608 voluntate
2713 553 2793 627 (5)
2847 552 2918 627 (ε)
2954 554 3238 610 morientis
3268 562 3325 610 et
3370 563 3637 625 potestate
3679 574 3786 615 non

2188 642 2278 697 diu
2303 644 2436 699 mori
2468 644 2628 699 timor
2658 645 2852 701 mortis
2883 662 2897 701 :
2923 646 3045 717 quia
3076 653 3133 700 et
3163 646 3407 719 Voluntas
3443 648 3709 705 moriendi
3734 658 3788 707 et

2191 744 2431 807 potestas
2455 737 2808 793 reviviscendi
2840 748 2991 794 extra
3025 748 3270 794 naturam
3300 740 3509 796 timoris
3529 752 3636 810 est,
3658 743 3787 800 dum

2192 828 2368 883 timeri
2411 843 2558 883 mors
2587 845 2692 884 non
2750 840 2928 901 potest
2957 842 3012 886 et
3052 831 3105 886 in
3137 833 3413 888 voluntate
3443 835 3709 891 moriendi
3735 844 3793 894 et

2192 920 2243 974 in
2275 928 2540 990 potestate
2563 921 2794 978 vivendi.

2266 1015 2354 1068 15.
2408 1015 2486 1068 An
2515 1032 2691 1086 paruas
2737 1017 2982 1071 timuerit.
3014 1047 3087 1057 —
3126 1017 3233 1074 Sed
3291 1016 3431 1073 forte
3483 1018 3706 1089 penduli
3736 1019 3789 1076 in

2193 1121 2353 1162 cruce
2383 1108 2631 1177 corporis
2674 1107 2754 1179 (6)
2783 1123 2955 1178 ptena:
2980 1108 3417 1181 ctcolligantium
3442 1109 3646 1166 funium
3675 1112 3792 1167 vio-

2194 1199 2337 1255 lenta
2370 1200 2600 1265 vincula,
2633 1210 2685 1255 et
2722 1201 3034 1257 adaetorum
3076 1202 3349 1257 clavorum
3379 1202 3447 1275 (ι’)
3484 1204 3647 1259 cruda
3678 1204 3798 1261 vui-

2196 1310 2322 1351 nera
2365 1305 2489 1351 sunt
2521 1296 2745 1351 timori?
2774 1297 2842 1352 Et
2865 1297 3141 1352 videamus
3171 1298 3327 1368 cujus
3355 1300 3601 1369 corporis
3629 1298 3796 1355 homo

2194 1385 2442 1444 Christus
2490 1390 2597 1456 sit;
2626 1399 2683 1443 ut
2732 1388 2786 1443 in
2836 1404 3178 1460 suspensam,
3230 1401 3283 1445 et
3328 1390 3404 1462 (g)
3437 1390 3713 1459 nodatam,
3739 1399 3797 1449 et

2198 1482 2551 1538 transfossnm
2593 1498 2812 1538 carnem
2844 1483 2998 1539 dolor
3024 1484 3304 1539 manserit.

2268 1576 2431 1648 329
2461 1577 2549 1632 H.
2602 1576 2750 1632 Unde
2772 1578 2823 1631 in
2863 1576 3161 1648 corporibus
3202 1594 3397 1634 sensus.
3426 1609 3498 1618 —
3523 1579 3595 1633 Ea
3645 1579 3796 1637 enim

2199 1679 2388 1725 natura
2416 1685 2706 1740 corporum
2738 1680 2843 1736 est,
2875 1669 2955 1744 (It)
2984 1679 3041 1725 ut
3087 1686 3153 1726 cx
3180 1671 3454 1726 consortio
3502 1671 3699 1728 anima:
3741 1672 3799 1728 in

2200 1775 2418 1817 sensum
2466 1762 2754 1832 quemdam
2802 1764 2996 1817 anima:
3042 1763 3325 1818 sentientis
3371 1764 3636 1831 animata,
3686 1780 3802 1822 non

490 1858 738 1905 mortuus
761 1856 866 1913 85!.
892 1861 996 1903 n0"
1027 1846 1293 1904 Ιίιιθιίίιιίε
1338 1861 1450 1902 sum
1491 1846 1557 1903 ad
1603 1846 1940 1902 moriendum
1965 1863 2093 1903 usus
2124 1855 2171 1915 B
2199 1855 2269 1909 sit
2296 1854 2462 1910 hebes
2501 1854 2860 1926 inanimisque
2890 1856 3141 1911 materies
3168 1873 3180 1909 :
3209 1856 3301 1911 sed
3334 1866 3386 1911 et
3426 1865 3627 1913 attacta
3668 1872 3802 1913 scn-

494 1950 580 2000 est
631 1950 917 2013 potestate.
950 1941 1105 2009 Quod
1157 1941 1203 1997 si
1229 1958 1295 1997 ex
1325 1957 1384 1997 se
1434 1950 1679 1997 mortuus
1706 1951 1810 2005 est,
1839 1948 1895 1996 et
1915 1955 2010 2012 per
2033 1955 2095 1996 se

492 2037 743 2108 spiritum
770 2035 1000 2092 reddidit
1028 2051 1043 2103 ;
1074 2051 1181 2091 non
1219 2043 1303 2091 est
1329 2043 1504 2090 terror
1532 2035 1725 2090 mortis
1752 2036 1803 2089 in
1830 2041 2095 2106 potestate

497 2129 787 2186 moriendi.

569 2223 658 2280 12.
706 2223 819 2280 Nec
849 2226 1054 2296 corpori
1085 2241 1175 2280 nec
1203 2225 1412 2295 spiritui
1439 2241 1578 2280 mors
1604 2225 1701 2295 fuit
1736 2223 1998 2279 terribilis.
2025 2254 2097 2264 —

493 2318 600 2376 Sed
673 2319 809 2375 forte
884 2318 1131 2374 humanae
1202 2319 1518 2390 ignorantiae
1594 2317 1880 2379 timiditate
1958 2316 2097 2372 hanc

494 2414 667 2484 ipsam
700 2412 781 2484 (2)
813 2413 883 2485 (ε)
930 2412 1195 2469 moriendi
1236 2413 1289 2469 in
1321 2429 1381 2469 se
1422 2413 1600 2469 timuit
1639 2422 1962 2485 potestatem
1992 2428 2006 2477 ;
2040 2422 2099 2466 ut

492 2505 624 2563 licet
645 2505 714 2561 ab
752 2520 811 2561 se
837 2503 916 2579 (5)
946 2514 1190 2561 mortuus
1236 2504 1326 2573 sit,
1366 2513 1548 2561 tamen
1599 2504 1701 2561 hoc
1731 2505 1927 2576 ipsum,
1952 2504 2097 2575 quod

497 2598 794 2655 moriturus
833 2608 999 2657 esset.
1032 2598 1292 2654 timuerit.
1329 2597 1399 2654 Et
1444 2599 1490 2655 si
1523 2596 1663 2653 forte
1691 2606 1871 2663 erunt,
1904 2598 1996 2668 qui
2026 2598 2097 2652 ita

495 2691 922 2769 existimabunt;
953 2691 1289 2748 constituant
1339 2692 1426 2748 cui
1483 2693 1558 2748 rei
1614 2692 1926 2748 existiment
1956 2706 2101 2746 mor-

498 2794 606 2843 tem
664 2785 830 2843 iuiSse
876 2787 1198 2853 terribilem,
1232 2786 1482 2858 Spiritui,
1512 2802 1579 2842 an
1610 2786 1851 2857 corpori.
1896 2786 1954 2842 Si
1978 2799 2099 2842 cor-

496 2881 614 2951 pori
641 2895 657 2946 ;
686 2896 827 2935 anne
860 2881 1131 2952 ignorant,
1163 2880 1307 2953 quod
1322 2880 1522 2936 Sancto
1551 2881 1957 2951 corruptionem
1989 2895 2097 2936 non

496 2972 681 3027 visuro
735 2972 874 3045 (Ps.
923 2989 1008 3039 xv,
1071 2974 1199 3045 10),
1252 2974 1391 3029 intra
1433 2975 1667 3029 triduum
1721 2975 1967 3044 corporis
2017 2974 2100 3030 sui

497 3066 758 3138 templum
788 3078 935 3125 esset
980 3071 1380 3127 suscitaturus?
1420 3070 1478 3127 Si
1512 3086 1640 3126 vero
1687 3071 1908 3142 Spiritui
1955 3088 2101 3128 mors

499 3159 756 3217 terribilis
781 3162 1007 3238 est;(t)
1039 3163 1115 3237 (rt)
1156 3163 1363 3219 Lazaro
1408 3164 1459 3219 in
1515 3163 1746 3220 Abralnc
1779 3165 1987 3221 sinibus
2009 3164 2103 3220 las-

2200 1948 2318 2013 tiat,
2348 1956 2404 2003 et
2446 1957 2769 2018 compuncta
2804 1948 3007 2015 doleat,
3039 1958 3094 2003 et
3121 1949 3305 2019 algetis
3335 1950 3526 2019 rigeat,
3565 1961 3619 2005 et
3661 1966 3804 2006 con-

2198 2041 2305 2097 fota
2334 2042 2588 2114 gaudeat,
2612 2051 2668 2098 et
2710 2042 2885 2097 inedia
2920 2041 3181 2109 tabescat,
3228 2051 3285 2097 et
3314 2042 3627 2114 pinguescat
3652 2044 3803 2100 cibo.

2198 2134 2282 2190 Ex
2315 2134 2547 2206 quodam
2565 2136 2709 2190 enim
2725 2134 3021 2191 ohtinentis
3044 2150 3105 2189 se
3133 2137 3576 2206 penetrantisque
3602 2137 3807 2192 animae.

2204 2238 2543 2294 transcursu,
2573 2227 2868 2283 secundum
2891 2243 2955 2282 ea
2984 2227 3038 2283 in
3064 2228 3259 2299 quibus
3279 2230 3405 2293 erit,
3442 2238 3535 2282 aut
3562 2227 3809 2284 oblecta-

2203 2330 2308 2387 tur,
2340 2328 2433 2375 aut
2457 2320 2690 2376 laeditur.
2719 2318 2853 2377 Cum
2887 2322 3049 2392 igitur
3092 2330 3416 2391 compnncm
3468 2329 3560 2375 aut
3601 2320 3809 2378 effossa

2200 2426 2428 2482 corpora
2456 2412 2661 2475 dolent,
2692 2429 2910 2468 sensum
2941 2413 3150 2469 doloris
3177 2416 3462 2471 transfusa:
3491 2415 3543 2469 in
3581 2429 3644 2469 ea
3684 2415 3812 2471 ani-

2202 2521 2303 2561 mte
2343 2520 2537 2561 sensus
2577 2507 2832 2563 admittit.
2862 2508 3103 2580 Denique
3135 2509 3328 2565 vulnus
3353 2509 3601 2580 corporis
3628 2523 3811 2580 usque

2201 2598 2268 2655 ad
2293 2599 2392 2655 hos
2420 2599 2586 2669 dolet,
2622 2610 2676 2656 et
2699 2602 2847 2673 digiti
2904 2602 3267 2659 excidentium
3310 2601 3487 2673 (alias,
3533 2601 3814 2658 exceden-

2203 2692 2360 2764 tium)
2406 2708 2472 2748 ex
2500 2708 2666 2749 carne
2714 2696 2970 2765 unguium
3023 2696 3378 2768 praesegmina
3424 2696 3690 2752 nesciunt.
3733 2696 3813 2753 Et

2205 2785 2250 2840 si
2282 2786 2499 2857 quando
2531 2788 2821 2845 accedente
2838 2790 2970 2845 vitio
3003 2806 3123 2860 pars
3151 2790 3331 2862 aliqua
3361 2800 3610 2861 corrupta
3632 2805 3813 2846 mem-

2204 2878 2446 2948 brorum,
2500 2896 2718 2937 sensum
2760 2882 2900 2938 viva:
2947 2883 3127 2940 carnis
3156 2883 3434 2951 amiserit;
3464 2897 3525 2939 ea
3566 2898 3687 2939 cum
3716 2884 3814 2940 vel

2205 2973 2551 3031 desecabitur
2580 2976 2661 3030 vel
2706 2985 2911 3044 uretnr,
2962 2976 3205 3033 dolorem
3248 2977 3492 3049 quisquis
3538 2992 3660 3034 esse
3705 2992 3816 3048 po-

2210 3068 2422 3135 tuisset,
2454 3084 2558 3123 non
2589 3078 2841 3125 manante
2872 3071 2923 3124 in
2955 3085 3016 3125 ea
3045 3071 3238 3125 anima:
3269 3071 3649 3141 permixtione,
3694 3087 3814 3130 non

2210 3162 2426 3217 sentiet.
2475 3161 2581 3218 Aut
2627 3178 2747 3219 eum
2794 3163 2972 3235 gravis
3021 3166 3311 3220 necessitas
3359 3163 3630 3220 recidendi
3676 3180 3815 3221 cor-

499 3260 663 3319 tante,
695 3253 962 3310 infernum
1008 3254 1175 3310 chaos
1208 3253 1460 3311 Christus
1485 3256 1743 3313 timeret?
1769 3256 1896 3312 Hmc
1933 3257 2094 3313 stulta
2122 3259 2166 3321 C
2201 3259 2349 3332 poris
2375 3268 2577 3326 manet,
2606 3258 2872 3315 medicato
2913 3268 3043 3329 potu
3071 3258 3386 3329 consopitur
3411 3260 3561 3330 vigor
3584 3261 3811 3328 animae,

498 3356 659 3417 atque
689 3345 914 3401 ridicula
944 3356 1090 3413 sunt,
1125 3357 1182 3401 ut
1210 3346 1263 3402 in
1295 3357 1562 3417 potestate
1591 3349 1852 3419 ponenda:
1896 3350 2095 3405 animm

497 3450 563 3494 ac
613 3437 952 3495 resumendae
1006 3439 1143 3495 mori
1174 3440 1409 3505 timeret,
1441 3440 1509 3497 ad
1536 3451 1934 3499 sacramentum
1971 3444 2096 3500 vitae

600 3556 653 3643 1)
682 3557 785 3643 γει
810 3559 1174 3643 reserenda.

681 3630 737 3716 in
764 3646 866 3716 mis:
902 3630 1100 3716 Veron.
1125 3632 1210 3687 hic
1234 3627 1450 3687 additur
1471 3641 1644 3686 suam.

573 3701 657 3772 (5)
681 3702 735 3756 ln
775 3703 917 3768 aliis,
940 3705 1237 3759 moriturus.

572 3772 659 3842 (4)
687 3771 964 3829 Eleazaro.

496 3867 618 3937 jore
660 3872 755 3942 de_
775 3866 881 3923 tide
901 3868 1041 3942 apud
1083 3869 1486 3927 Theodoretum
1536 3870 1759 3942 Dialogo
1801 3885 1898 3925 ut:
1928 3868 2096 3925 Homo

501 3946 671 3993 autem
715 3937 1039 4005 Dominicus,
1070 3958 1162 3996 nec
1205 3943 1258 3996 vi
1282 3942 1445 3997 morbi
1472 3937 1764 4013 superatus,
1795 3959 1888 3997 nec
1912 3942 2099 3996 invitus

506 4022 735 4084 mortuus
763 4020 873 4067 est:
905 4013 993 4084 sed
1037 4029 1132 4067 sua
1174 4025 1353 4084 sponte
1381 4016 1514 4069 venit
1535 4014 1602 4067 ad
1628 4016 1806 4069 mortis
1836 4013 2103 4084 dispensa-

503 4081 712 4144 tionem,
743 4083 1103 4138 corroboratus
1124 4081 1525 4140 abinhabitante
1550 4087 1601 4139 iu
1627 4086 1741 4152 ipso
1771 4085 1880 4141 Deo
1915 4082 2099 4149 Verbo,

504 4152 591 4222 qui
620 4154 771 4219 dixit,
799 4153 968 4223 Nemo
995 4156 1127 4210 tollit
1155 4159 1383 4211 animam
1422 4173 1587 4212 meam
1625 4174 1656 4210 a
1680 4173 1780 4223 me,
1812 4168 1919 4212 etc.
1952 4155 2103 4210 Divi-

506 4223 641 4277 nitas
661 4241 780 4303 ergo
802 4222 942 4303 _F_ilii
975 4236 1068 4293 est,
1097 4244 1212 4297 qum
1240 4239 1285 4303 et
1333 4230 1498 4303 ponit,
1522 4238 1571 4283 et
1597 4222 1777 4283 rursus
1804 4231 1957 4283 sumit
1985 4228 2103 4281 ani-

507 4308 648 4369 mam
675 4297 896 4369 hominis
915 4314 1063 4369 quem
1088 4300 1318 4368 gestavit.

581 4365 659 4438 (a)
699 4365 937 4435 Aliquot
950 4365 1284 4438 mssfproba:
1312 4380 1475 4435 notat,
1490 4378 1702 4425 testatus
1721 4379 1815 4425 est.

583 4436 664 4511 (ὁ)
691 4437 852 4493 Vetus
897 4453 999 4494 ms.
1036 4436 1218 4508 conn,
1248 4443 1303 4496 in
1353 4441 1518 4495 Deum
1561 4442 1696 4496 vitw.
1739 4440 1908 4511 Magis
1932 4441 2109 4511 placet

506 4504 811 4575 Dotn'inum,
842 4511 1107 4583 quamvis
1137 4504 1237 4567 hoc
1266 4513 1432 4569 verbo
1457 4511 1638 4567 divina
1679 4504 1868 4567 natura
1896 4504 2106 4583 signiti-

508 4588 819 4654 cetur,qua:_
844 4580 969 4637 hinc
991 4586 1042 4636 ln
1067 4579 1284 4637 Christo
1313 4584 1733 4651 demonstratur,
1768 4582 1911 4654 quod
1939 4579 2008 4640 ex
2048 4600 2108 4640 se

508 4651 751 4708 moriens
801 4652 922 4722 jure
970 4654 1103 4709 nulli
1155 4653 1441 4711 hominum
1504 4667 1713 4711 naturae
1761 4651 1953 4711 relicto
1986 4669 2107 4711 sese

508 4723 744 4796 gaudere
770 4723 943 4795 palam
965 4725 1171 4782 fecerit.

583 4796 660 4870 (ς)
686 4796 740 4853 lu
766 4796 991 4868 vulgatis
1024 4797 1111 4853 hic
1138 4796 1374 4870 additur
1399 4814 1547 4853 suam
1570 4815 1590 4855 :
1616 4812 1717 4854 vox
1748 4799 1904 4855 abest
1946 4814 1973 4853 a
2006 4814 2104 4870 po-

513 4867 740 4923 tioribus
786 4882 915 4940 mss.
951 4883 1015 4924 ac
1043 4868 1221 4925 verbis
1246 4870 1300 4923 in
1330 4886 1385 4925 se
1410 4872 1544 4926 satis
1574 4871 1918 4940 exprimitur,
1952 4867 2099 4940 puta,

513 4955 576 4993 ac
597 4938 845 5011 moriendi
873 4950 1189 5011 potestatem,
1214 4956 1335 5011 quze
1361 4942 1414 4995 in
1434 4958 1488 4997 se
1508 4942 1610 4998 sita
1633 4938 1769 5011 erat,
1796 4938 1992 4998 timuit.

589 5006 672 5081 (ά)
701 5006 1030 5081 Vetustiores
1060 5006 1189 5067 mss.
1222 5006 1471 5068 Eleazaro
1501 5013 1720 5076 habent,
1746 5006 1850 5068 non
1881 5012 2100 5068 Lazaro.

516 5080 796 5136 Vocabula
826 5080 1055 5155 Spiritus
1097 5094 1344 5139 naturam
1376 5084 1610 5140 divinam
1652 5085 1743 5139 hic
1776 5085 2001 5155 intelligi
2042 5085 2106 5139 li-

515 5163 647 5224 quet
669 5167 736 5209 ex
764 5168 913 5225 num.
970 5154 1062 5220 54,
1089 5167 1279 5225 estque
1305 5157 1585 5225 aquuata
1606 5156 1807 5213 ChriSti
1835 5154 2026 5213 divisio
2050 5157 2102 5212 in

516 5239 717 5294 eorpus
738 5234 792 5280 et
820 5224 1102 5295 Spiritum,
1141 5224 1326 5293 idest,
1354 5228 1407 5282 in
1440 5224 1711 5285 hominem
1732 5240 1788 5285 et
1824 5230 2027 5296 Deum;
2054 5242 2109 5286 et

518 5309 584 5373 ea
600 5296 815 5373 quidem
828 5297 1232 5373 accommodata
1246 5302 1530 5356 sententiae
1546 5302 1885 5368 Arianorum,
1910 5317 2110 5373 corpus

518 5367 573 5444 in
597 5366 815 5424 Christo
841 5370 1142 5444 dumtaxat
1170 5378 1225 5424 et
1249 5385 1556 5428 sermonem
1587 5374 1730 5428 vices
1764 5366 1958 5428 animae
1982 5366 2111 5444 s'up-

520 5438 760 5510 plentom
832 5443 1265 5512 agnoscentium.
1313 5444 1518 5512 Quibus
1567 5446 1804 5502 ostendit
1849 5438 2103 5513 Hilarius,

521 5524 629 5586 non
656 5522 902 5586 neutram
937 5514 1086 5570 illam
1129 5525 1373 5586 naturam
1420 5518 1597 5574 timori
1625 5534 1747 5575 esse
1793 5518 2107 5586 obnoxiam,

521 5584 615 5639 sed
643 5584 772 5640 nihil
800 5601 923 5643 esse
961 5601 1139 5642 causa:
1183 5602 1279 5642 cur
1304 5585 1552 5644 Christus
1593 5590 1834 5646 alterutri
1883 5584 2104 5646 timeati

517 5656 672 5730 juxta
699 5674 818 5732 qua:
842 5658 1175 5732 Augustinus
1197 5657 1255 5732 iu
1278 5675 1360 5729 ps.
1384 5675 1565 5728 xcxttt,
1597 5680 1650 5718 n.
1683 5662 1753 5719 19
1784 5679 1798 5715 :
1826 5660 1897 5716 Te
1930 5663 2113 5732 prmi-

521 5731 694 5804 gnuuit
719 5730 1065 5804 Dominusin
1108 5745 1204 5784 sua
1241 5730 1560 5799 inﬁrmitate,
1585 5749 1687 5788 non
1722 5751 1777 5789 se
1798 5751 1817 5788 :
1849 5730 1951 5789 non
1978 5736 2113 5789 enim

518 5800 725 5857 timebat
774 5800 921 5871 tertio
946 5800 1028 5853 die
1053 5810 1451 5871 resurrecturus.
1496 5804 1731 5871 Praelera
1766 5821 1871 5860 non
1907 5806 1994 5860 hic
2023 5821 2115 5865 re—

522 5871 733 5946 spuitur
765 5870 1082 5941 simpliciter
1124 5867 1304 5937 timor,
1345 5874 1439 5929 sed
1479 5876 1526 5929 is
1570 5867 1777 5930 tantum
1806 5876 1893 5946 qui
1922 5891 1986 5931 ex
2020 5875 2119 5931 htt-

2203 3360 2258 3407 et
2284 3351 2338 3406 in
2366 3359 2665 3407 emortuam
2696 3366 2889 3406 sensus
2912 3350 2995 3405 sui
3018 3350 3343 3405 oblivionem
3374 3366 3527 3407 mens
3565 3349 3646 3426 (7)
3674 3366 3808 3408 suc-

2203 3446 2283 3501 cis
2322 3444 2383 3520 (i)
2430 3445 2841 3501 violentioribus
2888 3453 3148 3515 occupata
3194 3445 3501 3502 coniicitur.
3563 3449 3641 3502 Ac
3691 3456 3811 3503 tum

2275 3558 2360 3634 (5)
2394 3561 2664 3634 Morientis
2693 3577 2851 3615 mors.

2387 3632 2583 3761 grana;
2614 3648 2761 3702 mox,
2790 3647 2964 3701 crura,
2986 3646 3093 3689 non
3116 3631 3297 3687 cruda.

2433 3723 2525 3761 αδ.

2433 3723 2525 3761 αδ.

2204 3889 2373 3931 mana
2394 3870 2690 3945 ignorantia
2716 3869 3106 3945 proficiscatur.
3142 3869 3370 3945 Demum
3396 3869 3497 3945 hoc
3518 3883 3813 3941 argumen-

2204 3956 2317 4003 tum
2361 3940 2437 4002 iis
2469 3954 2644 4013 patest
2690 3940 2991 4008 accenseri,
3025 3957 3143 4011 qua-
3195 3942 3266 3995 ad
3291 3940 3548 3995 hominem
3587 3940 3810 4012 vocant,

2206 4029 2262 4073 et
2282 4034 2347 4073 ex
2378 4015 2810 4071 adversariorum
2841 4015 3111 4069 sententia
3137 4013 3516 4068 coniiciuntur.

2278 4087 2353 4161 (ε)
2382 4087 2500 4142 Vat.
2536 4088 2650 4141 has.
2691 4102 2792 4140 ms.
2832 4086 2883 4139 in
2930 4087 3195 4161 voluptate
3234 4085 3440 4161 mortis;
3467 4085 3521 4139 In
3555 4084 3810 4154 vulgatis,

2208 4155 2469 4215 morientis
2522 4173 2661 4212 mors
2687 4174 2705 4212 :
2734 4165 3007 4226 corrupte.
3038 4156 3174 4210 Tum
3218 4158 3357 4227 apud
3403 4155 3495 4211 Er.
3526 4163 3581 4210 et
3627 4166 3815 4226 poste—

2210 4234 2384 4286 riores
2411 4230 2697 4295 editiones,
2741 4240 2787 4281 et
2815 4229 2868 4281 in
2918 4237 3163 4296 potestate
3188 4243 3291 4281 non
3315 4227 3406 4281 diu
3432 4228 3485 4280 in
3508 4237 3671 4281 morte
3695 4245 3813 4281 ma-

2210 4303 2366 4359 nendi
2417 4303 2586 4354 timor.
2612 4299 2673 4354 In
2700 4299 2909 4355 duobus
2939 4315 3072 4354 mss.
3109 4297 3263 4369 Colh.
3296 4310 3350 4353 et
3396 4313 3502 4354 uno
3543 4297 3807 4369 Sqrbon.,

2211 4383 2259 4430 et
2285 4373 2504 4445 potentis
2535 4387 2635 4424 non
2681 4371 2770 4425 diu
2817 4372 3096 4445 mor_i,c_t_c.
3147 4368 3204 4445 In
3239 4368 3542 4445 antiquiore
3592 4367 3747 4445 Golb.
3789 4367 3812 4427 ἐ

2214 4441 2337 4501 Non
2357 4453 2433 4499 est
2455 4444 2506 4497 in
2535 4451 2782 4512 potestate
2801 4441 3048 4496 moriendi
3071 4441 3333 4495 morientis
3376 4451 3426 4495 et
3456 4441 3674 4511 potentis
3703 4459 3812 4498 non

2211 4519 2300 4572 diu
2324 4532 2433 4571 esse
2454 4526 2731 4579 mortuum,
2754 4522 2800 4568 et
2827 4522 3079 4582 potentem
3099 4528 3200 4567 non
3227 4514 3316 4567 diu
3343 4514 3475 4567 mori
3499 4513 3651 4566 timor
3667 4529 3814 4567 mor-

2211 4590 2296 4644 tis.
2326 4588 2567 4643 Czeteros
2593 4586 2869 4653 sequimur
2898 4600 3028 4640 mss.
3054 4600 3283 4655 quorum
3315 4584 3474 4640 lectio
3495 4584 3695 4639 clarius
3731 4585 3809 4641 ita

2210 4669 2390 4733 potest
2416 4657 2613 4733 reddi:
2644 4655 2760 4712 Non
2785 4665 2868 4712 est
2896 4657 3059 4733 timor
3082 4656 3272 4711 mortis
3295 4656 3349 4710 in
3379 4670 3468 4723 eo,
3492 4656 3581 4733 qui
3612 4668 3812 4733 sponte

2213 4726 2377 4803 atque
2407 4746 2474 4786 ex
2503 4730 2779 4803 voluntate
2809 4726 3036 4803 moritur
3084 4737 3140 4782 et
3169 4734 3349 4799 potest
3375 4742 3482 4783 non
3522 4727 3614 4783 diu
3639 4729 3807 4795 mori,

2214 4799 2310 4859 seu
2332 4803 2440 4857 cito
2473 4801 2538 4854 ad
2563 4801 2724 4855 vitam
2754 4799 2952 4855 redire.

2288 4872 2357 4941 (f)
2389 4872 2733 4928 Pratellensis
2756 4869 2926 4926 codex
2958 4871 3090 4926 dura
3108 4871 3339 4925 vulnera.

2288 4873 2340 4941 (f
2389 4872 2733 4928 Pratellensis
2756 4872 2926 4926 codex
2958 4872 3090 4926 dura
3108 4872 3339 4925 vulnera.

2286 4872 2361 5020 (ὦ
2392 4944 2607 5020 In_mss.
2651 4941 2816 4998 Corb.
2868 4947 2924 5020 et
2964 4942 3282 5020 quibusdam
3324 4941 3466 5020 aliis.
3513 4940 3759 4996 nudatam
3786 4987 3805 5011 ,

2286 4964 2306 5020 ς
2344 4964 2446 5017 )ιιι
2479 4964 2607 5000 "ISS-
2651 4964 2816 4998 υοτυ.
2868 4964 2924 4996 ει
2964 4964 3282 5013 qtuuusuam
3324 4964 3466 5003 auls,
3513 4964 3759 4996 mmmam
3786 4987 3805 5011 ν

2213 4964 2377 5072 rasile.
2425 5016 2537 5072 Hae
2594 5024 2651 5070 et
2715 5014 2980 5084 superiori
3026 5014 3292 5069 sententia
3346 5013 3568 5084 docetur
3609 5028 3812 5083 corpus

2214 5086 2415 5144 Christi
2458 5102 2564 5142 non
2609 5085 2736 5141 solis
2783 5082 2981 5149 clavis,
3036 5085 3130 5140 sed
3159 5086 3407 5139 violentis
3449 5082 3655 5138 iunium
3684 5082 3808 5140 vin-

2215 5160 2355 5214 culis
2406 5158 2550 5213 cruei
2622 5156 2788 5212 fuisse
2830 5155 3159 5228 colligatum.
3206 5155 3455 5228 Tumad
3490 5157 3807 5228 marginem

2212 5231 2448 5296 Erasmi,
2479 5231 2627 5284 dolor
2667 5229 2940 5283 invaserit:
2964 5226 3106 5300 quod
3153 5244 3183 5282 a
3237 5227 3417 5297 Lipsio
3456 5226 3805 5300 abszqueialia

2212 5303 2530 5357 auctoritate
2568 5311 2865 5370 arreptum,
2898 5297 3093 5355 deinde
3141 5300 3470 5356 obtinuerat.
3500 5297 3618 5353 Jam
3672 5298 3810 5370 legi-

2212 5389 2334 5429 tntts
2361 5375 2413 5428 in
2443 5389 2521 5443 ps.
2548 5388 2696 5441 Lvttt,
2730 5389 2784 5426 η.
2810 5372 2840 5425 7
2873 5389 2886 5425 :
2923 5371 3053 5439 Qua:
3098 5372 3150 5425 in
3178 5372 3491 5441 impietatem
3520 5371 3707 5444 populi
3726 5387 3807 5425 es-

2210 5455 2321 5502 sent
2364 5461 2626 5501 mansura.
2692 5444 2957 5511 Quocirca
3017 5457 3122 5499 non
3190 5443 3364 5513 placet
3402 5443 3546 5512 quod
3592 5443 3646 5497 in
3698 5458 3805 5498 uno

2213 5533 2245 5572 e
2296 5532 2426 5573 mss.
2460 5517 2631 5573 Vatie.
2692 5526 2747 5571 ut
2798 5531 3047 5588 suspensa
3089 5524 3135 5570 et
3188 5515 3377 5570 uodata
3420 5522 3467 5569 et
3519 5515 3805 5586 transfossa

2211 5605 2386 5656 carne,
2418 5600 2525 5645 etc.

2286 5661 2369 5735 (h)
2393 5661 2554 5717 Solus
2581 5660 2751 5735 codex
2780 5659 2902 5735 Vat.
2932 5658 3072 5725 bas.,
3117 5668 3173 5713 ut
3213 5658 3325 5735 nisi
3338 5674 3412 5735 ex_
3425 5659 3681 5735 consortio
3709 5675 3720 5711 :
3748 5664 3807 5712 et

2215 5729 2361 5791 mox
2390 5750 2491 5788 non
2536 5734 2755 5789 sentiant
2782 5734 2951 5797 hebes,
3000 5746 3097 5802 pro
3136 5747 3238 5785 non
3282 5731 3357 5802 sit
3392 5729 3577 5802 hebes:
3606 5737 3807 5801 etpost

2216 5821 2409 5879 pauca,
2440 5820 2503 5859 ea:
2528 5803 2800 5879 cujusdam
2826 5804 2984 5869 enim,
3002 5801 3110 5879 pro
3139 5818 3203 5857 ea:
3226 5801 3643 5879 quodamenima
3694 5871 3708 5879 .
3767 5859 3793 5876 ,ί

2291 5872 2356 5946 (i)
2387 5874 2443 5931 ln
2487 5871 2758 5932 veteribus
2786 5889 2916 5932 mss.
2952 5871 3121 5939 suris;
3151 5871 3272 5929 cum
3303 5873 3482 5929 unic'o.
3513 5872 3569 5927 In
3597 5871 3802 5945 optimo
