4094 6180
252 222 348 279 555

1462 221 1549 278 DE
1592 220 1963 279 ΤιιιΝιιΑΤΕ
2006 222 2210 280 LIBER
2253 220 2319 279 Χ.

3434 227 3542 288 554

250 337 439 393 doloris
488 336 667 393 nescia
698 337 941 394 membra
969 336 1269 407 caeduntur,
1301 346 1356 394 ct
1381 352 1598 394 omnem
1627 338 1706 412 (α)
1736 339 1831 394 alti
1859 342 1915 403 Α
1939 339 2070 396 Nam
2117 356 2225 411 quo
2271 338 2434 396 modo
2483 338 2625 395 tilius
2672 340 2765 397 Dei
2793 341 3028 398 hominis
3053 340 3195 399 ﬁlius
3220 343 3324 399 erit
3350 352 3537 414 natus;

251 432 477 487 vulneris
505 432 715 504 plagam
744 422 937 490 sensus
968 434 1148 490 carnis
1186 444 1483 501 emortuus,
1532 448 1696 489 sensu
1724 432 1841 488 ani-

251 538 347 579 mae
392 523 446 578 in
495 537 556 579 se
586 524 848 592 torpentis
898 526 1098 581 evadit.
1149 524 1322 580 Allert
1368 525 1550 596 itaque
1593 524 1839 581 dolorem

252 631 341 688 per
370 619 567 673 anima:
595 618 825 675 inﬁrmis
865 618 1276 686 admixtioncm,
1308 619 1361 674 in
1410 619 1680 675 inﬁrmum
1711 633 1840 676 sen-

251 726 362 768 sum
384 728 542 767 suum
571 728 771 782 corpus
797 714 1115 770 animatum.

319 799 403 858 l5.
439 801 589 858 Unde
613 801 804 859 Christi
830 821 1018 875 corpus
1040 814 1086 859 et
1107 805 1378 859 anima.—
1403 804 1459 861 Si
1486 802 1647 876 igitur
1677 804 1842 861 homo

253 896 403 954 Iesus
432 896 685 953 Christus
716 913 811 968 per
839 896 990 953 initia
1018 898 1264 971 corporis
1300 907 1462 969 atque
1505 898 1699 954 animae
1748 914 1844 953 no-

255 1003 372 1046 stra:
401 991 538 1044 vixit
565 990 618 1045 in
647 1005 900 1061 corpore,
934 999 989 1047 et
1019 1005 1126 1047 non
1158 991 1230 1046 ita
1261 1001 1320 1046 ut
1358 991 1604 1062 corporis
1633 994 1734 1057 sui,
1766 991 1846 1046 sic

256 1101 305 1147 et
344 1091 542 1146 anima:
589 1106 700 1146 sum
725 1090 979 1162 princeps
1012 1090 1176 1157 Deus,
1203 1090 1283 1161 (l)
1330 1090 1383 1145 in
1437 1088 1842 1145 similitudinem

255 1184 411 1258 330
436 1184 674 1240 hominis
698 1185 1046 1248 constitutus,
1077 1194 1131 1240 et
1159 1183 1343 1239 habitu
1375 1195 1623 1254 repertus
1648 1192 1706 1239 ut
1747 1183 1849 1238 ho-

255 1294 337 1333 mo
366 1288 524 1333 natus
554 1286 675 1343 est;
724 1277 801 1349 (b)
830 1276 1073 1333 dolorem
1100 1277 1334 1333 senserit
1373 1277 1617 1347 corporis
1661 1276 1854 1340 nostri,

256 1373 445 1428 anima:
475 1381 681 1427 nostrae
705 1381 760 1427 et
785 1370 1049 1441 corporis,
1086 1380 1145 1425 ut
1196 1380 1480 1438 conceptu,
1512 1370 1583 1424 ita
1613 1379 1668 1425 et
1697 1369 1849 1424 initio

258 1465 523 1520 animatus
544 1464 596 1520 in
625 1479 874 1535 corpore.
916 1463 1070 1532 Quod
1115 1464 1160 1519 si
1199 1473 1473 1533 assumpta
1520 1462 1620 1517 sibi
1656 1477 1751 1529 per
1791 1476 1851 1517 se

257 1576 319 1616 es
348 1558 570 1629 Virgine
602 1574 789 1625 carne,
821 1559 937 1630 ipse
963 1558 1063 1615 sibi
1099 1558 1174 1629 (Ξ)
1204 1558 1274 1630 (c)
1321 1568 1374 1614 et
1414 1575 1480 1614 ex
1528 1573 1589 1614 se
1615 1559 1848 1612 animam

263 1652 505 1722 concepti
537 1667 634 1724 per
665 1667 723 1707 se
752 1650 994 1721 corporis
1016 1649 1316 1720 cooptavit;
1344 1649 1851 1706 secundumauimac

261 1746 611 1818 corporisque
679 1756 946 1808 naturam,
1022 1757 1243 1800 necesse
1290 1753 1375 1799 est
1430 1754 1479 1799 et
1543 1743 1849 1812 passionum

264 1838 426 1894 fuisse
453 1846 723 1894 naturam.
756 1836 1038 1892 Evacuans
1065 1850 1123 1891 se
1152 1835 1294 1892 enim
1322 1850 1388 1891 ex
1420 1834 1516 1890 Dei
1565 1836 1755 1898 forma,
1800 1844 1855 1889 et

262 1932 485 1987 formam
530 1932 670 1987 servi
717 1929 1013 2001 accipiens,
1062 1938 1115 1984 et
1164 1927 1307 1983 illius
1358 1927 1449 1983 Dei
1494 1927 1655 1983 etiam
1710 1925 1855 1982 tilius

268 2023 493 2080 hominis
521 2038 773 2087 nascens,
797 2038 865 2078 ex
888 2038 949 2079 se
979 2037 1182 2091 suaque
1210 2021 1408 2077 virtute
1436 2037 1542 2075 non
1571 2020 1855 2088 deﬁciens,

267 2115 401 2172 Deus
428 2114 664 2171 Verbum
697 2111 778 2187 (ιι)
816 2112 1213 2170 consummavit
1258 2111 1531 2168 hominem
1559 2111 1854 2168 viventem.

333 2253 412 2327 (ι)
440 2254 507 2327 In
527 2253 891 2327 similitudine;
920 2267 1095 2327 grmce
1114 2296 1127 2319 ,
1158 2253 1214 2327 ἐν
1242 2251 1548 2327 ὁμοιώματι.
1572 2248 1662 2306 Sic
1693 2248 1849 2317 infra,

272 2323 413 2382 num.
446 2326 539 2392 ‘25,
578 2327 633 2379 in
671 2325 1004 2379 similitudine
1030 2325 1250 2378 hominis
1270 2323 1604 2377 constitutus.

338 2397 418 2471 (2)
444 2396 626 2453 Codex
656 2394 855 2452 Veron.
885 2414 974 2467 per
1001 2412 1073 2463 se,
1100 2396 1306 2465 absque
1337 2393 1596 2466 particula
1626 2402 1695 2447 et.

277 2522 453 2580 codice
475 2519 789 2578 Colbertino
817 2517 1170 2588 quaternione
1198 2514 1285 2569 hic
1304 2514 1523 2588 avulso,
1549 2512 1862 2588 desideran-

280 2606 359 2650 tur
383 2608 505 2662 qua:
533 2593 602 2647 ab
633 2593 756 2646 hinc
786 2584 953 2659 usque
983 2589 1047 2642 ad
1078 2587 1319 2662 uum._'51
1359 2584 1721 2662 intercedunt.

344 2658 419 2736 (α)
446 2664 582 2720 Tres
614 2678 768 2731 mss.,
797 2662 935 2727 acti;
959 2669 1013 2716 et
1042 2674 1165 2714 mox
1212 2658 1437 2725 Pratel.,
1470 2665 1716 2725 emortuo,
1758 2671 1866 2712 non

280 2746 549 2793 emortuus.

350 2810 425 2880 (b)
457 2806 528 2880 lu
578 2804 845 2880 vulgatis,
894 2819 1066 2875 parem
1113 2802 1364 2880 dolorem.
1397 2797 1564 2880 Abest
1608 2816 1789 2880 parem
1836 2814 1865 2854 a

285 2871 418 2936 mss.,
435 2879 560 2934 Tria
608 2871 697 2932 hic
741 2871 998 2931 adversus
1047 2874 1275 2929 Arianos
1321 2871 1868 2940 Appollinaristarum

286 2962 527 3022 parentes
589 2956 906 3022 asseruntur
952 2964 966 3000 :
1018 2945 1271 3016 primum,
1326 2945 1614 3022 humanam
1661 2942 1866 2997 Christi

286 3013 523 3078 naturam
582 3035 688 3075 non
746 3013 1031 3074 hominum
1074 3032 1258 3077 more,
1313 3013 1407 3069 sed
1463 3015 1581 3067 solo
1646 3025 1870 3068 auctore

290 3094 458 3149 Verbo
499 3094 568 3148 de
608 3090 828 3159 Virgine
876 3090 1038 3144 fuisse
1082 3095 1425 3156 conceptam;
1455 3084 1704 3159 alterum,
1740 3085 1871 3159 Ver-

288 3145 639 3221 animai
680 3145 826 3217 ilices
857 3177 963 3216 non
994 3145 1351 3228 supplevisse,
1395 3145 1488 3211 seu
1529 3145 1763 3210 animam
1790 3158 1865 3209 si-
1895 3145 1941 3206 C

290 3237 390 3291 mul
436 3252 558 3291 cum
589 3248 817 3302 carpere
861 3231 1259 3299 assumpsisse;
1293 3238 1644 3298 postremum,
1680 3228 1750 3302 ita
1782 3238 1865 3302 to-

292 3318 393 3363 tum
440 3298 713 3364 hominem
750 3320 781 3358 a
825 3306 931 3358 lilio
982 3298 1073 3357 Dei
1123 3314 1487 3370 assumptum,
1524 3308 1584 3353 ut
1626 3314 1653 3351 a
1687 3298 1865 3354 divina

291 3394 378 3434 sua
428 3382 622 3434 virtute
671 3391 735 3430 ac
789 3387 981 3430 natura
1033 3369 1341 3428 nullatenus
1397 3369 1675 3424 defecerit.
1732 3370 1867 3425 Hinc

288 3449 525 3507 Christus
551 3452 711 3505 etiam
744 3456 801 3502 ut
828 3449 988 3501 homo
1012 3455 1157 3499 recte
1184 3454 1407 3512 negatur
1446 3442 1682 3497 sensisse
1722 3440 1869 3512 dala-

289 3539 389 3577 rem
456 3521 690 3591 corporis
755 3519 948 3582 nostri;
995 3518 1139 3591 quia.
1173 3511 1417 3591 corporis
1489 3514 1658 3567 nostri
1707 3511 1864 3591 dolor

292 3594 489 3664 peccati
523 3582 679 3661 p'mua
708 3599 811 3653 est,
840 3582 1185 3659 eique'inniti
1219 3582 1558 3664 subjacemus
1587 3592 1685 3664 :‘at
1712 3582 1869 3638 Chri-

291 3655 399 3721 stus
422 3655 534 3720 alia
556 3667 674 3738 lege
702 3655 1009 3738 conceptus,
1058 3672 1166 3738 nec_
1202 3656 1403 3738 peccati
1449 3670 1572 3711 reus
1600 3655 1718 3738 fuit,
1770 3669 1870 3738 nec

291 3752 456 3807 pecua:
481 3726 768 3798 obnoxius,
797 3726 886 3807 cui
914 3746 1086 3807 neque
1114 3729 1217 3807 nisi
1246 3737 1436 3807 sponte
1455 3726 1867 3807 suasuhjacuit.

293 3797 357 3864 λι
395 3823 523 3863 vero
551 3808 593 3861 si
622 3797 907 3873 conceptio
937 3797 1080 3857 illius
1113 3800 1241 3873 ideo
1277 3797 1363 3855 hic
1385 3797 1776 3873 consideretur,
1812 3805 1872 3852 ut

294 3894 358 3935 ex
399 3878 651 3951 singulari
696 3869 1063 3951 conceptionis
1096 3871 1282 3951 modo
1340 3880 1534 3941 praeter
1577 3869 1869 3951 humanam

298 3940 529 4007 naturain
554 3940 1091 4004 ostendatur'habere
1111 3940 1364 4010 divinam,
1389 3940 1683 3997 secundum
1710 3956 1870 4011 quam

299 4022 526 4078 dolorem
550 4036 655 4076 non
685 4020 917 4074 senserit
946 4016 1190 4084 corporis
1222 4014 1426 4077 nostri;
1460 4013 1512 4065 in
1545 4012 1607 4066 iis
1638 4028 1756 4078 qua:
1786 4013 1872 4066 hic

300 4093 626 4162 disputantur
653 4092 797 4162 nulla
839 4091 943 4162 erit.
985 4087 1326 4162 difﬁcultas.‘
1349 4085 1464 4139 Erit
1500 4084 1698 4152 quippe
1728 4085 1870 4162 relu-

304 4153 421 4221 tati'o
448 4178 657 4232 eorum,
688 4161 857 4232 quiin
890 4159 1125 4232 Verbum
1157 4166 1214 4212 ut
1240 4155 1436 4232 animm
1481 4170 1704 4209 munere
1752 4153 1873 4209 lun-

303 4251 421 4306 geus
444 4227 905 4308 doloremcader_c
926 4230 1255 4308 existimant.
1285 4227 1470 4308 Neque
1498 4241 1626 4308 vero
1651 4234 1874 4308 apparet

305 4298 540 4377 quorsum
591 4308 642 4361 in
692 4307 776 4361 his
805 4321 818 4358 :
848 4303 1129 4377 Tenuitgin
1166 4300 1385 4377 hominis
1411 4298 1695 4377 nativitate
1738 4298 1875 4377 quod

306 4370 467 4434 metris
494 4388 587 4445 est,
625 4394 741 4433 cum
771 4386 939 4430 tamen
967 4374 1172 4429 haberet
1200 4373 1254 4427 in
1290 4372 1502 4443 originis
1530 4370 1713 4445 uirtute
1737 4370 1875 4439 quod

308 4449 430 4506 Deus
454 4461 546 4520 est,
574 4444 820 4519 aliisque
859 4456 1007 4501 tanto
1052 4445 1229 4520 studio
1276 4453 1577 4520 exponatur
1627 4444 1875 4520 humana;

308 4511 592 4604 divi‘nzeqne
633 4511 1083 4604 Christimaturzp
1110 4514 1306 4604 veritas
1337 4530 1399 4569 ac
1421 4513 1736 4604 distinctio,
1771 4511 1874 4568 nisi
1903 4543 1954 4604 υ

309 4601 359 4647 ιιι
378 4587 547 4650 divitia
577 4593 691 4647 sola
720 4608 749 4646 a
776 4589 963 4646 dolore
989 4588 1164 4644 aliena
1192 4587 1611 4641 demonstretur.

372 4669 439 4737 (ε)
487 4664 809 4737 Particulam
836 4673 904 4737 et,
937 4658 1302 4737 quteperinde
1332 4666 1413 4737 est
1440 4670 1503 4737 ac
1527 4654 1881 4737 etiam,_adjc-

308 4727 461 4794 ciuilis
486 4754 553 4793 ex
584 4751 716 4791 mss.
749 4727 1130 4789 duobus'Colh.
1160 4738 1216 4785 et
1243 4744 1351 4785 uno
1374 4727 1607 4784 Sorbon.
1637 4728 1728 4797 qui
1758 4742 1894 4790 cunt

309 4810 518 4880 vulgatis
562 4808 854 4880 subjiciunt
902 4819 967 4858 ea:
1011 4819 1085 4880 se,
1129 4798 1385 4880 ubialiis
1426 4798 1481 4853 in
1522 4813 1654 4853 mss.
1686 4799 1881 4869 legitur

308 4872 479 4949 pet-vss,
513 4897 628 4936 non
653 4872 761 4933 alio
805 4891 986 4932 sensu.
1021 4874 1153 4949 Nam
1347 4886 1410 4925 ea:
1450 4886 1504 4924 se
1551 4886 1657 4924 non
1710 4881 1879 4924 mate-

307 4944 476 5008 rialeui
525 4966 747 5007 causam
797 4956 971 5012 sonat,
1014 4946 1110 5001 sed
1159 4944 1481 5000 etticientem
1511 4956 1674 5012 :Aquo
1718 4955 1880 4996 sensu

306 5037 526 5090 rursum,
562 5041 711 5079 num.
766 5020 836 5074 2:).
866 5010 1093 5073 habetur
1121 5034 1135 5071 :
1171 5014 1238 5072 Ut
1284 5030 1373 5085 per
1397 5030 1451 5090 se
1478 5010 1881 5086 sibi’assumpsit

306 5086 603 5167 corpus,'ita
629 5110 693 5149 ea:
721 5110 773 5148 se
791 5092 901 5167 sibi
919 5091 1143 5167 animum
1171 5086 1480 5167 assumpsit._
1598 5155 1609 5167 ο
1870 5154 1882 5166 _

370 5155 445 5243 (ά)
487 5155 547 5223 ld
595 5174 709 5243 est,
746 5162 987 5221 condidit
1025 5170 1082 5217 et
1124 5160 1410 5243 assumpsit
1465 5155 1775 5243 hominem,
1795 5155 1887 5243 qui

305 5229 517 5309 cofpore
545 5248 602 5295 et
622 5229 800 5292 anima
831 5242 1350 5309 cottsta_t_is,_vtvetts,_
1377 5229 1649 5309 perlectus
1679 5237 1886 5309 (ξι-ροη-

305 5298 593 5367 summatus
624 5308 789 5365 homo
816 5316 953 5360 erat.
985 5304 1131 5360 Nihil
1160 5303 1304 5358 enim
1335 5298 1424 5356 hic
1452 5315 1574 5355 cum
1610 5298 1888 5368 Apollina-

304 5382 400 5447 rio,
443 5384 532 5455 qui
579 5381 846 5455 sentiebat
881 5376 1115 5455 Verbum
1157 5375 1317 5455 carni
1358 5372 1703 5455 coniunctum
1754 5384 1889 5455 cono-

304 5446 593 5510 summ'asse
640 5452 911 5509 hominem
963 5448 1254 5511 viventem,
1308 5446 1359 5500 in
1399 5454 1652 5511 quantum
1684 5446 1891 5512 praesti-

308 5524 452 5580 tisset
486 5530 534 5582 ei
564 5527 751 5589 vitam,
778 5538 841 5578 ac
868 5520 1011 5594 vices
1038 5519 1240 5594 animae
1274 5515 1652 5586 supplevisset.
1807 5592 1812 5594 Α
1852 5582 1863 5594 .

372 5596 439 5667 (e)
489 5598 708 5668 Aliquot
751 5609 883 5650 mss.
938 5590 1097 5668 Verbo
1141 5589 1356 5668 Ποία...
1385 5594 1754 5668 assumeretuu
1780 5589 1892 5668 tri-

306 5658 488 5724 buéret.
553 5658 837 5723 Il'ominem
897 5665 1188 5739 perlectum
1236 5677 1266 5715 a
1318 5658 1495 5739 Verbo
1540 5665 1889 5739 assumptum

307 5754 444 5811 esse,
491 5740 618 5798 hinc
667 5727 911 5813 proxime
941 5736 1223 5809 probatum
1250 5741 1352 5801 est,
1385 5729 1508 5802 quia
1535 5727 1780 5786 Christus
1809 5734 1893 5782 est

1883 1802 1931 1862 B

1941 434 2024 488 vel
2059 446 2285 489 manens
2326 432 2379 487 in
2426 433 2522 488 Dei
2552 431 2748 499 forma,
2780 433 3009 490 formam
3037 436 3181 491 servi
3214 436 3490 507 acceperit
3525 453 3540 491 :

1945 526 1988 580 si
2019 540 2124 580 non
2168 532 2389 595 potente
2431 524 2499 596 (ε)
2537 523 2714 581 Verbo
2743 526 2853 581 Deo
2882 541 2945 581 ex
2975 514 3114 583 seet
3141 541 3360 582 carnem
3406 528 3547 583 intra

1947 616 2222 688 Virginem
2245 616 2323 687 (3)
2375 631 2680 684 assumere,
2731 627 2788 674 et
2829 620 2979 674 carni
3019 619 3256 675 animam
3284 621 3547 688 tribuere,

1946 711 2111 767 homo
2158 708 2410 766 Christus
2454 709 2613 766 Jesus
2653 710 2721 767 ad
2782 711 3215 784 redemptionem
3258 713 3456 770 animae
3497 721 3554 770 et

1946 803 2192 874 corporis
2220 807 2388 859 nostri
2423 805 2694 875 perfectus
2731 815 2814 861 est
2842 814 3037 874 natus;
3092 815 3147 863 et
3188 822 3386 877 corpus
3432 808 3553 879 qui-

1948 896 2071 953 dem
2099 895 2169 970 (f)
2204 898 2274 952 ita
2315 897 2690 970 assumpserit,
2716 908 2773 954 ut
2801 899 2850 955 id
2872 915 2939 956 ex
2969 899 3188 973 Virgine
3204 912 3549 972 conceptum,

1945 988 2174 1045 formam
2190 1005 2312 1046 eum
2327 1006 2451 1047 esse
2473 991 2618 1047 servi
2638 991 2920 1048 ellecerit?
2954 992 3116 1065 Virgo
3137 994 3282 1050 enim
3306 1010 3414 1051 non
3445 994 3551 1051 nisi

1948 1080 2183 1155 (A)(g)ex
2196 1098 2295 1140 suo
2307 1095 2493 1141 sancto
2510 1084 2709 1155 Spiritu
2724 1086 2907 1157 genuit
2919 1087 3062 1158 quod
3077 1087 3356 1159 genuit.Et
3368 1105 3556 1160 quam-

1946 1175 2029 1231 vis
2044 1186 2248 1231 tantum
2269 1176 2335 1232 ad
2364 1177 2694 1234 nativitatem
2726 1179 2906 1234 carnis
2922 1194 2988 1236 ex
3009 1195 3069 1236 se
3093 1180 3267 1246 daret,
3290 1194 3550 1253 quantum

1955 1286 2022 1327 ex
2055 1286 2115 1328 se
2137 1270 2375 1329 immitia:
2402 1272 2736 1329 edendorum
2764 1290 3055 1344 corporum
3085 1280 3350 1347 susceptis
3388 1263 3556 1347 origi-

1963 1362 2123 1420 nibus
2151 1365 2561 1436 impenderent;
2609 1382 2714 1423 non
2758 1376 2938 1424 tamen
2986 1368 3147 1426 Jesus
3187 1371 3433 1427 Christus
3459 1386 3556 1443 per

1960 1455 2211 1512 humance
2252 1458 2620 1527 conceptionis
2668 1459 2872 1515 coaluit
2913 1471 3182 1516 naturam.
3227 1462 3332 1519 Sed
3380 1464 3559 1520 omnis

1960 1566 2120 1607 causa
2166 1555 2421 1610 nascendi
2470 1555 2678 1612 invecta
2727 1572 2821 1627 per
2851 1555 3133 1627 Spiritum,
3166 1561 3338 1615 tenuit
3365 1560 3416 1614 in
3455 1558 3558 1615 lio-

1962 1644 2123 1699 minis
2168 1647 2449 1702 nativitate
2482 1647 2623 1716 quod
2651 1648 2840 1703 matris
2868 1658 2979 1714 est;
3020 1664 3143 1704 eum
3175 1661 3351 1707 tamen
3390 1650 3558 1708 liabe-

1961 1746 2045 1793 rct
2075 1736 2156 1809 (5)
2188 1736 2264 1810 (Ιι)
2292 1738 2346 1793 in
2376 1740 2600 1810 originis
2628 1742 2824 1796 virtute
2850 1739 2913 1814 (i)
2943 1741 3084 1813 quod
3116 1744 3259 1800 Deus
3283 1754 3387 1801 est.

2034 1832 2120 1887 16.
2172 1830 2408 1886 Christus
2449 1834 2535 1904 qui
2574 1844 2621 1889 et
2651 1833 2715 1888 de
2741 1836 2889 1902 caelo,
2922 1847 2968 1889 et
2994 1837 3139 1907 ﬁlius
3161 1838 3403 1905 hominis,
3429 1851 3476 1895 et
3504 1841 3559 1896 in

1963 1924 2109 1980 caelo.
2146 1955 2218 1966 ——
2250 1925 2383 1982 llinc
2434 1925 2599 1997 igitur
2647 1927 2938 1984 maximum
2982 1928 3109 1984 illud
3157 1944 3221 1985 ac
3264 1931 3560 2001 pulcherri-

1965 2034 2108 2075 mum
2137 2018 2296 2092 331
2329 2022 2563 2091 suscepti
2603 2020 2839 2077 hominis
2865 2033 3262 2079 sacramentum
3300 2025 3564 2084 Dominus

1968 2114 2083 2184 ipse
2113 2114 2370 2180 ostendit,
2394 2114 2579 2171 dicens
2609 2133 2623 2171 :
2649 2114 2817 2171 Nemo
2848 2115 2921 2190 (j)
2950 2116 3215 2174 adscendit
3245 2118 3298 2174 in
3353 2119 3560 2191 emtum,

2033 2253 2110 2319 (ὅ)
2141 2253 2477 2320 Adsumeret;
2509 2253 2725 2320 exinde,
2758 2255 3022 2315 tribueret.

2027 2323 2106 2397 (4)
2142 2323 2223 2397 βω
2252 2326 2447 2382 Sancto
2469 2325 2695 2396 Spiritu.

2026 2394 2109 2469 (5)
2139 2394 2205 2450 In
2234 2398 2449 2470 originis
2479 2394 2767 2456 nativitate.

1974 2513 2115 2595 ﬁlius
2171 2515 2467 2595 hominis_:
2509 2535 2649 2575 nunc
2699 2520 2751 2575 id
2778 2521 2951 2595 ipsum
3004 2521 3130 2580 inde
3179 2525 3560 2595 confirmatur,

1972 2587 2251 2669 quodnnou
2292 2590 2469 2669 carnis
2514 2600 2741 2657 tantum,
2775 2587 2871 2648 sed
2900 2604 2961 2669 et
2984 2596 3177 2669 animm
3207 2598 3280 2669 sit
3309 2587 3561 2669 redemp;

1976 2666 2078 2734 tor.
2112 2656 2352 2734 Utroque
2378 2661 2470 2715 illo
2498 2656 2841 2734 argumento“
2857 2663 3117 2719 adversus
3150 2656 3561 2734 Apollinaristas

1974 2729 2052 2784 sic
2081 2731 2248 2783 utitur
2288 2729 2585 2802 Gregorius
2609 2732 2762 2798 Naz.,
2811 2732 2904 2789 Or.
2939 2751 3011 2797 LI,
3046 2750 3102 2790 n.
3138 2729 3248 2791 13:
3286 2729 3436 2804 Quod
3477 2757 3566 2794 as-

1975 2809 2234 2868 sumptum
2259 2818 2360 2855 non
2386 2813 2480 2868 est,
2502 2806 2788 2876 (curationis
2809 2816 2882 2860 est
2907 2821 3183 2876 expers...
3211 2808 3274 2863 Si
3294 2810 3566 2866 dimidiata

1972 2882 2172 2952 tantum
2209 2888 2274 2926 ea:
2304 2884 2448 2952 parte
2474 2874 2702 2931 Adamus
2728 2876 2906 2946 lapsus
2943 2874 3037 2942 est,
3083 2879 3408 2935 dimidiatum
3435 2898 3565 2952 quo-

1970 2960 2067 3026 que
2103 2943 2177 3026 sit
2222 2947 2358 3013 quod
2404 2956 2723 3026 assumptum
2762 2943 2855 3013 est,
2886 2960 2941 3005 et
2968 2958 3090 3026 post
3117 2965 3323 3026 pauca:
3356 2952 3419 3026 δί
3447 2943 3567 3026 ipse

1971 3015 2391 3090 inanimatus‘est
2417 3015 2743 3090 (Christus),
2791 3036 2892 3090 quo
2940 3015 3145 3076 tandem
3171 3022 3322 3078 modo
3349 3015 3568 3081 hominis

1973 3103 2157 3141 nomen
2183 3088 2486 3142 sustinebit?

2045 3158 2115 3229 (Ῑ)
2164 3157 2254 3235 δῖε
2298 3158 2431 3235 ἔξω.
2458 3202 2472 3223 .
2523 3161 2615 3235 Er.
2659 3170 2873 3235 etmss.
2908 3164 2977 3217 At
3024 3162 3172 3235 Lips.
3219 3174 3273 3221 et
3313 3166 3459 3235 Pan,
3492 3171 3565 3227 ita

1972 3230 2265 3302 assumpsit.
2307 3229 2490 3302 Neque
2533 3232 2636 3288 hoc
2666 3234 2869 3289 llilario
2898 3229 3158 3302 insolens,
3186 3247 3242 3291 ut
3263 3238 3370 3294 duo
3401 3229 3562 3299 verba

1972 3299 2162 3374 eadem
2205 3299 2584 3374 conjunctione
2628 3306 2876 3374 cupulata
2918 3321 3034 3361 non
3058 3299 3164 3363 uno
3192 3310 3354 3365 modo
3392 3328 3563 3368 enun-

1974 3373 2107 3427 tiet:
2144 3372 2316 3445 utltic
2347 3374 2577 3444 primum
2633 3372 2782 3445 ponit
2812 3387 2964 3432 natus
3004 3388 3101 3443 est,
3129 3396 3194 3435 ac
3231 3380 3428 3439 deinde
3474 3401 3559 3439 as-

1971 3444 2263 3518 sumpserit,
2309 3447 2553 3518 quamvis
2603 3457 2890 3518 utrumque
2936 3449 3158 3505 verbum
3205 3451 3273 3507 ad
3318 3454 3565 3512 eamdem

1976 3514 2288 3592 particulam
2327 3517 2373 3592 si
2421 3516 2706 3592 referatur.
2761 3514 2856 3592 Hic
2882 3520 3053 3592 altera
3099 3521 3351 3592 adjicitur
3377 3526 3569 3583 condi-

1975 3585 2071 3666 tio,
2121 3594 2196 3666 ut
2222 3584 2469 3642 Christus
2510 3605 2641 3666 vere
2672 3589 2906 3666 hominis
2939 3591 3080 3647 (ilius
3116 3584 3208 3660 sil,
3237 3598 3561 3664 necessaria,

1973 3658 2103 3732 scil.
2149 3665 2206 3710 ut
2257 3672 2363 3712 non
2419 3660 2792 3731 undecumque
2839 3662 3053 3716 allatam
3105 3658 3347 3732 carnem,
3378 3668 3471 3724 sed
3499 3658 3568 3726 ei

1974 3725 2138 3803 Maria
2177 3737 2448 3803 acceptam
2498 3725 2852 3800 assumpserit
2896 3750 2909 3787 :
2965 3734 3150 3803 sicque
3195 3725 3450 3794 transitur
3496 3725 3565 3796 ad

1975 3798 2329 3880 refellendum
2360 3802 2524 3856 alium
2560 3798 3075 3880 Apollinaristarnm'
3112 3821 3398 3880 errorem,
3429 3826 3557 3880 quo,

1974 3870 2052 3923 uti
2099 3870 2323 3944 credere
2376 3887 2473 3941 par
2519 3870 2622 3941 est,
2679 3886 2796 3944 post
2842 3876 3068 3931 Arianos
3137 3876 3324 3933 dicunt
3363 3870 3572 3940 Christi

1975 3955 2194 3996 carnem
2226 3942 2293 3997 de
2314 3944 2453 3999 casio
2485 3945 2648 4000 fuisse
2673 3942 2908 4002 allatam.

2017 4010 2125 4093 .(g)
2170 4012 2249 4067 Ex
2298 4014 2509 4093 duobus
2536 4030 2666 4093 mss“.
2697 4016 2852 4093 ᾳριι).
2875 4028 2934 4093 et
2961 4032 3071 4093 uno
3097 4018 3328 4076 Sorbon.
3363 4021 3451 4078 hic
3479 4024 3576 4080 ad-

1976 4083 2152 4157 dimus
2182 4101 2296 4151 suo,
2328 4084 2381 4140 id
2408 4096 2510 4152 est,
2538 4102 2605 4142 ex
2633 4088 2832 4157 Spiritu
2865 4089 3204 4153 Christi,seu
3235 4108 3339 4148 non
3364 4092 3467 4149 nisi
3497 4112 3568 4152 ex

1980 4152 2389 4237 Verbo.genuit
2417 4157 2614 4237 :_quod
2654 4152 2961 4237 perspicuis
3009 4152 3188 4237 verbis
3237 4164 3302 4219 ad
3357 4166 3564 4224 calcem

1978 4229 2187 4281 numeri
2218 4229 2493 4297 sequentis
2520 4232 2599 4285 sic
2635 4229 2982 4286 declaratur:
3022 4232 3156 4288 Caro
3207 4251 3309 4290 non
3359 4237 3576 4293 aliunde

1978 4298 2221 4382 originem
2288 4312 2600 4382 sumpserat,
2656 4318 2810 4382 quam
2862 4319 2925 4358 ea:
2981 4302 3162 4382 Verbo.
3221 4305 3348 4363 [ire
3401 4311 3575 4382 magis

1979 4380 2254 4450 spectant“
2283 4371 2351 4450 ad
2398 4371 2747 4450 declarandas
2795 4375 3192 4444 propositiones
3242 4371 3572 4450 superiorEs,

1979 4437 2174 4525 quibus
2197 4437 2470 4525 Christum
2508 4460 2603 4525 per
2630 4437 2806 4525 initia
2831 4437 3013 4525 nostra
3042 4457 3225 4525 natum
3254 4437 3378 4507 esse
3410 4437 3575 4525 nega:

1982 4522 2113 4639 3ml
2150 4520 2254 4579 est,
2285 4529 2444 4585 quam
2497 4516 2564 4571 ad
2617 4518 3017 4574 coulirmandas
3065 4520 3310 4590 proxime
3362 4516 3570 4594 prace-

2020 4598 2085 4639 cn
2113 4598 2190 4638 es.

2020 4598 2085 4640 CII
2093 4593 2190 4638 tes.

2058 4652 2135 4728 (h)
2165 4654 2333 4730 Editi,
2373 4658 2428 4712 in
2467 4658 2682 4730 originis
2712 4662 2994 4715 nativitate.
3028 4661 3163 4718 Tres
3194 4677 3347 4730 mss.,
3393 4666 3448 4719 in
3476 4665 3585 4720 ori-

1983 4725 2123 4804 gine.
2165 4725 2374 4797 Remig.
2421 4725 2665 4804 uirtutem
2716 4730 2768 4785 in
2815 4733 3028 4804 originis
3071 4725 3355 4788 natiuitate'.
3408 4736 3576 4804 Magis

1987 4800 2157 4875 placet
2180 4813 2305 4875 cum
2335 4799 2520 4854 codice
2551 4799 2820 4875 Vaticana:
2848 4799 3102 4867 basilicae,
3131 4804 3187 4858 in
3214 4804 3425 4875 originis
3477 4799 3583 4861 uir-

1986 4879 2113 4934 tute,
2144 4868 2195 4923 id
2223 4880 2327 4931 est.
2357 4880 2622 4949 quatenus
2650 4872 2844 4949 animae
2869 4883 2924 4928 et
2945 4875 3187 4949 corporis
3206 4868 3312 4949 sui
3326 4880 3577 4949 princeps

1985 4949 2145 5014 atque
2193 4950 2380 4996 auctor
2425 4948 2528 4997 est.
2569 4941 2688 5010 Quo
2730 4943 2979 5014 loquendi
3011 4941 3172 5000 modo
3203 4941 3375 5003 habes
3423 4941 3576 5006 nunt.

1985 5012 2079 5095 2.5..
2129 5020 2314 5094 nostra
2360 5015 2411 5067 in
2441 5029 2506 5068 eo
2530 5029 2620 5084 per
2647 5012 2882 5069 rirtutem
2909 5017 3155 5089 profecta:
3181 5034 3244 5074 ea:
3288 5035 3341 5073 se
3366 5021 3584 5093 originis

1986 5095 2114 5137 Vllla
2146 5099 2253 5138 non
2283 5099 2481 5140 inesse.

2061 5152 2123 5227 (i)
2155 5155 2208 5208 In
2240 5154 2492 5227 vulgatis,
2521 5172 2622 5226 quo
2649 5154 2745 5210 Dei
2768 5165 2863 5211 est.
2893 5157 3080 5215 Melius
3105 5159 3158 5215 in
3186 5161 3439 5218 omnibus
3468 5162 3583 5221 fere

1989 5225 2121 5281 mss.
2169 5225 2542 5307 quod-Densi
2592 5228 2829 5307 Ito_c__est,
2877 5233 3207 5307 ea‘virtute,
3253 5250 3354 5307 qua
3385 5250 3583 5307 corpus

1991 5312 2146 5374 suum
2173 5313 2236 5374 es
2278 5299 2483 5374 virgine
2511 5298 2774 5374 condidit,
2804 5316 2925 5357 sese
2953 5301 3118 5374 Deum
3143 5298 3414 5374 patefecit.

2066 5367 2145 5447 (j)
2178 5366 2251 5425 Ut
2273 5366 2559 5447 conﬁrmet
2588 5370 2843 5447 Hilarius,
2874 5372 3015 5447 quod
3047 5366 3295 5447 supbrius
3319 5378 3586 5447 probavit,

1993 5437 2280 5519 Christum
2295 5454 2416 5519 esse
2446 5442 2819 5498 Deum'simul
2850 5437 2905 5519 ei
2951 5437 3223 5519 hominem
3259 5437 3592 5519 perfectum}

1995 5511 2070 5592 ita
2120 5510 2282 5567 Verbi
2311 5514 2548 5592 _vir_tute_,
2598 5522 2653 5569 et
2699 5530 2804 5568 non
2856 5515 3085 5592 humana
3118 5517 3233 5592 lege
3254 5510 3596 5592 conceptum;

1994 5591 2053 5638 ut
2086 5593 2262 5638 tamen
2292 5583 2361 5639 de
2408 5583 2593 5640 Maria:
2618 5599 2782 5640 carne
2809 5595 2967 5641 natus
3009 5590 3081 5643 sit
3117 5605 3133 5643 :
3171 5583 3320 5646 hunc
3350 5583 3439 5648 ac'
3460 5583 3597 5651 duos

1995 5654 2403 5736 subsequentes-
2436 5656 2728 5736 Scriptura:
2772 5656 3135 5736 locos__sauo‘
3157 5662 3339 5718 sensui
3379 5665 3594 5736 reddit,

1997 5724 2187 5797 quibus
2219 5724 2462 5784 ltzrretici
2488 5728 2871 5787 abutebantur.
2915 5727 3010 5789 Sic
3049 5731 3194 5789 enim
3240 5749 3335 5793 eos
3362 5724 3591 5800 Ariauo-i
