4094 6180
443 229 458 243 ’
483 267 588 324 359

1697 261 1942 319 SANCTI
1979 259 2233 316 lllLAlUl
2275 259 2582 317 EI’ISCOPI

3683 267 3784 324 360

483 386 563 458 (n)
598 401 702 441 non
736 385 903 441 nostri
927 384 1168 456 corporis
1205 390 1364 452 atque
1386 380 1579 436 animm
1607 380 1880 435 hominem
1913 398 1926 432 :
1957 395 2076 434 cum
2107 385 2154 441 Α
2186 388 2241 432 ιιι
2289 389 2436 433 εεεει
2484 377 2625 432 alius
2669 384 2830 448 atque
2871 377 3012 434 alius
3043 395 3056 433 :
3087 378 3182 434 sed
3236 388 3295 435 ut
3338 387 3464 437 ante
3511 381 3782 437 hominem

485 494 585 536 nos
630 478 864 534 Verhum
912 493 1128 534 carnem
1163 475 1382 543 factum,
1419 473 1494 548 (ὁ)
1530 485 1583 529 ει
1609 490 1667 530 se
1695 491 1762 528 cx
1789 474 1956 528 forma
1988 471 2084 529 Dei

485 579 833 628 evacuantem
881 569 1173 633 Christum,
1204 578 1259 623 et
1280 565 1505 623 formam
1527 567 1670 622 servi
1693 576 2082 632 assutnentem,

483 665 781 738 perfectum
841 662 1138 720 secundum
1190 661 1434 716 habitum
1489 659 1934 716 conformationis
1985 657 2085 712 htt-

489 775 698 826 mante,
748 766 801 812 et
856 767 1057 812 nostrae
1117 753 1483 809 similitudinis
1551 764 1734 808 natum
1806 751 2080 806 hominem

482 851 836 923 prmdicemus
869 868 882 904 :
913 861 970 905 ut
1007 847 1078 921 (e)
1123 863 1250 904 vere
1302 848 1395 904 Dei
1455 847 1594 902 ﬁlius
1639 860 1801 901 verus
1851 843 2083 898 hominis

481 943 623 999 ﬁlius
665 959 828 999 verus
856 943 978 1000 sit:
1029 957 1204 1013 neque
1253 957 1362 996 non
1413 952 1569 995 natus
1625 954 1691 995 ex
1751 939 1863 993 Deo
1894 940 2080 1004 homo,

483 1052 658 1110 neque
700 1040 826 1110 quia
888 1047 1045 1092 natus
1096 1052 1163 1092 ex
1215 1036 1326 1092 Deo
1384 1034 1566 1100 homo,
1610 1032 1732 1090 ideo
1773 1033 1916 1088 Deus
1961 1045 2083 1087 esse

479 1130 762 1188 deﬁciens.

554 1225 647 1280 ‘29..
675 1223 867 1280 Christi
896 1224 1071 1278 animo
1112 1241 1145 1277 a
1172 1219 1302 1276 Deo.
1337 1219 1482 1277 Unus
1513 1229 1584 1276 est
1626 1221 1680 1274 in
1706 1219 1904 1274 duabus
1930 1227 2082 1274 natu-

484 1317 558 1373 ris
591 1319 852 1389 perfectis.
884 1347 957 1360 —-
984 1317 1087 1374 Sed
1118 1326 1178 1372 ut
1205 1332 1300 1387 per
1330 1330 1389 1371 se
1415 1316 1516 1370 sibi
1551 1314 1844 1394 assumpsit
1872 1329 1935 1370 ex
1961 1313 2082 1368 Vir-

481 1413 608 1482 gine
634 1425 850 1480 corpus,
887 1411 956 1464 ita
987 1423 1052 1465 ex
1094 1424 1154 1464 se
1181 1409 1281 1462 sibi
1321 1409 1558 1464 animam
1605 1407 1929 1476 assumpsit;
1959 1421 2080 1476 qua:

481 1501 668 1573 utique
709 1513 1002 1574 numquam
1046 1501 1113 1556 ab
1156 1502 1369 1556 homine
1413 1501 1742 1571 gignentium
1783 1498 2081 1570 originibus

482 1595 773 1667 praebetur.
825 1594 883 1652 Si
917 1593 1058 1649 enim
1107 1605 1427 1663 conceptum
1482 1593 1660 1648 carnis
1717 1591 1818 1646 nisi
1868 1607 1930 1646 cx
1968 1591 2079 1648 Deo

483 1687 646 1759 Virgo
678 1704 786 1743 non
831 1687 1058 1751 habuit;
1087 1688 1243 1758 longe
1293 1687 1463 1756 magis
1505 1700 1727 1742 necesse
1765 1692 1870 1750 est,
1901 1685 2076 1739 anima

2187 471 2366 537 Deus,
2421 472 2724 540 suscipiens
2769 471 3046 530 hominem
3101 475 3182 544 (l)
3223 475 3384 530 homo
3437 475 3507 545 (f)
3547 484 3602 530 ει
3646 476 3784 533 Deus

2184 573 2370 637 posset
2417 564 2662 635 intelligi.
2695 564 2829 620 Nam
2874 582 2981 636 quo
3031 567 3193 622 modo
3221 565 3379 622 Jesus
3409 565 3660 624 Christus
3691 569 3783 624 Dei

2185 657 2324 712 ﬁlius
2349 667 2507 713 natus
2526 673 2590 714 ex
2617 657 2779 714 Maria
2806 668 2911 723 est,
2945 659 3046 714 nisi
3079 661 3221 730 quod
3253 659 3488 716 Verbum
3517 676 3645 716 caro
3675 660 3785 717 lac-

2186 757 2296 804 tum
2325 759 2412 806 est
2441 768 2454 806 :
2486 750 2693 807 scilicet
2736 751 2877 822 quod
2925 753 3066 808 lilius
3091 752 3209 817 Dei,
3253 769 3376 808 cum
3405 755 3457 808 in
3490 753 3661 809 forma
3689 755 3784 810 Dei

2183 850 2348 908 esset,
2386 842 2610 897 formam
2655 844 2796 898 servi
2847 844 3095 915 accepit?
3137 843 3427 915 Accepisse
3467 855 3647 900 autem
3678 847 3786 901 lor-

2185 951 2328 990 mam
2351 936 2490 991 servi
2523 950 2666 1003 eum,
2700 937 2951 1006 quiesset
2974 937 3026 990 in
3056 936 3151 992 Dei
3181 937 3373 1006 forma,
3401 938 3472 994 de
3499 940 3786 995 contrariis

2187 1027 2270 1099 (g)
2303 1037 2648 1099 comparatur
2680 1039 2772 1083 :ut
2793 1040 2993 1100 quanta
3017 1031 3214 1086 veritas
3245 1039 3328 1086 est
3358 1047 3575 1088 manere
3601 1031 3655 1086 in
3693 1031 3786 1087 Dei

2184 1119 2382 1187 forma,
2416 1131 2559 1178 tanta
2588 1124 2787 1179 veritas
2815 1125 2886 1179 sit
2925 1126 3200 1194 accepisse
3239 1125 3468 1183 formam
3495 1128 3659 1184 servi.
3702 1127 3786 1182 Ad

2184 1215 2576 1285 proprietatem
2619 1219 2762 1272 enim
2803 1227 3009 1274 naturae
3045 1219 3471 1290 intelligendam,
3515 1220 3790 1291 signiﬁca-

2186 1309 2332 1364 tione
2381 1308 2532 1364 verbi
2573 1310 2636 1365 ad
2683 1311 2732 1365 id
2773 1310 3078 1366 communis
3120 1314 3464 1383 impellimur.
3509 1314 3565 1368 lu
3612 1314 3789 1372 forma

2197 1401 2339 1458 enim
2369 1403 2511 1457 servi
2539 1412 2642 1470 est,
2679 1403 2770 1473 qui
2798 1413 2852 1459 et
2894 1404 2944 1458 in
2984 1403 3154 1459 forma
3188 1405 3278 1460 Dei
3307 1416 3405 1460 est.
3435 1406 3498 1460 Et
3533 1422 3654 1460 cum
3684 1407 3792 1463 hoc

2186 1492 2264 1564 (Ξ)
2297 1492 2381 1566 (Ιι)
2409 1503 2631 1562 ιιιιιυιειι,
2667 1494 2798 1550 illud
2832 1512 2960 1550 vero
2985 1497 3399 1569 dispensationis
3421 1499 3520 1564 sit;
3555 1499 3606 1553 in
3639 1501 3790 1570 ejus-

2193 1584 2316 1640 dem
2363 1595 2539 1642 tamen
2569 1595 2654 1642 est
2681 1589 2921 1642 veritatis
2949 1591 3298 1659 proprietate,
3327 1591 3469 1662 quod
3500 1600 3792 1663 utrumque

2190 1687 2312 1734 est:
2346 1689 2402 1733 ut
2451 1689 2556 1733 tam
2586 1694 2747 1736 verus
2788 1683 2860 1735 sit
2904 1683 2955 1734 in
2991 1681 3085 1736 Dei
3125 1681 3318 1750 forma,
3353 1699 3510 1753 quam
3542 1700 3700 1740 verus
3734 1685 3789 1740 in

479 1778 744 1848 corporis,
788 1779 889 1834 nisi
932 1778 1093 1851 335
1121 1794 1185 1832 ex
1213 1779 1342 1843 Deo,
1386 1777 1604 1832 aliunde
1651 1791 1758 1831 non
1789 1777 1969 1830 fuerit.
2012 1775 2080 1830 Et
2111 1794 2158 1854 Β
2185 1772 2348 1826 servi.
2392 1771 2464 1828 Ut
2490 1788 2619 1827 vero
2650 1775 3016 1845 assumpsisse
3056 1774 3288 1830 formam
3331 1778 3473 1832 servi
3505 1793 3612 1833 non
3645 1778 3790 1834 aliud

480 1890 602 1931 cum
627 1875 740 1945 ipse
767 1873 858 1929 ille
902 1874 1044 1928 ﬁlius
1067 1873 1299 1928 hominis
1331 1875 1448 1943 ipse
1477 1871 1547 1927 sit
1585 1875 1674 1942 qui
1698 1881 1751 1925 et
1788 1870 1928 1925 ﬁlius
1954 1870 2075 1938 Dei,

482 1964 559 2038 (ά)
584 1966 704 2036 quia
731 1975 874 2020 totus
899 1963 1136 2019 hominis
1167 1965 1304 2018 ﬁlius
1331 1973 1473 2018 tottts
1496 1963 1590 2019 Dei
1615 1962 1757 2019 ﬁlius
1779 1963 1886 2028 sit;
1916 1976 2077 2033 quam

480 2056 706 2113 ridicule
736 2065 932 2127 praeter
968 2054 1064 2110 Dei
1095 2055 1287 2120 lilium,
1320 2053 1411 2126 qui
1460 2053 1690 2109 Verbum
1719 2069 1845 2110 caro
1874 2053 2074 2109 factum

481 2161 586 2220 est,
621 2152 785 2207 alium
817 2151 1000 2207 nescio
1027 2166 1187 2222 quem
1235 2159 1508 2222 tamquam
1555 2149 1866 2220 prophetam
1899 2147 2077 2204 Verbo

487 2241 586 2299 Dei
632 2241 927 2298 animatum
976 2241 1408 2312 prwdicabimus,
1458 2257 1580 2296 cum
1627 2241 1883 2296 Dominus
1921 2240 2080 2296 Jesus

481 2336 730 2394 Christus
777 2349 830 2393 et
870 2337 1102 2392 hominis
1133 2335 1275 2392 ﬁlius
1313 2346 1368 2392 et
1404 2336 1500 2392 Dei
1545 2335 1687 2390 ﬁlius
1735 2335 1848 2390 sit?
1873 2335 1975 2391 Per
2026 2333 2077 2390 id

480 2446 630 2497 vero,
661 2430 803 2502 quod
837 2429 1004 2486 tristis
1050 2440 1134 2486 est
1159 2429 1338 2484 anima
1385 2445 1480 2485 sua
1511 2444 1680 2500 usque
1724 2429 1791 2483 ad
1822 2435 2073 2492 mortem,

477 2524 684 2594 etquod
711 2532 1032 2595 potestatem
1077 2521 1237 2578 habet
1265 2522 1458 2576 animae
1484 2536 1595 2576 suae
1623 2521 1884 2591 ponendae
1909 2531 1964 2578 et
1984 2536 2072 2576 re-

479 2616 773 2682 sumendai,
830 2617 1020 2671 volunt
1053 2615 1389 2670 extrinsecus
1415 2613 1486 2686 (e)
1536 2613 1797 2680 animam,
1850 2629 1953 2670 non
2007 2631 2074 2670 ex

475 2705 680 2780 Spiritu
709 2718 924 2777 sancto,
960 2717 1018 2764 ut
1055 2720 1111 2764 et
1147 2723 1346 2778 corpus
1383 2723 1449 2762 ex
1490 2723 1558 2763 eo
1605 2718 1924 2778 conceptum
1969 2716 2072 2774 est,

473 2802 736 2874 deputare
768 2818 929 2859 :cum
964 2801 1194 2856 Verbum
1211 2801 1375 2866 Deus,
1407 2801 1460 2855 in
1491 2810 1830 2857 sacramento
1869 2813 2074 2856 natura:

473 2910 586 2953 sua:
615 2911 863 2962 manens,
897 2894 1059 2950 homo
1101 2904 1258 2950 natus
1284 2893 1372 2949 sit.
1404 2892 1573 2950 Natus
1613 2903 1792 2950 autem
1823 2903 1930 2962 est,
1965 2909 2071 2950 non

545 3034 626 3106 (i)
655 3032 828 3088 Homo
859 3031 998 3087 Deus
1025 3032 1207 3103 possit.

2184 1874 2288 1932 est,
2321 1881 2484 1936 quam
2519 1865 2794 1922 hominem
2846 1879 3029 1922 natum
3074 1883 3226 1935 esse;
3280 1872 3349 1924 ita
3391 1871 3445 1926 in
3479 1869 3650 1925 forma
3694 1873 3789 1928 Dei

2187 1977 2445 2018 essenon
2487 1962 2632 2018 aliud
2675 1973 2778 2032 est,
2823 1979 2980 2034 quant
3026 1964 3189 2035 336
3231 1964 3395 2019 Dettm
3426 1980 3570 2030 esse,
3619 1982 3789 2021 unttm

2183 2063 2362 2109 tamen
2393 2053 2776 2126 eamdemque,
2812 2071 2917 2110 non
2952 2055 3044 2110 Dei
3075 2055 3398 2122 defectione,
3425 2057 3519 2112 sed
3553 2057 3790 2113 hominis

2183 2146 2576 2218 assumptione,
2622 2147 2937 2217 proﬁtentes
2977 2158 3030 2202 et
3071 2148 3123 2202 in
3153 2147 3321 2204 forma
3372 2149 3466 2203 Dei
3497 2166 3593 2220 per
3637 2161 3790 2206 natu-

2183 2254 2298 2294 ram
2329 2241 2592 2306 divinam,
2635 2251 2689 2295 et
2722 2239 2773 2294 in
2805 2240 2974 2295 forma
3004 2242 3146 2296 servi
3177 2257 3244 2296 ex
3273 2243 3634 2313 conceptione
3665 2243 3786 2314 Spi-

2186 2333 2322 2388 ritus
2367 2333 2537 2389 sancti
2585 2332 2883 2389 secundum
2932 2333 3172 2388 habitum
3221 2333 3457 2389 hominis
3507 2347 3785 2407 repertum

2186 2427 2370 2483 fuisse.
2399 2427 2584 2499 Itaque
2602 2442 2722 2483 cum
2745 2428 2902 2483 Jesus
2929 2427 3174 2483 Christus
3198 2438 3250 2484 et
3278 2438 3458 2495 natus,
3488 2439 3541 2484 et
3571 2445 3782 2500 passus,

2182 2527 2237 2575 et
2267 2531 2536 2587 mortuus,
2586 2530 2640 2575 et
2679 2521 2922 2590 sepultus
2961 2522 3061 2586 sit;
3097 2519 3159 2594 (ἱ)
3213 2531 3261 2576 ει
3307 2527 3622 2576 resurrexit.
3667 2521 3780 2576 Non

2186 2621 2363 2680 potest
2391 2613 2442 2665 in
2477 2611 2560 2667 his
2595 2625 3056 2668 sacramentorum
3087 2613 3489 2688 diversitatibus
3513 2615 3584 2669 ita
3626 2615 3696 2669 ab
3725 2629 3785 2670 se

2183 2704 2433 2762 dividuus
2463 2721 2605 2774 esse,
2637 2724 2702 2762 ne
2730 2708 2974 2763 Christus
2997 2707 3066 2763 sit
3107 2727 3120 2763 :
3152 2724 3273 2763 cum
3318 2725 3421 2763 non
3455 2708 3596 2764 alius
3633 2709 3788 2765 Chri-

2185 2808 2322 2866 stus,
2357 2815 2514 2870 quam
2561 2802 2649 2871 qui
2680 2801 2730 2855 in
2764 2801 2934 2855 forma
2971 2801 3066 2856 Dei
3094 2813 3232 2869 erat,
3267 2801 3493 2856 fortnam
3521 2802 3664 2858 servi
3695 2818 3786 2858 ac-

2181 2897 2414 2970 ceperit;
2458 2913 2633 2969 neque
2681 2897 2838 2968 alius,
2882 2913 3042 2970 quam
3075 2901 3166 2969 qui
3203 2908 3359 2954 natus
3397 2907 3501 2968 est,
3535 2910 3784 2954 mortuos

2251 3032 2330 3106 (ἓ)
2360 3032 2636 3089 Naturale.

545 3172 638 3248 (αλ
652 3173 812 3248 Deest
841 3170 1105 3248 particula
1134 3184 1336 3248 negans
1358 3168 1409 3248 in
1439 3168 1650 3248 duobus
1671 3182 1800 3248 mss.
1826 3165 1980 3248 Colb.
2002 3179 2066 3248 _et
2093 3171 2137 3234 C
2171 3169 2264 3225 Or.
2298 3187 2369 3238 ιι,
2407 3188 2460 3224 ιι.
2488 3171 2542 3236 5,
2575 3171 2651 3248 ait
2684 3189 2696 3226 :
2731 3171 2912 3242 Neque
2957 3174 3090 3228 enim
3124 3174 3387 3248 hominem
3433 3191 3466 3229 a
3511 3175 3783 3233 divinitate

473 3239 581 3300 uno
602 3239 854 3302 'Sorbon.
873 3245 1101 3299 Prorsus
1132 3240 1411 3296 retinenda
1438 3251 1542 3295 est.
1587 3239 1756 3308 Hujus
1779 3239 2064 3296 calumnia:

479 3317 807 3386 repellendae
834 3316 1003 3386 gratia
1038 3323 1187 3367 tanto
1224 3311 1514 3386 stndinhic
1551 3311 1780 3365 inculcat
1809 3310 2060 3386 Hilarius,

471 3382 748 3444 Christum
791 3382 912 3441 esse
942 3387 1234 3456 perfectum
1270 3384 1539 3456 hominem
1569 3392 1757 3456 natura
1807 3382 1968 3456 nobis
1991 3385 2064 3438 si-

471 3460 676 3521 milem,
708 3459 826 3512 licet
859 3453 1232 3524 ex'singnlari
1267 3455 1408 3509 illius
1447 3454 1801 3522 conceptione
1831 3455 2064 3510 maxime

469 3529 597 3586 velit
636 3529 971 3583 divinitatem
1007 3529 1172 3597 ipsius
1199 3526 1598 3597 comprobare;
1633 3526 1771 3579 sicut
1819 3533 1931 3579 toto
1963 3526 2065 3581 hoc

468 3601 610 3658 libro
634 3601 688 3656 in
723 3615 860 3655 unos
887 3596 1116 3656 Arianos
1146 3599 1403 3660 intentus,
1437 3596 1690 3667 pttrirl'et'e
1720 3597 1897 3651 studio
1933 3613 2064 3651 con-

468 3683 549 3729 tra
577 3672 871 3729 Sabellium
912 3680 1131 3742 pugnat,
1163 3681 1222 3725 ut
1259 3666 1464 3726 nullum
1493 3666 1703 3723 usitatte
1729 3669 1943 3723 illorum
1973 3684 2066 3724 ea-

469 3744 684 3800 lumnia:
705 3744 878 3799 locum
905 3745 1199 3813 permittat.

541 3815 620 3888 (ὁ)
651 3816 812 3872 Solus
843 3811 1012 3870 codex
1034 3813 1156 3888 Vat.
1178 3814 1403 3888 _bas.,_et
1437 3815 1654 3884 formam
1695 3811 1792 3865 Dei
1815 3827 2063 3888 evacuau:

468 3883 567 3944 tem
585 3883 609 3943 ,ί
626 3889 804 3945 ιιιίιιιιε
832 3888 1066 3942 sincere.
1093 3883 1281 3940 Obiter
1305 3883 1599 3940 observare
1624 3892 1727 3946 est,
1752 3885 1842 3954 qui
1867 3883 2063 3938 Christi

465 3960 786 4016 vocabulum
819 3959 884 4014 ad
911 3970 1154 4013 naturam
1189 3957 1422 4011 divinam
1467 3955 1752 4011 referatur.
1789 3954 1878 4011 Sic
1907 3955 2064 4024 paulo

467 4041 593 4087 ante
645 4046 945 4104 synonyma
991 4029 1457 4104 §lll_ll,__lttbsistetts
1507 4025 1731 4082 Verbum
1773 4024 1936 4092 Deus,
1985 4036 2060 4093 ει,

469 4097 692 4158 manens
709 4104 762 4156 in
787 4097 955 4172 [arma
983 4099 1080 4154 Dei
1111 4097 1367 4172 Christus.

546 4173 621 4245 (ε)
647 4169 813 4240 Ειιίιῖ,
837 4183 888 4226 ιιι
925 4188 1088 4245 verus.
1116 4170 1316 4242 Majore
1342 4169 2062 4245 quadamenergia_mss.__ut

466 4239 744 4309 uere,'scil.
775 4254 926 4298 natus
963 4244 1049 4307 sit,
1094 4239 1336 4312 qui'vere
1363 4239 1502 4310 ﬁlius
1550 4241 1641 4294 Dei
1668 4239 1770 4294 est.
1811 4239 1944 4312 Tota
1973 4239 2062 4295 illa

506 4316 710 4371 radatio
733 4316 810 4370 sic
835 4322 1008 4385 potest
1034 4311 1354 4385 explicatius
1373 4312 1592 4382 exponi,
1621 4323 1677 4365 ut
1704 4312 1796 4365 Dei
1822 4311 1965 4366 ﬁlius
1996 4327 2062 4366 ex

506 4332 710 4371 raaauo
733 4332 810 4370 sre
835 4332 1008 4385 pttleSt
1034 4332 1354 4384 explicatius
1373 4332 1592 4382 exponi,
1621 4332 1677 4365 ιιι
1705 4332 1796 4365 υει
1822 4332 1965 4366 ιιιιιιε
1996 4332 2061 4366 ex

465 4332 688 4456 g’irgiue
716 4402 875 4441 verus
905 4385 1138 4440 hominis
1185 4383 1324 4438 ﬁlius
1360 4399 1490 4439 vere
1539 4395 1698 4456 natus
1723 4384 1829 4450 sit;
1868 4387 1936 4456 ita
1957 4399 2061 4456 au-

467 4453 659 4514 tem'ex
684 4457 900 4527 Virgine
928 4455 1161 4510 hominis
1182 4456 1324 4509 ﬁlius
1347 4453 1619 4527 IlilltlSASil,
1651 4462 1708 4508 ut
1737 4470 1842 4509 non
1867 4454 1969 4527 nisi
1993 4469 2060 4508 ex

465 4529 578 4586 Deo
604 4529 768 4584 homo
783 4525 887 4594 sit;
920 4544 983 4583 ac
1009 4527 1224 4582 demum
1252 4543 1316 4582 ex
1352 4528 1482 4592 Deo,
1516 4525 1620 4580 hoc
1642 4534 1746 4591 est,
1778 4539 1898 4581 cum
1921 4525 2060 4580 Deus

459 4611 628 4669 esset,
663 4603 734 4656 ita
765 4609 920 4655 natus
945 4598 1010 4655 sit
1043 4601 1226 4665 homo,
1259 4607 1316 4652 ιιι
1341 4599 1481 4654 Deus
1513 4611 1636 4652 esse
1676 4612 1783 4651 non
1812 4595 2058 4652 desierit.

539 4695 623 4770 (ά)
651 4694 892 4770 Scilicet,
917 4702 976 4749 ut
1001 4711 1094 4770 per
1109 4693 1342 4748 eumdem
1366 4703 1527 4770 totum
1549 4691 1802 4770 hominem
1831 4692 1988 4746 simul
2007 4708 2069 4746 ac

463 4763 631 4824 Deum
657 4776 793 4822 totus
825 4767 977 4821 homo
1002 4763 1058 4820 in
1085 4775 1350 4836 peccatum
1371 4764 1546 4835 lapsus
1573 4763 1858 4836 reﬁngatur
1883 4777 1947 4818 ac
1979 4778 2066 4836 re-

462 4840 750 4904 formetur,
800 4839 977 4909 inquit
1013 4833 1275 4909 adversus
1325 4833 2063 4909 ApellinariumGregorius

461 4911 741 4977 Nazianz.,
770 4905 967 4976 Or.'t.t,
1011 4927 1066 4966 ιι.
1096 4908 1152 4964 5.
1192 4909 1268 4965 De
1296 4908 1461 4964 verbo
1491 4917 1627 4962 totus
1656 4905 1782 4963 vide
1808 4917 2061 4963 annotata

460 4981 528 5038 ad
562 4984 698 5055 psal.
733 4999 772 5049 t,
803 4999 858 5037 ιι.
889 4981 982 5036 27.

534 5072 610 5145 (e)
643 5073 755 5130 Hoc
781 5082 886 5141 est,
919 5088 1093 5145 neque
1120 5088 1148 5127 a
1185 5071 1363 5128 Verbo
1387 5070 1687 5145 conditam,
1721 5069 1816 5125 sed
1845 5086 1872 5122 a
1900 5084 2061 5145 causa

461 5141 639 5202 aliena
668 5156 832 5218 atque
852 5141 1465 5218 exteritapropagatam,
1484 5151 1540 5218 ut
1566 5141 1768 5218 dictum
1797 5151 1949 5196 estn.
1965 5142 2057 5208 20,

462 5232 640 5287 neque
667 5213 843 5273 eidem
876 5217 1053 5272 Verbo
1081 5213 1370 5287 intrinsece
1401 5224 1455 5267 et
1484 5215 1536 5287 in
1583 5213 1841 5287 unitatem
1871 5229 2058 5282 perso-

461 5285 569 5360 nze:
594 5289 958 5360 conjunctam.
999 5285 1230 5360 Eosdem
1261 5285 1773 5360 quippe_h:eretieos
1801 5300 2060 5360 personas

460 5355 754 5432 in_Christo
783 5359 1055 5432 divisisse,
1085 5368 1139 5432 et
1183 5355 1416 5432 humiles
1445 5355 1642 5432 Christi
1675 5370 1831 5410 voces
1864 5358 2056 5432 huma-

463 5427 570 5494 me,
588 5433 783 5487 divinae
809 5441 984 5486 autem
1006 5429 1274 5501 gloriosos
1295 5429 1476 5482 titulos
1508 5429 1780 5490 tribuisse,
1805 5427 1957 5501 testis
1977 5437 2059 5482 est

461 5501 709 5630 giidatus
754 5498 1044 5576 Gregorius
1097 5499 1347 5557 Nazianz.
1408 5501 1709 5569 praesertim
1748 5498 1852 5553 sub
1894 5499 2055 5555 tinem

510 5589 556 5629 r.
587 5591 677 5630 ιιι.

510 5589 556 5629 1⁵.
587 5591 677 5630 ιιι.

533 5645 602 5716 (I’)
634 5645 954 5703 Particulam
988 5657 1033 5701 et
1060 5645 1112 5700 in
1141 5644 1372 5716 vulgatis
1399 5641 1657 5716 omissam
1690 5643 1890 5716 rectius
1927 5656 2056 5696 mss.

465 5713 723 5781 retinent,
753 5734 822 5774 ne
839 5728 1149 5773 naturarum
1175 5713 1420 5771 conlusio
1447 5713 1798 5784 intelligatur.
1828 5713 2062 5784 Rursum

463 5791 548 5849 his
571 5791 866 5850 concinens
887 5787 1147 5845 adversus
1176 5787 1567 5860 Apollinarium
1580 5783 1874 5856 Gregorius
1903 5783 2060 5856 Nam,

2169 3259 2473 3320 seprtromus
2499 3260 2517 3298 :
2543 3245 2632 3320 sed
2670 3260 2838 3320 unum
2887 3256 2953 3320 et
2981 3244 3213 3320 eumdem
3257 3248 3576 3317 proﬁtemur,
3637 3255 3782 3320 prius

2167 3314 2376 3380 quidem
2405 3332 2509 3368 non
2541 3315 2818 3383 hominem,
2864 3317 2954 3370 sed
2985 3317 3173 3385 Deum,
3215 3314 3430 3382 eic.,'in
3477 3320 3581 3387 ﬁne
3608 3314 3780 3377 autem

2166 3387 2322 3440 etiam
2353 3387 2629 3440 hominem.

2242 3462 2324 3538 (ξι)
2358 3461 2534 3538 Atque
2583 3458 2719 3514 adeo
2774 3459 2895 3515 duae
2939 3459 3045 3538 illae
3093 3470 3299 3538 naturre
3341 3463 3626 3538 contraria:
3657 3473 3783 3534 post

2166 3529 2605 3605 ctmjunctionetn
2639 3542 2988 3605 perseverant
3017 3531 3338 3586 inconfusm.
3371 3534 3459 3588 Sic
3486 3529 3781 3605 Gregorius

2165 3599 2446 3668 Nazianz.,
2478 3601 2570 3655 0r.
2604 3617 2733 3666 xui,
2758 3604 2940 3657 carnis
2973 3605 3236 3659 vocabulo
3279 3605 3570 3659 humanam
3598 3599 3783 3662 'natu-

2167 3687 2306 3746 13m,
2348 3673 2582 3726 divinam
2618 3689 2748 3729 vero
2793 3673 3014 3744 spiritus
3058 3678 3276 3731 nomine
3329 3678 3608 3746 appellans
3657 3679 3773 3735 ait:

2168 3741 2480 3816 Progressus
2536 3755 2703 3798 autem
2758 3741 2894 3799 Deus
2955 3763 3069 3799 cum
3119 3741 3777 3816 assumpta'humauitate,

2167 3831 2331 3868 unum
2370 3815 2536 3888 (nunc
2581 3816 2886 3871 diceremus
2918 3834 3051 3871 unus
3092 3815 3185 3888 est)
3235 3815 3300 3872 ea:
3323 3819 3522 3873 duobus
3549 3821 3680 3874 inter
3722 3815 3779 3876 se

2166 3889 2460 3960 contrariis,
2494 3903 2646 3942 carne
2672 3889 2912 3941 nimirum
2957 3901 3003 3942 et
3037 3889 3260 3960 Spiritu,
3295 3907 3512 3959 quorum
3551 3896 3774 3948 alterunt

2166 3957 2404 4013 deitatem
2437 3960 2573 4013 dedit
2608 3961 2892 4030 (ἐθέωσεν),
2926 3957 3144 4013 alterum
3176 3957 3389 4033 arrepit,
3415 3963 3620 4022 ἐθεώθη.

2242 4049 2323 4122 (Ιι)
2361 4049 2476 4106 Vat.
2511 4050 2627 4122 has.
2660 4066 2760 4104 ms.
2807 4066 2929 4105 cum
2959 4051 3278 4122 quibusdam
3319 4052 3462 4120 aliis,
3493 4055 3726 4109 naturale
3757 4069 3780 4110 .'

2167 4121 2345 4176 minus
2375 4121 2662 4178 concinne.
2706 4123 2783 4176 Ex
2809 4123 2912 4176 hoc
2949 4121 3089 4189 luco,
3132 4138 3342 4178 necnon
3393 4141 3458 4179 ex
3492 4142 3639 4179 num.
3679 4127 3774 4192 64,

2168 4194 2237 4248 65
2287 4200 2344 4247 et
2371 4193 2489 4247 aliis
2517 4193 2731 4262 planutn
2778 4203 2880 4255 est,
2912 4194 2985 4248 ιιιὶ
3009 4193 3121 4264 jam
3168 4195 3595 4260 observavimus,
3631 4197 3780 4252 Hila-

2166 4265 2248 4319 rio
2275 4265 2489 4332 qnoties
2528 4264 2595 4318 de
2621 4264 2838 4319 Christo
2865 4279 3047 4319 sermo
3079 4274 3187 4324 est.
3217 4276 3418 4321 natura:
3455 4271 3775 4325 vocabulum

2167 4351 2384 4409 semper
2411 4334 2479 4389 ad
2509 4335 2844 4409 divinitatem
2880 4335 3092 4391 referri.
3121 4337 3276 4401 Quod
3302 4343 3458 4404 enim,
3511 4342 3686 4409 inquit
3720 4343 3774 4396 in

2169 4407 2303 4476 psal.
2341 4421 2560 4479 cxxxix,
2589 4422 2644 4460 ιι.
2673 4406 2731 4473 2,
2794 4406 2933 4462 Deus
2977 4419 3072 4473 est,
3120 4417 3317 4462 natura:
3345 4426 3452 4462 sua:
3498 4406 3604 4474 est;
3636 4413 3776 4479 quod

2166 4487 2336 4553 autem
2359 4476 2511 4553 homo
2557 4487 2651 4553 est,
2685 4490 2882 4553 uaturw
2907 4491 3111 4553 nostra:
3148 4483 3571 4553 assumptiogest.
3604 4476 3775 4553 Cujus

2089 4565 2144 4627 ι)
2169 4550 2244 4627 rei
2278 4551 2544 4627 rationem
2575 4552 2654 4604 sic
2701 4550 2875 4627 reddit
2905 4549 2960 4605 in
2992 4566 3072 4619 ps.
3113 4549 3408 4627 LXVIII,:II.
3441 4551 3513 4627 25
3545 4570 3565 4627 :_
3591 4549 3775 4627 Neque

2172 4625 2354 4692 forma:
2374 4621 2570 4676 servilis
2599 4624 2879 4694 assumptio
2899 4632 3159 4692 tamquam
3178 4622 3413 4692 genuina:
3434 4623 3648 4694 originis
3673 4621 3741 4678 ua
3755 4657 3769 4665 -

2171 4703 2285 4766 tura
2309 4701 2419 4766 est;
2461 4709 2577 4766 cum
2619 4693 2669 4766 id
2700 4698 2839 4766 quod
2865 4708 3182 4763 assumptum
3225 4703 3324 4766 est,
3353 4693 3775 4766 non‘p'roprietas

2169 4764 2382 4836 interior
2427 4765 2513 4828 sit,
2545 4763 2633 4818 sed
2680 4765 2903 4818 exterior
2939 4766 3187 4836 accessio.
3217 4763 3309 4820 Sic
3351 4764 3543 4836 Cyrill.
3584 4763 3665 4822 Ἠ
3718 4775 3771 4824 ιιι

2167 4835 2325 4891 Joan.
2349 4845 2592 4890 naturam
2611 4835 2896 4912 humanam
2912 4835 2978 4912 ad
2999 4836 3153 4892 Verbi
3172 4835 3468 4912 unitionem
3483 4849 3770 4912 σχετικῶς,

2170 4923 2276 4962 non
2297 4915 2525 4983 poema»;
2543 4908 2863 4983 ascendisse
2900 4907 3081 4973 docet,
3111 4907 3350 4983 quod_ex
3395 4925 3448 4963 se
3495 4907 3562 4963 εἴ
3585 4922 3771 4983 suapte

2171 4977 2463 5035 conditione
2513 4996 2614 5033 non
2652 4979 2799 5032 habet
2844 4977 2961 5041 hoc,
2995 4988 3050 5032 ut
3082 4977 3196 5033 cum
3227 4977 3338 5034 Deo
3370 4997 3529 5034 unum
3572 4985 3659 5036 sit.
3685 4977 3773 5038 Ἀι

2169 5063 2325 5106 caute
2365 5052 2584 5124 omnino
2616 5049 2852 5124 Hilarius
2881 5048 3106 5124 subinde
3136 5052 3493 5116 demonstrat,
3523 5069 3772 5124 35§lllltp-

2170 5131 2278 5176 tam
2324 5123 2467 5176 servi
2505 5121 2753 5195 formam
2781 5121 2951 5176 nihilo
2992 5123 3181 5195 minus
3233 5124 3507 5195 propriam
3563 5121 3766 5182 Christi

2169 5207 2309 5260 esse,
2341 5208 2500 5263 quam
2534 5195 2704 5263 ipsam
2733 5194 2960 5247 formam
2991 5192 3131 5248 Dei.”

2239 5282 2302 5356 (i)
2325 5285 2548 5356 Excusi,
2569 5295 2616 5338 et
2647 5285 2950 5351 resurrexit,
2981 5287 3102 5340 etin
3124 5287 3278 5342 caelos
3301 5287 3643 5353 adscenderit.
3664 5307 3767 5345 uon

2169 5355 2356 5426 potest,
2385 5367 2492 5433 etc.
2522 5355 2838 5433 Simplicius
2880 5372 2943 5433 ac
2970 5359 3172 5433 verius
3197 5375 3327 5433 mss.
3360 5370 3407 5433 et
3437 5361 3559 5433 (pro
3583 5364 3768 5433 etiam)

2165 5427 2491 5500 resurrexit;
2521 5428 2622 5482 hoc
2646 5434 2750 5491 est,
2782 5428 2828 5500 si
2851 5428 2990 5500 mihi
3015 5429 3248 5500 objicitis
3267 5427 3543 5486 Christiin
3573 5427 3768 5490 nativi-

2171 5511 2300 5573 tate,
2327 5498 2596 5568 passione,
2615 5510 2748 5573 ete.,
2777 5498 3176 5567 inﬁrmitatem;
3204 5516 3305 5572 ego
3329 5517 3594 5571 apponam
3619 5507 3767 5573 ejus-

2169 5570 2290 5626 dem
2322 5571 2811 5644 inresurrectione
2838 5574 3084 5644 gloriam.
3127 5570 3309 5644 Pergit
3356 5570 3588 5630 Hilarius
3617 5570 3761 5634 viam

2171 5642 2504 5712 prmcludere
2539 5643 2713 5714 errori
2754 5642 3159 5710 haereticorum,
3191 5642 3420 5714 quorum
3463 5645 3763 5704 imitatores

2171 5714 2570 5792 Apollinarista}
2597 5713 2842 5770 Christos
2863 5713 3342 5792 duosindueenles
3368 5716 3510 5792 apud
3556 5718 3765 5792 Grego-

2172 5785 2312 5842 rium
2343 5784 2500 5854 Naz.,
2529 5785 2622 5840 0r.
2674 5800 2744 5841 ιιι
2770 5803 2782 5841 :
2809 5786 2959 5842 verba
2977 5788 3088 5856 illa,
3120 5789 3362 5860 Anguore
3402 5784 3617 5858 a/Tectus
3663 5784 3762 5864 Est,
