4094 6180
328 204 423 260 361

1563 205 1653 263 DE
1693 205 2065 265 TRINITATE
2095 205 2300 266 LIBER
2339 208 2407 265 X.

3513 214 3620 273 502

328 320 426 383 sit;
458 333 636 392 neque
664 318 824 387 alius,
865 332 1026 391 quam
1055 317 1146 390 qui
1173 325 1254 375 cst
1302 325 1565 384 mortuus,
1598 337 1915 378 resurrexc-
1944 325 1997 386 Α
2024 323 2197 394 ignem
2228 337 2618 396 compungens,
2648 323 2750 380 'aut
2775 338 2899 383 aera
2938 326 3256 395 vulnerans,
3288 342 3480 389 omnes
3503 335 3624 405 qui-

328 411 422 477 rit;
455 426 628 483 neque
649 412 984 481 alius,quam
1007 410 1081 482 (α)
1106 411 1192 481 qui
1214 412 1529 481 resurrexit,
1557 413 1624 467 sit
1652 413 1704 468 in
1732 414 1916 480 caelis;

326 503 381 558 in
408 505 559 559 ctelis
595 516 777 562 autem
831 520 938 561 non
988 505 1125 560 alius
1173 486 1266 573 sit,
1307 521 1467 577 quam
1514 508 1603 577 qui
1636 507 1921 563 descendit

321 605 444 653 ante
469 597 540 654 de
565 599 740 655 cmlis.

394 690 483 748 25.
534 690 771 751 Christus
821 693 1052 766 passioni
1106 694 1394 762 obnoxius,
1452 712 1573 751 num
1623 705 1674 750 et
1723 696 1913 751 dolori.

282 782 291 789 ’
322 782 510 838 Christi
547 784 603 838 in
629 802 783 840 carne
824 787 1196 857 prterOgativaz.
1220 786 1482 843 —Homo
1532 787 1715 860 itaque
1757 788 1917 845 Jesus

319 873 562 933 Christus
582 877 892 950 unigenitus
922 879 1082 949 Deus,
1115 894 1210 949 per
1236 894 1456 936 carnem
1501 888 1558 937 et
1582 881 1815 937 Verbum
1858 887 1917 937 ut

318 968 551 1027 hominis
593 973 732 1027 lilius
761 972 835 1029 ita
876 980 931 1029 et
968 972 1064 1029 Dei
1093 972 1258 1042 ﬁlius,
1293 974 1570 1031 hominem
1599 990 1785 1032 verum
1810 991 1914 1032 se—

319 1063 550 1120 cundum
579 1064 985 1121 similitudinem
1030 1066 1199 1121 nostri
1230 1065 1486 1135 hominis,
1514 1082 1620 1123 non
1652 1067 1913 1124 deﬁciens

316 1171 345 1209 a
385 1171 446 1212 se
492 1157 625 1222 Deo,
678 1157 949 1228 sumpsit:
983 1156 1057 1229 (ὁ)
1094 1158 1145 1211 in
1178 1174 1304 1228 quo,
1347 1159 1594 1229 quamvis
1640 1170 1732 1215 aut
1775 1160 1914 1215 ictus

316 1246 601 1315 incideret,
634 1258 725 1304 aut
751 1250 945 1307 vulnus
975 1248 1353 1316 descenderet,
1381 1258 1476 1305 aut
1518 1236 1649 1305 nodi
1680 1265 1913 1306 concur-

314 1349 525 1409 rerent,
550 1348 644 1396 aut
670 1341 957 1412 suspensio
977 1339 1060 1396 cle
1071 1349 1241 1407 varet,
1271 1338 1533 1397 alierrent
1554 1340 1769 1412 quidem
1798 1341 1915 1398 huic

315 1433 578 1504 impetum
606 1434 897 1505 passionis,
931 1449 1036 1489 non
1065 1441 1246 1490 tamen
1272 1433 1517 1490 dolorem
1543 1434 1808 1504 passionis
1834 1434 1919 1490 in-

314 1525 566 1583 ferrent:
600 1534 658 1582 ut
685 1525 851 1583 telum
883 1524 1098 1598 aliquod
1129 1534 1232 1599 aut
1258 1540 1450 1598 aquam
1490 1525 1793 1598 perlorans,
1826 1538 1918 1586 aut

384 1658 468 1733 (1)
500 1658 616 1716 Vox
636 1657 847 1714 Domini
874 1658 1048 1716 abest.

2024 414 2146 470 dem
2194 416 2293 472 has
2324 417 2601 488 passiones
2644 427 2850 473 naturae
2896 434 3009 474 suae
3049 419 3234 488 infert,
3283 431 3342 476 ut
3369 422 3532 489 foret,
3566 432 3625 478 ut

2025 518 2373 579 compungat,
2403 517 2464 563 ut
2490 510 2766 576 vulneret;
2815 509 2913 566 scd
2951 520 3193 566 naturam
3221 522 3375 568 suam
3412 515 3463 569 in
3508 514 3624 570 lucc

2026 602 2205 672 passio
2237 602 2386 657 illata
2416 618 2521 658 non
2554 603 2771 670 retinet,
2799 603 2926 657 dum
2972 605 3023 659 in
3056 614 3252 659 natura
3280 622 3384 661 non
3427 616 3511 662 est
3536 606 3625 662 vel

2022 707 2215 763 aquam
2244 694 2427 759 forari,
2457 694 2545 749 vel
2579 696 2736 765 pungi
2765 695 2968 766 ignem,
2993 696 3075 751 vel
3121 711 3299 752 aerem
3327 698 3623 767 vulnerari,

2025 785 2271 855 quamvis
2307 795 2514 841 natura:
2537 786 2628 842 teli
2660 786 2731 841 sit
2757 795 2812 843 et
2851 787 3140 844 vulnerare
3175 798 3229 843 et
3256 803 3624 860 compungere

2022 888 2077 933 et
2104 879 2298 935 forare.
2334 879 2531 935 Passus
2562 880 2777 950 quidem
2817 888 2904 936 est
2938 882 3196 938 Dominus
3240 881 3399 938 Jesus
3427 884 3620 940 Chris-

2024 980 2130 1036 tus,
2158 973 2284 1028 dum
2310 971 2472 1045 337
2502 973 2748 1041 caeditur,
2782 972 2909 1029 dum
2940 974 3318 1045 suspenditur,
3342 975 3469 1031 dum
3498 990 3625 1032 cru-

2018 1066 2272 1138 ciﬁgitur,
2302 1068 2428 1124 dum
2461 1070 2688 1124 moritur
2719 1088 2730 1121 :
2763 1069 2859 1124 scd
2884 1070 2936 1124 in
2966 1085 3163 1141 corpus
3196 1070 3273 1143 (1)
3308 1072 3523 1129 Domini
3549 1070 3621 1143 (ο)
3662 1062 3671 1071 ’

2021 1161 2236 1218 irruens
2266 1163 2465 1233 passio,
2496 1179 2599 1219 nec
2629 1179 2733 1218 non
2766 1162 2866 1218 fuit
2888 1163 3093 1235 passio,
3121 1180 3221 1220 nec
3262 1175 3440 1223 tamen
3469 1173 3623 1221 natu-

2019 1268 2137 1308 ram
2161 1255 2428 1324 passionis
2459 1255 2541 1327 (d)
2573 1257 2812 1311 exseruit
2847 1275 2860 1312 :
2890 1257 3015 1310 dum
3041 1265 3098 1312 et
3135 1258 3330 1327 poenali
3378 1259 3627 1317 ministe-

2017 1348 2098 1402 rio
2123 1347 2368 1414 desievit,
2400 1356 2455 1403 et
2485 1347 2669 1403 Virtus
2699 1352 2944 1419 corporis
2964 1349 3080 1404 sine
3110 1364 3275 1405 sensu
3311 1366 3483 1419 postne
3511 1352 3620 1407 vim

2024 1453 2200 1507 paena:
2227 1437 2280 1492 in
2314 1453 2373 1493 se
2401 1429 2744 1493 desaevientis
2774 1436 3013 1509 excepit.
3046 1438 3305 1496 Habuerit
3328 1456 3461 1498 sane
3492 1442 3624 1499 illud

2022 1529 2240 1587 Domini
2265 1544 2462 1602 corpus
2491 1528 2562 1602 (e)
2584 1528 2786 1586 doloris
2814 1532 2989 1587 nostri
3033 1540 3307 1603 naturam,
3352 1534 3398 1590 si
3424 1549 3622 1607 corpus

313 1800 530 1878 et_cruci
573 1799 789 1878 aliis-us,
817 1815 877 1853 ac
919 1800 1189 1878 εεριιζῃιεζ
1214 1800 1411 1878 externi
1459 1780 1790 1878 integumenti
1818 1815 1929 1856 esse
1956 1804 2006 1866 B
2032 1796 2208 1878 inquit
2230 1798 2568 1878 ,lpassio‘iila
2598 1801 2883 1878 non-fuerit
2926 1803 3234 1878 conditionis
3271 1815 3331 1878 et
3380 1808 3620 1878 generis,

311 1871 602 1941 afﬁrmant;
649 1870 759 1926 luet:
797 1882 990 1943 autem,
1042 1871 1287 1941 Conﬁdit,
1331 1881 1379 1926 et
1423 1870 1722 1939 resurrexit,
1768 1882 1919 1943 atque

313 1944 610 2009 adscendit,
634 1942 825 1997 interni
849 1944 1095 1997 thesauri.

384 2011 470 2140 Sa)
501 2014 574 2069 Ita
613 2030 744 2068 mss.
771 2015 837 2068 At
876 2013 1028 2082 editi,
1058 2015 1145 2083 qui
1173 2016 1471 2079 resurrexit,
1508 2013 1828 2068 adscenderit
1864 2015 1917 2068 in

384 2108 385 2113 η
414 2101 496 2140 os.
519 2087 575 2139 in
602 2085 753 2140 caelos
782 2096 974 2139 autem.
1010 2085 1085 2139 Ex
1119 2086 1218 2140 hoc
1248 2088 1364 2140 loco
1391 2086 1617 2140 aliisque
1655 2084 1917 2139 similibus

313 2084 496 2151 cmlos,
519 2087 575 2139 in
602 2085 753 2140 caelos
782 2096 974 2139 autem.
1010 2085 1085 2139 Ex
1119 2086 1218 2140 hoc
1248 2088 1364 2141 loco
1391 2086 1617 2155 aliisque
1655 2084 1920 2139 similibus

320 2158 374 2211 in
411 2156 652 2226 generali
684 2157 889 2226 pnctat.
940 2156 967 2227 §
996 2156 1052 2219 4,
1087 2156 1441 2227 ostendimus,
1477 2156 1734 2211 Hilarium
1763 2156 1920 2227 longe

315 2225 563 2284 abfuisse
601 2235 662 2281 ut
688 2225 1035 2282 divinitatem
1084 2225 1286 2283 Christi
1326 2243 1357 2282 a
1398 2242 1625 2296 corpore
1663 2225 1918 2296 umquam

315 2308 627 2367 separatam
671 2297 918 2354 sentiret.
962 2298 1019 2355 Si
1048 2300 1191 2353 enim
1223 2308 1351 2355 ante
1397 2308 1626 2353 mortem
1668 2297 1917 2362 secessit,

316 2370 460 2496 διὶιίξ
507 2369 773 2426 dicendus
826 2379 910 2425 est
951 2378 1132 2436 natus,
1169 2368 1308 2426 alius
1355 2379 1619 2436 mortuus,
1673 2369 1811 2424 alius
1865 2369 1918 2424 in

317 2455 405 2496 ca:
433 2456 498 2496 IS.

317 2455 498 2498 emus.

389 2514 476 2584 (ὁ)
507 2512 791 2584 Er.,Lips.
819 2522 874 2568 et
899 2512 1037 2584 Par.
1069 2512 1122 2566 in
1146 2527 1295 2583 quem
1323 2527 1344 2584 ξ
1368 2510 1754 2568 dissidentibus
1784 2510 1916 2566 Bad.

320 2593 374 2641 et
402 2583 543 2640 mss.
572 2583 877 2653 quosinter
918 2583 1263 2640 Corbeiensis
1299 2583 1366 2638 ab
1391 2585 1606 2653 antiqua
1646 2596 1807 2636 manu
1851 2583 1919 2637 ad

321 2657 626 2726 marginem
668 2656 851 2718 habet,
900 2654 1059 2709 Caute
1095 2654 1221 2726 lege.
1254 2654 1334 2709 Ad
1371 2656 1630 2726 cautelam
1679 2653 1922 2726 recolen-

320 2724 469 2781 dnrn'
482 2736 672 2782 contra
697 2741 833 2796 quos
864 2727 1124 2780 hactenus
1152 2724 1441 2795 disputarit
1471 2724 1668 2780 Doctor
1693 2724 1920 2796 catholig

321 2813 426 2853 cus
457 2815 471 2850 :
502 2798 657 2866 cujus
679 2793 845 2853 verba
877 2798 1056 2851 omnia
1101 2796 1166 2851 ad
1200 2793 1254 2850 id
1290 2796 1554 2866 exigenda
1601 2801 1746 2866 sunt.
1776 2793 1921 2864 quod

321 2870 389 2924 ab
423 2865 761 2936 Apollinario
797 2875 1061 2923 assertum
1110 2881 1231 2923 esse
1255 2865 1603 2934 conqueritur
1629 2865 1923 2934 Gregorius

320 2935 583 2995 Nazianz.
616 2939 681 2995 ad
706 2938 1014 2994 Nectarinnt
1055 2937 1150 2994 Or.
1181 2954 1300 2993 τινι
1328 2955 1341 2991 :
1374 2936 1558 3008 Ipsum
1600 2935 1919 3008 unigenitum

322 3010 496 3066 Deum
521 3013 749 3065 omnium
774 3010 1012 3078 iudicem,
1042 3011 1158 3064 vitta
1183 3007 1463 3075 auctorem,
1492 3008 1669 3061 mortis
1696 3007 1921 3060 exstinc-

322 3092 510 3148 torem,
539 3084 807 3138 mortalem
851 3099 958 3165 esse
984 3081 1147 3165 docet,
1178 3082 1486 3165 propriaque
1522 3095 1616 3162 sua
1662 3078 1925 3165 divinitate

324 3170 542 3225 passum
567 3171 695 3218 esse,
723 3163 876 3224 atque
899 3157 955 3207 in
988 3149 1231 3207 triduana
1262 3149 1355 3206 illa
1389 3149 1619 3220 corporis
1648 3159 1819 3225 morte
1840 3149 1917 3203 di-

322 3221 593 3279 rinilatem
621 3221 818 3296 quoque
857 3225 1012 3279 simul
1036 3240 1154 3278 cum
1202 3238 1414 3294 corpore
1457 3230 1713 3296 mortuam
1740 3221 1918 3290 fuisse,

322 3298 505 3353 sicque
547 3293 932 3351 rursus’Patris
962 3311 1121 3363 opera
1159 3311 1191 3347 a
1233 3293 1393 3348 morte
1428 3293 1497 3346 ad
1526 3295 1679 3347 vitam
1718 3307 1928 3345 revoca-

323 3376 435 3422 tam
464 3384 483 3422 :
506 3372 738 3423 maxime
767 3382 888 3422 cum
928 3364 1164 3422 Hilarius
1187 3381 1347 3435 supra
1378 3380 1529 3419 num.
1560 3364 1593 3418 9
1620 3369 1921 3435 contra_er-

322 3438 473 3510 roris
515 3438 821 3510 huiusmodi
851 3448 1148 3493 assertores
1194 3432 1309 3491 toio
1340 3435 1444 3491 hoc
1486 3435 1625 3489 libro
1655 3432 1919 3504 agendum

319 3508 434 3564 sibi
456 3508 740 3582 proponat.

434 3577 486 3652 τ’)
507 3577 673 3637 Abest
703 3580 914 3652 Domini
935 3596 962 3631 a
994 3579 1151 3646 Bad.,
1173 3578 1351 3652 Er._et
1374 3577 1648 3649 plerisque
1678 3589 1808 3652 mss.

434 3585 486 3652 c)
507 3583 673 3637 Abest
703 3583 914 3635 Domini
935 3596 962 3631 a
994 3583 1151 3646 Bad.,
1174 3583 1270 3634 Er.
1297 3588 1351 3633 et
1374 3583 1648 3649 plerisque
1678 3589 1808 3631 mss.

397 3583 486 3722 id)
516 3653 571 3708 In
592 3651 821 3723 vulgatis
846 3693 861 3719 ,
895 3652 1134 3723 exercuit.
1169 3650 1320 3723 Atia
1346 3663 1474 3703 mss.
1500 3648 1724 3723 exseruit
1750 3661 1771 3723 ξ
1800 3653 1923 3723 post

322 3717 477 3788 quod
503 3717 727 3780 verbum
766 3717 913 3777 recte
960 3720 1292 3777 intellexeris
1344 3728 1572 3789 respectu
1614 3717 1914 3789 diuinigatis.

322 3786 584 3852 Proxime
636 3794 780 3851 enim
815 3792 987 3848 Virtus
1013 3792 1243 3862 corporis
1272 3786 1527 3846 idemest
1550 3832 1563 3853 ,
1596 3786 1918 3862 quod__Ver.

321 3865 458 3922 bum
489 3876 542 3922 in
580 3871 859 3934 assumpto
885 3858 1189 3920 subsistens
1215 3876 1445 3932 corpore
1465 3902 1481 3926 ,
1511 3858 1662 3932 Quasi
1686 3902 1716 3934 ,Δ
1734 3858 1919 3934 Virtus

321 3946 634 4008 corporata.
654 3929 948 4004 Quo’sensu
973 3935 1240 4008 Eusebius
1261 3929 1558 4008 Emesenus
1580 3930 1719 4008 apud
1741 3929 1919 4008 Theo-

323 4000 578 4065 dofetum
622 4000 761 4064 Dial.
794 4021 884 4071 tn,
919 4022 971 4077 p.
1007 4006 1132 4072 172,
1154 4004 1426 4077 Christum
1450 4000 1761 4077 secundum
1776 4000 1917 4077 divi-

323 4079 897 4150 nitatempassionum
919 4071 1235 4150 nostrarum
1268 4075 1506 4131 nescium
1541 4075 1707 4150 fuisse
1732 4071 1918 4150 delen-

323 4150 467 4207 dens
487 4195 500 4215 ,
537 4143 770 4205 verbum
808 4149 1028 4203 Virtutis
1059 4148 1277 4203 nomine
1301 4153 1613 4201 constanter
1641 4143 1912 4215 designat.

326 4221 458 4276 Non
488 4223 642 4296 enim,
672 4221 843 4296 inquit
862 4219 1105 4296 ,_clavum
1129 4220 1338 4296 excepii
1365 4216 1534 4271 Virtus
1551 4258 1565 4282 ,
1590 4224 1645 4269 ut
1674 4214 1869 4296 timeret
1897 4230 1917 4269 :

324 4293 581 4364 quanwis,
607 4302 668 4347 ut
687 4288 869 4364 paucis
892 4290 1191 4364 interiectis
1220 4288 1461 4364 declarat
1484 4327 1520 4364 ,_
1529 4288 1765 4364 corporis
1798 4300 1917 4353 pas-

326 4359 498 4419 iiones
527 4359 772 4434 suscepit.
805 4361 881 4416 Ita
904 4359 1161 4429 Hilarius,
1197 4361 1363 4434 u_bi_ei
1385 4359 1453 4434 de
1484 4360 1697 4434 Christo
1733 4369 1915 4434 sermo

326 4446 410 4491 est
427 4436 458 4505 ,'
474 4425 690 4490 virtutis
710 4448 897 4505 vocem
930 4425 1156 4502 semper
1175 4432 1248 4505 ad,
1278 4431 1517 4486 Verbum
1555 4429 1739 4505 refert.
1779 4425 1915 4505 Ver:

327 4496 457 4587 bona
483 4518 666 4562 autem
700 4504 811 4587 bic_
841 4503 1011 4587 Viotus
1049 4496 1307 4587 corporis,
1345 4500 1615 4587 quomodo
1644 4511 1806 4567 supra
1846 4496 1912 4550 ad

2029 1869 2153 1939 quia
2180 1869 2594 1948 indeptutabilgm
2625 1869 2731 1948 Dei»
2748 1882 2988 1926 naturam
3038 1875 3184 1929 nulla
3232 1877 3306 1930 vis
3353 1869 3623 1948 injuriosa}

2022 1941 2426 2016 perturbationis
2454 1939 2806 2016 _o/7'enderet;i
2839 1955 3007 1999 tamen
3051 1958 3290 2016 suscepta
3338 1939 3624 2004 voluntarie

2019 2024 2096 2066 est
2116 2054 2129 2078 ,
2155 2013 2318 2082 ofﬁcio
2340 2011 2544 2086 quidem
2568 2014 2680 2084 ipsa
2707 2015 3040 2086 satisfactum
3069 2011 3280 2086 poenali.
3314 2036 3416 2074 non
3448 2031 3621 2075 tamen

2022 2100 2187 2155 paena:
2226 2098 2378 2157 sensu
2415 2082 2605 2157 laesura
2633 2082 2903 2157 patientem
2935 2103 2953 2140 :
2976 2082 3079 2141 non
3117 2088 3253 2157 quod
3277 2090 3368 2144 illa
3400 2092 3623 2146 (ledendi

2022 2153 2125 2209 non
2146 2153 2379 2228 habuerit
2411 2170 2504 2221 pro
2526 2155 2640 2224 ipsa
2669 2156 2921 2221 passionis
2951 2153 3195 2226 qualitate
3223 2176 3499 2228 naturam;
3530 2163 3623 2217 sed

2022 2227 2161 2296 quod
2190 2226 2419 2296 dolorem
2446 2241 2767 2281 ntvmrrnts
2816 2243 3026 2284 NATURA
3071 2245 3171 2283 non
3217 2233 3386 2285 sentit.
3424 2226 3620 2288 Passus

2022 2293 2113 2372 est_
2135 2293 2459 2372 ergoDens;
2491 2297 2611 2367 quia
2651 2314 2705 2372 se
2746 2300 2958 2372 subjecit
2989 2300 3310 2356 voluntarius
3342 2304 3567 2372 passiani
3596 2320 3620 2359 :

2023 2367 2113 2444 sed
2135 2368 2415 2444 suscipiens
2452 2368 2713 2444 naturales
2741 2367 3088 2444 ingruentium
3132 2373 3186 2425 in
3226 2390 3281 2428 se
3321 2367 3619 2444 passionum

2024 2437 2242 2516 (quibus
2282 2437 2511 2492 dolorem
2559 2438 2867 2509 patientibus
2913 2458 3114 2516 necesse
3149 2453 3222 2497 est
3246 2437 3463 2516 inferri)
3511 2447 3621 2501 vir-

2024 2519 2155 2564 tutes
2177 2551 2191 2574 ,
2220 2510 2328 2580 ipse
2357 2518 2521 2580 tamen
2557 2527 2590 2563 a
2619 2518 2818 2563 naturae
2856 2527 2962 2566 sua:
2988 2514 3171 2568 virtute
3197 2510 3518 2573 nati-excidit
3557 2526 3615 2571 ut

2023 2578 2248 2657 doleret.
2273 2579 2409 2657 Hinc
2430 2578 2583 2635 facile
2609 2580 2924 2657 intelligitur
2944 2584 3069 2652 quid
3093 2584 3195 2639 sibi
3225 2587 3355 2641 velit
3376 2589 3622 2657 proxime

2024 2650 2183 2704 allata
2218 2651 2309 2705 teli
2337 2650 2391 2705 in
2434 2664 2629 2720 aquam
2660 2659 2753 2705 aut
2776 2650 2969 2721 ignem
3011 2662 3105 2708 aut
3147 2670 3332 2710 aerem
3376 2650 3618 2716 immissi

2022 2720 2340 2776 similitudo.

2100 2791 2169 2868 (ᾳ)
2203 2792 2462 2868 Ειίειβπιιιβ
2486 2799 2717 2846 testatur
2745 2807 2803 2849 se
2836 2792 2886 2847 in
2915 2793 3148 2863 quodam
3189 2798 3486 2868 exemplari
3517 2817 3606 2858 re-

2026 2861 2232 2931 perisse
2266 2861 2355 2941 hic
2378 2863 2624 2941 ansatum
2645 2879 2757 2941 ,__ex
2796 2861 3003 2941 pecctito
3022 2882 3042 2932 ;
3071 2882 3134 2922 ac
3158 2861 3394 2941 rursum.
3429 2883 3611 2941 suapte

2026 2943 2213 2987 natura
2232 2935 2341 2988 sine
2360 2933 2594 3007 mirabili
2615 2935 2878 3003 adjutorio
2913 2934 3035 3000 Dei,
3070 2949 3192 3007 post
3222 2940 3381 2996 verba
3412 2952 3469 2996 ut
3506 2933 3618 2997 cal-

2026 3014 2103 3057 cet
2140 3007 2326 3059 undas.
2359 3005 2457 3059 Hic
2486 3019 2592 3057 uno
2623 3015 2942 3074 argumento
2972 3005 3184 3063 videtur
3230 3010 3463 3068 Hilarius
3491 3030 3615 3069 cor-

2029 3077 2143 3148 pori
2172 3075 2377 3148 Christi
2405 3085 2459 3129 et
2487 3082 2731 3148 naturam
2756 3076 2970 3132 dolendi
3004 3093 3198 3148 negare
3219 3123 3233 3145 ,
3264 3092 3318 3138 et
3352 3084 3611 3140 virtutem

2030 3146 2267 3224 tribuere
2310 3146 2564 3224 miracula
2621 3161 2716 3214 per
2769 3163 2841 3224 se
2881 3146 3145 3224 patrandi.
3190 3155 3264 3224 At
3306 3162 3364 3207 ut
3392 3158 3613 3224 corpori

2028 3214 2241 3298 Christi
2294 3217 2552 3298 miracula
2598 3218 2844 3298 patrandi
2882 3214 3162 3298 :virtutem
3188 3223 3403 3298 tribuat
3453 3214 3614 3298 [tinge

2028 3289 2215 3361 abest,
2243 3289 2332 3357 qui
2354 3303 2471 3343 eam
2506 3287 2608 3341 vim
2636 3303 2701 3361 ne
2730 3289 2782 3361 in
2813 3290 3045 3361 animam
3074 3292 3291 3361 quidem
3322 3295 3462 3351 illius
3482 3287 3616 3353 coit-

2028 3359 2214 3414 venire
2242 3374 2341 3430 pro
2367 3369 2516 3414 certo
2548 3359 2698 3427 ponit
2745 3359 2882 3414 infra
2925 3377 3071 3416 num.
3093 3359 3184 3418 ’55
3223 3383 3235 3417 :
3268 3364 3393 3421 Non
3431 3384 3611 3425 conve-

2027 3430 2130 3506 nit,
2166 3430 2372 3506 inquit,
2410 3438 2467 3483 ut
2502 3430 2672 3483 anima
2709 3430 3036 3506 de_sepnlcro
3073 3433 3331 3490 Lazarum
3364 3450 3529 3506 vocet,
3567 3449 3610 3497 et

2024 3501 2094 3576 ad
2119 3502 2307 3555 anima:
2340 3501 2542 3555 innexa:
2579 3503 2785 3576 corpori
2830 3501 3139 3575 praeceptum
3187 3516 3336 3576 atque
3374 3501 3610 3565 virtutem

2023 3570 2077 3645 in
2104 3582 2375 3645 mortuuni
2381 3588 2531 3645 suum
2553 3571 2729 3645 anima
2743 3574 2859 3645 jam
2887 3590 2950 3626 ea:
2970 3570 3030 3628 eo
3057 3570 3310 3633 dissoluta
3329 3591 3610 3636 revocetur.

2024 3641 2117 3717 _Sic
2138 3643 2231 3696 lib.
2254 3643 2322 3697 de
2342 3642 2550 3714 Synod.
2574 3660 2628 3695 ιι.
2656 3641 2836 3717 48,'ex
2860 3645 3134 3700 miraculis
3160 3648 3350 3717 prnbat
3374 3651 3611 3708 Verbum

2024 3712 2077 3788 in
2107 3728 2323 3788 carnem
2349 3712 2453 3788 non
2485 3728 2608 3768 esse
2636 3715 2951 3788 translatum
2984 3733 2997 3768 :
3029 3712 3271 3788 Alioquin
3297 3722 3435 3775 unde
3463 3724 3610 3778 carni

2021 3785 2076 3838 in
2105 3786 2338 3857 operibus
2365 3785 2606 3857 uirtutes,
2640 3785 2693 3836 in
2725 3796 2899 3857 monte
2920 3785 3171 3854 gloriam,
3187 3790 3240 3842 in
3264 3793 3500 3857 passione
3522 3810 3604 3848 se-

2022 3856 2324 3922 curitatem,
2372 3856 2426 3909 in
2453 3865 2614 3909 morte
2641 3856 2833 3908 vitam?
2879 3856 2985 3911 Sed
3022 3858 3416 3915 demutationcm
3467 3863 3609 3919 Deus

2021 3928 2286 4004 nesciens,
2330 3926 2459 4004 niitii
2507 3942 2569 3981 ea:
2607 3927 2904 4004 substantia:
2942 3944 3050 4004 sua:
3092 3928 3235 4004 bonis
3275 3948 3397 4004 caro
3443 3938 3607 4004 factus

2019 3996 2359 4075 amisit._Non
2391 3998 2554 4067 igitur
2572 3998 2769 4075 carnis.
2793 3998 2887 4075 sed
2916 3999 3231 4075 substantiae
3255 3996 3454 4075 divinaé
3481 4020 3604 4075 pro-

2019 4070 2197 4139 prium
2226 4069 2427 4141 bonum
2453 4075 2538 4141 est
2562 4067 2728 4141 virtus
2755 4068 3159 4141 miraculorum.
3186 4072 3341 4141 Quod
3368 4067 3608 4132 non-nti-

2020 4137 2122 4193 nus
2153 4140 2435 4208 perspicue
2464 4138 2622 4192 docet
2648 4137 2743 4191 lib.
2777 4154 2850 4192 vn
2879 4141 2945 4194 de
2971 4139 3119 4195 Trin.
3149 4137 3321 4207 ιιῖὅϐ,
3357 4145 3446 4201 ubi
3479 4148 3554 4201 ait
3584 4165 3604 4201 :

2018 4208 2148 4283 Cum
2172 4211 2304 4283 enim
2326 4227 2412 4283 ea,
2435 4225 2549 4281 qua:
2567 4217 2796 4283 gereret,
2828 4211 3038 4283 propria
3059 4210 3169 4266 Dro
3200 4226 3383 4283 essent,
3407 4218 3609 4273 calcare

2021 4281 2184 4335 undas
2207 4322 2223 4348 ,
2248 4281 2430 4352 jubere
2450 4280 2665 4352 uentis,
2693 4290 2799 4335 etc.
2824 4323 2838 4345 ,
2865 4280 2985 4335 hinc
3025 4286 3242 4349 querela:
3289 4280 3455 4343 omnis
3491 4299 3605 4345 orta

2018 4351 2467 4425 conquestioest,
2496 4351 2721 4425 Lquod...
2771 4352 2983 4424 gessisse
3030 4353 3140 4409 haec
3166 4357 3220 4410 in
3266 4358 3469 4414 homine
3519 4378 3607 4416 as-

2017 4435 2220 4501 sumpto
2249 4421 2345 4501 Dei
2374 4440 2477 4501 non
2496 4421 2982 4501 intellecta'nntura
3006 4434 3098 4478 est.
3134 4426 3240 4501 Sed
3270 4439 3323 4483 et
3353 4430 3403 4483 id
3427 4432 3604 4501 ipsum

2017 4498 2303 4568 conﬁrmat
2333 4494 2386 4549 in
2412 4493 2550 4548 Psal.
2585 4508 2653 4568 av
2673 4535 2688 4559 ,
2719 4509 2774 4548 ιι.
2804 4494 2839 4550 5
2863 4534 2879 4560 ,
2909 4509 3029 4548 cum
3071 4498 3245 4568 piimo
3290 4493 3609 4568 ιιοηὶιίιίνί-

326 4579 533 4634 calcem
565 4593 713 4632 num.
745 4574 833 4642 i5,
870 4574 1038 4628 Virtus
1064 4565 1310 4644 originis,
1332 4565 1532 4635 merito
1568 4571 1638 4644 ab
1675 4565 1741 4624 eo
1779 4583 1916 4622 nun-
1941 4571 1996 4631 Β
2022 4581 2142 4644 nam
2183 4565 2257 4644 in_
2280 4579 2346 4618 eo
2372 4565 2725 4644 remansisse-
2761 4575 3001 4644 naturam
3021 4565 3300 4644 SFactus’
3321 4574 3454 4625 enim
3484 4590 3604 4627 caro

328 4659 595 4722 cupetur;
626 4647 748 4720 quia
796 4646 969 4722 ipsum
1012 4643 1230 4722 prppria
1247 4648 1444 4699 virtute
1462 4684 1488 4722 ,_
1512 4643 1586 4722 uti
1622 4643 1731 4711 jam
1770 4653 1916 4722 saepe

330 4713 678 4786 nn'tavimus',
709 4713 917 4789 corpori
947 4713 1046 4773 suo
1066 4713 1326 4789 originem
1362 4713 1667 4789 praebuisse
1680 4713 1913 4789 censuit.

329 4792 497 4848 Forte
526 4783 690 4847 etiam
714 4783 947 4863 Verbum
972 4783 1217 4863 corporis
1241 4783 1492 4863 virtutem
1516 4783 1800 4863 appeilarit
1826 4796 1915 4863 ac:

330 4863 673 4934 commodata
720 4861 783 4934 ad
835 4852 1628 4934 sententiam‘adversariorum
1663 4852 1915 4934 loquendi

328 4935 561 4989 ratione.
589 4933 666 4987 ltli
695 4932 836 4987 enim
865 4934 999 4985 intra
1026 4947 1083 4985 ιι.
1120 4929 1190 4984 49
1216 4929 1284 4983 de
1330 4927 1546 4982 Christo
1574 4928 1653 4980 sic
1677 4927 1916 4978 sensisse

332 5015 732 5069 memorantur,
776 5004 832 5056 ul
865 4999 1006 5056 Deus
1049 5000 1264 5056 Verbum
1311 5010 1568 5069 tamquam
1595 5013 1714 5067 pars
1741 4995 1917 5062 aliqua

331 5077 575 5129 virtutum
606 5073 701 5129 Dei
729 5074 951 5144 quodam
978 5089 1032 5129 se
1083 5082 1246 5144 traciu
1283 5069 1690 5144 continuationis
1726 5077 1919 5144 canen-

333 5146 459 5202 dens
477 5188 494 5215 ,
519 5135 780 5220 hominem
790 5144 955 5220 illum
979 5144 1066 5220 qui
1095 5160 1125 5195 a
1154 5141 1323 5220 Maria
1349 5158 1457 5220 esse
1478 5141 1645 5220 ⁵εοερίι
1670 5180 1685 5204 ,
1717 5135 1921 5220 [fabius-

333 5206 492 5280 uerit,
518 5228 565 5272 et
608 5216 874 5271 virtutibus
900 5206 1086 5268 divinat
1120 5213 1430 5288 operationis
1471 5206 1789 5288 instruxerit.
1824 5206 1922 5288 Hic

334 5278 499 5357 igitur
523 5302 700 5359 plena:
742 5301 945 5359 sensus
992 5301 1022 5359 a
1069 5278 1457 5359 solarejicitur
1486 5292 1674 5359 natura
1718 5278 1877 5359 verbi
1903 5317 1920 5344 ,

334 5348 491 5430 cvujus
517 5348 765 5430 persona:
802 5356 1133 5430 attribuitur.
1183 5348 1357 5410 At'nc
1393 5353 1734 5430 commodam
1785 5348 1925 5403 hanc

332 5423 851 5501 interpretationem
891 5427 1194 5501 deunostro
1231 5427 1568 5501 excogitasse
1611 5423 1919 5501 vidcantur,

334 5492 648 5557 affet-cadus
675 5506 760 5555 est
779 5498 921 5575 alius
944 5498 1130 5575 Hilarii
1157 5498 1328 5575 locus,
1353 5492 1406 5552 in
1436 5511 1543 5566 quo
1568 5510 1694 5575 cum
1718 5492 1923 5575 Christi

336 5575 653 5645 passionem
696 5570 885 5645 eadem
916 5571 1125 5645 ratione
1154 5569 1423 5645 explicet,
1455 5564 1601 5637 quod
1642 5564 1732 5618 hic
1761 5564 1925 5645 uirtu-

339 5632 441 5718 ient
455 5643 715 5718 corporis,
748 5642 862 5718 jam
890 5640 1179 5718 perspicue
1210 5632 1709 5718 appelletjiaturam
1741 5632 1925 5686 divini-

340 5714 477 5771 tatis.
495 5706 650 5773 Hunc
677 5706 944 5770 habemus
963 5706 1185 5767 ἱιιῬειιΙ.
1213 5706 1332 5776 Litt,
1366 5725 1423 5765 ιι.
1451 5708 1553 5764 12ς
1578 5706 1918 5777 Quamquam,

905 5806 1178 5868 ΡΑτιιοι..
1209 5802 1294 5867 Χ.

2023 4635 2161 4690 Deus
2191 4637 2419 4711 etiamin
2446 4636 2792 4711 assumptione
2811 4639 2977 4711 carnis
3008 4636 3153 4711 Dens
3173 4657 3280 4694 esse
3303 4646 3604 4711 permansit,

2018 4718 2163 4761 utens
2188 4708 2388 4780 turtutis
2427 4722 2535 4760 sua:
2559 4706 2670 4780 sub
2713 4708 2967 4780 consortio
2995 4710 3156 4763 nostri
3186 4706 3415 4780 corporis
3462 4706 3606 4780 pote;

2017 4789 2165 4851 s_t_ate.
2198 4777 2333 4851 Tum
2384 4792 2451 4831 ex
2502 4776 2779 4851 miraculis
2828 4777 3025 4831 dietutn
3074 4796 3227 4833 suum
3261 4776 3338 4835 sic
3370 4776 3603 4851 probat:

2021 4848 2143 4903 Non
2171 4849 2306 4901 enim
2333 4863 2486 4901 carne
2535 4857 2606 4901 est
2647 4848 2948 4916 degravatus
2973 4891 2986 4909 .
3017 4866 3080 4903 ne
3105 4866 3262 4917 super
3301 4848 3467 4909 undas
3488 4872 3604 4909 am-

2019 4920 2238 4983 bularet,
2270 4928 2373 4974 etc.
2409 4920 2487 4994 ᾼο
2507 4917 2727 4994 demum
2757 4918 3026 4994 concludit
3068 4937 3097 4994 :_>
3119 4920 3238 4974 Non
3278 4940 3396 4994 ergo
3430 4927 3608 4981 metuit

2019 5007 2052 5045 a
2098 5006 2320 5045 carne...
2360 4988 2451 5065 sub
2478 4988 2832 5065 assumptione
2857 4990 3027 5065 carnis
3058 4989 3196 5065 Dens
3237 4988 3391 5065 opera
3432 4999 3607 5052 divina

2023 5077 2401 5116 consummans.
2426 5059 2611 5129 Itaque
2636 5059 2835 5113 Christi
2864 5064 3010 5114 carni
3046 5061 3189 5117 sicut
3218 5059 3602 5123 miraculorum

2024 5133 2276 5188 virtutem
2309 5146 2413 5186 non
2444 5130 2671 5202 tribuit,
2711 5129 2787 5202 ita
2833 5146 2933 5187 nec
2972 5141 3130 5202 negat
3178 5133 3397 5192 dolendi
3453 5149 3609 5194 natu-

2025 5219 2139 5259 ram
2174 5221 2187 5257 :
2217 5204 2312 5277 sed
2340 5217 2436 5277 eos
2458 5243 2474 5266 ,
2503 5200 2605 5277 qui
2634 5200 2832 5255 nullam
2880 5200 3182 5277 ianristo
3210 5208 3475 5277 recipiunt
3513 5226 3608 5266 na-

2025 5283 2200 5329 turam
2231 5274 2475 5347 adolere
2503 5272 2820 5347 immunem,
2856 5275 3014 5329 tacite
3040 5276 3279 5341 inducit,
3311 5272 3369 5332 ut
3396 5296 3462 5335 ex
3495 5282 3562 5337 iis
3584 5323 3602 5347 ,

2027 5361 2149 5416 qum
2173 5345 2494 5400 mirabiliter
2521 5344 2689 5411 gessit
2728 5344 2778 5396 in
2809 5358 3038 5413 corpore
3057 5387 3072 5409 ,
3104 5347 3432 5416 singularem
3463 5353 3513 5406 in
3539 5344 3609 5408 eo

2031 5427 2283 5491 naturam
2331 5424 2585 5491 exstare,
2619 5429 2848 5484 eamque
2897 5416 3128 5491 divinam
3175 5432 3296 5491 esse
3342 5422 3605 5491 cogitent.

2026 5487 2135 5543 Nec
2161 5488 2323 5562 male
2353 5484 2581 5542 subinde
2627 5500 2839 5562 eorum
2869 5486 3080 5541 animos
3121 5488 3270 5562 adid
3299 5484 3481 5562 refe'rt
3502 5535 3519 5562 ,
3552 5502 3614 5550 ut

2024 5558 2373 5634 considerent
2421 5572 2488 5612 an
2533 5571 2600 5634 εξ
2655 5555 2872 5634 inﬂictis
2922 5558 3137 5634 corpori
3183 5559 3380 5617 Christi
3438 5555 3612 5634 [taenis

2026 5641 2172 5686 recte
2203 5629 2525 5698 opinentur,
2560 5626 2792 5698 Verbum
2837 5643 2899 5683 ac
2941 5627 3202 5697 Spiritum
3243 5626 3612 5692 assumentem

2025 5697 2308 5772 expertum
2334 5715 2456 5757 esse
2483 5697 2689 5755 doloris
2724 5700 2894 5754 nostri
2931 5710 3200 5785 naturqm.
3232 5702 3425 5778 Negari
3450 5712 3609 5766 etiam

2904 5791 2980 5855 12
