  <div class='ocr_page' id='page_1' title='image "/cluster/home/n/w/nwhite01/storage/ocr_20150623/10/hvd.32044096580394/187.png"; bbox 0 0 4094 6180; ppageno 0'>
   <div class='ocr_carea' id='block_1_1' title="bbox 449 200 557 267">
    <p class='ocr_par' dir='ltr' id='par_1_1' title="bbox 449 200 557 267">
     <span class='ocr_line' id='line_1_1' title="bbox 449 200 557 267; baseline -0.046 -1"><span class='ocrx_word' id='word_1_1' title='bbox 449 200 557 267; x_wconf 78' lang='lat'><strong>365</strong></span> 
     </span>
    </p>
   </div>
   <div class='ocr_carea' id='block_1_2' title="bbox 1590 186 2547 258">
    <p class='ocr_par' dir='ltr' id='par_1_2' title="bbox 1590 186 2547 258">
     <span class='ocr_line' id='line_1_2' title="bbox 1590 186 2547 258; baseline -0.002 -1"><span class='ocrx_word' id='word_1_2' title='bbox 1590 230 1596 236; x_wconf 89' lang='lat'><strong>-</strong></span> <span class='ocrx_word' id='word_1_3' title='bbox 1657 193 1901 257; x_wconf 78' lang='lat' dir='ltr'><strong>SANCTI</strong></span> <span class='ocrx_word' id='word_1_4' title='bbox 1942 194 2193 256; x_wconf 73' lang='lat' dir='ltr'><strong>HlLARll</strong></span> <span class='ocrx_word' id='word_1_5' title='bbox 2233 186 2547 258; x_wconf 76' lang='lat' dir='ltr'><strong>EPISCOPI</strong></span> 
     </span>
    </p>
   </div>
   <div class='ocr_carea' id='block_1_3' title="bbox 3640 185 3752 254">
    <p class='ocr_par' dir='ltr' id='par_1_3' title="bbox 3640 185 3752 254">
     <span class='ocr_line' id='line_1_3' title="bbox 3640 185 3752 254; baseline -0.027 0"><span class='ocrx_word' id='word_1_6' title='bbox 3640 185 3752 254; x_wconf 59' lang='lat'><strong>561</strong></span> 
     </span>
    </p>
   </div>
   <div class='ocr_carea' id='block_1_4' title="bbox 453 300 3743 385">
    <p class='ocr_par' dir='ltr' id='par_1_4' title="bbox 453 300 3743 385">
     <span class='ocr_line' id='line_1_4' title="bbox 453 300 3743 385; baseline -0.004 -9"><span class='ocrx_word' id='word_1_7' title='bbox 453 325 700 376; x_wconf 86' lang='lat' dir='ltr'><strong>nostrum</strong></span> <span class='ocrx_word' id='word_1_8' title='bbox 747 315 805 373; x_wconf 91' lang='lat' dir='ltr'><strong>id</strong></span> <span class='ocrx_word' id='word_1_9' title='bbox 828 320 1040 372; x_wconf 78' lang='lat' dir='ltr'><strong>naturae</strong></span> <span class='ocrx_word' id='word_1_10' title='bbox 1067 312 1253 381; x_wconf 86' lang='lat' dir='ltr'><strong>habet,</strong></span> <span class='ocrx_word' id='word_1_11' title='bbox 1294 320 1353 368; x_wconf 91' lang='grc' dir='ltr'><strong>ιιι</strong></span> <span class='ocrx_word' id='word_1_12' title='bbox 1388 310 1560 369; x_wconf 86' lang='lat' dir='ltr'><strong>calcet</strong></span> <span class='ocrx_word' id='word_1_13' title='bbox 1586 310 1757 368; x_wconf 87' lang='lat' dir='ltr'><strong>undas</strong></span> <span class='ocrx_word' id='word_1_14' title='bbox 1787 322 1840 368; x_wconf 89' lang='lat' dir='ltr'><strong>et</strong></span> <span class='ocrx_word' id='word_1_15' title='bbox 1882 326 2043 383; x_wconf 81' lang='lat' dir='ltr'><strong>super</strong></span> <span class='ocrx_word' id='word_1_16' title='bbox 2072 310 2126 372; x_wconf 86' lang='lat' dir='ltr'><strong>A</strong></span> <span class='ocrx_word' id='word_1_17' title='bbox 2150 327 2268 385; x_wconf 81' lang='lat' dir='ltr'><strong>quae</strong></span> <span class='ocrx_word' id='word_1_18' title='bbox 2300 310 2502 368; x_wconf 87' lang='lat' dir='ltr'><strong>fructus</strong></span> <span class='ocrx_word' id='word_1_19' title='bbox 2546 323 2676 366; x_wconf 89' lang='lat' dir='ltr'><strong>suos</strong></span> <span class='ocrx_word' id='word_1_20' title='bbox 2720 306 2978 365; x_wconf 87' lang='lat' dir='ltr'><strong>esurienti</strong></span> <span class='ocrx_word' id='word_1_21' title='bbox 3028 320 3132 364; x_wconf 91' lang='lat' dir='ltr'><strong>non</strong></span> <span class='ocrx_word' id='word_1_22' title='bbox 3163 300 3456 379; x_wconf 64' lang='lat' dir='ltr'><strong>praebuerit</strong></span> <span class='ocrx_word' id='word_1_23' title='bbox 3484 301 3743 362; x_wconf 82' lang='lat' dir='ltr'><strong>damnare</strong></span> 
     </span>
    </p>
   </div>
   <div class='ocr_carea' id='block_1_5' title="bbox 454 404 2049 478">
    <p class='ocr_par' dir='ltr' id='par_1_5' title="bbox 454 404 2049 478">
     <span class='ocr_line' id='line_1_5' title="bbox 454 404 2049 478; baseline -0.006 -11"><span class='ocrx_word' id='word_1_24' title='bbox 454 409 652 467; x_wconf 85' lang='lat' dir='ltr'><strong>ﬂuctus</strong></span> <span class='ocrx_word' id='word_1_25' title='bbox 665 418 774 477; x_wconf 90' lang='lat' dir='ltr'><strong>eat,</strong></span> <span class='ocrx_word' id='word_1_26' title='bbox 806 418 860 466; x_wconf 89' lang='lat' dir='ltr'><strong>et</strong></span> <span class='ocrx_word' id='word_1_27' title='bbox 887 423 993 464; x_wconf 88' lang='lat' dir='ltr'><strong>non</strong></span> <span class='ocrx_word' id='word_1_28' title='bbox 1032 407 1353 478; x_wconf 77' lang='lat' dir='ltr'><strong>degravetur</strong></span> <span class='ocrx_word' id='word_1_29' title='bbox 1384 404 1651 477; x_wconf 90' lang='lat' dir='ltr'><strong>ingressu,</strong></span> <span class='ocrx_word' id='word_1_30' title='bbox 1686 418 1862 475; x_wconf 90' lang='lat' dir='ltr'><strong>neque</strong></span> <span class='ocrx_word' id='word_1_31' title='bbox 1893 419 2049 476; x_wconf 62' lang='lat' dir='ltr'><strong>aqua:</strong></span> 
     </span>
    </p>
   </div>
   <div class='ocr_carea' id='block_1_6' title="bbox 456 495 2050 570">
    <p class='ocr_par' dir='ltr' id='par_1_6' title="bbox 456 495 2050 570">
     <span class='ocr_line' id='line_1_6' title="bbox 456 495 2050 570; baseline -0.006 -11"><span class='ocrx_word' id='word_1_32' title='bbox 456 502 832 559; x_wconf 77' lang='lat' dir='ltr'><strong>insistentibus</strong></span> <span class='ocrx_word' id='word_1_33' title='bbox 862 498 1102 570; x_wconf 80' lang='lat' dir='ltr'><strong>vestigiis</strong></span> <span class='ocrx_word' id='word_1_34' title='bbox 1129 498 1345 564; x_wconf 84' lang='lat' dir='ltr'><strong>cedant,</strong></span> <span class='ocrx_word' id='word_1_35' title='bbox 1378 506 1625 568; x_wconf 75' lang='lat' dir='ltr'><strong>penetret</strong></span> <span class='ocrx_word' id='word_1_36' title='bbox 1652 496 1815 553; x_wconf 85' lang='lat' dir='ltr'><strong>etiam</strong></span> <span class='ocrx_word' id='word_1_37' title='bbox 1853 495 2050 564; x_wconf 90' lang='lat' dir='ltr'><strong>solida,</strong></span> 
     </span>
    </p>
   </div>
   <div class='ocr_carea' id='block_1_7' title="bbox 465 589 2053 652">
    <p class='ocr_par' dir='ltr' id='par_1_7' title="bbox 465 589 2053 652">
     <span class='ocr_line' id='line_1_7' title="bbox 465 589 2053 652; baseline -0.004 0"><span class='ocrx_word' id='word_1_38' title='bbox 465 610 567 652; x_wconf 89' lang='lat' dir='ltr'><strong>nec</strong></span> <span class='ocrx_word' id='word_1_39' title='bbox 606 596 806 652; x_wconf 70' lang='lat' dir='ltr'><strong>clausa:</strong></span> <span class='ocrx_word' id='word_1_40' title='bbox 847 593 1039 649; x_wconf 90' lang='lat' dir='ltr'><strong>domus</strong></span> <span class='ocrx_word' id='word_1_41' title='bbox 1081 590 1375 647; x_wconf 80' lang='lat' dir='ltr'><strong>obstaculis</strong></span> <span class='ocrx_word' id='word_1_42' title='bbox 1418 598 1687 646; x_wconf 81' lang='lat' dir='ltr'><strong>arceatur.</strong></span> <span class='ocrx_word' id='word_1_43' title='bbox 1737 589 1808 645; x_wconf 82' lang='lat' dir='ltr'><strong>At</strong></span> <span class='ocrx_word' id='word_1_44' title='bbox 1837 603 1964 645; x_wconf 88' lang='lat' dir='ltr'><strong>vero</strong></span> <span class='ocrx_word' id='word_1_45' title='bbox 2007 589 2053 645; x_wconf 88' lang='lat' dir='ltr'><strong>si</strong></span> 
     </span>
    </p>
   </div>
   <div class='ocr_carea' id='block_1_8' title="bbox 459 676 2055 756">
    <p class='ocr_par' dir='ltr' id='par_1_8' title="bbox 459 676 2055 756">
     <span class='ocr_line' id='line_1_8' title="bbox 459 676 2055 756; baseline -0.007 -10"><span class='ocrx_word' id='word_1_46' title='bbox 459 687 717 745; x_wconf 86' lang='lat' dir='ltr'><strong>dominici</strong></span> <span class='ocrx_word' id='word_1_47' title='bbox 746 684 989 756; x_wconf 89' lang='lat' dir='ltr'><strong>corporis</strong></span> <span class='ocrx_word' id='word_1_48' title='bbox 1018 684 1135 739; x_wconf 87' lang='lat' dir='ltr'><strong>sola</strong></span> <span class='ocrx_word' id='word_1_49' title='bbox 1164 680 1270 740; x_wconf 89' lang='lat' dir='ltr'><strong>ista</strong></span> <span class='ocrx_word' id='word_1_50' title='bbox 1299 692 1486 738; x_wconf 90' lang='lat' dir='ltr'><strong>natura</strong></span> <span class='ocrx_word' id='word_1_51' title='bbox 1514 681 1605 750; x_wconf 87' lang='lat' dir='ltr'><strong>sit,</strong></span> <span class='ocrx_word' id='word_1_52' title='bbox 1640 690 1698 737; x_wconf 89' lang='grc' dir='ltr'><strong>ιιι</strong></span> <span class='ocrx_word' id='word_1_53' title='bbox 1724 676 1802 754; x_wconf 91' lang='lat' dir='ltr'><strong>(a)</strong></span> <span class='ocrx_word' id='word_1_54' title='bbox 1831 695 1926 737; x_wconf 89' lang='lat' dir='ltr'><strong>sua</strong></span> <span class='ocrx_word' id='word_1_55' title='bbox 1948 681 2055 736; x_wconf 88' lang='lat' dir='ltr'><strong>vir-</strong></span> 
     </span>
    </p>
   </div>
   <div class='ocr_carea' id='block_1_9' title="bbox 466 774 2057 849">
    <p class='ocr_par' dir='ltr' id='par_1_9' title="bbox 466 774 2057 849">
     <span class='ocr_line' id='line_1_9' title="bbox 466 774 2057 849; baseline -0.004 -12"><span class='ocrx_word' id='word_1_56' title='bbox 466 790 602 849; x_wconf 87' lang='lat' dir='ltr'><strong>tute,</strong></span> <span class='ocrx_word' id='word_1_57' title='bbox 643 794 739 837; x_wconf 89' lang='lat' dir='ltr'><strong>sua</strong></span> <span class='ocrx_word' id='word_1_58' title='bbox 771 779 946 834; x_wconf 86' lang='lat' dir='ltr'><strong>anima</strong></span> <span class='ocrx_word' id='word_1_59' title='bbox 978 776 1182 834; x_wconf 83' lang='lat' dir='ltr'><strong>feratur</strong></span> <span class='ocrx_word' id='word_1_60' title='bbox 1212 778 1266 832; x_wconf 89' lang='lat' dir='ltr'><strong>in</strong></span> <span class='ocrx_word' id='word_1_61' title='bbox 1295 774 1553 842; x_wconf 84' lang='lat' dir='ltr'><strong>humidis,</strong></span> <span class='ocrx_word' id='word_1_62' title='bbox 1594 783 1648 832; x_wconf 91' lang='lat' dir='ltr'><strong>et</strong></span> <span class='ocrx_word' id='word_1_63' title='bbox 1674 775 1887 831; x_wconf 80' lang='lat' dir='ltr'><strong>insistat</strong></span> <span class='ocrx_word' id='word_1_64' title='bbox 1911 774 1964 830; x_wconf 90' lang='lat' dir='ltr'><strong>in</strong></span> <span class='ocrx_word' id='word_1_65' title='bbox 1990 775 2057 831; x_wconf 81' lang='lat' dir='ltr'><strong>li-</strong></span> 
     </span>
    </p>
   </div>
   <div class='ocr_carea' id='block_1_10' title="bbox 467 867 2054 945">
    <p class='ocr_par' dir='ltr' id='par_1_10' title="bbox 467 867 2054 945">
     <span class='ocr_line' id='line_1_10' title="bbox 467 867 2054 945; baseline -0.003 -17"><span class='ocrx_word' id='word_1_66' title='bbox 467 873 667 945; x_wconf 87' lang='lat' dir='ltr'><strong>quidis,</strong></span> <span class='ocrx_word' id='word_1_67' title='bbox 702 880 755 928; x_wconf 91' lang='lat' dir='ltr'><strong>et</strong></span> <span class='ocrx_word' id='word_1_68' title='bbox 785 878 1059 928; x_wconf 83' lang='lat' dir='ltr'><strong>exstructa</strong></span> <span class='ocrx_word' id='word_1_69' title='bbox 1102 878 1428 926; x_wconf 85' lang='lat' dir='ltr'><strong>transcurrat</strong></span> <span class='ocrx_word' id='word_1_70' title='bbox 1456 887 1470 925; x_wconf 89' lang='lat'><strong>:</strong></span> <span class='ocrx_word' id='word_1_71' title='bbox 1496 867 1621 940; x_wconf 89' lang='lat' dir='ltr'><strong>quid</strong></span> <span class='ocrx_word' id='word_1_72' title='bbox 1666 882 1760 938; x_wconf 87' lang='lat' dir='ltr'><strong>per</strong></span> <span class='ocrx_word' id='word_1_73' title='bbox 1809 877 2054 924; x_wconf 89' lang='lat' dir='ltr'><strong>naturam</strong></span> 
     </span>
    </p>
   </div>
   <div class='ocr_carea' id='block_1_11' title="bbox 459 952 2057 1035">
    <p class='ocr_par' dir='ltr' id='par_1_11' title="bbox 459 952 2057 1035">
     <span class='ocr_line' id='line_1_11' title="bbox 459 952 2057 1035; baseline -0.003 -14"><span class='ocrx_word' id='word_1_74' title='bbox 459 964 681 1021; x_wconf 85' lang='lat' dir='ltr'><strong>humani</strong></span> <span class='ocrx_word' id='word_1_75' title='bbox 731 964 976 1035; x_wconf 90' lang='lat' dir='ltr'><strong>corporis</strong></span> <span class='ocrx_word' id='word_1_76' title='bbox 1029 961 1113 1034; x_wconf 27' lang='lat' dir='ltr'><strong>(b).</strong></span> <span class='ocrx_word' id='word_1_77' title='bbox 1150 968 1467 1032; x_wconf 86' lang='lat' dir='ltr'><strong>conceptam</strong></span> <span class='ocrx_word' id='word_1_78' title='bbox 1515 952 1681 1034; x_wconf 60' lang='lat'><strong>338</strong></span> <span class='ocrx_word' id='word_1_79' title='bbox 1726 975 1795 1017; x_wconf 79' lang='lat' dir='ltr'><strong>ex</strong></span> <span class='ocrx_word' id='word_1_80' title='bbox 1849 960 2057 1032; x_wconf 86' lang='lat' dir='ltr'><strong>Spiritu</strong></span> 
     </span>
    </p>
   </div>
   <div class='ocr_carea' id='block_1_12' title="bbox 460 1049 2059 1129">
    <p class='ocr_par' dir='ltr' id='par_1_12' title="bbox 460 1049 2059 1129">
     <span class='ocr_line' id='line_1_12' title="bbox 460 1049 2059 1129; baseline -0.002 -16"><span class='ocrx_word' id='word_1_81' title='bbox 460 1072 680 1114; x_wconf 88' lang='lat' dir='ltr'><strong>carnem</strong></span> <span class='ocrx_word' id='word_1_82' title='bbox 707 1053 1060 1129; x_wconf 89' lang='lat' dir='ltr'><strong>judicamus?</strong></span> <span class='ocrx_word' id='word_1_83' title='bbox 1099 1054 1241 1111; x_wconf 88' lang='lat' dir='ltr'><strong>Caro</strong></span> <span class='ocrx_word' id='word_1_84' title='bbox 1270 1049 1384 1122; x_wconf 89' lang='lat' dir='ltr'><strong>illa,</strong></span> <span class='ocrx_word' id='word_1_85' title='bbox 1433 1054 1484 1109; x_wconf 90' lang='lat' dir='ltr'><strong>id</strong></span> <span class='ocrx_word' id='word_1_86' title='bbox 1517 1063 1619 1123; x_wconf 90' lang='lat' dir='ltr'><strong>est,</strong></span> <span class='ocrx_word' id='word_1_87' title='bbox 1661 1054 1816 1125; x_wconf 89' lang='lat' dir='ltr'><strong>panis</strong></span> <span class='ocrx_word' id='word_1_88' title='bbox 1856 1053 1948 1110; x_wconf 93' lang='lat' dir='ltr'><strong>ille</strong></span> <span class='ocrx_word' id='word_1_89' title='bbox 1991 1053 2059 1110; x_wconf 93' lang='lat' dir='ltr'><strong>de</strong></span> 
     </span>
    </p>
   </div>
   <div class='ocr_carea' id='block_1_13' title="bbox 460 1134 2060 1216">
    <p class='ocr_par' dir='ltr' id='par_1_13' title="bbox 460 1134 2060 1216">
     <span class='ocr_line' id='line_1_13' title="bbox 460 1134 2060 1216; baseline -0.003 -10"><span class='ocrx_word' id='word_1_90' title='bbox 460 1150 619 1208; x_wconf 72' lang='lat' dir='ltr'><strong>ctelis</strong></span> <span class='ocrx_word' id='word_1_91' title='bbox 648 1157 773 1216; x_wconf 88' lang='lat' dir='ltr'><strong>est;</strong></span> <span class='ocrx_word' id='word_1_92' title='bbox 806 1157 863 1205; x_wconf 93' lang='lat' dir='ltr'><strong>et</strong></span> <span class='ocrx_word' id='word_1_93' title='bbox 892 1147 1055 1203; x_wconf 92' lang='lat' dir='ltr'><strong>homo</strong></span> <span class='ocrx_word' id='word_1_94' title='bbox 1100 1146 1190 1203; x_wconf 89' lang='lat' dir='ltr'><strong>ille</strong></span> <span class='ocrx_word' id='word_1_95' title='bbox 1216 1145 1284 1201; x_wconf 92' lang='lat' dir='ltr'><strong>de</strong></span> <span class='ocrx_word' id='word_1_96' title='bbox 1326 1147 1434 1202; x_wconf 89' lang='lat' dir='ltr'><strong>Deo</strong></span> <span class='ocrx_word' id='word_1_97' title='bbox 1475 1154 1581 1203; x_wconf 91' lang='lat' dir='ltr'><strong>est.</strong></span> <span class='ocrx_word' id='word_1_98' title='bbox 1606 1134 1822 1202; x_wconf 86' lang='lat' dir='ltr'><strong>Habens</strong></span> <span class='ocrx_word' id='word_1_99' title='bbox 1865 1145 1933 1201; x_wconf 89' lang='lat' dir='ltr'><strong>ad</strong></span> <span class='ocrx_word' id='word_1_100' title='bbox 1965 1158 2060 1216; x_wconf 90' lang='lat' dir='ltr'><strong>pa-</strong></span> 
     </span>
    </p>
   </div>
   <div class='ocr_carea' id='block_1_14' title="bbox 463 1237 2062 1313">
    <p class='ocr_par' dir='ltr' id='par_1_14' title="bbox 463 1237 2062 1313">
     <span class='ocr_line' id='line_1_14' title="bbox 463 1237 2062 1313; baseline -0.005 -12"><span class='ocrx_word' id='word_1_101' title='bbox 463 1243 705 1301; x_wconf 89' lang='lat' dir='ltr'><strong>tiendum</strong></span> <span class='ocrx_word' id='word_1_102' title='bbox 738 1242 955 1313; x_wconf 88' lang='lat' dir='ltr'><strong>quidem</strong></span> <span class='ocrx_word' id='word_1_103' title='bbox 983 1255 1201 1313; x_wconf 89' lang='lat' dir='ltr'><strong>corpus,</strong></span> <span class='ocrx_word' id='word_1_104' title='bbox 1227 1247 1282 1295; x_wconf 90' lang='lat' dir='ltr'><strong>et</strong></span> <span class='ocrx_word' id='word_1_105' title='bbox 1309 1254 1498 1310; x_wconf 88' lang='lat' dir='ltr'><strong>passus</strong></span> <span class='ocrx_word' id='word_1_106' title='bbox 1526 1247 1649 1305; x_wconf 88' lang='lat' dir='ltr'><strong>est;</strong></span> <span class='ocrx_word' id='word_1_107' title='bbox 1680 1238 1777 1295; x_wconf 88' lang='lat' dir='ltr'><strong>sed</strong></span> <span class='ocrx_word' id='word_1_108' title='bbox 1807 1237 1875 1313; x_wconf 90' lang='lat' dir='ltr'><strong>(c)</strong></span> <span class='ocrx_word' id='word_1_109' title='bbox 1905 1245 2062 1295; x_wconf 84' lang='lat' dir='ltr'><strong>natu-</strong></span> 
     </span>
    </p>
   </div>
   <div class='ocr_carea' id='block_1_15' title="bbox 460 1328 2063 1403">
    <p class='ocr_par' dir='ltr' id='par_1_15' title="bbox 460 1328 2063 1403">
     <span class='ocr_line' id='line_1_15' title="bbox 460 1328 2063 1403; baseline -0.003 -12"><span class='ocrx_word' id='word_1_110' title='bbox 460 1351 579 1397; x_wconf 84' lang='lat' dir='ltr'><strong>ram</strong></span> <span class='ocrx_word' id='word_1_111' title='bbox 603 1349 708 1391; x_wconf 93' lang='lat' dir='ltr'><strong>non</strong></span> <span class='ocrx_word' id='word_1_112' title='bbox 732 1335 939 1389; x_wconf 88' lang='lat' dir='ltr'><strong>habens</strong></span> <span class='ocrx_word' id='word_1_113' title='bbox 969 1332 1035 1387; x_wconf 89' lang='lat' dir='ltr'><strong>ad</strong></span> <span class='ocrx_word' id='word_1_114' title='bbox 1061 1329 1376 1388; x_wconf 89' lang='lat' dir='ltr'><strong>dolendum.</strong></span> <span class='ocrx_word' id='word_1_115' title='bbox 1408 1330 1621 1386; x_wconf 66' lang='lat' dir='ltr'><strong>Naturae</strong></span> <span class='ocrx_word' id='word_1_116' title='bbox 1654 1328 1732 1403; x_wconf 79' lang='grc' dir='ltr'><strong>(ά)</strong></span> <span class='ocrx_word' id='word_1_117' title='bbox 1770 1330 1915 1387; x_wconf 86' lang='lat' dir='ltr'><strong>enim</strong></span> <span class='ocrx_word' id='word_1_118' title='bbox 1939 1346 2063 1400; x_wconf 82' lang='lat' dir='ltr'><strong>pro-</strong></span> 
     </span>
    </p>
   </div>
   <div class='ocr_carea' id='block_1_16' title="bbox 458 1421 2060 1500">
    <p class='ocr_par' dir='ltr' id='par_1_16' title="bbox 458 1421 2060 1500">
     <span class='ocr_line' id='line_1_16' title="bbox 458 1421 2060 1500; baseline -0.003 -17"><span class='ocrx_word' id='word_1_119' title='bbox 458 1428 593 1500; x_wconf 80' lang='lat' dir='ltr'><strong>priae</strong></span> <span class='ocrx_word' id='word_1_120' title='bbox 623 1440 686 1482; x_wconf 92' lang='lat' dir='ltr'><strong>ac</strong></span> <span class='ocrx_word' id='word_1_121' title='bbox 710 1438 823 1482; x_wconf 69' lang='lat' dir='ltr'><strong>sua:</strong></span> <span class='ocrx_word' id='word_1_122' title='bbox 851 1436 1049 1495; x_wconf 91' lang='lat' dir='ltr'><strong>corpus</strong></span> <span class='ocrx_word' id='word_1_123' title='bbox 1076 1422 1206 1479; x_wconf 90' lang='lat' dir='ltr'><strong>illud</strong></span> <span class='ocrx_word' id='word_1_124' title='bbox 1232 1432 1335 1491; x_wconf 86' lang='lat' dir='ltr'><strong>est,</strong></span> <span class='ocrx_word' id='word_1_125' title='bbox 1368 1421 1511 1494; x_wconf 90' lang='lat' dir='ltr'><strong>quod</strong></span> <span class='ocrx_word' id='word_1_126' title='bbox 1552 1421 1606 1477; x_wconf 89' lang='lat' dir='ltr'><strong>in</strong></span> <span class='ocrx_word' id='word_1_127' title='bbox 1636 1422 1911 1478; x_wconf 65' lang='lat' dir='ltr'><strong>caelestem</strong></span> <span class='ocrx_word' id='word_1_128' title='bbox 1939 1421 2060 1495; x_wconf 88' lang='lat' dir='ltr'><strong>glo-</strong></span> 
     </span>
    </p>
   </div>
   <div class='ocr_carea' id='block_1_17' title="bbox 461 1515 2064 1592">
    <p class='ocr_par' dir='ltr' id='par_1_17' title="bbox 461 1515 2064 1592">
     <span class='ocr_line' id='line_1_17' title="bbox 461 1515 2064 1592; baseline -0.002 -16"><span class='ocrx_word' id='word_1_129' title='bbox 461 1520 597 1576; x_wconf 85' lang='lat' dir='ltr'><strong>riam</strong></span> <span class='ocrx_word' id='word_1_130' title='bbox 626 1516 698 1592; x_wconf 86' lang='lat' dir='ltr'><strong>(e)</strong></span> <span class='ocrx_word' id='word_1_131' title='bbox 726 1516 1107 1592; x_wconf 76' lang='lat' dir='ltr'><strong>conformatur</strong></span> <span class='ocrx_word' id='word_1_132' title='bbox 1130 1515 1183 1571; x_wconf 90' lang='lat' dir='ltr'><strong>in</strong></span> <span class='ocrx_word' id='word_1_133' title='bbox 1210 1522 1417 1581; x_wconf 91' lang='lat' dir='ltr'><strong>monte,</strong></span> <span class='ocrx_word' id='word_1_134' title='bbox 1448 1516 1592 1587; x_wconf 89' lang='lat' dir='ltr'><strong>quod</strong></span> <span class='ocrx_word' id='word_1_135' title='bbox 1617 1523 1821 1572; x_wconf 84' lang='lat' dir='ltr'><strong>attactu</strong></span> <span class='ocrx_word' id='word_1_136' title='bbox 1854 1531 1955 1573; x_wconf 90' lang='lat' dir='ltr'><strong>suo</strong></span> <span class='ocrx_word' id='word_1_137' title='bbox 1983 1519 2064 1573; x_wconf 85' lang='lat' dir='ltr'><strong>fu-</strong></span> 
     </span>
    </p>
   </div>
   <div class='ocr_carea' id='block_1_18' title="bbox 459 1607 1826 1681">
    <p class='ocr_par' dir='ltr' id='par_1_18' title="bbox 459 1607 1826 1681">
     <span class='ocr_line' id='line_1_18' title="bbox 459 1607 1826 1681; baseline 0.002 -17"><span class='ocrx_word' id='word_1_138' title='bbox 459 1620 548 1681; x_wconf 91' lang='lat' dir='ltr'><strong>gat</strong></span> <span class='ocrx_word' id='word_1_139' title='bbox 571 1608 770 1676; x_wconf 83' lang='lat' dir='ltr'><strong>febres,</strong></span> <span class='ocrx_word' id='word_1_140' title='bbox 803 1610 947 1679; x_wconf 87' lang='lat' dir='ltr'><strong>quod</strong></span> <span class='ocrx_word' id='word_1_141' title='bbox 976 1609 1042 1663; x_wconf 91' lang='lat' dir='ltr'><strong>de</strong></span> <span class='ocrx_word' id='word_1_142' title='bbox 1082 1615 1241 1678; x_wconf 90' lang='lat' dir='ltr'><strong>sputo</strong></span> <span class='ocrx_word' id='word_1_143' title='bbox 1260 1623 1359 1663; x_wconf 92' lang='lat' dir='ltr'><strong>suo</strong></span> <span class='ocrx_word' id='word_1_144' title='bbox 1385 1607 1586 1664; x_wconf 84' lang='lat' dir='ltr'><strong>format</strong></span> <span class='ocrx_word' id='word_1_145' title='bbox 1614 1609 1826 1669; x_wconf 88' lang='lat' dir='ltr'><strong>oculos.</strong></span> 
     </span>
    </p>
   </div>
   <div class='ocr_carea' id='block_1_19' title="bbox 2155 397 3759 477">
    <p class='ocr_par' dir='ltr' id='par_1_19' title="bbox 2155 397 3759 477">
     <span class='ocr_line' id='line_1_19' title="bbox 2155 397 3759 477; baseline -0.003 -17"><span class='ocrx_word' id='word_1_146' title='bbox 2155 404 2402 460; x_wconf 82' lang='lat' dir='ltr'><strong>arborem</strong></span> <span class='ocrx_word' id='word_1_147' title='bbox 2435 402 2650 477; x_wconf 80' lang='lat' dir='ltr'><strong>(Matth.</strong></span> <span class='ocrx_word' id='word_1_148' title='bbox 2680 417 2770 457; x_wconf 70' lang='grc' dir='ltr'><strong>χχι</strong></span> <span class='ocrx_word' id='word_1_149' title='bbox 2797 443 2812 468; x_wconf 89' lang='grc'><strong>,</strong></span> <span class='ocrx_word' id='word_1_150' title='bbox 2846 397 2967 472; x_wconf 80' lang='grc'>19),</span> <span class='ocrx_word' id='word_1_151' title='bbox 3004 414 3104 454; x_wconf 91' lang='lat' dir='ltr'><strong>nec</strong></span> <span class='ocrx_word' id='word_1_152' title='bbox 3143 409 3392 455; x_wconf 89' lang='lat' dir='ltr'><strong>naturam</strong></span> <span class='ocrx_word' id='word_1_153' title='bbox 3444 413 3566 453; x_wconf 89' lang='lat' dir='ltr'><strong>eam</strong></span> <span class='ocrx_word' id='word_1_154' title='bbox 3613 399 3759 455; x_wconf 85' lang='lat' dir='ltr'><strong>vinci</strong></span> 
     </span>
    </p>
   </div>
   <div class='ocr_carea' id='block_1_20' title="bbox 2155 490 3758 566">
    <p class='ocr_par' dir='ltr' id='par_1_20' title="bbox 2155 490 3758 566">
     <span class='ocr_line' id='line_1_20' title="bbox 2155 490 3758 566; baseline -0.005 -11"><span class='ocrx_word' id='word_1_155' title='bbox 2155 497 2333 555; x_wconf 89' lang='lat' dir='ltr'><strong>inedia</strong></span> <span class='ocrx_word' id='word_1_156' title='bbox 2356 539 2372 564; x_wconf 93' lang='lat'><strong>,</strong></span> <span class='ocrx_word' id='word_1_157' title='bbox 2404 511 2525 566; x_wconf 63' lang='lat' dir='ltr'><strong>quae</strong></span> <span class='ocrx_word' id='word_1_158' title='bbox 2570 504 2816 561; x_wconf 73' lang='lat' dir='ltr'><strong>naturam</strong></span> <span class='ocrx_word' id='word_1_159' title='bbox 2858 491 3152 550; x_wconf 87' lang='lat' dir='ltr'><strong>viriditatis</strong></span> <span class='ocrx_word' id='word_1_160' title='bbox 3189 491 3339 562; x_wconf 89' lang='lat' dir='ltr'><strong>jussa</strong></span> <span class='ocrx_word' id='word_1_161' title='bbox 3370 491 3618 547; x_wconf 78' lang='lat' dir='ltr'><strong>ariditate</strong></span> <span class='ocrx_word' id='word_1_162' title='bbox 3659 490 3758 548; x_wconf 83' lang='lat' dir='ltr'><strong>de-</strong></span> 
     </span>
    </p>
   </div>
   <div class='ocr_carea' id='block_1_21' title="bbox 2157 585 3760 663">
    <p class='ocr_par' dir='ltr' id='par_1_21' title="bbox 2157 585 3760 663">
     <span class='ocr_line' id='line_1_21' title="bbox 2157 585 3760 663; baseline -0.004 -16"><span class='ocrx_word' id='word_1_163' title='bbox 2157 600 2331 648; x_wconf 90' lang='lat' dir='ltr'><strong>mutet</strong></span> <span class='ocrx_word' id='word_1_164' title='bbox 2363 590 2578 663; x_wconf 85' lang='lat' dir='ltr'><strong>(Ibid.).</strong></span> <span class='ocrx_word' id='word_1_165' title='bbox 2609 588 2765 659; x_wconf 87' lang='lat' dir='ltr'><strong>Quod</strong></span> <span class='ocrx_word' id='word_1_166' title='bbox 2796 588 2876 654; x_wconf 88' lang='lat' dir='ltr'><strong>si,</strong></span> <span class='ocrx_word' id='word_1_167' title='bbox 2909 596 3108 659; x_wconf 74' lang='lat' dir='ltr'><strong>prteter</strong></span> <span class='ocrx_word' id='word_1_168' title='bbox 3138 585 3298 642; x_wconf 88' lang='lat' dir='ltr'><strong>ﬂetus</strong></span> <span class='ocrx_word' id='word_1_169' title='bbox 3324 594 3381 642; x_wconf 90' lang='lat' dir='ltr'><strong>et</strong></span> <span class='ocrx_word' id='word_1_170' title='bbox 3410 585 3530 642; x_wconf 87' lang='lat' dir='ltr'><strong>sitis</strong></span> <span class='ocrx_word' id='word_1_171' title='bbox 3557 594 3613 642; x_wconf 91' lang='lat' dir='ltr'><strong>et</strong></span> <span class='ocrx_word' id='word_1_172' title='bbox 3629 600 3760 641; x_wconf 84' lang='lat' dir='ltr'><strong>esu-</strong></span> 
     </span>
    </p>
   </div>
   <div class='ocr_carea' id='block_1_22' title="bbox 2158 674 3768 753">
    <p class='ocr_par' dir='ltr' id='par_1_22' title="bbox 2158 674 3768 753">
     <span class='ocr_line' id='line_1_22' title="bbox 2158 674 3768 753; baseline -0.002 -14"><span class='ocrx_word' id='word_1_173' title='bbox 2158 683 2372 739; x_wconf 88' lang='lat' dir='ltr'><strong>ritionis</strong></span> <span class='ocrx_word' id='word_1_174' title='bbox 2402 682 2741 753; x_wconf 86' lang='lat' dir='ltr'><strong>mysterium,</strong></span> <span class='ocrx_word' id='word_1_175' title='bbox 2770 687 3045 750; x_wconf 88' lang='lat' dir='ltr'><strong>assumpta</strong></span> <span class='ocrx_word' id='word_1_176' title='bbox 3067 693 3218 743; x_wconf 92' lang='lat' dir='ltr'><strong>caro,</strong></span> <span class='ocrx_word' id='word_1_177' title='bbox 3247 676 3301 733; x_wconf 91' lang='lat' dir='ltr'><strong>id</strong></span> <span class='ocrx_word' id='word_1_178' title='bbox 3330 687 3415 734; x_wconf 90' lang='lat' dir='ltr'><strong>est</strong></span> <span class='ocrx_word' id='word_1_179' title='bbox 3438 719 3453 744; x_wconf 91' lang='lat'><strong>,</strong></span> <span class='ocrx_word' id='word_1_180' title='bbox 3485 674 3650 733; x_wconf 89' lang='lat' dir='ltr'><strong>homo</strong></span> <span class='ocrx_word' id='word_1_181' title='bbox 3677 687 3768 735; x_wconf 87' lang='lat' dir='ltr'><strong>to-</strong></span> 
     </span>
    </p>
   </div>
   <div class='ocr_carea' id='block_1_23' title="bbox 2159 772 3769 848">
    <p class='ocr_par' dir='ltr' id='par_1_23' title="bbox 2159 772 3769 848">
     <span class='ocr_line' id='line_1_23' title="bbox 2159 772 3769 848; baseline -0.002 -15"><span class='ocrx_word' id='word_1_182' title='bbox 2159 785 2275 844; x_wconf 82' lang='lat' dir='ltr'><strong>tus,</strong></span> <span class='ocrx_word' id='word_1_183' title='bbox 2334 776 2646 848; x_wconf 89' lang='lat' dir='ltr'><strong>passionum</strong></span> <span class='ocrx_word' id='word_1_184' title='bbox 2692 784 2777 831; x_wconf 91' lang='lat' dir='ltr'><strong>est</strong></span> <span class='ocrx_word' id='word_1_185' title='bbox 2823 774 3084 845; x_wconf 90' lang='lat' dir='ltr'><strong>permissa</strong></span> <span class='ocrx_word' id='word_1_186' title='bbox 3116 772 3325 828; x_wconf 90' lang='lat' dir='ltr'><strong>naturis</strong></span> <span class='ocrx_word' id='word_1_187' title='bbox 3373 789 3388 826; x_wconf 91' lang='lat'><strong>:</strong></span> <span class='ocrx_word' id='word_1_188' title='bbox 3436 786 3538 828; x_wconf 88' lang='lat' dir='ltr'><strong>nec</strong></span> <span class='ocrx_word' id='word_1_189' title='bbox 3581 781 3769 829; x_wconf 85' lang='lat' dir='ltr'><strong>tamen</strong></span> 
     </span>
    </p>
   </div>
   <div class='ocr_carea' id='block_1_24' title="bbox 2159 860 3772 940">
    <p class='ocr_par' dir='ltr' id='par_1_24' title="bbox 2159 860 3772 940">
     <span class='ocr_line' id='line_1_24' title="bbox 2159 860 3772 940; baseline -0.003 -16"><span class='ocrx_word' id='word_1_190' title='bbox 2159 872 2256 936; x_wconf 86' lang='lat' dir='ltr'><strong>ita,</strong></span> <span class='ocrx_word' id='word_1_191' title='bbox 2307 867 2388 940; x_wconf 80' lang='lat' dir='ltr'><strong>(i)</strong></span> <span class='ocrx_word' id='word_1_192' title='bbox 2430 876 2487 924; x_wconf 93' lang='lat' dir='ltr'><strong>ut</strong></span> <span class='ocrx_word' id='word_1_193' title='bbox 2533 865 2850 937; x_wconf 80' lang='lat' dir='ltr'><strong>passiOnum</strong></span> <span class='ocrx_word' id='word_1_194' title='bbox 2899 863 2963 940; x_wconf 89' lang='lat' dir='ltr'><strong>(i)</strong></span> <span class='ocrx_word' id='word_1_195' title='bbox 3007 862 3370 921; x_wconf 86' lang='lat' dir='ltr'><strong>conﬁceretur</strong></span> <span class='ocrx_word' id='word_1_196' title='bbox 3415 860 3662 935; x_wconf 90' lang='lat' dir='ltr'><strong>injuriis;</strong></span> <span class='ocrx_word' id='word_1_197' title='bbox 3708 871 3772 919; x_wconf 88' lang='lat' dir='ltr'><strong>ut</strong></span> 
     </span>
    </p>
   </div>
   <div class='ocr_carea' id='block_1_25' title="bbox 2160 949 3769 1027">
    <p class='ocr_par' dir='ltr' id='par_1_25' title="bbox 2160 949 3769 1027">
     <span class='ocr_line' id='line_1_25' title="bbox 2160 949 3769 1027; baseline -0.004 -10"><span class='ocrx_word' id='word_1_198' title='bbox 2160 959 2296 1017; x_wconf 89' lang='lat' dir='ltr'><strong>ﬂens</strong></span> <span class='ocrx_word' id='word_1_199' title='bbox 2344 975 2449 1017; x_wconf 91' lang='lat' dir='ltr'><strong>non</strong></span> <span class='ocrx_word' id='word_1_200' title='bbox 2490 959 2592 1016; x_wconf 85' lang='lat' dir='ltr'><strong>sibi</strong></span> <span class='ocrx_word' id='word_1_201' title='bbox 2618 958 2775 1015; x_wconf 79' lang='lat' dir='ltr'><strong>ﬂeret</strong></span> <span class='ocrx_word' id='word_1_202' title='bbox 2799 1000 2814 1025; x_wconf 92' lang='lat'><strong>,</strong></span> <span class='ocrx_word' id='word_1_203' title='bbox 2839 966 2897 1013; x_wconf 89' lang='lat' dir='ltr'><strong>ut</strong></span> <span class='ocrx_word' id='word_1_204' title='bbox 2926 955 3117 1013; x_wconf 88' lang='lat' dir='ltr'><strong>sitiens</strong></span> <span class='ocrx_word' id='word_1_205' title='bbox 3162 957 3309 1013; x_wconf 85' lang='lat' dir='ltr'><strong>sitim</strong></span> <span class='ocrx_word' id='word_1_206' title='bbox 3342 971 3449 1011; x_wconf 92' lang='lat' dir='ltr'><strong>non</strong></span> <span class='ocrx_word' id='word_1_207' title='bbox 3479 949 3769 1027; x_wconf 74' lang='lat' dir='ltr'><strong>potaturus</strong></span> 
     </span>
    </p>
   </div>
   <div class='ocr_carea' id='block_1_26' title="bbox 2160 1047 3773 1126">
    <p class='ocr_par' dir='ltr' id='par_1_26' title="bbox 2160 1047 3773 1126">
     <span class='ocr_line' id='line_1_26' title="bbox 2160 1047 3773 1126; baseline -0.006 -14"><span class='ocrx_word' id='word_1_208' title='bbox 2160 1052 2488 1126; x_wconf 85' lang='lat' dir='ltr'><strong>depelleret,</strong></span> <span class='ocrx_word' id='word_1_209' title='bbox 2520 1059 2576 1108; x_wconf 90' lang='lat' dir='ltr'><strong>et</strong></span> <span class='ocrx_word' id='word_1_210' title='bbox 2604 1051 2849 1108; x_wconf 89' lang='lat' dir='ltr'><strong>esuriens</strong></span> <span class='ocrx_word' id='word_1_211' title='bbox 2873 1064 2979 1106; x_wconf 91' lang='lat' dir='ltr'><strong>non</strong></span> <span class='ocrx_word' id='word_1_212' title='bbox 3005 1065 3063 1107; x_wconf 91' lang='lat' dir='ltr'><strong>se</strong></span> <span class='ocrx_word' id='word_1_213' title='bbox 3083 1049 3207 1106; x_wconf 89' lang='lat' dir='ltr'><strong>cibo</strong></span> <span class='ocrx_word' id='word_1_214' title='bbox 3233 1064 3375 1105; x_wconf 58' lang='lat' dir='ltr'><strong>esca!</strong></span> <span class='ocrx_word' id='word_1_215' title='bbox 3415 1047 3642 1118; x_wconf 85' lang='lat' dir='ltr'><strong>alicujus</strong></span> <span class='ocrx_word' id='word_1_216' title='bbox 3671 1063 3773 1104; x_wconf 82' lang='lat' dir='ltr'><strong>ex-</strong></span> 
     </span>
    </p>
   </div>
   <div class='ocr_carea' id='block_1_27' title="bbox 2163 1140 3772 1218">
    <p class='ocr_par' dir='ltr' id='par_1_27' title="bbox 2163 1140 3772 1218">
     <span class='ocr_line' id='line_1_27' title="bbox 2163 1140 3772 1218; baseline -0.004 -16"><span class='ocrx_word' id='word_1_217' title='bbox 2163 1147 2358 1218; x_wconf 89' lang='lat' dir='ltr'><strong>pleret.</strong></span> <span class='ocrx_word' id='word_1_218' title='bbox 2390 1144 2579 1216; x_wconf 87' lang='lat' dir='ltr'><strong>Neque</strong></span> <span class='ocrx_word' id='word_1_219' title='bbox 2607 1143 2752 1200; x_wconf 91' lang='lat' dir='ltr'><strong>enim</strong></span> <span class='ocrx_word' id='word_1_220' title='bbox 2781 1152 2916 1206; x_wconf 90' lang='lat' dir='ltr'><strong>tum,</strong></span> <span class='ocrx_word' id='word_1_221' title='bbox 2943 1157 3067 1198; x_wconf 91' lang='lat' dir='ltr'><strong>cum</strong></span> <span class='ocrx_word' id='word_1_222' title='bbox 3096 1140 3263 1198; x_wconf 89' lang='lat' dir='ltr'><strong>sitivit</strong></span> <span class='ocrx_word' id='word_1_223' title='bbox 3302 1148 3397 1197; x_wconf 90' lang='lat' dir='ltr'><strong>aut</strong></span> <span class='ocrx_word' id='word_1_224' title='bbox 3424 1140 3655 1196; x_wconf 89' lang='lat' dir='ltr'><strong>esurivit</strong></span> <span class='ocrx_word' id='word_1_225' title='bbox 3676 1148 3772 1195; x_wconf 90' lang='lat' dir='ltr'><strong>aut</strong></span> 
     </span>
    </p>
   </div>
   <div class='ocr_carea' id='block_1_28' title="bbox 2162 1233 3776 1309">
    <p class='ocr_par' dir='ltr' id='par_1_28' title="bbox 2162 1233 3776 1309">
     <span class='ocr_line' id='line_1_28' title="bbox 2162 1233 3776 1309; baseline -0.003 -13"><span class='ocrx_word' id='word_1_226' title='bbox 2162 1239 2347 1309; x_wconf 87' lang='lat' dir='ltr'><strong>ﬂevit,</strong></span> <span class='ocrx_word' id='word_1_227' title='bbox 2378 1236 2586 1296; x_wconf 88' lang='lat' dir='ltr'><strong>bibisse</strong></span> <span class='ocrx_word' id='word_1_228' title='bbox 2614 1238 2874 1294; x_wconf 88' lang='lat' dir='ltr'><strong>Dominus</strong></span> <span class='ocrx_word' id='word_1_229' title='bbox 2906 1246 2998 1293; x_wconf 89' lang='lat' dir='ltr'><strong>aut</strong></span> <span class='ocrx_word' id='word_1_230' title='bbox 3037 1233 3393 1293; x_wconf 84' lang='lat' dir='ltr'><strong>manducasse</strong></span> <span class='ocrx_word' id='word_1_231' title='bbox 3416 1244 3509 1290; x_wconf 90' lang='lat' dir='ltr'><strong>aut</strong></span> <span class='ocrx_word' id='word_1_232' title='bbox 3531 1234 3776 1291; x_wconf 86' lang='lat' dir='ltr'><strong>doluisse</strong></span> 
     </span>
    </p>
   </div>
   <div class='ocr_carea' id='block_1_29' title="bbox 2163 1322 3778 1398">
    <p class='ocr_par' dir='ltr' id='par_1_29' title="bbox 2163 1322 3778 1398">
     <span class='ocr_line' id='line_1_29' title="bbox 2163 1322 3778 1398; baseline -0.002 -10"><span class='ocrx_word' id='word_1_233' title='bbox 2163 1339 2494 1388; x_wconf 90' lang='lat' dir='ltr'><strong>monstratus</strong></span> <span class='ocrx_word' id='word_1_234' title='bbox 2525 1341 2608 1387; x_wconf 89' lang='lat' dir='ltr'><strong>est</strong></span> <span class='ocrx_word' id='word_1_235' title='bbox 2640 1348 2654 1384; x_wconf 90' lang='lat'><strong>:</strong></span> <span class='ocrx_word' id='word_1_236' title='bbox 2687 1329 2782 1388; x_wconf 89' lang='lat' dir='ltr'><strong>sed</strong></span> <span class='ocrx_word' id='word_1_237' title='bbox 2810 1329 2876 1385; x_wconf 89' lang='lat' dir='ltr'><strong>ad</strong></span> <span class='ocrx_word' id='word_1_238' title='bbox 2898 1322 3382 1386; x_wconf 86' lang='lat' dir='ltr'><strong>demonstrandam</strong></span> <span class='ocrx_word' id='word_1_239' title='bbox 3408 1330 3658 1398; x_wconf 89' lang='lat' dir='ltr'><strong>corporis</strong></span> <span class='ocrx_word' id='word_1_240' title='bbox 3680 1342 3778 1385; x_wconf 81' lang='lat' dir='ltr'><strong>ve-</strong></span> 
     </span>
    </p>
   </div>
   <div class='ocr_carea' id='block_1_30' title="bbox 2164 1420 3780 1494">
    <p class='ocr_par' dir='ltr' id='par_1_30' title="bbox 2164 1420 3780 1494">
     <span class='ocr_line' id='line_1_30' title="bbox 2164 1420 3780 1494; baseline -0.003 -14"><span class='ocrx_word' id='word_1_241' title='bbox 2164 1424 2413 1490; x_wconf 89' lang='lat' dir='ltr'><strong>ritatem,</strong></span> <span class='ocrx_word' id='word_1_242' title='bbox 2444 1422 2694 1494; x_wconf 90' lang='lat' dir='ltr'><strong>corporis</strong></span> <span class='ocrx_word' id='word_1_243' title='bbox 2738 1421 3076 1480; x_wconf 89' lang='lat' dir='ltr'><strong>consuetudo</strong></span> <span class='ocrx_word' id='word_1_244' title='bbox 3125 1432 3380 1492; x_wconf 87' lang='lat' dir='ltr'><strong>suscepta</strong></span> <span class='ocrx_word' id='word_1_245' title='bbox 3410 1428 3534 1487; x_wconf 88' lang='lat' dir='ltr'><strong>est,</strong></span> <span class='ocrx_word' id='word_1_246' title='bbox 3593 1420 3670 1476; x_wconf 88' lang='lat' dir='ltr'><strong>ita</strong></span> <span class='ocrx_word' id='word_1_247' title='bbox 3716 1429 3780 1475; x_wconf 86' lang='lat' dir='ltr'><strong>ut</strong></span> 
     </span>
    </p>
   </div>
   <div class='ocr_carea' id='block_1_31' title="bbox 2164 1509 3780 1586">
    <p class='ocr_par' dir='ltr' id='par_1_31' title="bbox 2164 1509 3780 1586">
     <span class='ocr_line' id='line_1_31' title="bbox 2164 1509 3780 1586; baseline -0.004 -13"><span class='ocrx_word' id='word_1_248' title='bbox 2164 1526 2375 1573; x_wconf 68' lang='lat' dir='ltr'><strong>natura:</strong></span> <span class='ocrx_word' id='word_1_249' title='bbox 2404 1524 2609 1573; x_wconf 64' lang='lat' dir='ltr'><strong>nostra:</strong></span> <span class='ocrx_word' id='word_1_250' title='bbox 2630 1514 3027 1573; x_wconf 88' lang='lat' dir='ltr'><strong>consuetudine</strong></span> <span class='ocrx_word' id='word_1_251' title='bbox 3051 1511 3431 1570; x_wconf 88' lang='lat' dir='ltr'><strong>consuetudini</strong></span> <span class='ocrx_word' id='word_1_252' title='bbox 3464 1509 3530 1586; x_wconf 83' lang='lat' dir='ltr'><strong>(j)</strong></span> <span class='ocrx_word' id='word_1_253' title='bbox 3559 1512 3633 1567; x_wconf 89' lang='lat' dir='ltr'><strong>sit</strong></span> <span class='ocrx_word' id='word_1_254' title='bbox 3659 1526 3780 1568; x_wconf 80' lang='lat' dir='ltr'><strong>cor—</strong></span> 
     </span>
    </p>
   </div>
   <div class='ocr_carea' id='block_1_32' title="bbox 2164 1604 3777 1682">
    <p class='ocr_par' dir='ltr' id='par_1_32' title="bbox 2164 1604 3777 1682">
     <span class='ocr_line' id='line_1_32' title="bbox 2164 1604 3777 1682; baseline -0.004 -15"><span class='ocrx_word' id='word_1_255' title='bbox 2164 1611 2311 1682; x_wconf 87' lang='lat' dir='ltr'><strong>poris</strong></span> <span class='ocrx_word' id='word_1_256' title='bbox 2340 1609 2693 1667; x_wconf 88' lang='lat' dir='ltr'><strong>satisfactum.</strong></span> <span class='ocrx_word' id='word_1_257' title='bbox 2732 1608 2832 1665; x_wconf 89' lang='lat' dir='ltr'><strong>Vel</strong></span> <span class='ocrx_word' id='word_1_258' title='bbox 2862 1623 2987 1664; x_wconf 92' lang='lat' dir='ltr'><strong>cum</strong></span> <span class='ocrx_word' id='word_1_259' title='bbox 3012 1615 3196 1679; x_wconf 87' lang='lat' dir='ltr'><strong>potum</strong></span> <span class='ocrx_word' id='word_1_260' title='bbox 3226 1612 3283 1662; x_wconf 87' lang='lat' dir='ltr'><strong>et</strong></span> <span class='ocrx_word' id='word_1_261' title='bbox 3300 1605 3485 1662; x_wconf 88' lang='lat' dir='ltr'><strong>cibum</strong></span> <span class='ocrx_word' id='word_1_262' title='bbox 3516 1604 3734 1675; x_wconf 80' lang='lat' dir='ltr'><strong>accepit</strong></span> <span class='ocrx_word' id='word_1_263' title='bbox 3759 1646 3777 1673; x_wconf 89' lang='lat'><strong>,</strong></span> 
     </span>
    </p>
   </div>
   <div class='ocr_carea' id='block_1_33' title="bbox 530 1696 3780 1774">
    <p class='ocr_par' dir='ltr' id='par_1_33' title="bbox 530 1696 3780 1774">
     <span class='ocr_line' id='line_1_33' title="bbox 530 1696 3780 1774; baseline -0.001 -17"><span class='ocrx_word' id='word_1_264' title='bbox 530 1701 623 1757; x_wconf 65' lang='grc' dir='ltr'>ιιι.</span> <span class='ocrx_word' id='word_1_265' title='bbox 657 1699 932 1755; x_wconf 81' lang='lat' dir='ltr'><strong>Passiones</strong></span> <span class='ocrx_word' id='word_1_266' title='bbox 955 1698 1197 1754; x_wconf 80' lang='lat' dir='ltr'><strong>humana:</strong></span> <span class='ocrx_word' id='word_1_267' title='bbox 1226 1717 1294 1754; x_wconf 84' lang='lat' dir='ltr'><strong>an</strong></span> <span class='ocrx_word' id='word_1_268' title='bbox 1320 1701 1374 1754; x_wconf 87' lang='lat' dir='ltr'><strong>in</strong></span> <span class='ocrx_word' id='word_1_269' title='bbox 1405 1699 1630 1758; x_wconf 77' lang='lat' dir='ltr'><strong>Christo.</strong></span> <span class='ocrx_word' id='word_1_270' title='bbox 1664 1730 1735 1743; x_wconf 89' lang='lat'><strong>—</strong></span> <span class='ocrx_word' id='word_1_271' title='bbox 1757 1700 1885 1763; x_wconf 46' lang='lat' dir='ltr'><strong>.Sed</strong></span> <span class='ocrx_word' id='word_1_272' title='bbox 1919 1701 2061 1760; x_wconf 89' lang='lat' dir='ltr'><strong>forte</strong></span> <span class='ocrx_word' id='word_1_273' title='bbox 2089 1702 2139 1766; x_wconf 90' lang='lat' dir='ltr'><strong>B</strong></span> <span class='ocrx_word' id='word_1_274' title='bbox 2167 1719 2275 1760; x_wconf 91' lang='lat' dir='ltr'><strong>non</strong></span> <span class='ocrx_word' id='word_1_275' title='bbox 2332 1719 2391 1761; x_wconf 90' lang='lat' dir='ltr'><strong>se</strong></span> <span class='ocrx_word' id='word_1_276' title='bbox 2421 1702 2731 1760; x_wconf 87' lang='lat' dir='ltr'><strong>necessitati</strong></span> <span class='ocrx_word' id='word_1_277' title='bbox 2783 1702 3029 1774; x_wconf 89' lang='lat' dir='ltr'><strong>corporis</strong></span> <span class='ocrx_word' id='word_1_278' title='bbox 3055 1742 3070 1769; x_wconf 98' lang='lat'><strong>,</strong></span> <span class='ocrx_word' id='word_1_279' title='bbox 3098 1698 3196 1757; x_wconf 89' lang='lat' dir='ltr'><strong>sed</strong></span> <span class='ocrx_word' id='word_1_280' title='bbox 3251 1696 3634 1756; x_wconf 84' lang='lat' dir='ltr'><strong>consuetudini</strong></span> <span class='ocrx_word' id='word_1_281' title='bbox 3672 1697 3780 1754; x_wconf 87' lang='lat' dir='ltr'><strong>tri-</strong></span> 
     </span>
    </p>
   </div>
   <div class='ocr_carea' id='block_1_34' title="bbox 460 1790 2061 1866">
    <p class='ocr_par' dir='ltr' id='par_1_34' title="bbox 460 1790 2061 1866">
     <span class='ocr_line' id='line_1_34' title="bbox 460 1790 2061 1866; baseline 0 -16"><span class='ocrx_word' id='word_1_282' title='bbox 460 1794 515 1851; x_wconf 90' lang='lat' dir='ltr'><strong>in</strong></span> <span class='ocrx_word' id='word_1_283' title='bbox 542 1806 651 1866; x_wconf 86' lang='lat' dir='ltr'><strong>quo</strong></span> <span class='ocrx_word' id='word_1_284' title='bbox 679 1791 894 1849; x_wconf 77' lang='lat' dir='ltr'><strong>aﬂ‘ectio</strong></span> <span class='ocrx_word' id='word_1_285' title='bbox 918 1790 1104 1855; x_wconf 86' lang='lat' dir='ltr'><strong>ﬂendi,</strong></span> <span class='ocrx_word' id='word_1_286' title='bbox 1137 1790 1351 1848; x_wconf 91' lang='lat' dir='ltr'><strong>sitiendi</strong></span> <span class='ocrx_word' id='word_1_287' title='bbox 1373 1832 1390 1860; x_wconf 85' lang='lat'><strong>,</strong></span> <span class='ocrx_word' id='word_1_288' title='bbox 1418 1792 1804 1866; x_wconf 88' lang='lat' dir='ltr'><strong>esuriendique</strong></span> <span class='ocrx_word' id='word_1_289' title='bbox 1835 1793 2061 1866; x_wconf 85' lang='lat' dir='ltr'><strong>mansit,</strong></span> 
     </span>
    </p>
   </div>
   <div class='ocr_carea' id='block_1_35' title="bbox 467 1886 2069 1958">
    <p class='ocr_par' dir='ltr' id='par_1_35' title="bbox 467 1886 2069 1958">
     <span class='ocr_line' id='line_1_35' title="bbox 467 1886 2069 1958; baseline 0.001 -14"><span class='ocrx_word' id='word_1_290' title='bbox 467 1897 789 1945; x_wconf 69' lang='lat' dir='ltr'><strong>caaterarum</strong></span> <span class='ocrx_word' id='word_1_291' title='bbox 813 1900 1031 1956; x_wconf 87' lang='lat' dir='ltr'><strong>quoque</strong></span> <span class='ocrx_word' id='word_1_292' title='bbox 1059 1886 1419 1941; x_wconf 88' lang='lat' dir='ltr'><strong>humanarum</strong></span> <span class='ocrx_word' id='word_1_293' title='bbox 1447 1887 1758 1958; x_wconf 88' lang='lat' dir='ltr'><strong>passionum</strong></span> <span class='ocrx_word' id='word_1_294' title='bbox 1791 1888 1845 1943; x_wconf 91' lang='lat' dir='ltr'><strong>in</strong></span> <span class='ocrx_word' id='word_1_295' title='bbox 1873 1903 1942 1945; x_wconf 88' lang='lat' dir='ltr'><strong>eo</strong></span> <span class='ocrx_word' id='word_1_296' title='bbox 1972 1904 2069 1946; x_wconf 83' lang='lat' dir='ltr'><strong>ne-</strong></span> 
     </span>
    </p>
   </div>
   <div class='ocr_carea' id='block_1_36' title="bbox 461 1977 2065 2047">
    <p class='ocr_par' dir='ltr' id='par_1_36' title="bbox 461 1977 2065 2047">
     <span class='ocr_line' id='line_1_36' title="bbox 461 1977 2065 2047; baseline 0.001 -12"><span class='ocrx_word' id='word_1_297' title='bbox 461 1993 619 2036; x_wconf 90' lang='lat' dir='ltr'><strong>cesse</strong></span> <span class='ocrx_word' id='word_1_298' title='bbox 649 1978 719 2033; x_wconf 88' lang='lat' dir='ltr'><strong>sit</strong></span> <span class='ocrx_word' id='word_1_299' title='bbox 762 1978 943 2032; x_wconf 88' lang='lat' dir='ltr'><strong>inesse</strong></span> <span class='ocrx_word' id='word_1_300' title='bbox 982 1985 1249 2033; x_wconf 89' lang='lat' dir='ltr'><strong>naturam.</strong></span> <span class='ocrx_word' id='word_1_301' title='bbox 1281 1977 1384 2046; x_wconf 89' lang='lat' dir='ltr'><strong>Qui</strong></span> <span class='ocrx_word' id='word_1_302' title='bbox 1427 1990 1825 2036; x_wconf 85' lang='lat' dir='ltr'><strong>sacramentum</strong></span> <span class='ocrx_word' id='word_1_303' title='bbox 1867 1980 2065 2047; x_wconf 90' lang='lat' dir='ltr'><strong>ﬂetus,</strong></span> 
     </span>
    </p>
   </div>
   <div class='ocr_carea' id='block_1_37' title="bbox 464 2069 2067 2140">
    <p class='ocr_par' dir='ltr' id='par_1_37' title="bbox 464 2069 2067 2140">
     <span class='ocr_line' id='line_1_37' title="bbox 464 2069 2067 2140; baseline 0.002 -15"><span class='ocrx_word' id='word_1_304' title='bbox 464 2071 588 2126; x_wconf 87' lang='lat' dir='ltr'><strong>sitis</strong></span> <span class='ocrx_word' id='word_1_305' title='bbox 638 2078 802 2140; x_wconf 85' lang='lat' dir='ltr'><strong>atque</strong></span> <span class='ocrx_word' id='word_1_306' title='bbox 853 2069 1168 2125; x_wconf 89' lang='lat' dir='ltr'><strong>esuritionis</strong></span> <span class='ocrx_word' id='word_1_307' title='bbox 1212 2069 1461 2140; x_wconf 79' lang='lat' dir='ltr'><strong>ignorat,</strong></span> <span class='ocrx_word' id='word_1_308' title='bbox 1492 2070 1631 2126; x_wconf 83' lang='lat' dir='ltr'><strong>sciat</strong></span> <span class='ocrx_word' id='word_1_309' title='bbox 1682 2082 1736 2127; x_wconf 89' lang='lat' dir='ltr'><strong>et</strong></span> <span class='ocrx_word' id='word_1_310' title='bbox 1792 2072 2067 2130; x_wconf 80' lang='lat' dir='ltr'><strong>vivificare</strong></span> 
     </span>
    </p>
   </div>
   <div class='ocr_carea' id='block_1_38' title="bbox 460 2160 2066 2240">
    <p class='ocr_par' dir='ltr' id='par_1_38' title="bbox 460 2160 2066 2240">
     <span class='ocr_line' id='line_1_38' title="bbox 460 2160 2066 2240; baseline 0.004 -21"><span class='ocrx_word' id='word_1_311' title='bbox 460 2161 707 2229; x_wconf 89' lang='lat' dir='ltr'><strong>ﬂentem,</strong></span> <span class='ocrx_word' id='word_1_312' title='bbox 741 2176 839 2218; x_wconf 88' lang='lat' dir='ltr'><strong>nec</strong></span> <span class='ocrx_word' id='word_1_313' title='bbox 868 2169 1096 2218; x_wconf 90' lang='lat' dir='ltr'><strong>mortem</strong></span> <span class='ocrx_word' id='word_1_314' title='bbox 1136 2161 1325 2218; x_wconf 84' lang='lat' dir='ltr'><strong>Lazari</strong></span> <span class='ocrx_word' id='word_1_315' title='bbox 1345 2163 1476 2220; x_wconf 85' lang='lat' dir='ltr'><strong>ﬂere</strong></span> <span class='ocrx_word' id='word_1_316' title='bbox 1504 2160 1696 2238; x_wconf 81' lang='lat' dir='ltr'><strong>(Joan.</strong></span> <span class='ocrx_word' id='word_1_317' title='bbox 1727 2182 1788 2234; x_wconf 85' lang='grc' dir='ltr'><strong>ιι,</strong></span> <span class='ocrx_word' id='word_1_318' title='bbox 1820 2165 1922 2239; x_wconf 77' lang='grc'><strong>15)</strong></span> <span class='ocrx_word' id='word_1_319' title='bbox 1946 2206 1961 2234; x_wconf 89' lang='grc'><strong>,</strong></span> <span class='ocrx_word' id='word_1_320' title='bbox 1997 2167 2066 2240; x_wconf 81' lang='lat' dir='ltr'><strong>(f)</strong></span> 
     </span>
    </p>
   </div>
   <div class='ocr_carea' id='block_1_39' title="bbox 463 2254 2069 2337">
    <p class='ocr_par' dir='ltr' id='par_1_39' title="bbox 463 2254 2069 2337">
     <span class='ocr_line' id='line_1_39' title="bbox 463 2254 2069 2337; baseline 0.002 -23"><span class='ocrx_word' id='word_1_321' title='bbox 463 2272 627 2329; x_wconf 90' lang='lat' dir='ltr'><strong>quam</strong></span> <span class='ocrx_word' id='word_1_322' title='bbox 650 2255 922 2337; x_wconf 86' lang='lat' dir='ltr'><strong>gaudeat,</strong></span> <span class='ocrx_word' id='word_1_323' title='bbox 952 2265 1008 2311; x_wconf 90' lang='lat' dir='ltr'><strong>et</strong></span> <span class='ocrx_word' id='word_1_324' title='bbox 1035 2254 1261 2311; x_wconf 88' lang='lat' dir='ltr'><strong>ﬂumina</strong></span> <span class='ocrx_word' id='word_1_325' title='bbox 1290 2271 1446 2328; x_wconf 73' lang='lat' dir='ltr'><strong>aqua:</strong></span> <span class='ocrx_word' id='word_1_326' title='bbox 1467 2257 1606 2313; x_wconf 81' lang='lat' dir='ltr'><strong>vivae</strong></span> <span class='ocrx_word' id='word_1_327' title='bbox 1634 2273 1701 2315; x_wconf 81' lang='lat' dir='ltr'><strong>ex</strong></span> <span class='ocrx_word' id='word_1_328' title='bbox 1729 2273 1791 2316; x_wconf 87' lang='lat' dir='ltr'><strong>se</strong></span> <span class='ocrx_word' id='word_1_329' title='bbox 1828 2262 2069 2331; x_wconf 76' lang='lat' dir='ltr'><strong>prmbere</strong></span> 
     </span>
    </p>
   </div>
   <div class='ocr_carea' id='block_1_40' title="bbox 464 2347 2070 2426">
    <p class='ocr_par' dir='ltr' id='par_1_40' title="bbox 464 2347 2070 2426">
     <span class='ocr_line' id='line_1_40' title="bbox 464 2347 2070 2426; baseline 0.002 -20"><span class='ocrx_word' id='word_1_330' title='bbox 464 2350 741 2406; x_wconf 78' lang='lat' dir='ltr'><strong>sitientem</strong></span> <span class='ocrx_word' id='word_1_331' title='bbox 773 2347 954 2421; x_wconf 87' lang='lat' dir='ltr'><strong>(Joan.</strong></span> <span class='ocrx_word' id='word_1_332' title='bbox 994 2363 1082 2414; x_wconf 85' lang='lat' dir='ltr'><strong>vu,</strong></span> <span class='ocrx_word' id='word_1_333' title='bbox 1117 2347 1217 2419; x_wconf 79' lang='lat'><strong>38)</strong></span> <span class='ocrx_word' id='word_1_334' title='bbox 1241 2391 1256 2416; x_wconf 90' lang='lat'><strong>,</strong></span> <span class='ocrx_word' id='word_1_335' title='bbox 1310 2363 1486 2420; x_wconf 89' lang='lat' dir='ltr'><strong>neque</strong></span> <span class='ocrx_word' id='word_1_336' title='bbox 1516 2348 1592 2423; x_wconf 84' lang='lat' dir='ltr'><strong>(g)</strong></span> <span class='ocrx_word' id='word_1_337' title='bbox 1644 2365 1797 2408; x_wconf 87' lang='lat' dir='ltr'><strong>arere</strong></span> <span class='ocrx_word' id='word_1_338' title='bbox 1826 2353 1948 2421; x_wconf 89' lang='lat' dir='ltr'><strong>siti,</strong></span> <span class='ocrx_word' id='word_1_339' title='bbox 1980 2356 2070 2426; x_wconf 85' lang='lat' dir='ltr'><strong>qui</strong></span> 
     </span>
    </p>
   </div>
   <div class='ocr_carea' id='block_1_41' title="bbox 464 2438 2067 2516">
    <p class='ocr_par' dir='ltr' id='par_1_41' title="bbox 464 2438 2067 2516">
     <span class='ocr_line' id='line_1_41' title="bbox 464 2438 2067 2516; baseline 0.005 -21"><span class='ocrx_word' id='word_1_340' title='bbox 464 2439 630 2515; x_wconf 79' lang='lat'><strong>339</strong></span> <span class='ocrx_word' id='word_1_341' title='bbox 647 2448 835 2513; x_wconf 90' lang='lat' dir='ltr'><strong>potens</strong></span> <span class='ocrx_word' id='word_1_342' title='bbox 850 2440 923 2497; x_wconf 91' lang='lat' dir='ltr'><strong>sit</strong></span> <span class='ocrx_word' id='word_1_343' title='bbox 949 2448 1135 2512; x_wconf 88' lang='lat' dir='ltr'><strong>potare</strong></span> <span class='ocrx_word' id='word_1_344' title='bbox 1155 2438 1512 2516; x_wconf 88' lang='lat' dir='ltr'><strong>sitientes,(h)</strong></span> <span class='ocrx_word' id='word_1_345' title='bbox 1526 2450 1583 2499; x_wconf 90' lang='lat' dir='ltr'><strong>et</strong></span> <span class='ocrx_word' id='word_1_346' title='bbox 1597 2443 1924 2503; x_wconf 86' lang='lat' dir='ltr'><strong>esurientem</strong></span> <span class='ocrx_word' id='word_1_347' title='bbox 1946 2458 2067 2503; x_wconf 87' lang='lat' dir='ltr'><strong>eam</strong></span> 
     </span>
    </p>
   </div>
   <div class='ocr_carea' id='block_1_42' title="bbox 537 2575 1665 2653">
    <p class='ocr_par' dir='ltr' id='par_1_42' title="bbox 537 2575 1665 2653">
     <span class='ocr_line' id='line_1_42' title="bbox 537 2575 1665 2653; baseline -0.001 -18"><span class='ocrx_word' id='word_1_348' title='bbox 537 2579 621 2653; x_wconf 86' lang='lat' dir='ltr'><strong>(l)</strong></span> <span class='ocrx_word' id='word_1_349' title='bbox 651 2575 719 2638; x_wconf 84' lang='lat' dir='ltr'><strong>Ut</strong></span> <span class='ocrx_word' id='word_1_350' title='bbox 747 2577 1001 2653; x_wconf 83' lang='lat' dir='ltr'><strong>passionis</strong></span> <span class='ocrx_word' id='word_1_351' title='bbox 1022 2621 1037 2647; x_wconf 90' lang='lat'><strong>,</strong></span> <span class='ocrx_word' id='word_1_352' title='bbox 1073 2591 1221 2645; x_wconf 80' lang='lat' dir='ltr'><strong>mox,</strong></span> <span class='ocrx_word' id='word_1_353' title='bbox 1262 2592 1366 2634; x_wconf 86' lang='lat' dir='ltr'><strong>non</strong></span> <span class='ocrx_word' id='word_1_354' title='bbox 1403 2585 1665 2650; x_wconf 86' lang='lat' dir='ltr'><strong>potatura.</strong></span> 
     </span>
    </p>
   </div>
   <div class='ocr_carea' id='block_1_43' title="bbox 466 2715 2059 2798">
    <p class='ocr_par' dir='ltr' id='par_1_43' title="bbox 466 2715 2059 2798">
     <span class='ocr_line' id='line_1_43' title="bbox 466 2715 2059 2798; baseline -0.009 -14"><span class='ocrx_word' id='word_1_355' title='bbox 466 2734 651 2798; x_wconf 87' lang='lat' dir='ltr'><strong>potest</strong></span> <span class='ocrx_word' id='word_1_356' title='bbox 673 2736 871 2798; x_wconf 83' lang='lat' dir='ltr'><strong>corpus</strong></span> <span class='ocrx_word' id='word_1_357' title='bbox 900 2718 1116 2798; x_wconf 75' lang='lat' dir='ltr'><strong>Domini</strong></span> <span class='ocrx_word' id='word_1_358' title='bbox 1145 2717 1402 2798; x_wconf 78' lang='lat' dir='ltr'><strong>habuisse</strong></span> <span class='ocrx_word' id='word_1_359' title='bbox 1444 2716 1649 2798; x_wconf 83' lang='lat' dir='ltr'><strong>doloris</strong></span> <span class='ocrx_word' id='word_1_360' title='bbox 1698 2715 1870 2772; x_wconf 88' lang='lat' dir='ltr'><strong>nostri</strong></span> <span class='ocrx_word' id='word_1_361' title='bbox 1899 2718 2059 2772; x_wconf 88' lang='lat' dir='ltr'><strong>natu-</strong></span> 
     </span>
    </p>
   </div>
   <div class='ocr_carea' id='block_1_44' title="bbox 466 2788 2061 2859">
    <p class='ocr_par' dir='ltr' id='par_1_44' title="bbox 466 2788 2061 2859">
     <span class='ocr_line' id='line_1_44' title="bbox 466 2788 2061 2859; baseline -0.009 -5"><span class='ocrx_word' id='word_1_362' title='bbox 466 2788 583 2855; x_wconf 67' lang='lat' dir='ltr'><strong>rain</strong></span> <span class='ocrx_word' id='word_1_363' title='bbox 609 2814 622 2851; x_wconf 89' lang='lat'><strong>:</strong></span> <span class='ocrx_word' id='word_1_364' title='bbox 646 2788 976 2859; x_wconf 60' lang='lat' dir='ltr'><strong>quia&#39;noster</strong></span> <span class='ocrx_word' id='word_1_365' title='bbox 1002 2789 1158 2846; x_wconf 90' lang='lat' dir='ltr'><strong>dolor</strong></span> <span class='ocrx_word' id='word_1_366' title='bbox 1183 2789 1345 2844; x_wconf 91' lang='lat' dir='ltr'><strong>etiam</strong></span> <span class='ocrx_word' id='word_1_367' title='bbox 1375 2788 1573 2844; x_wconf 88' lang='lat' dir='ltr'><strong>invitos</strong></span> <span class='ocrx_word' id='word_1_368' title='bbox 1601 2797 1801 2859; x_wconf 88' lang='lat' dir='ltr'><strong>pungat</strong></span> <span class='ocrx_word' id='word_1_369' title='bbox 1822 2802 1885 2842; x_wconf 91' lang='lat' dir='ltr'><strong>ac</strong></span> <span class='ocrx_word' id='word_1_370' title='bbox 1915 2803 2061 2859; x_wconf 82' lang='lat' dir='ltr'><strong>mor-</strong></span> 
     </span>
    </p>
   </div>
   <div class='ocr_carea' id='block_1_45' title="bbox 469 2856 2061 2932">
    <p class='ocr_par' dir='ltr' id='par_1_45' title="bbox 469 2856 2061 2932">
     <span class='ocr_line' id='line_1_45' title="bbox 469 2856 2061 2932; baseline -0.008 -7"><span class='ocrx_word' id='word_1_371' title='bbox 469 2870 613 2925; x_wconf 90' lang='lat' dir='ltr'><strong>deat.</strong></span> <span class='ocrx_word' id='word_1_372' title='bbox 640 2856 737 2922; x_wconf 67' lang='grc' dir='ltr'><strong>νει</strong></span> <span class='ocrx_word' id='word_1_373' title='bbox 765 2874 913 2921; x_wconf 85' lang='lat' dir='ltr'><strong>certe</strong></span> <span class='ocrx_word' id='word_1_374' title='bbox 942 2863 1043 2916; x_wconf 91' lang='lat' dir='ltr'><strong>hoc</strong></span> <span class='ocrx_word' id='word_1_375' title='bbox 1072 2868 1447 2932; x_wconf 87' lang='lat' dir='ltr'><strong>argumentum</strong></span> <span class='ocrx_word' id='word_1_376' title='bbox 1481 2876 1543 2915; x_wconf 83' lang='lat' dir='ltr'><strong>ex</strong></span> <span class='ocrx_word' id='word_1_377' title='bbox 1578 2859 1643 2914; x_wconf 90' lang='lat' dir='ltr'><strong>iis</strong></span> <span class='ocrx_word' id='word_1_378' title='bbox 1666 2856 1749 2932; x_wconf 75' lang='lat' dir='ltr'><strong>est</strong></span> <span class='ocrx_word' id='word_1_379' title='bbox 1770 2900 1785 2924; x_wconf 89' lang='lat'><strong>,</strong></span> <span class='ocrx_word' id='word_1_380' title='bbox 1817 2874 1939 2930; x_wconf 62' lang='lat' dir='ltr'><strong>quae</strong></span> <span class='ocrx_word' id='word_1_381' title='bbox 1967 2856 2061 2914; x_wconf 84' lang='lat' dir='ltr'><strong>ad-</strong></span> 
     </span>
    </p>
   </div>
   <div class='ocr_carea' id='block_1_46' title="bbox 468 2930 2063 3004">
    <p class='ocr_par' dir='ltr' id='par_1_46' title="bbox 468 2930 2063 3004">
     <span class='ocr_line' id='line_1_46' title="bbox 468 2930 2063 3004; baseline -0.006 -11"><span class='ocrx_word' id='word_1_382' title='bbox 468 2937 742 2995; x_wconf 84' lang='lat' dir='ltr'><strong>versarios</strong></span> <span class='ocrx_word' id='word_1_383' title='bbox 780 2935 851 2990; x_wconf 90' lang='lat' dir='ltr'><strong>ita</strong></span> <span class='ocrx_word' id='word_1_384' title='bbox 882 2930 1166 3004; x_wconf 64' lang='lat' dir='ltr'><strong>premant,</strong></span> <span class='ocrx_word' id='word_1_385' title='bbox 1213 2940 1268 2986; x_wconf 89' lang='lat' dir='ltr'><strong>ut</strong></span> <span class='ocrx_word' id='word_1_386' title='bbox 1307 2931 1361 2985; x_wconf 90' lang='lat' dir='ltr'><strong>in</strong></span> <span class='ocrx_word' id='word_1_387' title='bbox 1398 2943 1497 2986; x_wconf 89' lang='lat' dir='ltr'><strong>sua</strong></span> <span class='ocrx_word' id='word_1_388' title='bbox 1521 2930 1789 2988; x_wconf 88' lang='lat' dir='ltr'><strong>sententia</strong></span> <span class='ocrx_word' id='word_1_389' title='bbox 1828 2931 1910 2986; x_wconf 88' lang='lat' dir='ltr'><strong>eis</strong></span> <span class='ocrx_word' id='word_1_390' title='bbox 1956 2945 2063 2987; x_wconf 89' lang='lat' dir='ltr'><strong>non</strong></span> 
     </span>
    </p>
   </div>
   <div class='ocr_carea' id='block_1_47' title="bbox 471 3006 1207 3081">
    <p class='ocr_par' dir='ltr' id='par_1_47' title="bbox 471 3006 1207 3081">
     <span class='ocr_line' id='line_1_47' title="bbox 471 3006 1207 3081; baseline -0.015 -15"><span class='ocrx_word' id='word_1_391' title='bbox 471 3015 725 3081; x_wconf 79' lang='lat' dir='ltr'><strong>suppetat</strong></span> <span class='ocrx_word' id='word_1_392' title='bbox 753 3006 893 3081; x_wconf 85' lang='lat' dir='ltr'><strong>quod</strong></span> <span class='ocrx_word' id='word_1_393' title='bbox 923 3010 1207 3081; x_wconf 81' lang='lat' dir='ltr'><strong>reponant.</strong></span> 
     </span>
    </p>
   </div>
   <div class='ocr_carea' id='block_1_48' title="bbox 543 3069 2067 3152">
    <p class='ocr_par' dir='ltr' id='par_1_48' title="bbox 543 3069 2067 3152">
     <span class='ocr_line' id='line_1_48' title="bbox 543 3069 2067 3152; baseline -0.003 -19"><span class='ocrx_word' id='word_1_394' title='bbox 543 3069 619 3152; x_wconf 67' lang='lat' dir='ltr'><strong>(a)</strong></span> <span class='ocrx_word' id='word_1_395' title='bbox 650 3081 729 3152; x_wconf 73' lang='lat' dir='ltr'><strong>An</strong></span> <span class='ocrx_word' id='word_1_396' title='bbox 751 3069 1090 3152; x_wconf 37' lang='lat' dir='ltr'><strong>primum—ait</strong></span> <span class='ocrx_word' id='word_1_397' title='bbox 1109 3087 1205 3152; x_wconf 79' lang='lat' dir='ltr'><strong>sua</strong></span> <span class='ocrx_word' id='word_1_398' title='bbox 1233 3071 1440 3152; x_wconf 68' lang='lat' dir='ltr'><strong>virtute,</strong></span> <span class='ocrx_word' id='word_1_399' title='bbox 1473 3070 1629 3152; x_wconf 77' lang='lat' dir='ltr'><strong>quasi</strong></span> <span class='ocrx_word' id='word_1_400' title='bbox 1654 3069 1835 3127; x_wconf 88' lang='lat' dir='ltr'><strong>divina</strong></span> <span class='ocrx_word' id='word_1_401' title='bbox 1864 3071 2067 3128; x_wconf 86' lang='lat' dir='ltr'><strong>virtute</strong></span> 
     </span>
    </p>
   </div>
   <div class='ocr_carea' id='block_1_49' title="bbox 473 3142 2069 3224">
    <p class='ocr_par' dir='ltr' id='par_1_49' title="bbox 473 3142 2069 3224">
     <span class='ocr_line' id='line_1_49' title="bbox 473 3142 2069 3224; baseline -0.007 -17"><span class='ocrx_word' id='word_1_402' title='bbox 473 3142 613 3224; x_wconf 69' lang='lat' dir='ltr'><strong>quae</strong></span> <span class='ocrx_word' id='word_1_403' title='bbox 637 3142 771 3204; x_wconf 81' lang='lat' dir='ltr'><strong>dicti</strong></span> <span class='ocrx_word' id='word_1_404' title='bbox 812 3145 1037 3224; x_wconf 72' lang='lat' dir='ltr'><strong>prodigii</strong></span> <span class='ocrx_word' id='word_1_405' title='bbox 1066 3143 1338 3224; x_wconf 39' lang='lat' dir='ltr'><strong>.primaria</strong></span> <span class='ocrx_word' id='word_1_406' title='bbox 1369 3157 1530 3224; x_wconf 74' lang='lat' dir='ltr'><strong>causa</strong></span> <span class='ocrx_word' id='word_1_407' title='bbox 1586 3142 1693 3224; x_wconf 80' lang='lat' dir='ltr'><strong>sit;</strong></span> <span class='ocrx_word' id='word_1_408' title='bbox 1725 3158 1788 3197; x_wconf 90' lang='lat' dir='ltr'><strong>ac</strong></span> <span class='ocrx_word' id='word_1_409' title='bbox 1829 3151 1940 3224; x_wconf 74' lang='lat' dir='ltr'><strong>tum</strong></span> <span class='ocrx_word' id='word_1_410' title='bbox 1972 3159 2069 3197; x_wconf 89' lang='lat' dir='ltr'><strong>sua</strong></span> 
     </span>
    </p>
   </div>
   <div class='ocr_carea' id='block_1_50' title="bbox 475 3214 2070 3288">
    <p class='ocr_par' dir='ltr' id='par_1_50' title="bbox 475 3214 2070 3288">
     <span class='ocr_line' id='line_1_50' title="bbox 475 3214 2070 3288; baseline -0.006 -11"><span class='ocrx_word' id='word_1_411' title='bbox 475 3214 672 3287; x_wconf 71' lang='lat' dir='ltr'><strong>animo,</strong></span> <span class='ocrx_word' id='word_1_412' title='bbox 698 3228 754 3273; x_wconf 90' lang='lat' dir='ltr'><strong>ut</strong></span> <span class='ocrx_word' id='word_1_413' title='bbox 773 3214 893 3288; x_wconf 62' lang='lat' dir='ltr'><strong>quae</strong></span> <span class='ocrx_word' id='word_1_414' title='bbox 918 3233 944 3269; x_wconf 88' lang='lat' dir='ltr'><strong>a</strong></span> <span class='ocrx_word' id='word_1_415' title='bbox 968 3214 1154 3288; x_wconf 4' lang='lat' dir='ltr'><strong>(divina</strong></span> <span class='ocrx_word' id='word_1_416' title='bbox 1186 3222 1375 3288; x_wconf 80' lang='lat' dir='ltr'><strong>natura</strong></span> <span class='ocrx_word' id='word_1_417' title='bbox 1405 3215 1543 3288; x_wconf 79' lang='lat' dir='ltr'><strong>hanc</strong></span> <span class='ocrx_word' id='word_1_418' title='bbox 1566 3214 1680 3288; x_wconf 81' lang='lat' dir='ltr'><strong>vim</strong></span> <span class='ocrx_word' id='word_1_419' title='bbox 1708 3215 2070 3288; x_wconf 73' lang='lat' dir='ltr'><strong>pro_xime_ex-</strong></span> 
     </span>
    </p>
   </div>
   <div class='ocr_carea' id='block_1_51' title="bbox 475 3282 2069 3362">
    <p class='ocr_par' dir='ltr' id='par_1_51' title="bbox 475 3282 2069 3362">
     <span class='ocr_line' id='line_1_51' title="bbox 475 3282 2069 3362; baseline -0.006 -14"><span class='ocrx_word' id='word_1_420' title='bbox 475 3282 737 3362; x_wconf 49' lang='lat' dir='ltr'><strong>cipiat,&#39;e_t</strong></span> <span class='ocrx_word' id='word_1_421' title='bbox 763 3282 1370 3362; x_wconf 36' lang='lat' dir='ltr'><strong>corporicomm’t‘micet</strong></span> <span class='ocrx_word' id='word_1_422' title='bbox 1399 3301 1412 3337; x_wconf 91' lang='lat'><strong>:</strong></span> <span class='ocrx_word' id='word_1_423' title='bbox 1434 3284 1555 3362; x_wconf 73' lang='lat' dir='ltr'><strong>quia</strong></span> <span class='ocrx_word' id='word_1_424' title='bbox 1584 3294 1641 3338; x_wconf 91' lang='lat' dir='ltr'><strong>ut</strong></span> <span class='ocrx_word' id='word_1_425' title='bbox 1668 3284 1907 3362; x_wconf 78' lang='lat' dir='ltr'><strong>loquitur</strong></span> <span class='ocrx_word' id='word_1_426' title='bbox 1934 3282 2069 3362; x_wconf 70' lang='lat' dir='ltr'><strong>Cre-</strong></span> 
     </span>
    </p>
   </div>
   <div class='ocr_carea' id='block_1_52' title="bbox 477 3352 2070 3436">
    <p class='ocr_par' dir='ltr' id='par_1_52' title="bbox 477 3352 2070 3436">
     <span class='ocr_line' id='line_1_52' title="bbox 477 3352 2070 3436; baseline -0.004 -21"><span class='ocrx_word' id='word_1_427' title='bbox 477 3352 660 3436; x_wconf 73' lang='lat' dir='ltr'><strong>gorius</strong></span> <span class='ocrx_word' id='word_1_428' title='bbox 688 3359 818 3416; x_wconf 82' lang='lat' dir='ltr'><strong>Naz.</strong></span> <span class='ocrx_word' id='word_1_429' title='bbox 854 3352 955 3412; x_wconf 82' lang='lat' dir='ltr'><strong>sub</strong></span> <span class='ocrx_word' id='word_1_430' title='bbox 983 3358 1142 3411; x_wconf 84' lang='lat' dir='ltr'><strong>linem</strong></span> <span class='ocrx_word' id='word_1_431' title='bbox 1168 3352 1264 3436; x_wconf 72' lang='grc' dir='ltr'>ρι’.</span> <span class='ocrx_word' id='word_1_432' title='bbox 1295 3353 1402 3436; x_wconf 62' lang='grc' dir='ltr'><strong>ξιόε</strong></span> <span class='ocrx_word' id='word_1_433' title='bbox 1434 3352 1691 3436; x_wconf 23' lang='grc' dir='ltr'><strong>ῠριιεΑρξι·</strong></span> <span class='ocrx_word' id='word_1_434' title='bbox 1714 3352 2070 3436; x_wconf 67' lang='lat' dir='ltr'><strong>intermedium</strong></span> 
     </span>
    </p>
   </div>
   <div class='ocr_carea' id='block_1_53' title="bbox 479 3422 2069 3490">
    <p class='ocr_par' dir='ltr' id='par_1_53' title="bbox 479 3422 2069 3490">
     <span class='ocr_line' id='line_1_53' title="bbox 479 3422 2069 3490; baseline -0.005 -1"><span class='ocrx_word' id='word_1_435' title='bbox 479 3422 698 3489; x_wconf 54' lang='lat' dir='ltr'><strong>&quot;tuentem</strong></span> <span class='ocrx_word' id='word_1_436' title='bbox 724 3446 839 3484; x_wconf 87' lang='lat' dir='ltr'><strong>cam</strong></span> <span class='ocrx_word' id='word_1_437' title='bbox 866 3443 1020 3482; x_wconf 85' lang='lat' dir='ltr'><strong>carne</strong></span> <span class='ocrx_word' id='word_1_438' title='bbox 1060 3427 1368 3490; x_wconf 85' lang='lat' dir='ltr'><strong>conjunctus</strong></span> <span class='ocrx_word' id='word_1_439' title='bbox 1402 3434 1510 3490; x_wconf 84' lang='lat' dir='ltr'><strong>est;</strong></span> <span class='ocrx_word' id='word_1_440' title='bbox 1538 3422 1850 3481; x_wconf 81' lang='lat' dir='ltr'><strong>etRulinus</strong></span> <span class='ocrx_word' id='word_1_441' title='bbox 1878 3427 1930 3481; x_wconf 92' lang='lat' dir='ltr'><strong>in</strong></span> <span class='ocrx_word' id='word_1_442' title='bbox 1970 3443 2069 3482; x_wconf 82' lang='lat' dir='ltr'><strong>ex-</strong></span> 
     </span>
    </p>
   </div>
   <div class='ocr_carea' id='block_1_54' title="bbox 481 3445 2071 3577">
    <p class='ocr_par' dir='ltr' id='par_1_54' title="bbox 481 3445 2071 3577">
     <span class='ocr_line' id='line_1_54' title="bbox 481 3445 2069 3490; baseline -0.005 -1"><span class='ocrx_word' id='word_1_443' title='bbox 481 3445 698 3489; x_wconf 70' lang='lat' dir='ltr'><strong>ulantem</strong></span> <span class='ocrx_word' id='word_1_444' title='bbox 724 3446 839 3484; x_wconf 80' lang='lat' dir='ltr'><strong>cum</strong></span> <span class='ocrx_word' id='word_1_445' title='bbox 866 3445 1020 3482; x_wconf 86' lang='lat' dir='ltr'><strong>carne</strong></span> <span class='ocrx_word' id='word_1_446' title='bbox 1060 3445 1154 3480; x_wconf 84' lang='lat' dir='ltr'><strong>con</strong></span> <span class='ocrx_word' id='word_1_447' title='bbox 1183 3445 1368 3479; x_wconf 81' lang='lat' dir='ltr'><strong>unctus</strong></span> <span class='ocrx_word' id='word_1_448' title='bbox 1402 3445 1510 3490; x_wconf 81' lang='lat' dir='ltr'><strong>est;</strong></span> <span class='ocrx_word' id='word_1_449' title='bbox 1538 3445 1595 3480; x_wconf 81' lang='lat' dir='ltr'><strong>et</strong></span> <span class='ocrx_word' id='word_1_450' title='bbox 1621 3445 1850 3481; x_wconf 79' lang='lat' dir='ltr'><strong>nuntius</strong></span> <span class='ocrx_word' id='word_1_451' title='bbox 1878 3445 1930 3481; x_wconf 88' lang='lat' dir='ltr'><strong>In</strong></span> <span class='ocrx_word' id='word_1_452' title='bbox 1970 3445 2069 3482; x_wconf 83' lang='lat' dir='ltr'><strong>ex-</strong></span> 
     </span>
     <span class='ocr_line' id='line_1_55' title="bbox 481 3445 2071 3577; baseline -0.01 -17"><span class='ocrx_word' id='word_1_453' title='bbox 481 3505 756 3577; x_wconf 75' lang='lat' dir='ltr'><strong>positione</strong></span> <span class='ocrx_word' id='word_1_454' title='bbox 804 3496 1047 3577; x_wconf 81' lang='lat' dir='ltr'><strong>Symboli</strong></span> <span class='ocrx_word' id='word_1_455' title='bbox 1080 3513 1094 3552; x_wconf 88' lang='lat'><strong>:</strong></span> <span class='ocrx_word' id='word_1_456' title='bbox 1128 3445 1298 3577; x_wconf 57' lang='grc' dir='ltr'>έίιὶιιρ</span> <span class='ocrx_word' id='word_1_457' title='bbox 1332 3512 1460 3577; x_wconf 86' lang='lat' dir='ltr'><strong>ergo</strong></span> <span class='ocrx_word' id='word_1_458' title='bbox 1503 3494 1605 3577; x_wconf 62' lang='grc' dir='ltr'><strong>ηεξ</strong></span> <span class='ocrx_word' id='word_1_459' title='bbox 1647 3497 1911 3577; x_wconf 67' lang='lat' dir='ltr'><strong>nascitur,</strong></span> <span class='ocrx_word' id='word_1_460' title='bbox 1967 3514 2071 3552; x_wconf 86' lang='grc' dir='ltr'><strong>ηοη</strong></span> 
     </span>
    </p>
   </div>
   <div class='ocr_carea' id='block_1_55' title="bbox 480 3567 2072 3650">
    <p class='ocr_par' dir='ltr' id='par_1_55' title="bbox 480 3567 2072 3650">
     <span class='ocr_line' id='line_1_56' title="bbox 480 3567 2072 3650; baseline -0.005 -19"><span class='ocrx_word' id='word_1_461' title='bbox 480 3567 832 3650; x_wconf 60' lang='lat' dir='ltr'><strong>principaliter</strong></span> <span class='ocrx_word' id='word_1_462' title='bbox 846 3567 957 3626; x_wconf 59' lang='lat' dir='ltr'><strong>&#39;soli</strong></span> <span class='ocrx_word' id='word_1_463' title='bbox 996 3569 1139 3650; x_wconf 72' lang='lat' dir='ltr'><strong>carni</strong></span> <span class='ocrx_word' id='word_1_464' title='bbox 1177 3567 1425 3650; x_wconf 82' lang='lat' dir='ltr'><strong>sociatus,</strong></span> <span class='ocrx_word' id='word_1_465' title='bbox 1453 3567 1544 3622; x_wconf 86' lang='lat' dir='ltr'><strong>sed</strong></span> <span class='ocrx_word' id='word_1_466' title='bbox 1583 3569 1757 3623; x_wconf 88' lang='lat' dir='ltr'><strong>anima</strong></span> <span class='ocrx_word' id='word_1_467' title='bbox 1794 3569 1925 3624; x_wconf 84' lang='lat' dir='ltr'><strong>inter</strong></span> <span class='ocrx_word' id='word_1_468' title='bbox 1958 3584 2072 3624; x_wconf 88' lang='lat' dir='ltr'><strong>car-</strong></span> 
     </span>
    </p>
   </div>
   <div class='ocr_carea' id='block_1_56' title="bbox 480 3640 1393 3710">
    <p class='ocr_par' dir='ltr' id='par_1_56' title="bbox 480 3640 1393 3710">
     <span class='ocr_line' id='line_1_57' title="bbox 480 3640 1393 3710; baseline -0.012 -8"><span class='ocrx_word' id='word_1_469' title='bbox 480 3640 599 3702; x_wconf 67' lang='lat' dir='ltr'><strong>nem</strong></span> <span class='ocrx_word' id='word_1_470' title='bbox 623 3640 888 3708; x_wconf 83' lang='lat' dir='ltr'><strong>Deumque</strong></span> <span class='ocrx_word' id='word_1_471' title='bbox 913 3640 1080 3695; x_wconf 84' lang='lat' dir='ltr'><strong>media</strong></span> <span class='ocrx_word' id='word_1_472' title='bbox 1105 3648 1393 3710; x_wconf 85' lang='lat' dir='ltr'><strong>generatus.</strong></span> 
     </span>
    </p>
   </div>
   <div class='ocr_carea' id='block_1_57' title="bbox 553 3708 2075 3788">
    <p class='ocr_par' dir='ltr' id='par_1_57' title="bbox 553 3708 2075 3788">
     <span class='ocr_line' id='line_1_58' title="bbox 553 3708 2075 3788; baseline -0.003 -17"><span class='ocrx_word' id='word_1_473' title='bbox 553 3714 632 3788; x_wconf 95' lang='lat' dir='ltr'><strong>(b)</strong></span> <span class='ocrx_word' id='word_1_474' title='bbox 660 3714 736 3771; x_wconf 89' lang='lat' dir='ltr'><strong>Ita</strong></span> <span class='ocrx_word' id='word_1_475' title='bbox 767 3728 898 3769; x_wconf 90' lang='lat' dir='ltr'><strong>mss.</strong></span> <span class='ocrx_word' id='word_1_476' title='bbox 931 3711 1067 3788; x_wconf 61' lang='grc' dir='ltr'>ἰᾷῤὶιὶ</span> <span class='ocrx_word' id='word_1_477' title='bbox 1095 3708 1225 3788; x_wconf 62' lang='lat' dir='ltr'><strong>vero</strong></span> <span class='ocrx_word' id='word_1_478' title='bbox 1245 3751 1266 3788; x_wconf 85' lang='lat'><strong>,_</strong></span> <span class='ocrx_word' id='word_1_479' title='bbox 1288 3718 1621 3788; x_wconf 33' lang='lat' dir='ltr'><strong>concepte;ch</strong></span> <span class='ocrx_word' id='word_1_480' title='bbox 1659 3708 1872 3788; x_wconf 73' lang='lat' dir='ltr'><strong>Spiritu</strong></span> <span class='ocrx_word' id='word_1_481' title='bbox 1893 3720 2075 3766; x_wconf 83' lang='lat' dir='ltr'><strong>sancto</strong></span> 
     </span>
    </p>
   </div>
   <div class='ocr_carea' id='block_1_58' title="bbox 482 3779 2073 3862">
    <p class='ocr_par' dir='ltr' id='par_1_58' title="bbox 482 3779 2073 3862">
     <span class='ocr_line' id='line_1_59' title="bbox 482 3779 2073 3862; baseline -0.002 -20"><span class='ocrx_word' id='word_1_482' title='bbox 482 3779 910 3862; x_wconf 75' lang='lat' dir='ltr'><strong>caro&#39;judicatur.</strong></span> <span class='ocrx_word' id='word_1_483' title='bbox 943 3782 1082 3862; x_wconf 82' lang='lat' dir='ltr'><strong>Caro</strong></span> <span class='ocrx_word' id='word_1_484' title='bbox 1096 3781 1204 3862; x_wconf 64' lang='lat' dir='ltr'><strong>illa</strong></span> <span class='ocrx_word' id='word_1_485' title='bbox 1236 3779 1302 3862; x_wconf 72' lang='lat' dir='ltr'><strong>de</strong></span> <span class='ocrx_word' id='word_1_486' title='bbox 1335 3781 1491 3838; x_wconf 71' lang='lat' dir='ltr'><strong>caelis</strong></span> <span class='ocrx_word' id='word_1_487' title='bbox 1517 3779 1716 3837; x_wconf 87' lang='lat' dir='ltr'><strong>dicitur</strong></span> <span class='ocrx_word' id='word_1_488' title='bbox 1738 3823 1753 3851; x_wconf 90' lang='lat'><strong>,</strong></span> <span class='ocrx_word' id='word_1_489' title='bbox 1785 3782 1911 3853; x_wconf 88' lang='lat' dir='ltr'><strong>quia</strong></span> <span class='ocrx_word' id='word_1_490' title='bbox 1948 3797 2073 3854; x_wconf 88' lang='lat' dir='ltr'><strong>per-</strong></span> 
     </span>
    </p>
   </div>
   <div class='ocr_carea' id='block_1_59' title="bbox 484 3851 1347 3915">
    <p class='ocr_par' dir='ltr' id='par_1_59' title="bbox 484 3851 1347 3915">
     <span class='ocr_line' id='line_1_60' title="bbox 484 3851 1347 3915; baseline -0.012 0"><span class='ocrx_word' id='word_1_491' title='bbox 484 3851 934 3915; x_wconf 77' lang='lat' dir='ltr'><strong>sona&#39;assumens</strong></span> <span class='ocrx_word' id='word_1_492' title='bbox 965 3861 1050 3908; x_wconf 90' lang='lat' dir='ltr'><strong>est</strong></span> <span class='ocrx_word' id='word_1_493' title='bbox 1079 3851 1149 3908; x_wconf 92' lang='lat' dir='ltr'><strong>de</strong></span> <span class='ocrx_word' id='word_1_494' title='bbox 1174 3851 1347 3907; x_wconf 62' lang='lat' dir='ltr'><strong>caelis.</strong></span> 
     </span>
    </p>
   </div>
   <div class='ocr_carea' id='block_1_60' title="bbox 557 3916 2075 4003">
    <p class='ocr_par' dir='ltr' id='par_1_60' title="bbox 557 3916 2075 4003">
     <span class='ocr_line' id='line_1_61' title="bbox 557 3916 2075 4003; baseline -0.003 -20"><span class='ocrx_word' id='word_1_495' title='bbox 557 3927 631 4003; x_wconf 80' lang='grc' dir='ltr'><strong>(ε)</strong></span> <span class='ocrx_word' id='word_1_496' title='bbox 659 3928 743 4003; x_wconf 85' lang='lat' dir='ltr'><strong>_ln_</strong></span> <span class='ocrx_word' id='word_1_497' title='bbox 762 3941 873 4003; x_wconf 70' lang='lat' dir='ltr'><strong>uno</strong></span> <span class='ocrx_word' id='word_1_498' title='bbox 899 3923 1194 4003; x_wconf 81' lang='lat' dir='ltr'><strong>exemplari</strong></span> <span class='ocrx_word' id='word_1_499' title='bbox 1228 3916 1435 3993; x_wconf 88' lang='lat' dir='ltr'><strong>reperit</strong></span> <span class='ocrx_word' id='word_1_500' title='bbox 1470 3919 1731 4003; x_wconf 72' lang='lat' dir='ltr'><strong>Erasmus</strong></span> <span class='ocrx_word' id='word_1_501' title='bbox 1762 3922 1869 4003; x_wconf 69' lang='lat' dir='ltr'><strong>hic</strong></span> <span class='ocrx_word' id='word_1_502' title='bbox 1894 3921 2075 4003; x_wconf 75' lang='lat' dir='ltr'><strong>inser-</strong></span> 
     </span>
    </p>
   </div>
   <div class='ocr_carea' id='block_1_61' title="bbox 484 3991 2077 4063">
    <p class='ocr_par' dir='ltr' id='par_1_61' title="bbox 484 3991 2077 4063">
     <span class='ocr_line' id='line_1_62' title="bbox 484 3991 2077 4063; baseline -0.003 -8"><span class='ocrx_word' id='word_1_503' title='bbox 484 3991 623 4063; x_wconf 59' lang='lat' dir='ltr'><strong>tum;</strong></span> <span class='ocrx_word' id='word_1_504' title='bbox 653 3994 953 4053; x_wconf 77' lang='lat' dir='ltr'><strong>imbecillcnt</strong></span> <span class='ocrx_word' id='word_1_505' title='bbox 982 4004 1035 4049; x_wconf 85' lang='lat' dir='ltr'><strong>ut</strong></span> <span class='ocrx_word' id='word_1_506' title='bbox 1063 3991 1237 4049; x_wconf 80' lang='lat' dir='ltr'><strong>nostra</strong></span> <span class='ocrx_word' id='word_1_507' title='bbox 1263 3991 1327 4048; x_wconf 71' lang='lat' dir='ltr'><strong>ea:</strong></span> <span class='ocrx_word' id='word_1_508' title='bbox 1367 4005 1588 4063; x_wconf 79' lang='lat' dir='ltr'><strong>peccato.</strong></span> <span class='ocrx_word' id='word_1_509' title='bbox 1620 3991 1755 4049; x_wconf 89' lang='lat' dir='ltr'><strong>Cum</strong></span> <span class='ocrx_word' id='word_1_510' title='bbox 1780 3991 1973 4049; x_wconf 82' lang='lat' dir='ltr'><strong>habens</strong></span> <span class='ocrx_word' id='word_1_511' title='bbox 2003 3997 2077 4051; x_wconf 89' lang='lat' dir='ltr'><strong>sit</strong></span> 
     </span>
    </p>
   </div>
   <div class='ocr_carea' id='block_1_62' title="bbox 486 4064 2073 4136">
    <p class='ocr_par' dir='ltr' id='par_1_62' title="bbox 486 4064 2073 4136">
     <span class='ocr_line' id='line_1_63' title="bbox 486 4064 2073 4136; baseline -0.004 -11"><span class='ocrx_word' id='word_1_512' title='bbox 486 4071 723 4127; x_wconf 84' lang='lat' dir='ltr'><strong>Verbum</strong></span> <span class='ocrx_word' id='word_1_513' title='bbox 744 4110 760 4136; x_wconf 91' lang='lat'><strong>,</strong></span> <span class='ocrx_word' id='word_1_514' title='bbox 779 4081 892 4122; x_wconf 77' lang='lat' dir='ltr'><strong>nec</strong></span> <span class='ocrx_word' id='word_1_515' title='bbox 922 4064 1085 4136; x_wconf 84' lang='lat' dir='ltr'><strong>Verbi</strong></span> <span class='ocrx_word' id='word_1_516' title='bbox 1115 4080 1176 4119; x_wconf 91' lang='lat' dir='ltr'><strong>ea</strong></span> <span class='ocrx_word' id='word_1_517' title='bbox 1206 4074 1392 4120; x_wconf 88' lang='lat' dir='ltr'><strong>natura</strong></span> <span class='ocrx_word' id='word_1_518' title='bbox 1435 4066 1541 4131; x_wconf 83' lang='lat' dir='ltr'><strong>sit,</strong></span> <span class='ocrx_word' id='word_1_519' title='bbox 1570 4073 1630 4120; x_wconf 91' lang='lat' dir='ltr'><strong>ut</strong></span> <span class='ocrx_word' id='word_1_520' title='bbox 1654 4067 1823 4136; x_wconf 84' lang='lat' dir='ltr'><strong>possit</strong></span> <span class='ocrx_word' id='word_1_521' title='bbox 1846 4065 2073 4133; x_wconf 80' lang='lat' dir='ltr'><strong>dolere;</strong></span> 
     </span>
    </p>
   </div>
   <div class='ocr_carea' id='block_1_63' title="bbox 487 4132 2074 4208">
    <p class='ocr_par' dir='ltr' id='par_1_63' title="bbox 487 4132 2074 4208">
     <span class='ocr_line' id='line_1_64' title="bbox 487 4132 2074 4208; baseline -0.003 -11"><span class='ocrx_word' id='word_1_522' title='bbox 487 4141 647 4197; x_wconf 81' lang='lat' dir='ltr'><strong>facile</strong></span> <span class='ocrx_word' id='word_1_523' title='bbox 669 4132 953 4208; x_wconf 82' lang='lat' dir='ltr'><strong>expeditur</strong></span> <span class='ocrx_word' id='word_1_524' title='bbox 978 4132 1275 4208; x_wconf 64' lang='lat' dir='ltr'><strong>dillicultas</strong></span> <span class='ocrx_word' id='word_1_525' title='bbox 1288 4176 1303 4197; x_wconf 85' lang='lat'><strong>.</strong></span> <span class='ocrx_word' id='word_1_526' title='bbox 1335 4132 1695 4208; x_wconf 41' lang='lat' dir='ltr'><strong>quaesitae</strong></span> <span class='ocrx_word' id='word_1_527' title='bbox 1724 4137 1842 4191; x_wconf 91' lang='lat' dir='ltr'><strong>loco</strong></span> <span class='ocrx_word' id='word_1_528' title='bbox 1881 4132 2074 4192; x_wconf 85' lang='lat' dir='ltr'><strong>oritur.</strong></span> 
     </span>
    </p>
   </div>
   <div class='ocr_carea' id='block_1_64' title="bbox 487 4205 2075 4281">
    <p class='ocr_par' dir='ltr' id='par_1_64' title="bbox 487 4205 2075 4281">
     <span class='ocr_line' id='line_1_65' title="bbox 487 4205 2075 4281; baseline -0.003 -14"><span class='ocrx_word' id='word_1_529' title='bbox 487 4212 643 4281; x_wconf 83' lang='lat' dir='ltr'><strong>Quod</strong></span> <span class='ocrx_word' id='word_1_530' title='bbox 669 4205 940 4281; x_wconf 82' lang='lat' dir='ltr'><strong>illustrare</strong></span> <span class='ocrx_word' id='word_1_531' title='bbox 985 4207 1112 4281; x_wconf 79' lang='lat' dir='ltr'><strong>licet</strong></span> <span class='ocrx_word' id='word_1_532' title='bbox 1136 4205 1603 4281; x_wconf 33' lang='lat' dir='ltr'><strong>ex_1ra_ct._.Psal.</strong></span> <span class='ocrx_word' id='word_1_533' title='bbox 1638 4222 1764 4273; x_wconf 82' lang='lat' dir='ltr'><strong>LIII,</strong></span> <span class='ocrx_word' id='word_1_534' title='bbox 1797 4224 1851 4262; x_wconf 85' lang='grc' dir='ltr'><strong>ιι.</strong></span> <span class='ocrx_word' id='word_1_535' title='bbox 1885 4208 1917 4264; x_wconf 90' lang='lat'>8</span> <span class='ocrx_word' id='word_1_536' title='bbox 1938 4249 1951 4271; x_wconf 87' lang='lat'><strong>,</strong></span> <span class='ocrx_word' id='word_1_537' title='bbox 1987 4208 2075 4263; x_wconf 90' lang='lat' dir='ltr'><strong>ubi</strong></span> 
     </span>
    </p>
   </div>
   <div class='ocr_carea' id='block_1_65' title="bbox 488 4274 2077 4350">
    <p class='ocr_par' dir='ltr' id='par_1_65' title="bbox 488 4274 2077 4350">
     <span class='ocr_line' id='line_1_66' title="bbox 488 4274 2077 4350; baseline -0.003 -12"><span class='ocrx_word' id='word_1_538' title='bbox 488 4274 707 4338; x_wconf 47' lang='lat' dir='ltr'><strong>indecus</strong></span> <span class='ocrx_word' id='word_1_539' title='bbox 754 4280 978 4334; x_wconf 86' lang='lat' dir='ltr'><strong>animam</strong></span> <span class='ocrx_word' id='word_1_540' title='bbox 1020 4277 1150 4350; x_wconf 78' lang='lat' dir='ltr'><strong>hanc</strong></span> <span class='ocrx_word' id='word_1_541' title='bbox 1191 4274 1460 4350; x_wconf 84' lang='lat' dir='ltr'><strong>(Christi)</strong></span> <span class='ocrx_word' id='word_1_542' title='bbox 1506 4277 1743 4333; x_wconf 74' lang='lat' dir='ltr'><strong>humana:</strong></span> <span class='ocrx_word' id='word_1_543' title='bbox 1792 4288 1991 4350; x_wconf 75' lang='lat' dir='ltr'><strong>natura:</strong></span> <span class='ocrx_word' id='word_1_544' title='bbox 2029 4288 2077 4333; x_wconf 85' lang='lat' dir='ltr'><strong>et</strong></span> 
     </span>
    </p>
   </div>
   <div class='ocr_carea' id='block_1_66' title="bbox 487 4347 2073 4423">
    <p class='ocr_par' dir='ltr' id='par_1_66' title="bbox 487 4347 2073 4423">
     <span class='ocr_line' id='line_1_67' title="bbox 487 4347 2073 4423; baseline -0.004 -14"><span class='ocrx_word' id='word_1_545' title='bbox 487 4351 939 4423; x_wconf 80' lang='lat' dir='ltr'><strong>inﬁrmitatisesse</strong></span> <span class='ocrx_word' id='word_1_546' title='bbox 966 4347 1475 4423; x_wconf 57' lang='lat' dir='ltr'><strong>existimantes_cuzii_</strong></span> <span class='ocrx_word' id='word_1_547' title='bbox 1532 4348 1879 4423; x_wconf 81' lang='lat' dir='ltr'><strong>reprehendit</strong></span> <span class='ocrx_word' id='word_1_548' title='bbox 1922 4349 2073 4423; x_wconf 85' lang='lat' dir='ltr'><strong>Hila-</strong></span> 
     </span>
    </p>
   </div>
   <div class='ocr_carea' id='block_1_67' title="bbox 2171 1795 2303 1854">
    <p class='ocr_par' dir='ltr' id='par_1_67' title="bbox 2171 1795 2303 1854">
     <span class='ocr_line' id='line_1_68' title="bbox 2171 1795 2303 1854; baseline -0.023 0"><span class='ocrx_word' id='word_1_549' title='bbox 2171 1795 2303 1854; x_wconf 89' lang='lat' dir='ltr'><strong>buit.</strong></span> 
     </span>
    </p>
   </div>
   <div class='ocr_carea' id='block_1_68' title="bbox 2240 1882 3778 1959">
    <p class='ocr_par' dir='ltr' id='par_1_68' title="bbox 2240 1882 3778 1959">
     <span class='ocr_line' id='line_1_69' title="bbox 2240 1882 3778 1959; baseline -0.005 -15"><span class='ocrx_word' id='word_1_550' title='bbox 2240 1889 2334 1944; x_wconf 72' lang='lat'><strong>25.</strong></span> <span class='ocrx_word' id='word_1_551' title='bbox 2378 1886 2446 1944; x_wconf 87' lang='lat' dir='ltr'><strong>In</strong></span> <span class='ocrx_word' id='word_1_552' title='bbox 2487 1886 2691 1944; x_wconf 81' lang='lat' dir='ltr'><strong>Christo</strong></span> <span class='ocrx_word' id='word_1_553' title='bbox 2721 1887 2954 1959; x_wconf 78' lang='lat' dir='ltr'><strong>corporis</strong></span> <span class='ocrx_word' id='word_1_554' title='bbox 2983 1885 3196 1942; x_wconf 83' lang='lat' dir='ltr'><strong>humani</strong></span> <span class='ocrx_word' id='word_1_555' title='bbox 3217 1886 3437 1953; x_wconf 79' lang='lat' dir='ltr'><strong>veritas,</strong></span> <span class='ocrx_word' id='word_1_556' title='bbox 3469 1895 3576 1939; x_wconf 83' lang='lat' dir='ltr'><strong>non</strong></span> <span class='ocrx_word' id='word_1_557' title='bbox 3619 1882 3778 1939; x_wconf 62' lang='lat' dir='ltr'><strong>vitia.</strong></span> 
     </span>
    </p>
   </div>
   <div class='ocr_carea' id='block_1_69' title="bbox 2172 1976 3782 2053">
    <p class='ocr_par' dir='ltr' id='par_1_69' title="bbox 2172 1976 3782 2053">
     <span class='ocr_line' id='line_1_70' title="bbox 2172 1976 3782 2053; baseline -0.004 -16"><span class='ocrx_word' id='word_1_558' title='bbox 2172 1978 2297 2037; x_wconf 88' lang='lat' dir='ltr'><strong>Non</strong></span> <span class='ocrx_word' id='word_1_559' title='bbox 2342 1996 2462 2037; x_wconf 87' lang='lat' dir='ltr'><strong>caro</strong></span> <span class='ocrx_word' id='word_1_560' title='bbox 2507 1981 2743 2053; x_wconf 82' lang='lat' dir='ltr'><strong>peccati,</strong></span> <span class='ocrx_word' id='word_1_561' title='bbox 2802 1978 2892 2037; x_wconf 78' lang='lat' dir='ltr'><strong>sed</strong></span> <span class='ocrx_word' id='word_1_562' title='bbox 2944 1978 3251 2049; x_wconf 72' lang='lat' dir='ltr'><strong>similitudo.</strong></span> <span class='ocrx_word' id='word_1_563' title='bbox 3283 1976 3582 2033; x_wconf 87' lang='lat' dir='ltr'><strong>—Habuit</strong></span> <span class='ocrx_word' id='word_1_564' title='bbox 3625 1976 3782 2032; x_wconf 89' lang='lat' dir='ltr'><strong>enim</strong></span> 
     </span>
    </p>
   </div>
   <div class='ocr_carea' id='block_1_70' title="bbox 2169 2067 3785 2147">
    <p class='ocr_par' dir='ltr' id='par_1_70' title="bbox 2169 2067 3785 2147">
     <span class='ocr_line' id='line_1_71' title="bbox 2169 2067 3785 2147; baseline -0.004 -15"><span class='ocrx_word' id='word_1_565' title='bbox 2169 2090 2402 2147; x_wconf 87' lang='lat' dir='ltr'><strong>corpus,</strong></span> <span class='ocrx_word' id='word_1_566' title='bbox 2440 2075 2539 2132; x_wconf 88' lang='lat' dir='ltr'><strong>sed</strong></span> <span class='ocrx_word' id='word_1_567' title='bbox 2566 2074 2788 2146; x_wconf 85' lang='lat' dir='ltr'><strong>originis</strong></span> <span class='ocrx_word' id='word_1_568' title='bbox 2827 2090 2942 2131; x_wconf 73' lang='lat' dir='ltr'><strong>suae</strong></span> <span class='ocrx_word' id='word_1_569' title='bbox 2970 2073 3247 2145; x_wconf 89' lang='lat' dir='ltr'><strong>proprium</strong></span> <span class='ocrx_word' id='word_1_570' title='bbox 3273 2089 3290 2139; x_wconf 86' lang='lat'><strong>;</strong></span> <span class='ocrx_word' id='word_1_571' title='bbox 3336 2085 3511 2144; x_wconf 88' lang='lat' dir='ltr'><strong>neque</strong></span> <span class='ocrx_word' id='word_1_572' title='bbox 3535 2085 3601 2127; x_wconf 74' lang='lat' dir='ltr'><strong>ex</strong></span> <span class='ocrx_word' id='word_1_573' title='bbox 3631 2067 3785 2125; x_wconf 78' lang='lat' dir='ltr'><strong>vitiis</strong></span> 
     </span>
    </p>
   </div>
   <div class='ocr_carea' id='block_1_71' title="bbox 2172 2164 3787 2241">
    <p class='ocr_par' dir='ltr' id='par_1_71' title="bbox 2172 2164 3787 2241">
     <span class='ocr_line' id='line_1_72' title="bbox 2172 2164 3787 2241; baseline -0.004 -17"><span class='ocrx_word' id='word_1_574' title='bbox 2172 2169 2421 2225; x_wconf 83' lang='lat' dir='ltr'><strong>humanae</strong></span> <span class='ocrx_word' id='word_1_575' title='bbox 2443 2169 2814 2239; x_wconf 82' lang='lat' dir='ltr'><strong>conceptionis</strong></span> <span class='ocrx_word' id='word_1_576' title='bbox 2844 2168 3150 2235; x_wconf 78' lang='lat' dir='ltr'><strong>exsistens,</strong></span> <span class='ocrx_word' id='word_1_577' title='bbox 3179 2164 3277 2222; x_wconf 88' lang='lat' dir='ltr'><strong>sed</strong></span> <span class='ocrx_word' id='word_1_578' title='bbox 3306 2166 3359 2220; x_wconf 93' lang='lat' dir='ltr'><strong>in</strong></span> <span class='ocrx_word' id='word_1_579' title='bbox 3401 2165 3627 2220; x_wconf 84' lang='lat' dir='ltr'><strong>formam</strong></span> <span class='ocrx_word' id='word_1_580' title='bbox 3653 2177 3787 2241; x_wconf 61' lang='lat' dir='ltr'><strong>cor-</strong></span> 
     </span>
    </p>
   </div>
   <div class='ocr_carea' id='block_1_72' title="bbox 2171 2258 3783 2336">
    <p class='ocr_par' dir='ltr' id='par_1_72' title="bbox 2171 2258 3783 2336">
     <span class='ocr_line' id='line_1_73' title="bbox 2171 2258 3783 2336; baseline -0.004 -20"><span class='ocrx_word' id='word_1_581' title='bbox 2171 2264 2319 2336; x_wconf 86' lang='lat' dir='ltr'><strong>poris</strong></span> <span class='ocrx_word' id='word_1_582' title='bbox 2349 2265 2519 2319; x_wconf 89' lang='lat' dir='ltr'><strong>nostri</strong></span> <span class='ocrx_word' id='word_1_583' title='bbox 2560 2260 2778 2319; x_wconf 86' lang='lat' dir='ltr'><strong>virtutis</strong></span> <span class='ocrx_word' id='word_1_584' title='bbox 2821 2276 2934 2319; x_wconf 66' lang='lat' dir='ltr'><strong>suae</strong></span> <span class='ocrx_word' id='word_1_585' title='bbox 2971 2269 3242 2334; x_wconf 87' lang='lat' dir='ltr'><strong>potestate</strong></span> <span class='ocrx_word' id='word_1_586' title='bbox 3288 2258 3591 2316; x_wconf 83' lang='lat' dir='ltr'><strong>subsistens</strong></span> <span class='ocrx_word' id='word_1_587' title='bbox 3625 2274 3640 2311; x_wconf 90' lang='lat'><strong>:</strong></span> <span class='ocrx_word' id='word_1_588' title='bbox 3671 2268 3783 2329; x_wconf 69' lang='lat' dir='ltr'><strong>ge-</strong></span> 
     </span>
    </p>
   </div>
   <div class='ocr_carea' id='block_1_73' title="bbox 2169 2347 3788 2427">
    <p class='ocr_par' dir='ltr' id='par_1_73' title="bbox 2169 2347 3788 2427">
     <span class='ocr_line' id='line_1_74' title="bbox 2169 2347 3788 2427; baseline -0.006 -15"><span class='ocrx_word' id='word_1_589' title='bbox 2169 2370 2297 2412; x_wconf 91' lang='lat' dir='ltr'><strong>rens</strong></span> <span class='ocrx_word' id='word_1_590' title='bbox 2325 2355 2542 2427; x_wconf 88' lang='lat' dir='ltr'><strong>quidem</strong></span> <span class='ocrx_word' id='word_1_591' title='bbox 2566 2371 2665 2411; x_wconf 90' lang='lat' dir='ltr'><strong>nos</strong></span> <span class='ocrx_word' id='word_1_592' title='bbox 2693 2370 2787 2425; x_wconf 83' lang='lat' dir='ltr'><strong>per</strong></span> <span class='ocrx_word' id='word_1_593' title='bbox 2812 2352 3043 2410; x_wconf 87' lang='lat' dir='ltr'><strong>formam</strong></span> <span class='ocrx_word' id='word_1_594' title='bbox 3072 2354 3239 2421; x_wconf 82' lang='lat' dir='ltr'><strong>servi,</strong></span> <span class='ocrx_word' id='word_1_595' title='bbox 3264 2350 3362 2407; x_wconf 91' lang='lat' dir='ltr'><strong>sed</strong></span> <span class='ocrx_word' id='word_1_596' title='bbox 3396 2365 3428 2405; x_wconf 88' lang='lat' dir='ltr'><strong>a</strong></span> <span class='ocrx_word' id='word_1_597' title='bbox 3458 2347 3697 2420; x_wconf 86' lang='lat' dir='ltr'><strong>peccatis</strong></span> <span class='ocrx_word' id='word_1_598' title='bbox 3729 2356 3788 2404; x_wconf 89' lang='lat' dir='ltr'><strong>et</strong></span> 
     </span>
    </p>
   </div>
   <div class='ocr_carea' id='block_1_74' title="bbox 2170 2443 3788 2521">
    <p class='ocr_par' dir='ltr' id='par_1_74' title="bbox 2170 2443 3788 2521">
     <span class='ocr_line' id='line_1_75' title="bbox 2170 2443 3788 2521; baseline -0.003 -17"><span class='ocrx_word' id='word_1_599' title='bbox 2170 2463 2202 2504; x_wconf 88' lang='lat' dir='ltr'><strong>a</strong></span> <span class='ocrx_word' id='word_1_600' title='bbox 2231 2448 2375 2505; x_wconf 88' lang='lat' dir='ltr'><strong>vitiis</strong></span> <span class='ocrx_word' id='word_1_601' title='bbox 2405 2448 2626 2507; x_wconf 84' lang='lat' dir='ltr'><strong>humani</strong></span> <span class='ocrx_word' id='word_1_602' title='bbox 2648 2449 2895 2521; x_wconf 86' lang='lat' dir='ltr'><strong>corporis</strong></span> <span class='ocrx_word' id='word_1_603' title='bbox 2940 2448 3113 2515; x_wconf 82' lang='lat' dir='ltr'><strong>liber;</strong></span> <span class='ocrx_word' id='word_1_604' title='bbox 3137 2454 3200 2506; x_wconf 83' lang='lat' dir='ltr'><strong>ut</strong></span> <span class='ocrx_word' id='word_1_605' title='bbox 3235 2459 3337 2503; x_wconf 86' lang='lat' dir='ltr'><strong>nos</strong></span> <span class='ocrx_word' id='word_1_606' title='bbox 3362 2444 3582 2518; x_wconf 81' lang='lat' dir='ltr'><strong>quidem</strong></span> <span class='ocrx_word' id='word_1_607' title='bbox 3608 2443 3663 2500; x_wconf 82' lang='lat' dir='ltr'><strong>in</strong></span> <span class='ocrx_word' id='word_1_608' title='bbox 3714 2457 3788 2500; x_wconf 90' lang='lat' dir='ltr'><strong>eo</strong></span> 
     </span>
    </p>
   </div>
   <div class='ocr_carea' id='block_1_75' title="bbox 2168 2710 3788 2780">
    <p class='ocr_par' dir='ltr' id='par_1_75' title="bbox 2168 2710 3788 2780">
     <span class='ocr_line' id='line_1_76' title="bbox 2168 2710 3788 2780; baseline 0.002 -11"><span class='ocrx_word' id='word_1_609' title='bbox 2168 2714 2251 2780; x_wconf 88' lang='lat' dir='ltr'><strong>ius</strong></span> <span class='ocrx_word' id='word_1_610' title='bbox 2281 2728 2446 2770; x_wconf 91' lang='lat' dir='ltr'><strong>sensu</strong></span> <span class='ocrx_word' id='word_1_611' title='bbox 2467 2710 2602 2770; x_wconf 87' lang='lat' dir='ltr'><strong>nihil</strong></span> <span class='ocrx_word' id='word_1_612' title='bbox 2626 2722 2815 2771; x_wconf 87' lang='lat' dir='ltr'><strong>contra</strong></span> <span class='ocrx_word' id='word_1_613' title='bbox 2841 2711 3045 2771; x_wconf 87' lang='lat' dir='ltr'><strong>Christi</strong></span> <span class='ocrx_word' id='word_1_614' title='bbox 3072 2713 3409 2780; x_wconf 84' lang='lat' dir='ltr'><strong>divinitatem</strong></span> <span class='ocrx_word' id='word_1_615' title='bbox 3438 2729 3503 2770; x_wconf 91' lang='lat' dir='ltr'><strong>ac</strong></span> <span class='ocrx_word' id='word_1_616' title='bbox 3523 2713 3788 2772; x_wconf 85' lang='lat' dir='ltr'><strong>virtutem</strong></span> 
     </span>
    </p>
   </div>
   <div class='ocr_carea' id='block_1_76' title="bbox 2208 2785 3789 2858">
    <p class='ocr_par' dir='ltr' id='par_1_76' title="bbox 2208 2785 3789 2858">
     <span class='ocr_line' id='line_1_77' title="bbox 2208 2785 3789 2858; baseline 0.002 -19"><span class='ocrx_word' id='word_1_617' title='bbox 2208 2785 2419 2858; x_wconf 88' lang='lat' dir='ltr'><strong>abetur,</strong></span> <span class='ocrx_word' id='word_1_618' title='bbox 2452 2787 2592 2858; x_wconf 87' lang='lat' dir='ltr'><strong>sicut</strong></span> <span class='ocrx_word' id='word_1_619' title='bbox 2618 2801 2793 2858; x_wconf 90' lang='lat' dir='ltr'><strong>neque</strong></span> <span class='ocrx_word' id='word_1_620' title='bbox 2822 2802 2888 2842; x_wconf 77' lang='lat' dir='ltr'><strong>ex</strong></span> <span class='ocrx_word' id='word_1_621' title='bbox 2917 2788 3087 2858; x_wconf 90' lang='lat' dir='ltr'><strong>ipsius</strong></span> <span class='ocrx_word' id='word_1_622' title='bbox 3108 2788 3201 2844; x_wconf 89' lang='lat' dir='ltr'><strong>siti</strong></span> <span class='ocrx_word' id='word_1_623' title='bbox 3223 2800 3313 2844; x_wconf 91' lang='lat' dir='ltr'><strong>aut</strong></span> <span class='ocrx_word' id='word_1_624' title='bbox 3334 2788 3538 2853; x_wconf 83' lang='lat' dir='ltr'><strong>esurie,</strong></span> <span class='ocrx_word' id='word_1_625' title='bbox 3565 2794 3629 2841; x_wconf 88' lang='grc' dir='ltr'><strong>ιιι</strong></span> <span class='ocrx_word' id='word_1_626' title='bbox 3647 2802 3789 2842; x_wconf 74' lang='lat' dir='ltr'><strong>mox</strong></span> 
     </span>
    </p>
   </div>
   <div class='ocr_carea' id='block_1_77' title="bbox 2169 2855 3793 2929">
    <p class='ocr_par' dir='ltr' id='par_1_77' title="bbox 2169 2855 3793 2929">
     <span class='ocr_line' id='line_1_78' title="bbox 2169 2855 3793 2929; baseline 0 -16"><span class='ocrx_word' id='word_1_627' title='bbox 2169 2855 2499 2913; x_wconf 83' lang='lat' dir='ltr'><strong>declaratur.</strong></span> <span class='ocrx_word' id='word_1_628' title='bbox 2533 2855 2720 2913; x_wconf 75' lang='lat' dir='ltr'><strong>Potest</strong></span> <span class='ocrx_word' id='word_1_629' title='bbox 2760 2855 3028 2915; x_wconf 52' lang='lat' dir='ltr'><strong>etiatn&#39;ita</strong></span> <span class='ocrx_word' id='word_1_630' title='bbox 3066 2859 3328 2929; x_wconf 83' lang='lat' dir='ltr'><strong>explicari</strong></span> <span class='ocrx_word' id='word_1_631' title='bbox 3356 2875 3548 2928; x_wconf 78' lang='lat' dir='ltr'><strong>corpus</strong></span> <span class='ocrx_word' id='word_1_632' title='bbox 3576 2869 3793 2913; x_wconf 65' lang='lat' dir='ltr'><strong>natura</strong></span> 
     </span>
    </p>
   </div>
   <div class='ocr_carea' id='block_1_78' title="bbox 2170 2928 3793 3006">
    <p class='ocr_par' dir='ltr' id='par_1_78' title="bbox 2170 2928 3793 3006">
     <span class='ocr_line' id='line_1_79' title="bbox 2170 2928 3793 3006; baseline 0.001 -22"><span class='ocrx_word' id='word_1_633' title='bbox 2170 2936 2219 2984; x_wconf 87' lang='lat' dir='ltr'><strong>et</strong></span> <span class='ocrx_word' id='word_1_634' title='bbox 2243 2928 2459 3006; x_wconf 70' lang='lat' dir='ltr'><strong>originis</strong></span> <span class='ocrx_word' id='word_1_635' title='bbox 2482 2929 2921 3006; x_wconf 74' lang='lat' dir='ltr'><strong>s_ute_propr_ium,</strong></span> <span class='ocrx_word' id='word_1_636' title='bbox 2964 2941 3024 2985; x_wconf 85' lang='lat' dir='ltr'><strong>ut</strong></span> <span class='ocrx_word' id='word_1_637' title='bbox 3066 2928 3265 3006; x_wconf 79' lang='lat' dir='ltr'><strong>corpus</strong></span> <span class='ocrx_word' id='word_1_638' title='bbox 3293 2930 3425 2986; x_wconf 87' lang='lat' dir='ltr'><strong>illud</strong></span> <span class='ocrx_word' id='word_1_639' title='bbox 3459 2929 3620 2985; x_wconf 83' lang='lat' dir='ltr'><strong>Verbi</strong></span> <span class='ocrx_word' id='word_1_640' title='bbox 3652 2943 3793 2999; x_wconf 90' lang='lat' dir='ltr'><strong>pro-</strong></span> 
     </span>
    </p>
   </div>
   <div class='ocr_carea' id='block_1_79' title="bbox 2173 2998 3793 3072">
    <p class='ocr_par' dir='ltr' id='par_1_79' title="bbox 2173 2998 3793 3072">
     <span class='ocr_line' id='line_1_80' title="bbox 2173 2998 3793 3072; baseline 0 -18"><span class='ocrx_word' id='word_1_641' title='bbox 2173 2998 2350 3069; x_wconf 84' lang='lat' dir='ltr'><strong>prium</strong></span> <span class='ocrx_word' id='word_1_642' title='bbox 2380 2999 2544 3055; x_wconf 82' lang='lat' dir='ltr'><strong>luerit</strong></span> <span class='ocrx_word' id='word_1_643' title='bbox 2572 2998 2731 3067; x_wconf 85' lang='lat' dir='ltr'><strong>eique</strong></span> <span class='ocrx_word' id='word_1_644' title='bbox 2769 3000 2959 3057; x_wconf 87' lang='lat' dir='ltr'><strong>intime</strong></span> <span class='ocrx_word' id='word_1_645' title='bbox 3001 2998 3355 3072; x_wconf 76' lang='lat' dir='ltr'><strong>conjuhctum</strong></span> <span class='ocrx_word' id='word_1_646' title='bbox 3381 3038 3397 3068; x_wconf 85' lang='lat'><strong>,</strong></span> <span class='ocrx_word' id='word_1_647' title='bbox 3429 3008 3486 3056; x_wconf 89' lang='lat' dir='ltr'><strong>et</strong></span> <span class='ocrx_word' id='word_1_648' title='bbox 3528 2998 3672 3072; x_wconf 75' lang='lat' dir='ltr'><strong>non,</strong></span> <span class='ocrx_word' id='word_1_649' title='bbox 3734 3007 3793 3055; x_wconf 92' lang='lat' dir='ltr'><strong>ut</strong></span> 
     </span>
    </p>
   </div>
   <div class='ocr_carea' id='block_1_80' title="bbox 2171 3071 3788 3144">
    <p class='ocr_par' dir='ltr' id='par_1_80' title="bbox 2171 3071 3788 3144">
     <span class='ocr_line' id='line_1_81' title="bbox 2171 3071 3788 3144; baseline 0.002 -21"><span class='ocrx_word' id='word_1_650' title='bbox 2171 3085 2331 3144; x_wconf 85' lang='lat' dir='ltr'><strong>supra</strong></span> <span class='ocrx_word' id='word_1_651' title='bbox 2359 3075 2547 3144; x_wconf 68' lang='lat' dir='ltr'><strong>volunt</strong></span> <span class='ocrx_word' id='word_1_652' title='bbox 2578 3071 2846 3144; x_wconf 57' lang='lat' dir='ltr'><strong>haeretici,</strong></span> <span class='ocrx_word' id='word_1_653' title='bbox 2882 3072 2935 3127; x_wconf 89' lang='lat' dir='ltr'><strong>in</strong></span> <span class='ocrx_word' id='word_1_654' title='bbox 2974 3088 3039 3144; x_wconf 87' lang='lat' dir='ltr'><strong>eo</strong></span> <span class='ocrx_word' id='word_1_655' title='bbox 3064 3071 3341 3144; x_wconf 84' lang='lat' dir='ltr'><strong>tamquam</strong></span> <span class='ocrx_word' id='word_1_656' title='bbox 3366 3074 3442 3144; x_wconf 3' lang='lat' dir='ltr'><strong>(in</strong></span> <span class='ocrx_word' id='word_1_657' title='bbox 3489 3071 3788 3144; x_wconf 68' lang='lat' dir='ltr'><strong>prophetis</strong></span> 
     </span>
    </p>
   </div>
   <div class='ocr_carea' id='block_1_81' title="bbox 2175 3140 3784 3215">
    <p class='ocr_par' dir='ltr' id='par_1_81' title="bbox 2175 3140 3784 3215">
     <span class='ocr_line' id='line_1_82' title="bbox 2175 3140 3784 3215; baseline 0.002 -20"><span class='ocrx_word' id='word_1_658' title='bbox 2175 3140 2452 3215; x_wconf 65' lang='lat' dir='ltr'><strong>habitarit.</strong></span> <span class='ocrx_word' id='word_1_659' title='bbox 2497 3142 2595 3215; x_wconf 83' lang='lat' dir='ltr'><strong>Cui</strong></span> <span class='ocrx_word' id='word_1_660' title='bbox 2631 3143 2978 3212; x_wconf 76' lang='lat' dir='ltr'><strong>esplicationi</strong></span> <span class='ocrx_word' id='word_1_661' title='bbox 3010 3142 3154 3199; x_wconf 82' lang='lat' dir='ltr'><strong>favet</strong></span> <span class='ocrx_word' id='word_1_662' title='bbox 3170 3140 3211 3214; x_wconf 56' lang='lat'><strong>,&#39;</strong></span> <span class='ocrx_word' id='word_1_663' title='bbox 3234 3143 3379 3215; x_wconf 88' lang='lat' dir='ltr'><strong>quod</strong></span> <span class='ocrx_word' id='word_1_664' title='bbox 3408 3144 3475 3215; x_wconf 89' lang='lat' dir='ltr'><strong>de</strong></span> <span class='ocrx_word' id='word_1_665' title='bbox 3500 3140 3677 3215; x_wconf 72' lang='lat' dir='ltr'><strong>gloria</strong></span> <span class='ocrx_word' id='word_1_666' title='bbox 3708 3158 3784 3198; x_wconf 67' lang='lat' dir='ltr'><strong>ac</strong></span> 
     </span>
    </p>
   </div>
   <div class='ocr_carea' id='block_1_82' title="bbox 2172 3211 3791 3285">
    <p class='ocr_par' dir='ltr' id='par_1_82' title="bbox 2172 3211 3791 3285">
     <span class='ocr_line' id='line_1_83' title="bbox 2172 3211 3791 3285; baseline 0.002 -19"><span class='ocrx_word' id='word_1_667' title='bbox 2172 3213 2371 3285; x_wconf 83' lang='lat' dir='ltr'><strong>virtute</strong></span> <span class='ocrx_word' id='word_1_668' title='bbox 2430 3211 2591 3284; x_wconf 85' lang='lat' dir='ltr'><strong>hujus</strong></span> <span class='ocrx_word' id='word_1_669' title='bbox 2635 3211 2882 3283; x_wconf 86' lang='lat' dir='ltr'><strong>corporis</strong></span> <span class='ocrx_word' id='word_1_670' title='bbox 2945 3211 3192 3284; x_wconf 79' lang='lat' dir='ltr'><strong>proxime</strong></span> <span class='ocrx_word' id='word_1_671' title='bbox 3254 3211 3566 3285; x_wconf 56' lang='lat' dir='ltr'><strong>subjicitur.</strong></span> <span class='ocrx_word' id='word_1_672' title='bbox 3627 3213 3791 3269; x_wconf 85' lang='lat' dir='ltr'><strong>Hanc</strong></span> 
     </span>
    </p>
   </div>
   <div class='ocr_carea' id='block_1_83' title="bbox 2173 3283 3793 3411">
    <p class='ocr_par' dir='ltr' id='par_1_83' title="bbox 2173 3283 3793 3411">
     <span class='ocr_line' id='line_1_84' title="bbox 2173 3283 3793 3411; baseline 0 0"><span class='ocrx_word' id='word_1_673' title='bbox 2173 3298 2384 3411; x_wconf 63' lang='grc' dir='ltr'>ἓέἷνιῗὲ.</span> <span class='ocrx_word' id='word_1_674' title='bbox 2416 3285 2812 3411; x_wconf 49' lang='grc' dir='ltr'><strong>ἓῗέῗῗίἶῖἓὲἱῗε</strong></span> <span class='ocrx_word' id='word_1_675' title='bbox 2836 3283 3575 3411; x_wconf 59' lang='grc' dir='ltr'><strong>ἒι¹ιῗιίεἱ¹ιὲἒέἷ¹ίὸί¹έτιξῖἒ¹ιὲ³έπΐεῗ</strong></span> <span class='ocrx_word' id='word_1_676' title='bbox 3590 3296 3793 3411; x_wconf 46' lang='lat' dir='ltr'><strong>itii-ni?</strong></span> 
     </span>
    </p>
   </div>
   <div class='ocr_carea' id='block_1_84' title="bbox 2220 3354 3792 3428">
    <p class='ocr_par' dir='ltr' id='par_1_84' title="bbox 2220 3354 3792 3428">
     <span class='ocr_line' id='line_1_85' title="bbox 2220 3354 3792 3428; baseline 0.001 -19"><span class='ocrx_word' id='word_1_677' title='bbox 2220 3370 2266 3409; x_wconf 91' lang='lat' dir='ltr'><strong>s.</strong></span> <span class='ocrx_word' id='word_1_678' title='bbox 2297 3354 2384 3419; x_wconf 82' lang='lat' dir='ltr'><strong>Lv,</strong></span> <span class='ocrx_word' id='word_1_679' title='bbox 2416 3371 2471 3428; x_wconf 76' lang='grc' dir='ltr'><strong>ιι.</strong></span> <span class='ocrx_word' id='word_1_680' title='bbox 2498 3355 2554 3419; x_wconf 86' lang='grc'>5,</span> <span class='ocrx_word' id='word_1_681' title='bbox 2579 3354 2812 3411; x_wconf 88' lang='lat' dir='ltr'><strong>Hilarius</strong></span> <span class='ocrx_word' id='word_1_682' title='bbox 2839 3356 3080 3422; x_wconf 89' lang='lat' dir='ltr'><strong>adhibet,</strong></span> <span class='ocrx_word' id='word_1_683' title='bbox 3105 3354 3161 3412; x_wconf 78' lang='lat' dir='ltr'><strong>ut</strong></span> <span class='ocrx_word' id='word_1_684' title='bbox 3189 3355 3425 3412; x_wconf 83' lang='lat' dir='ltr'><strong>Verbum</strong></span> <span class='ocrx_word' id='word_1_685' title='bbox 3447 3366 3572 3428; x_wconf 87' lang='lat' dir='ltr'><strong>post</strong></span> <span class='ocrx_word' id='word_1_686' title='bbox 3597 3355 3792 3428; x_wconf 69' lang='lat' dir='ltr'><strong>carpis</strong></span> 
     </span>
    </p>
   </div>
   <div class='ocr_carea' id='block_1_85' title="bbox 2176 3425 3796 3495">
    <p class='ocr_par' dir='ltr' id='par_1_85' title="bbox 2176 3425 3796 3495">
     <span class='ocr_line' id='line_1_86' title="bbox 2176 3425 3796 3495; baseline 0.002 -16"><span class='ocrx_word' id='word_1_687' title='bbox 2176 3425 2603 3495; x_wconf 84' lang='lat' dir='ltr'><strong>assumptionem</strong></span> <span class='ocrx_word' id='word_1_688' title='bbox 2646 3441 2677 3480; x_wconf 91' lang='lat' dir='ltr'><strong>a</strong></span> <span class='ocrx_word' id='word_1_689' title='bbox 2717 3442 2777 3483; x_wconf 89' lang='lat' dir='ltr'><strong>se</strong></span> <span class='ocrx_word' id='word_1_690' title='bbox 2818 3443 2926 3483; x_wconf 90' lang='lat' dir='ltr'><strong>non</strong></span> <span class='ocrx_word' id='word_1_691' title='bbox 2969 3428 3236 3484; x_wconf 83' lang='lat' dir='ltr'><strong>defecisse</strong></span> <span class='ocrx_word' id='word_1_692' title='bbox 3274 3425 3634 3484; x_wconf 71' lang='lat' dir='ltr'><strong>demonstret.</strong></span> <span class='ocrx_word' id='word_1_693' title='bbox 3669 3426 3796 3483; x_wconf 89' lang='lat' dir='ltr'><strong>Hoc</strong></span> 
     </span>
    </p>
   </div>
   <div class='ocr_carea' id='block_1_86' title="bbox 2176 3496 3795 3567">
    <p class='ocr_par' dir='ltr' id='par_1_86' title="bbox 2176 3496 3795 3567">
     <span class='ocr_line' id='line_1_87' title="bbox 2176 3496 3795 3567; baseline -0.001 -14"><span class='ocrx_word' id='word_1_694' title='bbox 2176 3512 2341 3553; x_wconf 87' lang='lat' dir='ltr'><strong>sensu</strong></span> <span class='ocrx_word' id='word_1_695' title='bbox 2384 3513 2490 3551; x_wconf 91' lang='lat' dir='ltr'><strong>non</strong></span> <span class='ocrx_word' id='word_1_696' title='bbox 2517 3511 2755 3567; x_wconf 87' lang='lat' dir='ltr'><strong>corpus,</strong></span> <span class='ocrx_word' id='word_1_697' title='bbox 2800 3513 2905 3554; x_wconf 91' lang='lat' dir='ltr'><strong>non</strong></span> <span class='ocrx_word' id='word_1_698' title='bbox 2938 3500 3125 3563; x_wconf 90' lang='lat' dir='ltr'><strong>homo,</strong></span> <span class='ocrx_word' id='word_1_699' title='bbox 3160 3499 3257 3554; x_wconf 90' lang='lat' dir='ltr'><strong>sed</strong></span> <span class='ocrx_word' id='word_1_700' title='bbox 3286 3498 3529 3554; x_wconf 90' lang='lat' dir='ltr'><strong>Verbum</strong></span> <span class='ocrx_word' id='word_1_701' title='bbox 3571 3496 3795 3553; x_wconf 76' lang='lat' dir='ltr'><strong>habens</strong></span> 
     </span>
    </p>
   </div>
   <div class='ocr_carea' id='block_1_87' title="bbox 2176 3566 3793 3641">
    <p class='ocr_par' dir='ltr' id='par_1_87' title="bbox 2176 3566 3793 3641">
     <span class='ocr_line' id='line_1_88' title="bbox 2176 3566 3793 3641; baseline 0.001 -20"><span class='ocrx_word' id='word_1_702' title='bbox 2176 3582 2376 3641; x_wconf 77' lang='lat' dir='ltr'><strong>corpus</strong></span> <span class='ocrx_word' id='word_1_703' title='bbox 2401 3584 2430 3623; x_wconf 92' lang='lat' dir='ltr'><strong>a</strong></span> <span class='ocrx_word' id='word_1_704' title='bbox 2457 3566 2993 3641; x_wconf 70' lang='lat' dir='ltr'><strong>dolorevindicatur.</strong></span> <span class='ocrx_word' id='word_1_705' title='bbox 3035 3571 3172 3627; x_wconf 87' lang='lat' dir='ltr'><strong>Cum</strong></span> <span class='ocrx_word' id='word_1_706' title='bbox 3200 3569 3288 3627; x_wconf 89' lang='lat' dir='ltr'><strong>his</strong></span> <span class='ocrx_word' id='word_1_707' title='bbox 3314 3569 3508 3627; x_wconf 83' lang='lat' dir='ltr'><strong>confer</strong></span> <span class='ocrx_word' id='word_1_708' title='bbox 3536 3584 3660 3641; x_wconf 63' lang='lat' dir='ltr'><strong>qua</strong></span> <span class='ocrx_word' id='word_1_709' title='bbox 3698 3569 3793 3624; x_wconf 88' lang='lat' dir='ltr'><strong>in-</strong></span> 
     </span>
    </p>
   </div>
   <div class='ocr_carea' id='block_1_88' title="bbox 2178 3637 2883 3709">
    <p class='ocr_par' dir='ltr' id='par_1_88' title="bbox 2178 3637 2883 3709">
     <span class='ocr_line' id='line_1_89' title="bbox 2178 3637 2883 3709; baseline 0.004 -16"><span class='ocrx_word' id='word_1_710' title='bbox 2178 3637 2441 3695; x_wconf 42' lang='lat' dir='ltr'><strong>fra—num.</strong></span> <span class='ocrx_word' id='word_1_711' title='bbox 2466 3637 2561 3709; x_wconf 74' lang='grc'><strong>26,</strong></span> <span class='ocrx_word' id='word_1_712' title='bbox 2590 3638 2883 3696; x_wconf 83' lang='lat' dir='ltr'><strong>habentur.</strong></span> 
     </span>
    </p>
   </div>
   <div class='ocr_carea' id='block_1_89' title="bbox 2261 3709 3791 3785">
    <p class='ocr_par' dir='ltr' id='par_1_89' title="bbox 2261 3709 3791 3785">
     <span class='ocr_line' id='line_1_90' title="bbox 2261 3709 3791 3785; baseline 0.001 -21"><span class='ocrx_word' id='word_1_713' title='bbox 2261 3709 2334 3785; x_wconf 62' lang='grc' dir='ltr'><strong>(ᾳ)</strong></span> <span class='ocrx_word' id='word_1_714' title='bbox 2364 3709 2505 3765; x_wconf 86' lang='lat' dir='ltr'><strong>Editi</strong></span> <span class='ocrx_word' id='word_1_715' title='bbox 2527 3753 2542 3776; x_wconf 96' lang='lat'><strong>,</strong></span> <span class='ocrx_word' id='word_1_716' title='bbox 2571 3712 3088 3785; x_wconf 10' lang='lat' dir='ltr'><strong>trans[orntatur.fAt</strong></span> <span class='ocrx_word' id='word_1_717' title='bbox 3110 3728 3243 3785; x_wconf 79' lang='lat' dir='ltr'><strong>mss.</strong></span> <span class='ocrx_word' id='word_1_718' title='bbox 3268 3726 3466 3785; x_wconf 77' lang='lat' dir='ltr'><strong>magno</strong></span> <span class='ocrx_word' id='word_1_719' title='bbox 3488 3723 3791 3785; x_wconf 71' lang='lat' dir='ltr'><strong>consensu,</strong></span> 
     </span>
    </p>
   </div>
   <div class='ocr_carea' id='block_1_90' title="bbox 2179 3779 3791 3865">
    <p class='ocr_par' dir='ltr' id='par_1_90' title="bbox 2179 3779 3791 3865">
     <span class='ocr_line' id='line_1_91' title="bbox 2179 3779 3791 3865; baseline 0.001 -29"><span class='ocrx_word' id='word_1_720' title='bbox 2179 3779 2578 3865; x_wconf 69' lang='lat' dir='ltr'><strong>conformatur:</strong></span> <span class='ocrx_word' id='word_1_721' title='bbox 2604 3779 2758 3865; x_wconf 70' lang='lat' dir='ltr'><strong>quod</strong></span> <span class='ocrx_word' id='word_1_722' title='bbox 2786 3780 3081 3865; x_wconf 73' lang='lat' dir='ltr'><strong>Gregorius</strong></span> <span class='ocrx_word' id='word_1_723' title='bbox 3127 3783 3256 3840; x_wconf 86' lang='lat' dir='ltr'><strong>Naz.</strong></span> <span class='ocrx_word' id='word_1_724' title='bbox 3286 3779 3387 3839; x_wconf 62' lang='lat' dir='ltr'><strong>0r:</strong></span> <span class='ocrx_word' id='word_1_725' title='bbox 3434 3799 3523 3865; x_wconf 54' lang='lat' dir='ltr'><strong>at,</strong></span> <span class='ocrx_word' id='word_1_726' title='bbox 3576 3779 3791 3865; x_wconf 69' lang='lat' dir='ltr'><strong>factum</strong></span> 
     </span>
    </p>
   </div>
   <div class='ocr_carea' id='block_1_91' title="bbox 2179 3853 3795 3932">
    <p class='ocr_par' dir='ltr' id='par_1_91' title="bbox 2179 3853 3795 3932">
     <span class='ocr_line' id='line_1_92' title="bbox 2179 3853 3795 3932; baseline 0.004 -23"><span class='ocrx_word' id='word_1_727' title='bbox 2179 3867 2303 3932; x_wconf 80' lang='lat' dir='ltr'><strong>esse</strong></span> <span class='ocrx_word' id='word_1_728' title='bbox 2323 3853 2557 3932; x_wconf 72' lang='lat' dir='ltr'><strong>explicat</strong></span> <span class='ocrx_word' id='word_1_729' title='bbox 2580 3853 2843 3932; x_wconf 61' lang='lat' dir='ltr'><strong>diyiititate</strong></span> <span class='ocrx_word' id='word_1_730' title='bbox 2862 3870 3066 3910; x_wconf 83' lang='lat' dir='ltr'><strong>carnem</strong></span> <span class='ocrx_word' id='word_1_731' title='bbox 3095 3865 3370 3927; x_wconf 79' lang='lat' dir='ltr'><strong>superante</strong></span> <span class='ocrx_word' id='word_1_732' title='bbox 3390 3896 3406 3923; x_wconf 93' lang='lat'><strong>,</strong></span> <span class='ocrx_word' id='word_1_733' title='bbox 3428 3855 3795 3932; x_wconf 70' lang='grc' dir='ltr'><strong>ὑπιρνιηῶσης</strong></span> 
     </span>
    </p>
   </div>
   <div class='ocr_carea' id='block_1_92' title="bbox 2182 3923 2881 3997">
    <p class='ocr_par' dir='ltr' id='par_1_92' title="bbox 2182 3923 2881 3997">
     <span class='ocr_line' id='line_1_93' title="bbox 2182 3923 2881 3997; baseline -0.004 -16"><span class='ocrx_word' id='word_1_734' title='bbox 2182 3924 2243 3981; x_wconf 86' lang='grc' dir='ltr'><strong>τὸ</strong></span> <span class='ocrx_word' id='word_1_735' title='bbox 2266 3925 2479 3997; x_wconf 58' lang='grc' dir='ltr'><strong>ᾳᾳριςίον</strong></span> <span class='ocrx_word' id='word_1_736' title='bbox 2500 3940 2594 3988; x_wconf 77' lang='grc' dir='ltr'><strong>τῆς</strong></span> <span class='ocrx_word' id='word_1_737' title='bbox 2622 3923 2881 3986; x_wconf 74' lang='grc' dir='ltr'><strong>θεότητος.</strong></span> 
     </span>
    </p>
   </div>
   <div class='ocr_carea' id='block_1_93' title="bbox 2266 3995 3781 4066">
    <p class='ocr_par' dir='ltr' id='par_1_93' title="bbox 2266 3995 3781 4066">
     <span class='ocr_line' id='line_1_94' title="bbox 2266 3995 3781 4066; baseline 0.001 -15"><span class='ocrx_word' id='word_1_738' title='bbox 2266 3995 2347 4066; x_wconf 71' lang='grc' dir='ltr'><strong>(Ι)</strong></span> <span class='ocrx_word' id='word_1_739' title='bbox 2377 3995 2823 4066; x_wconf 77' lang='lat' dir='ltr'><strong>Prtepositiouem</strong></span> <span class='ocrx_word' id='word_1_740' title='bbox 2851 3995 2913 4051; x_wconf 91' lang='lat' dir='ltr'><strong>ob</strong></span> <span class='ocrx_word' id='word_1_741' title='bbox 2942 3997 3069 4054; x_wconf 87' lang='lat' dir='ltr'><strong>hinc</strong></span> <span class='ocrx_word' id='word_1_742' title='bbox 3092 3996 3423 4055; x_wconf 80' lang='lat' dir='ltr'><strong>removimus</strong></span> <span class='ocrx_word' id='word_1_743' title='bbox 3450 3995 3781 4055; x_wconf 72' lang='lat' dir='ltr'><strong>auctoritate</strong></span> 
     </span>
    </p>
   </div>
   <div class='ocr_carea' id='block_1_94' title="bbox 2184 4080 2318 4121">
    <p class='ocr_par' dir='ltr' id='par_1_94' title="bbox 2184 4080 2318 4121">
     <span class='ocr_line' id='line_1_95' title="bbox 2184 4080 2318 4121; baseline -0.022 0"><span class='ocrx_word' id='word_1_744' title='bbox 2184 4080 2318 4121; x_wconf 86' lang='lat' dir='ltr'><strong>mss.</strong></span> 
     </span>
    </p>
   </div>
   <div class='ocr_carea' id='block_1_95' title="bbox 2281 4134 3546 4261">
    <p class='ocr_par' dir='ltr' id='par_1_95' title="bbox 2281 4134 3546 4261">
     <span class='ocr_line' id='line_1_96' title="bbox 2281 4134 3546 4261; baseline 0.005 -71"><span class='ocrx_word' id='word_1_745' title='bbox 2281 4135 2338 4261; x_wconf 57' lang='grc' dir='ltr'>ἵ)</span> <span class='ocrx_word' id='word_1_746' title='bbox 2368 4134 2511 4192; x_wconf 87' lang='lat' dir='ltr'><strong>Editi</strong></span> <span class='ocrx_word' id='word_1_747' title='bbox 2532 4179 2548 4203; x_wconf 91' lang='lat'><strong>,</strong></span> <span class='ocrx_word' id='word_1_748' title='bbox 2577 4153 2749 4192; x_wconf 82' lang='lat' dir='ltr'><strong>carere</strong></span> <span class='ocrx_word' id='word_1_749' title='bbox 2770 4137 2854 4192; x_wconf 81' lang='lat' dir='ltr'><strong>siti</strong></span> <span class='ocrx_word' id='word_1_750' title='bbox 2881 4156 2903 4194; x_wconf 87' lang='lat'><strong><em>:</em></strong></span> <span class='ocrx_word' id='word_1_751' title='bbox 2927 4140 3382 4223; x_wconf 71' lang='lat' dir='ltr'><strong>emendanturex</strong></span> <span class='ocrx_word' id='word_1_752' title='bbox 3410 4154 3546 4220; x_wconf 57' lang='lat' dir='ltr'><strong>mss.</strong></span> 
     </span>
     <span class='ocr_line' id='line_1_97' title="bbox 2298 4202 3546 4261; baseline 0 0"><span class='ocrx_word' id='word_1_753' title='bbox 2298 4228 2311 4260; x_wconf 78' lang='grc' dir='ltr'><strong>ι</strong></span> <span class='ocrx_word' id='word_1_754' title='bbox 2370 4202 2501 4261; x_wconf 81' lang='lat' dir='ltr'><strong>Bad.</strong></span> <span class='ocrx_word' id='word_1_755' title='bbox 2552 4216 2605 4261; x_wconf 85' lang='lat' dir='ltr'><strong>et</strong></span> <span class='ocrx_word' id='word_1_756' title='bbox 2653 4204 2787 4261; x_wconf 67' lang='grc' dir='ltr'>ΕΓ..</span> <span class='ocrx_word' id='word_1_757' title='bbox 2815 4219 2862 4261; x_wconf 86' lang='lat' dir='ltr'><strong>et</strong></span> <span class='ocrx_word' id='word_1_758' title='bbox 2900 4223 3213 4261; x_wconf 73' lang='lat' dir='ltr'><strong>esurientes:</strong></span> <span class='ocrx_word' id='word_1_759' title='bbox 3255 4212 3403 4261; x_wconf 79' lang='lat' dir='ltr'><strong>LIDS.</strong></span> <span class='ocrx_word' id='word_1_760' title='bbox 3444 4220 3503 4261; x_wconf 78' lang='lat' dir='ltr'><strong>et</strong></span> <span class='ocrx_word' id='word_1_761' title='bbox 3544 4232 3546 4261; x_wconf 64' lang='grc' dir='ltr'><em>λ</em></span> 
     </span>
    </p>
   </div>
   <div class='ocr_carea' id='block_1_96' title="bbox 2298 4202 3794 4290">
    <p class='ocr_par' dir='ltr' id='par_1_96' title="bbox 2298 4202 3794 4290">
     <span class='ocr_line' id='line_1_98' title="bbox 2298 4202 3794 4290; baseline 0.003 -30"><span class='ocrx_word' id='word_1_762' title='bbox 2370 4202 2501 4290; x_wconf 72' lang='lat' dir='ltr'><strong>Bari.</strong></span> <span class='ocrx_word' id='word_1_763' title='bbox 2536 4202 2638 4290; x_wconf 41' lang='lat' dir='ltr'><strong>et“</strong></span> <span class='ocrx_word' id='word_1_764' title='bbox 2653 4204 2751 4290; x_wconf 49' lang='lat' dir='ltr'><strong>Er.</strong></span> <span class='ocrx_word' id='word_1_765' title='bbox 2770 4250 2787 4275; x_wconf 90' lang='lat'><strong>,</strong></span> <span class='ocrx_word' id='word_1_766' title='bbox 2815 4219 2862 4264; x_wconf 87' lang='lat' dir='ltr'><strong>et</strong></span> <span class='ocrx_word' id='word_1_767' title='bbox 2900 4213 3213 4278; x_wconf 74' lang='lat' dir='ltr'><strong>esurientes;</strong></span> <span class='ocrx_word' id='word_1_768' title='bbox 3254 4212 3403 4290; x_wconf 57' lang='lat' dir='ltr'><strong>Lips.</strong></span> <span class='ocrx_word' id='word_1_769' title='bbox 3444 4209 3668 4290; x_wconf 84' lang='lat' dir='ltr'><strong>et_Par.</strong></span> <span class='ocrx_word' id='word_1_770' title='bbox 3695 4250 3713 4277; x_wconf 95' lang='lat'><strong>,</strong></span> <span class='ocrx_word' id='word_1_771' title='bbox 3744 4220 3794 4265; x_wconf 80' lang='lat' dir='ltr'><strong>et</strong></span> 
     </span>
    </p>
   </div>
   <div class='ocr_carea' id='block_1_97' title="bbox 2186 4277 3793 4348">
    <p class='ocr_par' dir='ltr' id='par_1_97' title="bbox 2186 4277 3793 4348">
     <span class='ocr_line' id='line_1_99' title="bbox 2186 4277 3793 4348; baseline 0.001 -15"><span class='ocrx_word' id='word_1_772' title='bbox 2186 4277 2440 4334; x_wconf 83' lang='lat' dir='ltr'><strong>esuriente</strong></span> <span class='ocrx_word' id='word_1_773' title='bbox 2483 4296 2556 4334; x_wconf 87' lang='lat' dir='ltr'><strong>se.</strong></span> <span class='ocrx_word' id='word_1_774' title='bbox 2601 4277 2823 4334; x_wconf 84' lang='lat' dir='ltr'><strong>Rectius</strong></span> <span class='ocrx_word' id='word_1_775' title='bbox 2854 4298 2987 4337; x_wconf 88' lang='lat' dir='ltr'><strong>mss.</strong></span> <span class='ocrx_word' id='word_1_776' title='bbox 3038 4294 3088 4337; x_wconf 86' lang='lat' dir='ltr'><strong>et</strong></span> <span class='ocrx_word' id='word_1_777' title='bbox 3136 4277 3437 4339; x_wconf 73' lang='lat' dir='ltr'><strong>esurientem</strong></span> <span class='ocrx_word' id='word_1_778' title='bbox 3466 4322 3482 4348; x_wconf 95' lang='lat'><strong>,</strong></span> <span class='ocrx_word' id='word_1_779' title='bbox 3514 4281 3619 4336; x_wconf 85' lang='lat' dir='ltr'><strong>hoc</strong></span> <span class='ocrx_word' id='word_1_780' title='bbox 3659 4291 3793 4337; x_wconf 88' lang='lat' dir='ltr'><strong>est:</strong></span> 
     </span>
    </p>
   </div>
   <div class='ocr_carea' id='block_1_98' title="bbox 2187 4349 3793 4410">
    <p class='ocr_par' dir='ltr' id='par_1_98' title="bbox 2187 4349 3793 4410">
     <span class='ocr_line' id='line_1_100' title="bbox 2187 4349 3793 4410; baseline 0.002 -6"><span class='ocrx_word' id='word_1_781' title='bbox 2187 4351 2323 4405; x_wconf 89' lang='lat' dir='ltr'><strong>sciat</strong></span> <span class='ocrx_word' id='word_1_782' title='bbox 2354 4365 2477 4403; x_wconf 91' lang='lat' dir='ltr'><strong>eum</strong></span> <span class='ocrx_word' id='word_1_783' title='bbox 2501 4349 2663 4405; x_wconf 88' lang='lat' dir='ltr'><strong>etiam</strong></span> <span class='ocrx_word' id='word_1_784' title='bbox 2687 4350 2814 4405; x_wconf 91' lang='lat' dir='ltr'><strong>dum</strong></span> <span class='ocrx_word' id='word_1_785' title='bbox 2836 4355 3007 4409; x_wconf 87' lang='lat' dir='ltr'><strong>esurit</strong></span> <span class='ocrx_word' id='word_1_786' title='bbox 3032 4369 3155 4409; x_wconf 90' lang='lat' dir='ltr'><strong>cum</strong></span> <span class='ocrx_word' id='word_1_787' title='bbox 3182 4355 3506 4410; x_wconf 84' lang='lat' dir='ltr'><strong>auctoritate</strong></span> <span class='ocrx_word' id='word_1_788' title='bbox 3527 4352 3793 4408; x_wconf 78' lang='lat' dir='ltr'><strong>damttare</strong></span> 
     </span>
    </p>
   </div>
   <div class='ocr_carea' id='block_1_99' title="bbox 490 4415 3791 4492">
    <p class='ocr_par' dir='ltr' id='par_1_99' title="bbox 490 4415 3791 4492">
     <span class='ocr_line' id='line_1_101' title="bbox 490 4415 3791 4492; baseline -0 -12"><span class='ocrx_word' id='word_1_789' title='bbox 490 4415 604 4480; x_wconf 83' lang='lat' dir='ltr'><strong>rius</strong></span> <span class='ocrx_word' id='word_1_790' title='bbox 623 4465 638 4488; x_wconf 94' lang='lat'><strong>,</strong></span> <span class='ocrx_word' id='word_1_791' title='bbox 668 4421 963 4492; x_wconf 59' lang='lat' dir='ltr'><strong>praedicare</strong></span> <span class='ocrx_word' id='word_1_792' title='bbox 987 4417 1259 4472; x_wconf 86' lang='lat' dir='ltr'><strong>videretur</strong></span> <span class='ocrx_word' id='word_1_793' title='bbox 1277 4416 1735 4492; x_wconf 71' lang='lat' dir='ltr'><strong>Christianimatn</strong></span> <span class='ocrx_word' id='word_1_794' title='bbox 1761 4434 1868 4475; x_wconf 89' lang='lat' dir='ltr'><strong>non</strong></span> <span class='ocrx_word' id='word_1_795' title='bbox 1889 4421 2080 4476; x_wconf 88' lang='lat' dir='ltr'><strong>similis</strong></span> <span class='ocrx_word' id='word_1_796' title='bbox 2106 4415 2162 4478; x_wconf 90' lang='lat' dir='ltr'><strong>D</strong></span> <span class='ocrx_word' id='word_1_797' title='bbox 2188 4427 2461 4476; x_wconf 88' lang='lat' dir='ltr'><strong>arborem.</strong></span> <span class='ocrx_word' id='word_1_798' title='bbox 2489 4421 2544 4476; x_wconf 88' lang='lat' dir='ltr'><strong>In</strong></span> <span class='ocrx_word' id='word_1_799' title='bbox 2569 4421 2651 4476; x_wconf 84' lang='lat' dir='ltr'><strong>his</strong></span> <span class='ocrx_word' id='word_1_800' title='bbox 2674 4423 3017 4492; x_wconf 80' lang='lat' dir='ltr'><strong>manifestum</strong></span> <span class='ocrx_word' id='word_1_801' title='bbox 3034 4436 3138 4490; x_wconf 87' lang='lat' dir='ltr'><strong>est,</strong></span> <span class='ocrx_word' id='word_1_802' title='bbox 3162 4427 3264 4480; x_wconf 88' lang='lat' dir='ltr'><strong>hoc</strong></span> <span class='ocrx_word' id='word_1_803' title='bbox 3292 4425 3551 4480; x_wconf 81' lang='lat' dir='ltr'><strong>Hilarium</strong></span> <span class='ocrx_word' id='word_1_804' title='bbox 3577 4433 3791 4478; x_wconf 85' lang='lat' dir='ltr'><strong>tantum</strong></span> 
     </span>
    </p>
   </div>
   <div class='ocr_carea' id='block_1_100' title="bbox 491 4486 2075 4551">
    <p class='ocr_par' dir='ltr' id='par_1_100' title="bbox 491 4486 2075 4551">
     <span class='ocr_line' id='line_1_102' title="bbox 491 4486 2075 4551; baseline -0.004 -9"><span class='ocrx_word' id='word_1_805' title='bbox 491 4486 821 4551; x_wconf 12' lang='lat' dir='ltr'><strong>omnin-nstra</strong></span> <span class='ocrx_word' id='word_1_806' title='bbox 853 4489 1017 4544; x_wconf 87' lang='lat' dir='ltr'><strong>fuisse</strong></span> <span class='ocrx_word' id='word_1_807' title='bbox 1044 4498 1269 4547; x_wconf 67' lang='lat' dir='ltr'><strong>naturae.</strong></span> <span class='ocrx_word' id='word_1_808' title='bbox 1294 4486 1402 4541; x_wconf 88' lang='lat' dir='ltr'><strong>nisi</strong></span> <span class='ocrx_word' id='word_1_809' title='bbox 1432 4487 1715 4543; x_wconf 81' lang='lat' dir='ltr'><strong>adversam</strong></span> <span class='ocrx_word' id='word_1_810' title='bbox 1748 4491 2075 4547; x_wconf 65' lang='lat' dir='ltr'><strong>sententiam</strong></span> 
     </span>
    </p>
   </div>
   <div class='ocr_carea' id='block_1_101' title="bbox 491 4559 2076 4629">
    <p class='ocr_par' dir='ltr' id='par_1_101' title="bbox 491 4559 2076 4629">
     <span class='ocr_line' id='line_1_103' title="bbox 491 4559 2076 4629; baseline -0.004 -6"><span class='ocrx_word' id='word_1_811' title='bbox 491 4574 616 4622; x_wconf 86' lang='lat' dir='ltr'><strong>ante</strong></span> <span class='ocrx_word' id='word_1_812' title='bbox 653 4572 707 4620; x_wconf 86' lang='lat' dir='ltr'><strong>et</strong></span> <span class='ocrx_word' id='word_1_813' title='bbox 746 4570 866 4629; x_wconf 87' lang='lat' dir='ltr'><strong>post</strong></span> <span class='ocrx_word' id='word_1_814' title='bbox 914 4572 1185 4624; x_wconf 87' lang='lat' dir='ltr'><strong>tueretur;</strong></span> <span class='ocrx_word' id='word_1_815' title='bbox 1236 4568 1551 4628; x_wconf 87' lang='lat' dir='ltr'><strong>pateretque</strong></span> <span class='ocrx_word' id='word_1_816' title='bbox 1580 4559 1683 4615; x_wconf 88' lang='lat' dir='ltr'><strong>hoc</strong></span> <span class='ocrx_word' id='word_1_817' title='bbox 1713 4576 1836 4615; x_wconf 91' lang='lat' dir='ltr'><strong>eum</strong></span> <span class='ocrx_word' id='word_1_818' title='bbox 1868 4570 2076 4617; x_wconf 90' lang='lat' dir='ltr'><strong>tantum</strong></span> 
     </span>
    </p>
   </div>
   <div class='ocr_carea' id='block_1_102' title="bbox 492 4629 2078 4701">
    <p class='ocr_par' dir='ltr' id='par_1_102' title="bbox 492 4629 2078 4701">
     <span class='ocr_line' id='line_1_104' title="bbox 492 4629 2078 4701; baseline -0.003 -9"><span class='ocrx_word' id='word_1_819' title='bbox 492 4639 630 4693; x_wconf 81' lang='lat' dir='ltr'><strong>velle</strong></span> <span class='ocrx_word' id='word_1_820' title='bbox 655 4678 669 4701; x_wconf 89' lang='lat'><strong>,</strong></span> <span class='ocrx_word' id='word_1_821' title='bbox 720 4631 919 4689; x_wconf 89' lang='lat' dir='ltr'><strong>Christi</strong></span> <span class='ocrx_word' id='word_1_822' title='bbox 958 4630 1514 4701; x_wconf 13' lang='lat' dir='ltr'><strong>animamipertinerc</strong></span> <span class='ocrx_word' id='word_1_823' title='bbox 1540 4629 1609 4687; x_wconf 89' lang='lat' dir='ltr'><strong>ad</strong></span> <span class='ocrx_word' id='word_1_824' title='bbox 1637 4645 1920 4701; x_wconf 80' lang='lat' dir='ltr'><strong>perSonam</strong></span> <span class='ocrx_word' id='word_1_825' title='bbox 1981 4633 2078 4688; x_wconf 81' lang='lat' dir='ltr'><strong>ﬁlii</strong></span> 
     </span>
    </p>
   </div>
   <div class='ocr_carea' id='block_1_103' title="bbox 495 4700 2078 4777">
    <p class='ocr_par' dir='ltr' id='par_1_103' title="bbox 495 4700 2078 4777">
     <span class='ocr_line' id='line_1_105' title="bbox 495 4700 2078 4777; baseline 0.005 -24"><span class='ocrx_word' id='word_1_826' title='bbox 495 4710 589 4765; x_wconf 75' lang='lat' dir='ltr'><strong>Dei</strong></span> <span class='ocrx_word' id='word_1_827' title='bbox 613 4751 626 4773; x_wconf 84' lang='lat'><strong>,</strong></span> <span class='ocrx_word' id='word_1_828' title='bbox 658 4700 747 4777; x_wconf 80' lang='lat' dir='ltr'><strong>qui</strong></span> <span class='ocrx_word' id='word_1_829' title='bbox 777 4712 970 4777; x_wconf 77' lang='lat' dir='ltr'><strong>natura</strong></span> <span class='ocrx_word' id='word_1_830' title='bbox 998 4701 1139 4777; x_wconf 76' lang='lat' dir='ltr'><strong>Deus</strong></span> <span class='ocrx_word' id='word_1_831' title='bbox 1179 4700 1250 4777; x_wconf 80' lang='lat' dir='ltr'><strong>sit</strong></span> <span class='ocrx_word' id='word_1_832' title='bbox 1288 4710 1342 4755; x_wconf 89' lang='lat' dir='ltr'><strong>et</strong></span> <span class='ocrx_word' id='word_1_833' title='bbox 1383 4702 1561 4757; x_wconf 88' lang='lat' dir='ltr'><strong>omnis</strong></span> <span class='ocrx_word' id='word_1_834' title='bbox 1611 4700 1938 4763; x_wconf 79' lang='lat' dir='ltr'><strong>inﬁrmitatis</strong></span> <span class='ocrx_word' id='word_1_835' title='bbox 1984 4720 2078 4760; x_wconf 81' lang='lat' dir='ltr'><strong>ex-</strong></span> 
     </span>
    </p>
   </div>
   <div class='ocr_carea' id='block_1_104' title="bbox 493 4771 1342 4851">
    <p class='ocr_par' dir='ltr' id='par_1_104' title="bbox 493 4771 1342 4851">
     <span class='ocr_line' id='line_1_106' title="bbox 493 4771 1342 4851; baseline -0.013 -15"><span class='ocrx_word' id='word_1_836' title='bbox 493 4771 618 4851; x_wconf 82' lang='lat' dir='ltr'><strong>pers</strong></span> <span class='ocrx_word' id='word_1_837' title='bbox 634 4795 651 4851; x_wconf 83' lang='lat'><strong>;</strong></span> <span class='ocrx_word' id='word_1_838' title='bbox 677 4771 846 4851; x_wconf 66' lang='lat' dir='ltr'><strong>idque</strong></span> <span class='ocrx_word' id='word_1_839' title='bbox 871 4771 1071 4830; x_wconf 69' lang='lat' dir='ltr'><strong>Iudaeis</strong></span> <span class='ocrx_word' id='word_1_840' title='bbox 1102 4771 1342 4851; x_wconf 82' lang='lat' dir='ltr'><strong>latuisse.</strong></span> 
     </span>
    </p>
   </div>
   <div class='ocr_carea' id='block_1_105' title="bbox 566 4843 2075 4922">
    <p class='ocr_par' dir='ltr' id='par_1_105' title="bbox 566 4843 2075 4922">
     <span class='ocr_line' id='line_1_107' title="bbox 566 4843 2075 4922; baseline -0.001 -19"><span class='ocrx_word' id='word_1_841' title='bbox 566 4850 647 4922; x_wconf 78' lang='grc' dir='ltr'>(ιι)</span> <span class='ocrx_word' id='word_1_842' title='bbox 680 4843 815 4904; x_wconf 83' lang='lat' dir='ltr'><strong>illud</strong></span> <span class='ocrx_word' id='word_1_843' title='bbox 838 4856 1035 4922; x_wconf 57' lang='lat' dir='ltr'><strong>natura;</strong></span> <span class='ocrx_word' id='word_1_844' title='bbox 1059 4845 1193 4922; x_wconf 71' lang='lat' dir='ltr'><strong>enim</strong></span> <span class='ocrx_word' id='word_1_845' title='bbox 1212 4843 1455 4922; x_wconf 75' lang='lat' dir='ltr'><strong>propriaz,</strong></span> <span class='ocrx_word' id='word_1_846' title='bbox 1485 4851 1618 4911; x_wconf 89' lang='lat' dir='ltr'><strong>elc.,</strong></span> <span class='ocrx_word' id='word_1_847' title='bbox 1650 4844 2075 4922; x_wconf 85' lang='lat' dir='ltr'><strong>idem_e_st_quod</strong></span> 
     </span>
    </p>
   </div>
   <div class='ocr_carea' id='block_1_106' title="bbox 493 4913 2077 4987">
    <p class='ocr_par' dir='ltr' id='par_1_106' title="bbox 493 4913 2077 4987">
     <span class='ocr_line' id='line_1_108' title="bbox 493 4913 2077 4987; baseline 0.001 -15"><span class='ocrx_word' id='word_1_848' title='bbox 493 4913 645 4977; x_wconf 78' lang='lat' dir='ltr'><strong>iniiio</strong></span> <span class='ocrx_word' id='word_1_849' title='bbox 669 4935 815 4975; x_wconf 87' lang='lat' dir='ltr'><strong>nttm.</strong></span> <span class='ocrx_word' id='word_1_850' title='bbox 842 4916 913 4971; x_wconf 70' lang='lat'><strong>25</strong></span> <span class='ocrx_word' id='word_1_851' title='bbox 943 4932 956 4969; x_wconf 90' lang='lat'><strong>:</strong></span> <span class='ocrx_word' id='word_1_852' title='bbox 986 4913 1185 4987; x_wconf 81' lang='lat' dir='ltr'><strong>Habuit</strong></span> <span class='ocrx_word' id='word_1_853' title='bbox 1207 4915 1343 4987; x_wconf 70' lang='lat' dir='ltr'><strong>enim</strong></span> <span class='ocrx_word' id='word_1_854' title='bbox 1373 4930 1580 4987; x_wconf 78' lang='lat' dir='ltr'><strong>corpus.</strong></span> <span class='ocrx_word' id='word_1_855' title='bbox 1609 4917 1700 4969; x_wconf 86' lang='lat' dir='ltr'><strong>sed</strong></span> <span class='ocrx_word' id='word_1_856' title='bbox 1730 4913 2077 4987; x_wconf 48' lang='lat' dir='ltr'><strong>origittis&#39;sme</strong></span> 
     </span>
    </p>
   </div>
   <div class='ocr_carea' id='block_1_107' title="bbox 493 4984 2077 5066">
    <p class='ocr_par' dir='ltr' id='par_1_107' title="bbox 493 4984 2077 5066">
     <span class='ocr_line' id='line_1_109' title="bbox 493 4984 2077 5066; baseline -0.001 -21"><span class='ocrx_word' id='word_1_857' title='bbox 493 4992 783 5066; x_wconf 76' lang='lat' dir='ltr'><strong>praprinm,</strong></span> <span class='ocrx_word' id='word_1_858' title='bbox 816 4998 946 5066; x_wconf 78' lang='lat' dir='ltr'><strong>elc.,</strong></span> <span class='ocrx_word' id='word_1_859' title='bbox 973 4986 1113 5066; x_wconf 81' lang='lat' dir='ltr'><strong>quod</strong></span> <span class='ocrx_word' id='word_1_860' title='bbox 1147 4985 1412 5066; x_wconf 76' lang='lat' dir='ltr'><strong>signiﬁcat</strong></span> <span class='ocrx_word' id='word_1_861' title='bbox 1441 4984 1637 5042; x_wconf 88' lang='lat' dir='ltr'><strong>Christi</strong></span> <span class='ocrx_word' id='word_1_862' title='bbox 1665 4984 1880 5066; x_wconf 47' lang='lat' dir='ltr'><strong>corpori</strong></span> <span class='ocrx_word' id='word_1_863' title='bbox 1922 5000 2077 5045; x_wconf 87' lang='lat' dir='ltr'><strong>natu-</strong></span> 
     </span>
    </p>
   </div>
   <div class='ocr_carea' id='block_1_108' title="bbox 492 5056 2077 5126">
    <p class='ocr_par' dir='ltr' id='par_1_108' title="bbox 492 5056 2077 5126">
     <span class='ocr_line' id='line_1_110' title="bbox 492 5056 2077 5126; baseline -0.003 -8"><span class='ocrx_word' id='word_1_864' title='bbox 492 5056 608 5118; x_wconf 73' lang='lat' dir='ltr'><strong>ram</strong></span> <span class='ocrx_word' id='word_1_865' title='bbox 643 5065 809 5117; x_wconf 82' lang='lat' dir='ltr'><strong>fuisse</strong></span> <span class='ocrx_word' id='word_1_866' title='bbox 848 5058 1196 5126; x_wconf 82' lang='lat' dir='ltr'><strong>singularem,</strong></span> <span class='ocrx_word' id='word_1_867' title='bbox 1228 5056 1500 5125; x_wconf 88' lang='lat' dir='ltr'><strong>propriam</strong></span> <span class='ocrx_word' id='word_1_868' title='bbox 1521 5098 1536 5119; x_wconf 88' lang='lat'><strong>.</strong></span> <span class='ocrx_word' id='word_1_869' title='bbox 1569 5072 1632 5112; x_wconf 89' lang='lat' dir='ltr'><strong>ac</strong></span> <span class='ocrx_word' id='word_1_870' title='bbox 1666 5056 1757 5113; x_wconf 86' lang='lat' dir='ltr'><strong>Dei</strong></span> <span class='ocrx_word' id='word_1_871' title='bbox 1790 5057 1899 5113; x_wconf 84' lang='lat' dir='ltr'><strong>[ilio</strong></span> <span class='ocrx_word' id='word_1_872' title='bbox 1942 5077 2077 5116; x_wconf 83' lang='lat' dir='ltr'><strong>con-</strong></span> 
     </span>
    </p>
   </div>
   <div class='ocr_carea' id='block_1_109' title="bbox 491 5128 2077 5199">
    <p class='ocr_par' dir='ltr' id='par_1_109' title="bbox 491 5128 2077 5199">
     <span class='ocr_line' id='line_1_111' title="bbox 491 5128 2077 5199; baseline -0.001 -11"><span class='ocrx_word' id='word_1_873' title='bbox 491 5145 843 5195; x_wconf 86' lang='lat' dir='ltr'><strong>sentancam;</strong></span> <span class='ocrx_word' id='word_1_874' title='bbox 875 5131 985 5196; x_wconf 83' lang='lat' dir='ltr'><strong>ipse</strong></span> <span class='ocrx_word' id='word_1_875' title='bbox 1013 5128 1147 5181; x_wconf 89' lang='lat' dir='ltr'><strong>enim</strong></span> <span class='ocrx_word' id='word_1_876' title='bbox 1189 5128 1527 5199; x_wconf 80' lang='lat' dir='ltr'><strong>corporissui</strong></span> <span class='ocrx_word' id='word_1_877' title='bbox 1560 5130 1703 5199; x_wconf 84' lang='lat' dir='ltr'><strong>origo</strong></span> <span class='ocrx_word' id='word_1_878' title='bbox 1734 5139 1838 5196; x_wconf 87' lang='lat' dir='ltr'><strong>est,</strong></span> <span class='ocrx_word' id='word_1_879' title='bbox 1878 5142 1934 5185; x_wconf 92' lang='lat' dir='ltr'><strong>ut</strong></span> <span class='ocrx_word' id='word_1_880' title='bbox 1962 5131 2077 5187; x_wconf 86' lang='lat' dir='ltr'><strong>dic-</strong></span> 
     </span>
    </p>
   </div>
   <div class='ocr_carea' id='block_1_110' title="bbox 492 5198 2082 5272">
    <p class='ocr_par' dir='ltr' id='par_1_110' title="bbox 492 5198 2082 5272">
     <span class='ocr_line' id='line_1_112' title="bbox 492 5198 2082 5272; baseline 0 -13"><span class='ocrx_word' id='word_1_881' title='bbox 492 5216 602 5260; x_wconf 87' lang='lat' dir='ltr'><strong>tum</strong></span> <span class='ocrx_word' id='word_1_882' title='bbox 652 5214 736 5260; x_wconf 85' lang='lat' dir='ltr'><strong>est</strong></span> <span class='ocrx_word' id='word_1_883' title='bbox 765 5216 914 5258; x_wconf 89' lang='lat' dir='ltr'><strong>num.</strong></span> <span class='ocrx_word' id='word_1_884' title='bbox 951 5199 1037 5253; x_wconf 79' lang='grc'>18.</span> <span class='ocrx_word' id='word_1_885' title='bbox 1070 5199 1186 5264; x_wconf 85' lang='lat' dir='ltr'><strong>Quo</strong></span> <span class='ocrx_word' id='word_1_886' title='bbox 1226 5213 1387 5272; x_wconf 77' lang='lat' dir='ltr'><strong>sensu</strong></span> <span class='ocrx_word' id='word_1_887' title='bbox 1428 5198 1504 5253; x_wconf 87' lang='lat' dir='ltr'><strong>ita</strong></span> <span class='ocrx_word' id='word_1_888' title='bbox 1544 5198 1952 5272; x_wconf 85' lang='lat' dir='ltr'><strong>intelligendum</strong></span> <span class='ocrx_word' id='word_1_889' title='bbox 1994 5212 2082 5259; x_wconf 84' lang='lat' dir='ltr'><strong>est</strong></span> 
     </span>
    </p>
   </div>
   <div class='ocr_carea' id='block_1_111' title="bbox 488 5269 2074 5345">
    <p class='ocr_par' dir='ltr' id='par_1_111' title="bbox 488 5269 2074 5345">
     <span class='ocr_line' id='line_1_113' title="bbox 488 5269 2074 5345; baseline -0.002 -14"><span class='ocrx_word' id='word_1_890' title='bbox 488 5276 689 5331; x_wconf 83' lang='lat' dir='ltr'><strong>Clu-isti</strong></span> <span class='ocrx_word' id='word_1_891' title='bbox 715 5287 911 5345; x_wconf 85' lang='lat' dir='ltr'><strong>corpus</strong></span> <span class='ocrx_word' id='word_1_892' title='bbox 936 5278 1134 5323; x_wconf 75' lang='lat' dir='ltr'><strong>naturte</strong></span> <span class='ocrx_word' id='word_1_893' title='bbox 1164 5269 1415 5341; x_wconf 65' lang='lat' dir='ltr'><strong>propriae,</strong></span> <span class='ocrx_word' id='word_1_894' title='bbox 1444 5280 1502 5323; x_wconf 88' lang='lat' dir='ltr'><strong>ut</strong></span> <span class='ocrx_word' id='word_1_895' title='bbox 1528 5269 1743 5345; x_wconf 60' lang='lat' dir='ltr'><strong>naturai</strong></span> <span class='ocrx_word' id='word_1_896' title='bbox 1762 5280 1960 5328; x_wconf 74' lang='lat' dir='ltr'><strong>nostra:</strong></span> <span class='ocrx_word' id='word_1_897' title='bbox 1993 5276 2074 5328; x_wconf 88' lang='lat' dir='ltr'><strong>vi-</strong></span> 
     </span>
    </p>
   </div>
   <div class='ocr_carea' id='block_1_112' title="bbox 489 5343 2079 5414">
    <p class='ocr_par' dir='ltr' id='par_1_112' title="bbox 489 5343 2079 5414">
     <span class='ocr_line' id='line_1_114' title="bbox 489 5343 2079 5414; baseline 0.001 -13"><span class='ocrx_word' id='word_1_898' title='bbox 489 5348 577 5401; x_wconf 88' lang='lat' dir='ltr'><strong>tiis</strong></span> <span class='ocrx_word' id='word_1_899' title='bbox 609 5348 772 5402; x_wconf 83' lang='lat' dir='ltr'><strong>fuerit</strong></span> <span class='ocrx_word' id='word_1_900' title='bbox 794 5343 1020 5414; x_wconf 82' lang='lat' dir='ltr'><strong>vacuum</strong></span> <span class='ocrx_word' id='word_1_901' title='bbox 1048 5381 1064 5405; x_wconf 92' lang='lat'><strong>,</strong></span> <span class='ocrx_word' id='word_1_902' title='bbox 1096 5354 1200 5394; x_wconf 91' lang='lat' dir='ltr'><strong>non</strong></span> <span class='ocrx_word' id='word_1_903' title='bbox 1228 5351 1297 5414; x_wconf 69' lang='lat' dir='ltr'><strong>ut</strong></span> <span class='ocrx_word' id='word_1_904' title='bbox 1324 5349 1522 5395; x_wconf 73' lang='lat' dir='ltr'><strong>nostrte</strong></span> <span class='ocrx_word' id='word_1_905' title='bbox 1544 5343 1723 5396; x_wconf 84' lang='lat' dir='ltr'><strong>carnis</strong></span> <span class='ocrx_word' id='word_1_906' title='bbox 1747 5359 1944 5414; x_wconf 82' lang='lat' dir='ltr'><strong>corpus</strong></span> <span class='ocrx_word' id='word_1_907' title='bbox 1969 5362 2079 5401; x_wconf 87' lang='lat' dir='ltr'><strong>non</strong></span> 
     </span>
    </p>
   </div>
   <div class='ocr_carea' id='block_1_113' title="bbox 489 5408 2079 5477">
    <p class='ocr_par' dir='ltr' id='par_1_113' title="bbox 489 5408 2079 5477">
     <span class='ocr_line' id='line_1_115' title="bbox 489 5408 2079 5477; baseline -0.001 -5"><span class='ocrx_word' id='word_1_908' title='bbox 489 5418 668 5473; x_wconf 86' lang='lat' dir='ltr'><strong>fuerit.</strong></span> <span class='ocrx_word' id='word_1_909' title='bbox 705 5417 836 5472; x_wconf 81' lang='lat' dir='ltr'><strong>Nam</strong></span> <span class='ocrx_word' id='word_1_910' title='bbox 864 5423 919 5469; x_wconf 90' lang='lat' dir='ltr'><strong>et</strong></span> <span class='ocrx_word' id='word_1_911' title='bbox 945 5411 1037 5468; x_wconf 91' lang='lat' dir='ltr'><strong>lib.</strong></span> <span class='ocrx_word' id='word_1_912' title='bbox 1069 5425 1123 5477; x_wconf 88' lang='lat' dir='ltr'><strong>t,</strong></span> <span class='ocrx_word' id='word_1_913' title='bbox 1158 5426 1213 5464; x_wconf 85' lang='grc' dir='ltr'><strong>ιι.</strong></span> <span class='ocrx_word' id='word_1_914' title='bbox 1242 5408 1329 5477; x_wconf 80' lang='grc' dir='ltr'><strong>Η,</strong></span> <span class='ocrx_word' id='word_1_915' title='bbox 1357 5422 1545 5466; x_wconf 60' lang='lat' dir='ltr'><strong>nostra?</strong></span> <span class='ocrx_word' id='word_1_916' title='bbox 1572 5414 1744 5468; x_wconf 83' lang='lat' dir='ltr'><strong>carnis</strong></span> <span class='ocrx_word' id='word_1_917' title='bbox 1775 5408 1912 5471; x_wconf 69' lang='lat' dir='ltr'><strong>Deus</strong></span> <span class='ocrx_word' id='word_1_918' title='bbox 1956 5434 2079 5471; x_wconf 88' lang='lat' dir='ltr'><strong>caro</strong></span> 
     </span>
    </p>
   </div>
   <div class='ocr_carea' id='block_1_114' title="bbox 493 5482 2080 5560">
    <p class='ocr_par' dir='ltr' id='par_1_114' title="bbox 493 5482 2080 5560">
     <span class='ocr_line' id='line_1_116' title="bbox 493 5482 2080 5560; baseline -0.001 -19"><span class='ocrx_word' id='word_1_919' title='bbox 493 5492 660 5560; x_wconf 78' lang='lat' dir='ltr'><strong>[actus</strong></span> <span class='ocrx_word' id='word_1_920' title='bbox 689 5486 1050 5560; x_wconf 32' lang='lat' dir='ltr'><strong>praedicaturn</strong></span> <span class='ocrx_word' id='word_1_921' title='bbox 1083 5491 1140 5536; x_wconf 91' lang='lat' dir='ltr'><strong>ut</strong></span> <span class='ocrx_word' id='word_1_922' title='bbox 1159 5491 1216 5560; x_wconf 59' lang='lat' dir='ltr'><strong>et</strong></span> <span class='ocrx_word' id='word_1_923' title='bbox 1238 5482 1291 5536; x_wconf 86' lang='lat' dir='ltr'><strong>in</strong></span> <span class='ocrx_word' id='word_1_924' title='bbox 1312 5484 1421 5537; x_wconf 87' lang='lat' dir='ltr'><strong>suis</strong></span> <span class='ocrx_word' id='word_1_925' title='bbox 1444 5488 1699 5560; x_wconf 73' lang='lat' dir='ltr'><strong>perfectus</strong></span> <span class='ocrx_word' id='word_1_926' title='bbox 1736 5485 1833 5560; x_wconf 75' lang='lat' dir='ltr'><strong>sit,</strong></span> <span class='ocrx_word' id='word_1_927' title='bbox 1855 5497 1905 5560; x_wconf 89' lang='lat' dir='ltr'><strong>et</strong></span> <span class='ocrx_word' id='word_1_928' title='bbox 1934 5503 2080 5560; x_wconf 80' lang='lat' dir='ltr'><strong>verus</strong></span> 
     </span>
    </p>
   </div>
   <div class='ocr_carea' id='block_1_115' title="bbox 490 5550 2079 5630">
    <p class='ocr_par' dir='ltr' id='par_1_115' title="bbox 490 5550 2079 5630">
     <span class='ocr_line' id='line_1_117' title="bbox 490 5550 2079 5630; baseline 0.001 -17"><span class='ocrx_word' id='word_1_929' title='bbox 490 5550 543 5613; x_wconf 72' lang='lat' dir='ltr'><strong>in</strong></span> <span class='ocrx_word' id='word_1_930' title='bbox 573 5550 756 5614; x_wconf 69' lang='lat' dir='ltr'><strong>nostris</strong></span> <span class='ocrx_word' id='word_1_931' title='bbox 774 5566 872 5630; x_wconf 10' lang='lat' dir='ltr'><strong>;ret</strong></span> <span class='ocrx_word' id='word_1_932' title='bbox 902 5555 991 5610; x_wconf 85' lang='lat' dir='ltr'><strong>hic</strong></span> <span class='ocrx_word' id='word_1_933' title='bbox 1017 5550 1295 5630; x_wconf 83' lang='lat' dir='ltr'><strong>ipse_lib_cr</strong></span> <span class='ocrx_word' id='word_1_934' title='bbox 1318 5550 1480 5623; x_wconf 50' lang='lat' dir='ltr'><strong>SUpr&#39;a</strong></span> <span class='ocrx_word' id='word_1_935' title='bbox 1509 5550 1563 5610; x_wconf 74' lang='lat' dir='ltr'><strong>et</strong></span> <span class='ocrx_word' id='word_1_936' title='bbox 1588 5554 1735 5630; x_wconf 13' lang='lat' dir='ltr'><strong>iul&#39;rai</strong></span> <span class='ocrx_word' id='word_1_937' title='bbox 1758 5550 1889 5630; x_wconf 79' lang='lat' dir='ltr'><strong>nihil</strong></span> <span class='ocrx_word' id='word_1_938' title='bbox 1920 5559 2079 5630; x_wconf 80' lang='lat' dir='ltr'><strong>quiti-</strong></span> 
     </span>
    </p>
   </div>
   <div class='ocr_carea' id='block_1_116' title="bbox 490 5622 2079 5697">
    <p class='ocr_par' dir='ltr' id='par_1_116' title="bbox 490 5622 2079 5697">
     <span class='ocr_line' id='line_1_118' title="bbox 490 5622 2079 5697; baseline 0.003 -16"><span class='ocrx_word' id='word_1_939' title='bbox 490 5647 649 5696; x_wconf 83' lang='lat' dir='ltr'><strong>qu.uu</strong></span> <span class='ocrx_word' id='word_1_940' title='bbox 678 5622 847 5697; x_wconf 84' lang='lat' dir='ltr'><strong>magis</strong></span> <span class='ocrx_word' id='word_1_941' title='bbox 875 5633 1113 5681; x_wconf 89' lang='lat' dir='ltr'><strong>resonat.</strong></span> <span class='ocrx_word' id='word_1_942' title='bbox 1144 5622 1202 5678; x_wconf 92' lang='lat' dir='ltr'><strong>ln</strong></span> <span class='ocrx_word' id='word_1_943' title='bbox 1230 5625 1330 5682; x_wconf 87' lang='lat' dir='ltr'><strong>hac</strong></span> <span class='ocrx_word' id='word_1_944' title='bbox 1369 5622 1562 5681; x_wconf 88' lang='lat' dir='ltr'><strong>natura</strong></span> <span class='ocrx_word' id='word_1_945' title='bbox 1609 5642 1639 5681; x_wconf 79' lang='grc' dir='ltr'><strong>ιι</strong></span> <span class='ocrx_word' id='word_1_946' title='bbox 1688 5629 1833 5685; x_wconf 91' lang='lat' dir='ltr'><strong>vitiis</strong></span> <span class='ocrx_word' id='word_1_947' title='bbox 1874 5622 2079 5686; x_wconf 77' lang='lat' dir='ltr'><strong>nostris</strong></span> 
     </span>
    </p>
   </div>
   <div class='ocr_carea' id='block_1_117' title="bbox 485 5696 2079 5769">
    <p class='ocr_par' dir='ltr' id='par_1_117' title="bbox 485 5696 2079 5769">
     <span class='ocr_line' id='line_1_119' title="bbox 485 5696 2079 5769; baseline 0.001 -9"><span class='ocrx_word' id='word_1_948' title='bbox 485 5700 658 5760; x_wconf 82' lang='lat' dir='ltr'><strong>libera</strong></span> <span class='ocrx_word' id='word_1_949' title='bbox 681 5696 833 5757; x_wconf 82' lang='lat' dir='ltr'><strong>dolor</strong></span> <span class='ocrx_word' id='word_1_950' title='bbox 856 5710 964 5753; x_wconf 89' lang='lat' dir='ltr'><strong>non</strong></span> <span class='ocrx_word' id='word_1_951' title='bbox 992 5702 1173 5765; x_wconf 89' lang='lat' dir='ltr'><strong>potest</strong></span> <span class='ocrx_word' id='word_1_952' title='bbox 1200 5709 1322 5753; x_wconf 88' lang='lat' dir='ltr'><strong>esse</strong></span> <span class='ocrx_word' id='word_1_953' title='bbox 1348 5696 1450 5754; x_wconf 89' lang='lat' dir='ltr'><strong>nisi</strong></span> <span class='ocrx_word' id='word_1_954' title='bbox 1478 5704 1810 5769; x_wconf 80' lang='lat' dir='ltr'><strong>Spontaueus</strong></span> <span class='ocrx_word' id='word_1_955' title='bbox 1840 5718 1852 5755; x_wconf 90' lang='lat'><strong>:</strong></span> <span class='ocrx_word' id='word_1_956' title='bbox 1886 5716 1959 5759; x_wconf 76' lang='lat' dir='ltr'><strong>ex</strong></span> <span class='ocrx_word' id='word_1_957' title='bbox 1981 5717 2079 5762; x_wconf 88' lang='lat' dir='ltr'><strong>cu—</strong></span> 
     </span>
    </p>
   </div>
   <div class='ocr_carea' id='block_1_118' title="bbox 2192 4491 3793 4566">
    <p class='ocr_par' dir='ltr' id='par_1_118' title="bbox 2192 4491 3793 4566">
     <span class='ocr_line' id='line_1_120' title="bbox 2192 4491 3793 4566; baseline -0.001 -18"><span class='ocrx_word' id='word_1_958' title='bbox 2192 4493 2365 4566; x_wconf 61' lang='lat' dir='ltr'><strong>velle,</strong></span> <span class='ocrx_word' id='word_1_959' title='bbox 2402 4503 2646 4566; x_wconf 66' lang='lat' dir='ltr'><strong>naturam</strong></span> <span class='ocrx_word' id='word_1_960' title='bbox 2680 4493 2741 4566; x_wconf 78' lang='lat' dir='ltr'><strong>i_n_</strong></span> <span class='ocrx_word' id='word_1_961' title='bbox 2759 4491 2978 4566; x_wconf 82' lang='lat' dir='ltr'><strong>Christo</strong></span> <span class='ocrx_word' id='word_1_962' title='bbox 3019 4499 3295 4552; x_wconf 77' lang='lat' dir='ltr'><strong>exstitisse</strong></span> <span class='ocrx_word' id='word_1_963' title='bbox 3338 4498 3571 4566; x_wconf 85' lang='lat' dir='ltr'><strong>aliquam</strong></span> <span class='ocrx_word' id='word_1_964' title='bbox 3611 4496 3683 4549; x_wconf 91' lang='lat' dir='ltr'><strong>ab</strong></span> <span class='ocrx_word' id='word_1_965' title='bbox 3711 4496 3793 4547; x_wconf 86' lang='lat' dir='ltr'><strong>af-</strong></span> 
     </span>
    </p>
   </div>
   <div class='ocr_carea' id='block_1_119' title="bbox 2188 4563 3790 4638">
    <p class='ocr_par' dir='ltr' id='par_1_119' title="bbox 2188 4563 3790 4638">
     <span class='ocr_line' id='line_1_121' title="bbox 2188 4563 3790 4638; baseline 0.001 -19"><span class='ocrx_word' id='word_1_966' title='bbox 2188 4563 2423 4619; x_wconf 76' lang='lat' dir='ltr'><strong>fectione</strong></span> <span class='ocrx_word' id='word_1_967' title='bbox 2446 4563 2895 4638; x_wconf 26' lang='lat' dir='ltr'><strong>ﬂendi,ﬁsitiendi,</strong></span> <span class='ocrx_word' id='word_1_968' title='bbox 2920 4568 3304 4638; x_wconf 78' lang='lat' dir='ltr'><strong>esurientlique</strong></span> <span class='ocrx_word' id='word_1_969' title='bbox 3325 4563 3591 4632; x_wconf 76' lang='lat' dir='ltr'><strong>alienam;</strong></span> <span class='ocrx_word' id='word_1_970' title='bbox 3624 4566 3790 4621; x_wconf 83' lang='lat' dir='ltr'><strong>etiam</strong></span> 
     </span>
    </p>
   </div>
   <div class='ocr_carea' id='block_1_120' title="bbox 2189 4634 3790 4708">
    <p class='ocr_par' dir='ltr' id='par_1_120' title="bbox 2189 4634 3790 4708">
     <span class='ocr_line' id='line_1_122' title="bbox 2189 4634 3790 4708; baseline 0.001 -19"><span class='ocrx_word' id='word_1_971' title='bbox 2189 4649 2313 4708; x_wconf 62' lang='lat' dir='ltr'><strong>eum</strong></span> <span class='ocrx_word' id='word_1_972' title='bbox 2345 4634 2567 4708; x_wconf 84' lang='lat' dir='ltr'><strong>easdem</strong></span> <span class='ocrx_word' id='word_1_973' title='bbox 2588 4634 2902 4708; x_wconf 78' lang='lat' dir='ltr'><strong>aﬂ‘ectiones</strong></span> <span class='ocrx_word' id='word_1_974' title='bbox 2925 4634 3464 4694; x_wconf 63' lang='lat' dir='ltr'><strong>secundum&#39;carncm</strong></span> <span class='ocrx_word' id='word_1_975' title='bbox 3490 4644 3790 4708; x_wconf 81' lang='lat' dir='ltr'><strong>pateretur.</strong></span> 
     </span>
    </p>
   </div>
   <div class='ocr_carea' id='block_1_121' title="bbox 2189 4704 3792 4766">
    <p class='ocr_par' dir='ltr' id='par_1_121' title="bbox 2189 4704 3792 4766">
     <span class='ocr_line' id='line_1_123' title="bbox 2189 4704 3792 4766; baseline 0.002 -5"><span class='ocrx_word' id='word_1_976' title='bbox 2189 4704 2402 4761; x_wconf 88' lang='lat' dir='ltr'><strong>Eodem</strong></span> <span class='ocrx_word' id='word_1_977' title='bbox 2445 4706 2607 4761; x_wconf 89' lang='lat' dir='ltr'><strong>modo</strong></span> <span class='ocrx_word' id='word_1_978' title='bbox 2659 4707 2728 4763; x_wconf 90' lang='lat' dir='ltr'><strong>de</strong></span> <span class='ocrx_word' id='word_1_979' title='bbox 2776 4707 2983 4766; x_wconf 88' lang='lat' dir='ltr'><strong>doloris</strong></span> <span class='ocrx_word' id='word_1_980' title='bbox 3010 4724 3176 4766; x_wconf 87' lang='lat' dir='ltr'><strong>sensu</strong></span> <span class='ocrx_word' id='word_1_981' title='bbox 3219 4709 3456 4765; x_wconf 89' lang='lat' dir='ltr'><strong>locutum</strong></span> <span class='ocrx_word' id='word_1_982' title='bbox 3491 4704 3621 4764; x_wconf 73' lang='lat' dir='ltr'><strong>eum</strong></span> <span class='ocrx_word' id='word_1_983' title='bbox 3664 4723 3792 4765; x_wconf 82' lang='lat' dir='ltr'><strong>esse</strong></span> 
     </span>
    </p>
   </div>
   <div class='ocr_carea' id='block_1_122' title="bbox 2189 4777 2668 4834">
    <p class='ocr_par' dir='ltr' id='par_1_122' title="bbox 2189 4777 2668 4834">
     <span class='ocr_line' id='line_1_124' title="bbox 2189 4777 2668 4834; baseline -0.002 -1"><span class='ocrx_word' id='word_1_984' title='bbox 2189 4777 2538 4833; x_wconf 86' lang='lat' dir='ltr'><strong>sentiendum</strong></span> <span class='ocrx_word' id='word_1_985' title='bbox 2562 4787 2668 4834; x_wconf 91' lang='lat' dir='ltr'><strong>est.</strong></span> 
     </span>
    </p>
   </div>
   <div class='ocr_carea' id='block_1_123' title="bbox 2230 4848 3793 4934">
    <p class='ocr_par' dir='ltr' id='par_1_123' title="bbox 2230 4848 3793 4934">
     <span class='ocr_line' id='line_1_125' title="bbox 2230 4848 3793 4934; baseline 0.001 -31"><span class='ocrx_word' id='word_1_986' title='bbox 2230 4850 2329 4931; x_wconf 41' lang='lat' dir='ltr'><strong>.(i)</strong></span> <span class='ocrx_word' id='word_1_987' title='bbox 2379 4848 2581 4918; x_wconf 83' lang='lat' dir='ltr'><strong>Supple</strong></span> <span class='ocrx_word' id='word_1_988' title='bbox 2626 4851 2873 4934; x_wconf 64' lang='lat' dir='ltr'><strong>permissa</strong></span> <span class='ocrx_word' id='word_1_989' title='bbox 3058 4848 3197 4907; x_wconf 85' lang='lat' dir='ltr'><strong>Tum</strong></span> <span class='ocrx_word' id='word_1_990' title='bbox 3228 4851 3463 4921; x_wconf 76' lang='lat' dir='ltr'><strong>vulgati,</strong></span> <span class='ocrx_word' id='word_1_991' title='bbox 3494 4860 3548 4905; x_wconf 71' lang='lat' dir='ltr'><strong>ut</strong></span> <span class='ocrx_word' id='word_1_992' title='bbox 3588 4850 3793 4933; x_wconf 74' lang='lat' dir='ltr'><strong>passio-</strong></span> 
     </span>
    </p>
   </div>
   <div class='ocr_carea' id='block_1_124' title="bbox 2182 4922 3798 4993">
    <p class='ocr_par' dir='ltr' id='par_1_124' title="bbox 2182 4922 3798 4993">
     <span class='ocr_line' id='line_1_126' title="bbox 2182 4922 3798 4993; baseline 0.01 -19"><span class='ocrx_word' id='word_1_993' title='bbox 2182 4922 2310 4984; x_wconf 85' lang='lat' dir='ltr'><strong>nis;</strong></span> <span class='ocrx_word' id='word_1_994' title='bbox 2342 4936 2405 4974; x_wconf 83' lang='lat' dir='ltr'><strong>ac</strong></span> <span class='ocrx_word' id='word_1_995' title='bbox 2434 4930 2659 4993; x_wconf 68' lang='lat' dir='ltr'><strong>tnox,_et</strong></span> <span class='ocrx_word' id='word_1_996' title='bbox 2679 4923 2855 4977; x_wconf 83' lang='lat' dir='ltr'><strong>sitiens</strong></span> <span class='ocrx_word' id='word_1_997' title='bbox 2883 4923 3024 4978; x_wconf 82' lang='lat' dir='ltr'><strong>sitim</strong></span> <span class='ocrx_word' id='word_1_998' title='bbox 3052 4941 3158 4978; x_wconf 82' lang='lat' dir='ltr'><strong>non</strong></span> <span class='ocrx_word' id='word_1_999' title='bbox 3186 4935 3428 4993; x_wconf 75' lang='lat' dir='ltr'><strong>patulum</strong></span> <span class='ocrx_word' id='word_1_1000' title='bbox 3454 4939 3475 4979; x_wconf 73' lang='grc' dir='ltr'><strong><em>ἔ</em></strong></span> <span class='ocrx_word' id='word_1_1001' title='bbox 3504 4922 3798 4993; x_wconf 58' lang='lat' dir='ltr'><strong>conisum</strong></span> 
     </span>
    </p>
   </div>
   <div class='ocr_carea' id='block_1_125' title="bbox 2189 4991 3790 5063">
    <p class='ocr_par' dir='ltr' id='par_1_125' title="bbox 2189 4991 3790 5063">
     <span class='ocr_line' id='line_1_127' title="bbox 2189 4991 3790 5063; baseline 0.001 -19"><span class='ocrx_word' id='word_1_1002' title='bbox 2189 5002 2274 5045; x_wconf 89' lang='lat' dir='ltr'><strong>tur</strong></span> <span class='ocrx_word' id='word_1_1003' title='bbox 2304 5007 2370 5063; x_wconf 81' lang='lat' dir='ltr'><strong>ex</strong></span> <span class='ocrx_word' id='word_1_1004' title='bbox 2419 5007 2549 5046; x_wconf 88' lang='lat' dir='ltr'><strong>mss.</strong></span> <span class='ocrx_word' id='word_1_1005' title='bbox 2582 4991 2696 5046; x_wconf 78' lang='lat' dir='ltr'><strong>Non</strong></span> <span class='ocrx_word' id='word_1_1006' title='bbox 2732 5004 2817 5048; x_wconf 90' lang='lat' dir='ltr'><strong>est</strong></span> <span class='ocrx_word' id='word_1_1007' title='bbox 2866 4994 2953 5048; x_wconf 89' lang='lat' dir='ltr'><strong>hic</strong></span> <span class='ocrx_word' id='word_1_1008' title='bbox 2987 4991 3322 5063; x_wconf 77' lang='lat' dir='ltr'><strong>negligenter</strong></span> <span class='ocrx_word' id='word_1_1009' title='bbox 3364 4992 3790 5055; x_wconf 82' lang='lat' dir='ltr'><strong>transeundum,</strong></span> 
     </span>
    </p>
   </div>
   <div class='ocr_carea' id='block_1_126' title="bbox 2185 5060 3792 5135">
    <p class='ocr_par' dir='ltr' id='par_1_126' title="bbox 2185 5060 3792 5135">
     <span class='ocr_line' id='line_1_128' title="bbox 2185 5060 3792 5135; baseline 0 -20"><span class='ocrx_word' id='word_1_1010' title='bbox 2185 5060 2331 5132; x_wconf 81' lang='lat' dir='ltr'><strong>quod</strong></span> <span class='ocrx_word' id='word_1_1011' title='bbox 2360 5073 2628 5135; x_wconf 78' lang='lat' dir='ltr'><strong>assumpta</strong></span> <span class='ocrx_word' id='word_1_1012' title='bbox 2664 5080 2784 5118; x_wconf 87' lang='lat' dir='ltr'><strong>caro</strong></span> <span class='ocrx_word' id='word_1_1013' title='bbox 2835 5066 2903 5119; x_wconf 90' lang='lat' dir='ltr'><strong>ab</strong></span> <span class='ocrx_word' id='word_1_1014' title='bbox 2945 5060 3179 5135; x_wconf 65' lang='lat' dir='ltr'><strong>ipsumet</strong></span> <span class='ocrx_word' id='word_1_1015' title='bbox 3230 5066 3435 5121; x_wconf 86' lang='lat' dir='ltr'><strong>Hilario</strong></span> <span class='ocrx_word' id='word_1_1016' title='bbox 3482 5068 3792 5133; x_wconf 71' lang='lat' dir='ltr'><strong>expatiatur</strong></span> 
     </span>
    </p>
   </div>
   <div class='ocr_carea' id='block_1_127' title="bbox 2188 5132 3790 5214">
    <p class='ocr_par' dir='ltr' id='par_1_127' title="bbox 2188 5132 3790 5214">
     <span class='ocr_line' id='line_1_129' title="bbox 2188 5132 3790 5214; baseline 0.001 -28"><span class='ocrx_word' id='word_1_1017' title='bbox 2188 5142 2329 5214; x_wconf 40' lang='lat' dir='ltr'><strong>totus.</strong></span> <span class='ocrx_word' id='word_1_1018' title='bbox 2349 5132 2500 5185; x_wconf 87' lang='lat' dir='ltr'><strong>homo</strong></span> <span class='ocrx_word' id='word_1_1019' title='bbox 2528 5149 2548 5187; x_wconf 92' lang='lat'><strong><em>:</em></strong></span> <span class='ocrx_word' id='word_1_1020' title='bbox 2578 5149 2740 5214; x_wconf 79' lang='lat' dir='ltr'><strong>quem</strong></span> <span class='ocrx_word' id='word_1_1021' title='bbox 2782 5132 2981 5192; x_wconf 82' lang='lat' dir='ltr'><strong>deinde</strong></span> <span class='ocrx_word' id='word_1_1022' title='bbox 3007 5138 3259 5214; x_wconf 81' lang='lat' dir='ltr'><strong>concedit</strong></span> <span class='ocrx_word' id='word_1_1023' title='bbox 3283 5132 3619 5214; x_wconf 65' lang='lat' dir='ltr'><strong>permissum</strong></span> <span class='ocrx_word' id='word_1_1024' title='bbox 3664 5146 3790 5189; x_wconf 79' lang='lat' dir='ltr'><strong>esse</strong></span> 
     </span>
    </p>
   </div>
   <div class='ocr_carea' id='block_1_128' title="bbox 2229 5205 3788 5285">
    <p class='ocr_par' dir='ltr' id='par_1_128' title="bbox 2229 5205 3788 5285">
     <span class='ocr_line' id='line_1_130' title="bbox 2229 5205 3788 5285; baseline 0.001 -29"><span class='ocrx_word' id='word_1_1025' title='bbox 2229 5205 2491 5285; x_wconf 60' lang='lat' dir='ltr'><strong>assiouimt</strong></span> <span class='ocrx_word' id='word_1_1026' title='bbox 2513 5206 2730 5265; x_wconf 81' lang='lat' dir='ltr'><strong>naturis.</strong></span> <span class='ocrx_word' id='word_1_1027' title='bbox 2759 5220 2865 5261; x_wconf 90' lang='lat' dir='ltr'><strong>non</strong></span> <span class='ocrx_word' id='word_1_1028' title='bbox 2889 5208 3194 5285; x_wconf 77' lang='lat' dir='ltr'><strong>passionum</strong></span> <span class='ocrx_word' id='word_1_1029' title='bbox 3218 5209 3446 5285; x_wconf 64' lang='lat' dir='ltr'><strong>injuriis.</strong></span> <span class='ocrx_word' id='word_1_1030' title='bbox 3476 5205 3690 5274; x_wconf 80' lang='lat' dir='ltr'><strong>Quippe</strong></span> <span class='ocrx_word' id='word_1_1031' title='bbox 3716 5218 3788 5258; x_wconf 71' lang='lat' dir='ltr'><strong>ex</strong></span> 
     </span>
    </p>
   </div>
   <div class='ocr_carea' id='block_1_129' title="bbox 2209 5276 3790 5343">
    <p class='ocr_par' dir='ltr' id='par_1_129' title="bbox 2209 5276 3790 5343">
     <span class='ocr_line' id='line_1_131' title="bbox 2209 5276 3790 5343; baseline -0.001 -14"><span class='ocrx_word' id='word_1_1032' title='bbox 2209 5276 2274 5329; x_wconf 88' lang='lat' dir='ltr'><strong>tis</strong></span> <span class='ocrx_word' id='word_1_1033' title='bbox 2315 5276 2660 5343; x_wconf 84' lang='lat' dir='ltr'><strong>perspicuum</strong></span> <span class='ocrx_word' id='word_1_1034' title='bbox 2689 5287 2806 5340; x_wconf 86' lang='lat' dir='ltr'><strong>est,</strong></span> <span class='ocrx_word' id='word_1_1035' title='bbox 2845 5293 2971 5335; x_wconf 89' lang='lat' dir='ltr'><strong>eum</strong></span> <span class='ocrx_word' id='word_1_1036' title='bbox 3000 5282 3238 5334; x_wconf 85' lang='lat' dir='ltr'><strong>sensisse</strong></span> <span class='ocrx_word' id='word_1_1037' title='bbox 3274 5276 3559 5333; x_wconf 84' lang='lat' dir='ltr'><strong>Christum</strong></span> <span class='ocrx_word' id='word_1_1038' title='bbox 3598 5290 3790 5330; x_wconf 77' lang='lat' dir='ltr'><strong>secun-</strong></span> 
     </span>
    </p>
   </div>
   <div class='ocr_carea' id='block_1_130' title="bbox 2188 5343 3794 5416">
    <p class='ocr_par' dir='ltr' id='par_1_130' title="bbox 2188 5343 3794 5416">
     <span class='ocr_line' id='line_1_132' title="bbox 2188 5343 3794 5416; baseline -0.002 -16"><span class='ocrx_word' id='word_1_1039' title='bbox 2188 5343 2317 5400; x_wconf 86' lang='lat' dir='ltr'><strong>dum</strong></span> <span class='ocrx_word' id='word_1_1040' title='bbox 2345 5345 2618 5401; x_wconf 89' lang='lat' dir='ltr'><strong>hominem</strong></span> <span class='ocrx_word' id='word_1_1041' title='bbox 2647 5356 2840 5412; x_wconf 85' lang='lat' dir='ltr'><strong>totum,</strong></span> <span class='ocrx_word' id='word_1_1042' title='bbox 2864 5349 2918 5405; x_wconf 91' lang='lat' dir='ltr'><strong>id</strong></span> <span class='ocrx_word' id='word_1_1043' title='bbox 2944 5359 3053 5416; x_wconf 90' lang='lat' dir='ltr'><strong>est,</strong></span> <span class='ocrx_word' id='word_1_1044' title='bbox 3098 5360 3205 5405; x_wconf 87' lang='lat' dir='ltr'><strong>tam</strong></span> <span class='ocrx_word' id='word_1_1045' title='bbox 3231 5349 3532 5404; x_wconf 86' lang='lat' dir='ltr'><strong>secundum</strong></span> <span class='ocrx_word' id='word_1_1046' title='bbox 3560 5347 3794 5401; x_wconf 80' lang='lat' dir='ltr'><strong>animant</strong></span> 
     </span>
    </p>
   </div>
   <div class='ocr_carea' id='block_1_131' title="bbox 2189 5417 3787 5546">
    <p class='ocr_par' dir='ltr' id='par_1_131' title="bbox 2189 5417 3787 5546">
     <span class='ocr_line' id='line_1_133' title="bbox 2189 5417 3787 5488; baseline 0.001 -18"><span class='ocrx_word' id='word_1_1047' title='bbox 2189 5431 2352 5487; x_wconf 88' lang='lat' dir='ltr'><strong>quam</strong></span> <span class='ocrx_word' id='word_1_1048' title='bbox 2392 5418 2693 5472; x_wconf 82' lang='lat' dir='ltr'><strong>secundum</strong></span> <span class='ocrx_word' id='word_1_1049' title='bbox 2735 5434 2955 5477; x_wconf 83' lang='lat' dir='ltr'><strong>carnem</strong></span> <span class='ocrx_word' id='word_1_1050' title='bbox 2982 5461 2998 5487; x_wconf 91' lang='lat'><strong>,</strong></span> <span class='ocrx_word' id='word_1_1051' title='bbox 3131 5419 3406 5475; x_wconf 66' lang='lat' dir='ltr'><strong>ssionibus</strong></span> <span class='ocrx_word' id='word_1_1052' title='bbox 3463 5417 3787 5488; x_wconf 78' lang='lat' dir='ltr'><strong>permissum</strong></span> 
     </span>
     <span class='ocr_line' id='line_1_134' title="bbox 2190 5437 3787 5546; baseline -0.002 -2"><span class='ocrx_word' id='word_1_1053' title='bbox 2190 5502 2349 5546; x_wconf 83' lang='lat' dir='ltr'><strong>esse;</strong></span> <span class='ocrx_word' id='word_1_1054' title='bbox 2374 5503 2483 5542; x_wconf 89' lang='lat' dir='ltr'><strong>non</strong></span> <span class='ocrx_word' id='word_1_1055' title='bbox 2515 5490 2734 5546; x_wconf 80' lang='lat' dir='ltr'><strong>quidem</strong></span> <span class='ocrx_word' id='word_1_1056' title='bbox 2764 5505 3036 5546; x_wconf 87' lang='lat' dir='ltr'><strong>auatenus</strong></span> <span class='ocrx_word' id='word_1_1057' title='bbox 3057 5437 3244 5546; x_wconf 41' lang='lat' dir='ltr'><strong>an)&quot;</strong></span> <span class='ocrx_word' id='word_1_1058' title='bbox 3273 5490 3553 5546; x_wconf 64' lang='lat' dir='ltr'><strong>iniuriosae</strong></span> <span class='ocrx_word' id='word_1_1059' title='bbox 3577 5498 3636 5546; x_wconf 85' lang='lat' dir='ltr'><strong>et</strong></span> <span class='ocrx_word' id='word_1_1060' title='bbox 3662 5502 3787 5543; x_wconf 87' lang='lat' dir='ltr'><strong>con-</strong></span> 
     </span>
    </p>
   </div>
   <div class='ocr_carea' id='block_1_132' title="bbox 2190 5490 3795 5563">
    <p class='ocr_par' dir='ltr' id='par_1_132' title="bbox 2190 5490 3795 5563">
     <span class='ocr_line' id='line_1_135' title="bbox 2190 5490 3795 5563; baseline -0.002 -19"><span class='ocrx_word' id='word_1_1061' title='bbox 2190 5502 2315 5544; x_wconf 90' lang='lat' dir='ltr'><strong>esse</strong></span> <span class='ocrx_word' id='word_1_1062' title='bbox 2329 5503 2355 5563; x_wconf 76' lang='lat'><strong>;_</strong></span> <span class='ocrx_word' id='word_1_1063' title='bbox 2369 5503 2483 5563; x_wconf 79' lang='lat' dir='ltr'><strong>non</strong></span> <span class='ocrx_word' id='word_1_1064' title='bbox 2515 5490 2734 5559; x_wconf 88' lang='lat' dir='ltr'><strong>quidem</strong></span> <span class='ocrx_word' id='word_1_1065' title='bbox 2764 5505 3036 5563; x_wconf 87' lang='lat' dir='ltr'><strong>quatenus</strong></span> <span class='ocrx_word' id='word_1_1066' title='bbox 3060 5490 3244 5563; x_wconf 85' lang='lat' dir='ltr'><strong>Verbo</strong></span> <span class='ocrx_word' id='word_1_1067' title='bbox 3264 5490 3553 5563; x_wconf 64' lang='lat' dir='ltr'><strong>iniuriosae</strong></span> <span class='ocrx_word' id='word_1_1068' title='bbox 3577 5498 3636 5546; x_wconf 85' lang='lat' dir='ltr'><strong>et</strong></span> <span class='ocrx_word' id='word_1_1069' title='bbox 3662 5502 3795 5543; x_wconf 86' lang='lat' dir='ltr'><strong>con-</strong></span> 
     </span>
    </p>
   </div>
   <div class='ocr_carea' id='block_1_133' title="bbox 2188 5560 3661 5633">
    <p class='ocr_par' dir='ltr' id='par_1_133' title="bbox 2188 5560 3661 5633">
     <span class='ocr_line' id='line_1_136' title="bbox 2188 5560 3661 5633; baseline 0.001 -21"><span class='ocrx_word' id='word_1_1070' title='bbox 2188 5560 2496 5633; x_wconf 68' lang='lat' dir='ltr'><strong>tumeliosa:</strong></span> <span class='ocrx_word' id='word_1_1071' title='bbox 2522 5570 2649 5633; x_wconf 67' lang='lat' dir='ltr'><strong>su!!!</strong></span> <span class='ocrx_word' id='word_1_1072' title='bbox 2668 5602 2685 5628; x_wconf 66' lang='grc' dir='ltr'><em>υ</em></span> <span class='ocrx_word' id='word_1_1073' title='bbox 2715 5560 2810 5617; x_wconf 80' lang='lat' dir='ltr'><strong>sed</strong></span> <span class='ocrx_word' id='word_1_1074' title='bbox 2838 5573 3107 5633; x_wconf 82' lang='lat' dir='ltr'><strong>quatenus</strong></span> <span class='ocrx_word' id='word_1_1075' title='bbox 3128 5562 3337 5618; x_wconf 79' lang='lat' dir='ltr'><strong>homini</strong></span> <span class='ocrx_word' id='word_1_1076' title='bbox 3366 5563 3661 5618; x_wconf 82' lang='lat' dir='ltr'><strong>naturales.</strong></span> 
     </span>
    </p>
   </div>
   <div class='ocr_carea' id='block_1_134' title="bbox 2271 5626 3790 5705">
    <p class='ocr_par' dir='ltr' id='par_1_134' title="bbox 2271 5626 3790 5705">
     <span class='ocr_line' id='line_1_137' title="bbox 2271 5626 3790 5705; baseline -0.016 -5"><span class='ocrx_word' id='word_1_1077' title='bbox 2271 5627 2343 5700; x_wconf 67' lang='grc' dir='ltr'><strong>(ί)</strong></span> <span class='ocrx_word' id='word_1_1078' title='bbox 2368 5626 2426 5685; x_wconf 80' lang='grc' dir='ltr'><strong>Ῑη</strong></span> <span class='ocrx_word' id='word_1_1079' title='bbox 2465 5646 2570 5705; x_wconf 52' lang='lat' dir='ltr'><strong>llis.</strong></span> <span class='ocrx_word' id='word_1_1080' title='bbox 2605 5626 2730 5705; x_wconf 70' lang='lat' dir='ltr'><strong>Vat.</strong></span> <span class='ocrx_word' id='word_1_1081' title='bbox 2760 5626 2878 5689; x_wconf 62' lang='lat' dir='ltr'><strong>bas&#39;.</strong></span> <span class='ocrx_word' id='word_1_1082' title='bbox 2905 5675 2921 5700; x_wconf 95' lang='lat'><strong>,</strong></span> <span class='ocrx_word' id='word_1_1083' title='bbox 2952 5634 3019 5689; x_wconf 76' lang='lat' dir='ltr'><strong>sit</strong></span> <span class='ocrx_word' id='word_1_1084' title='bbox 3043 5634 3249 5705; x_wconf 82' lang='lat' dir='ltr'><strong>corpori</strong></span> <span class='ocrx_word' id='word_1_1085' title='bbox 3278 5635 3636 5705; x_wconf 57' lang='lat' dir='ltr'><strong>satisfactum,</strong></span> <span class='ocrx_word' id='word_1_1086' title='bbox 3665 5641 3790 5703; x_wconf 67' lang='lat' dir='ltr'><strong>per.</strong></span> 
     </span>
    </p>
   </div>
   <div class='ocr_carea' id='block_1_135' title="bbox 2193 5702 3396 5775">
    <p class='ocr_par' dir='ltr' id='par_1_135' title="bbox 2193 5702 3396 5775">
     <span class='ocr_line' id='line_1_138' title="bbox 2193 5702 3396 5775; baseline 0.002 -17"><span class='ocrx_word' id='word_1_1087' title='bbox 2193 5712 2385 5771; x_wconf 82' lang='lat' dir='ltr'><strong>peram</strong></span> <span class='ocrx_word' id='word_1_1088' title='bbox 2413 5702 2617 5760; x_wconf 90' lang='lat' dir='ltr'><strong>omisso</strong></span> <span class='ocrx_word' id='word_1_1089' title='bbox 2648 5702 2798 5775; x_wconf 88' lang='lat' dir='ltr'><strong>prius</strong></span> <span class='ocrx_word' id='word_1_1090' title='bbox 2824 5705 2996 5765; x_wconf 82' lang='lat' dir='ltr'><strong>verbo</strong></span> <span class='ocrx_word' id='word_1_1091' title='bbox 3019 5702 3396 5763; x_wconf 70' lang='lat' dir='ltr'><strong>consuetudini.</strong></span> 
     </span>
    </p>
   </div>
  </div>
