  <div class='ocr_page' id='page_1' title='image "/cluster/home/n/w/nwhite01/storage/ocr_20150623/10/hvd.32044096580394/188.png"; bbox 0 0 4094 6180; ppageno 0'>
   <div class='ocr_carea' id='block_1_1' title="bbox 307 193 412 255">
    <p class='ocr_par' dir='ltr' id='par_1_1' title="bbox 307 193 412 255">
     <span class='ocr_line' id='line_1_1' title="bbox 307 193 412 255; baseline 0 0"><span class='ocrx_word' id='word_1_1' title='bbox 307 193 412 255; x_wconf 76' lang='lat'><strong>565</strong></span> 
     </span>
    </p>
   </div>
   <div class='ocr_carea' id='block_1_2' title="bbox 1529 187 2374 253">
    <p class='ocr_par' dir='ltr' id='par_1_2' title="bbox 1529 187 2374 253">
     <span class='ocr_line' id='line_1_2' title="bbox 1529 187 2374 253; baseline -0.004 -3"><span class='ocrx_word' id='word_1_2' title='bbox 1529 191 1616 251; x_wconf 83' lang='lat' dir='ltr'><strong>DE</strong></span> <span class='ocrx_word' id='word_1_3' title='bbox 1653 190 1922 253; x_wconf 71' lang='lat' dir='ltr'><strong>TRINITA</strong></span> <span class='ocrx_word' id='word_1_4' title='bbox 1935 188 2024 249; x_wconf 75' lang='grc' dir='ltr'>ΤΕ</span> <span class='ocrx_word' id='word_1_5' title='bbox 2060 187 2267 249; x_wconf 70' lang='lat' dir='ltr'><strong>LIBER</strong></span> <span class='ocrx_word' id='word_1_6' title='bbox 2306 188 2374 248; x_wconf 75' lang='grc' dir='ltr'><strong>Χ.</strong></span> 
     </span>
    </p>
   </div>
   <div class='ocr_carea' id='block_1_3' title="bbox 3491 200 3598 259">
    <p class='ocr_par' dir='ltr' id='par_1_3' title="bbox 3491 200 3598 259">
     <span class='ocr_line' id='line_1_3' title="bbox 3491 200 3598 259; baseline 0 0"><span class='ocrx_word' id='word_1_7' title='bbox 3491 200 3598 259; x_wconf 73' lang='grc'><strong>866</strong></span> 
     </span>
    </p>
   </div>
   <div class='ocr_carea' id='block_1_4' title="bbox 304 307 3596 394">
    <p class='ocr_par' dir='ltr' id='par_1_4' title="bbox 304 307 3596 394">
     <span class='ocr_line' id='line_1_4' title="bbox 304 307 3596 394; baseline 0.001 -25"><span class='ocrx_word' id='word_1_8' title='bbox 304 331 401 385; x_wconf 89' lang='lat' dir='ltr'><strong>per</strong></span> <span class='ocrx_word' id='word_1_9' title='bbox 429 314 838 387; x_wconf 86' lang='lat' dir='ltr'><strong>generationem</strong></span> <span class='ocrx_word' id='word_1_10' title='bbox 862 314 1097 386; x_wconf 74' lang='lat' dir='ltr'><strong>Virginis</strong></span> <span class='ocrx_word' id='word_1_11' title='bbox 1123 314 1458 379; x_wconf 82' lang='lat' dir='ltr'><strong>inessemus,</strong></span> <span class='ocrx_word' id='word_1_12' title='bbox 1492 313 1585 371; x_wconf 87' lang='lat' dir='ltr'><strong>sed</strong></span> <span class='ocrx_word' id='word_1_13' title='bbox 1625 322 1809 369; x_wconf 84' lang='lat' dir='ltr'><strong>nostra</strong></span> <span class='ocrx_word' id='word_1_14' title='bbox 1845 312 1897 367; x_wconf 91' lang='lat' dir='ltr'><strong>in</strong></span> <span class='ocrx_word' id='word_1_15' title='bbox 1926 334 1980 394; x_wconf 72' lang='grc' dir='ltr'><strong>Α</strong></span> <span class='ocrx_word' id='word_1_16' title='bbox 2004 325 2110 364; x_wconf 91' lang='lat' dir='ltr'><strong>non</strong></span> <span class='ocrx_word' id='word_1_17' title='bbox 2137 319 2222 365; x_wconf 89' lang='lat' dir='ltr'><strong>est</strong></span> <span class='ocrx_word' id='word_1_18' title='bbox 2242 308 2295 364; x_wconf 92' lang='lat' dir='ltr'><strong>in</strong></span> <span class='ocrx_word' id='word_1_19' title='bbox 2322 307 2529 378; x_wconf 87' lang='lat' dir='ltr'><strong>peccati</strong></span> <span class='ocrx_word' id='word_1_20' title='bbox 2551 308 2880 379; x_wconf 69' lang='lat' dir='ltr'><strong>proprietate</strong></span> <span class='ocrx_word' id='word_1_21' title='bbox 2901 308 3027 365; x_wconf 85' lang='lat' dir='ltr'><strong>dum</strong></span> <span class='ocrx_word' id='word_1_22' title='bbox 3046 308 3295 368; x_wconf 72' lang='lat' dir='ltr'><strong>Christus</strong></span> <span class='ocrx_word' id='word_1_23' title='bbox 3324 324 3406 371; x_wconf 91' lang='lat' dir='ltr'><strong>est</strong></span> <span class='ocrx_word' id='word_1_24' title='bbox 3431 332 3444 370; x_wconf 87' lang='lat'><strong>:</strong></span> <span class='ocrx_word' id='word_1_25' title='bbox 3473 320 3596 388; x_wconf 86' lang='lat' dir='ltr'><strong>quia</strong></span> 
     </span>
    </p>
   </div>
   <div class='ocr_carea' id='block_1_5' title="bbox 305 404 1897 477">
    <p class='ocr_par' dir='ltr' id='par_1_5' title="bbox 305 404 1897 477">
     <span class='ocr_line' id='line_1_5' title="bbox 305 404 1897 477; baseline -0.002 -14"><span class='ocrx_word' id='word_1_26' title='bbox 305 421 369 463; x_wconf 90' lang='lat' dir='ltr'><strong>eo</strong></span> <span class='ocrx_word' id='word_1_27' title='bbox 413 423 509 477; x_wconf 86' lang='lat' dir='ltr'><strong>per</strong></span> <span class='ocrx_word' id='word_1_28' title='bbox 536 409 792 463; x_wconf 88' lang='lat' dir='ltr'><strong>virtutem</strong></span> <span class='ocrx_word' id='word_1_29' title='bbox 840 407 1094 476; x_wconf 74' lang='lat' dir='ltr'><strong>protecta:</strong></span> <span class='ocrx_word' id='word_1_30' title='bbox 1137 423 1202 461; x_wconf 79' lang='lat' dir='ltr'><strong>ex</strong></span> <span class='ocrx_word' id='word_1_31' title='bbox 1246 421 1308 462; x_wconf 87' lang='lat' dir='ltr'><strong>se</strong></span> <span class='ocrx_word' id='word_1_32' title='bbox 1348 405 1573 477; x_wconf 77' lang='lat' dir='ltr'><strong>originis</strong></span> <span class='ocrx_word' id='word_1_33' title='bbox 1606 404 1738 460; x_wconf 90' lang='lat' dir='ltr'><strong>vitia</strong></span> <span class='ocrx_word' id='word_1_34' title='bbox 1791 420 1897 460; x_wconf 92' lang='lat' dir='ltr'><strong>non</strong></span> 
     </span>
    </p>
   </div>
   <div class='ocr_carea' id='block_1_6' title="bbox 304 497 1896 565">
    <p class='ocr_par' dir='ltr' id='par_1_6' title="bbox 304 497 1896 565">
     <span class='ocr_line' id='line_1_6' title="bbox 304 497 1896 565; baseline -0.001 -12"><span class='ocrx_word' id='word_1_35' title='bbox 304 499 543 555; x_wconf 90' lang='lat' dir='ltr'><strong>inessent</strong></span> <span class='ocrx_word' id='word_1_36' title='bbox 573 516 589 555; x_wconf 91' lang='lat'><strong>:</strong></span> <span class='ocrx_word' id='word_1_37' title='bbox 618 498 743 554; x_wconf 90' lang='lat' dir='ltr'><strong>dum</strong></span> <span class='ocrx_word' id='word_1_38' title='bbox 775 498 940 554; x_wconf 88' lang='lat' dir='ltr'><strong>homo</strong></span> <span class='ocrx_word' id='word_1_39' title='bbox 961 507 1151 565; x_wconf 88' lang='lat' dir='ltr'><strong>natus,</strong></span> <span class='ocrx_word' id='word_1_40' title='bbox 1182 514 1287 554; x_wconf 90' lang='lat' dir='ltr'><strong>non</strong></span> <span class='ocrx_word' id='word_1_41' title='bbox 1319 499 1463 553; x_wconf 85' lang='lat' dir='ltr'><strong>vitiis</strong></span> <span class='ocrx_word' id='word_1_42' title='bbox 1492 497 1743 554; x_wconf 70' lang='lat' dir='ltr'><strong>humanae</strong></span> <span class='ocrx_word' id='word_1_43' title='bbox 1766 512 1896 552; x_wconf 88' lang='lat' dir='ltr'><strong>con-</strong></span> 
     </span>
    </p>
   </div>
   <div class='ocr_carea' id='block_1_7' title="bbox 305 590 1903 661">
    <p class='ocr_par' dir='ltr' id='par_1_7' title="bbox 305 590 1903 661">
     <span class='ocr_line' id='line_1_7' title="bbox 305 590 1903 661; baseline -0.001 -15"><span class='ocrx_word' id='word_1_44' title='bbox 305 592 573 661; x_wconf 82' lang='lat' dir='ltr'><strong>ccptioais</strong></span> <span class='ocrx_word' id='word_1_45' title='bbox 601 601 686 647; x_wconf 84' lang='lat' dir='ltr'><strong>est</strong></span> <span class='ocrx_word' id='word_1_46' title='bbox 727 598 906 646; x_wconf 84' lang='lat' dir='ltr'><strong>natus.</strong></span> <span class='ocrx_word' id='word_1_47' title='bbox 943 590 1141 646; x_wconf 85' lang='lat' dir='ltr'><strong>Tenuit</strong></span> <span class='ocrx_word' id='word_1_48' title='bbox 1164 590 1311 646; x_wconf 89' lang='lat' dir='ltr'><strong>enim</strong></span> <span class='ocrx_word' id='word_1_49' title='bbox 1340 591 1637 661; x_wconf 74' lang='lat' dir='ltr'><strong>Apostolus</strong></span> <span class='ocrx_word' id='word_1_50' title='bbox 1674 590 1903 648; x_wconf 87' lang='lat' dir='ltr'><strong>demon-</strong></span> 
     </span>
    </p>
   </div>
   <div class='ocr_carea' id='block_1_8' title="bbox 305 681 1898 753">
    <p class='ocr_par' dir='ltr' id='par_1_8' title="bbox 305 681 1898 753">
     <span class='ocr_line' id='line_1_8' title="bbox 305 681 1898 753; baseline 0.001 -16"><span class='ocrx_word' id='word_1_51' title='bbox 305 682 543 737; x_wconf 68' lang='lat' dir='ltr'><strong>strandae</strong></span> <span class='ocrx_word' id='word_1_52' title='bbox 591 682 888 739; x_wconf 72' lang='lat' dir='ltr'><strong>nativitatis</strong></span> <span class='ocrx_word' id='word_1_53' title='bbox 926 681 1087 753; x_wconf 83' lang='lat' dir='ltr'><strong>hujus</strong></span> <span class='ocrx_word' id='word_1_54' title='bbox 1123 694 1524 740; x_wconf 88' lang='lat' dir='ltr'><strong>sacramentum</strong></span> <span class='ocrx_word' id='word_1_55' title='bbox 1549 725 1565 752; x_wconf 92' lang='lat'><strong>,</strong></span> <span class='ocrx_word' id='word_1_56' title='bbox 1596 698 1719 739; x_wconf 91' lang='lat' dir='ltr'><strong>cum</strong></span> <span class='ocrx_word' id='word_1_57' title='bbox 1769 687 1844 741; x_wconf 83' lang='lat' dir='ltr'><strong>ait</strong></span> <span class='ocrx_word' id='word_1_58' title='bbox 1882 700 1898 739; x_wconf 90' lang='lat'>:</span> 
     </span>
    </p>
   </div>
   <div class='ocr_carea' id='block_1_9' title="bbox 307 774 1902 847">
    <p class='ocr_par' dir='ltr' id='par_1_9' title="bbox 307 774 1902 847">
     <span class='ocr_line' id='line_1_9' title="bbox 307 774 1902 847; baseline 0.001 -17"><span class='ocrx_word' id='word_1_59' title='bbox 307 774 412 830; x_wconf 82' lang='lat' dir='ltr'><strong>Sed</strong></span> <span class='ocrx_word' id='word_1_60' title='bbox 440 774 730 829; x_wconf 80' lang='lat' dir='ltr'><strong>huntiticuit</strong></span> <span class='ocrx_word' id='word_1_61' title='bbox 760 790 816 830; x_wconf 84' lang='lat' dir='ltr'><strong>se</strong></span> <span class='ocrx_word' id='word_1_62' title='bbox 842 778 1063 847; x_wconf 79' lang='lat' dir='ltr'><strong>formam</strong></span> <span class='ocrx_word' id='word_1_63' title='bbox 1098 776 1232 830; x_wconf 71' lang='lat' dir='ltr'><strong>set-ci</strong></span> <span class='ocrx_word' id='word_1_64' title='bbox 1262 776 1516 845; x_wconf 86' lang='lat' dir='ltr'><strong>accipiens</strong></span> <span class='ocrx_word' id='word_1_65' title='bbox 1534 817 1546 839; x_wconf 93' lang='lat'><strong>,</strong></span> <span class='ocrx_word' id='word_1_66' title='bbox 1579 778 1633 831; x_wconf 85' lang='lat' dir='ltr'><strong>in</strong></span> <span class='ocrx_word' id='word_1_67' title='bbox 1657 777 1902 832; x_wconf 86' lang='lat' dir='ltr'><strong>similitu-</strong></span> 
     </span>
    </p>
   </div>
   <div class='ocr_carea' id='block_1_10' title="bbox 307 866 1904 939">
    <p class='ocr_par' dir='ltr' id='par_1_10' title="bbox 307 866 1904 939">
     <span class='ocr_line' id='line_1_10' title="bbox 307 866 1904 939; baseline 0.003 -20"><span class='ocrx_word' id='word_1_68' title='bbox 307 868 423 920; x_wconf 83' lang='lat' dir='ltr'><strong>dine</strong></span> <span class='ocrx_word' id='word_1_69' title='bbox 471 866 548 939; x_wconf 74' lang='grc' dir='ltr'><strong>(α)</strong></span> <span class='ocrx_word' id='word_1_70' title='bbox 597 866 823 921; x_wconf 81' lang='lat' dir='ltr'><strong>hominis</strong></span> <span class='ocrx_word' id='word_1_71' title='bbox 873 868 1216 934; x_wconf 88' lang='lat' dir='ltr'><strong>constitutus,</strong></span> <span class='ocrx_word' id='word_1_72' title='bbox 1258 878 1306 922; x_wconf 84' lang='lat' dir='ltr'><strong>et</strong></span> <span class='ocrx_word' id='word_1_73' title='bbox 1351 867 1531 923; x_wconf 83' lang='lat' dir='ltr'><strong>habitu</strong></span> <span class='ocrx_word' id='word_1_74' title='bbox 1576 879 1805 939; x_wconf 79' lang='lat' dir='ltr'><strong>repertus</strong></span> <span class='ocrx_word' id='word_1_75' title='bbox 1850 878 1904 924; x_wconf 87' lang='lat' dir='ltr'><strong>ut</strong></span> 
     </span>
    </p>
   </div>
   <div class='ocr_carea' id='block_1_11' title="bbox 307 956 1900 1032">
    <p class='ocr_par' dir='ltr' id='par_1_11' title="bbox 307 956 1900 1032">
     <span class='ocr_line' id='line_1_11' title="bbox 307 956 1900 1032; baseline 0.003 -21"><span class='ocrx_word' id='word_1_76' title='bbox 307 957 453 1013; x_wconf 87' lang='lat' dir='ltr'><strong>homo</strong></span> <span class='ocrx_word' id='word_1_77' title='bbox 485 956 656 1028; x_wconf 87' lang='lat' dir='ltr'><strong>(Phil.</strong></span> <span class='ocrx_word' id='word_1_78' title='bbox 689 974 761 1025; x_wconf 85' lang='lat' dir='ltr'><strong>tt,</strong></span> <span class='ocrx_word' id='word_1_79' title='bbox 796 956 852 1032; x_wconf 90' lang='lat'><strong>7)</strong></span> <span class='ocrx_word' id='word_1_80' title='bbox 889 975 907 1013; x_wconf 89' lang='lat'><strong><em>:</em></strong></span> <span class='ocrx_word' id='word_1_81' title='bbox 936 972 995 1015; x_wconf 90' lang='lat' dir='ltr'><strong>ut</strong></span> <span class='ocrx_word' id='word_1_82' title='bbox 1032 959 1163 1015; x_wconf 91' lang='lat' dir='ltr'><strong>dum</strong></span> <span class='ocrx_word' id='word_1_83' title='bbox 1204 958 1437 1015; x_wconf 89' lang='lat' dir='ltr'><strong>formam</strong></span> <span class='ocrx_word' id='word_1_84' title='bbox 1482 961 1631 1017; x_wconf 89' lang='lat' dir='ltr'><strong>servi</strong></span> <span class='ocrx_word' id='word_1_85' title='bbox 1657 962 1900 1032; x_wconf 87' lang='lat' dir='ltr'><strong>accepit,</strong></span> 
     </span>
    </p>
   </div>
   <div class='ocr_carea' id='block_1_12' title="bbox 309 1049 1902 1125">
    <p class='ocr_par' dir='ltr' id='par_1_12' title="bbox 309 1049 1902 1125">
     <span class='ocr_line' id='line_1_12' title="bbox 309 1049 1902 1125; baseline 0.002 -19"><span class='ocrx_word' id='word_1_86' title='bbox 309 1060 464 1106; x_wconf 87' lang='lat' dir='ltr'><strong>natus</strong></span> <span class='ocrx_word' id='word_1_87' title='bbox 489 1066 613 1106; x_wconf 85' lang='lat' dir='ltr'><strong>esse</strong></span> <span class='ocrx_word' id='word_1_88' title='bbox 648 1052 699 1106; x_wconf 92' lang='lat' dir='ltr'><strong>in</strong></span> <span class='ocrx_word' id='word_1_89' title='bbox 737 1049 909 1107; x_wconf 77' lang='lat' dir='ltr'><strong>lorma</strong></span> <span class='ocrx_word' id='word_1_90' title='bbox 955 1051 1193 1109; x_wconf 83' lang='lat' dir='ltr'><strong>hominis</strong></span> <span class='ocrx_word' id='word_1_91' title='bbox 1238 1052 1602 1125; x_wconf 73' lang='lat' dir='ltr'><strong>intelligatur;</strong></span> <span class='ocrx_word' id='word_1_92' title='bbox 1649 1054 1776 1110; x_wconf 91' lang='lat' dir='ltr'><strong>dum</strong></span> <span class='ocrx_word' id='word_1_93' title='bbox 1803 1070 1902 1110; x_wconf 85' lang='lat' dir='ltr'><strong>au-</strong></span> 
     </span>
    </p>
   </div>
   <div class='ocr_carea' id='block_1_13' title="bbox 309 1143 1905 1204">
    <p class='ocr_par' dir='ltr' id='par_1_13' title="bbox 309 1143 1905 1204">
     <span class='ocr_line' id='line_1_13' title="bbox 309 1143 1905 1204; baseline 0.004 -6"><span class='ocrx_word' id='word_1_94' title='bbox 309 1152 411 1198; x_wconf 91' lang='lat' dir='ltr'><strong>tem</strong></span> <span class='ocrx_word' id='word_1_95' title='bbox 455 1144 514 1199; x_wconf 90' lang='lat' dir='ltr'><strong>itt</strong></span> <span class='ocrx_word' id='word_1_96' title='bbox 563 1143 920 1200; x_wconf 84' lang='lat' dir='ltr'><strong>similitudine</strong></span> <span class='ocrx_word' id='word_1_97' title='bbox 967 1144 1202 1201; x_wconf 86' lang='lat' dir='ltr'><strong>hominis</strong></span> <span class='ocrx_word' id='word_1_98' title='bbox 1231 1147 1562 1204; x_wconf 84' lang='lat' dir='ltr'><strong>constitutus</strong></span> <span class='ocrx_word' id='word_1_99' title='bbox 1612 1157 1668 1203; x_wconf 88' lang='lat' dir='ltr'><strong>et</strong></span> <span class='ocrx_word' id='word_1_100' title='bbox 1718 1147 1905 1204; x_wconf 82' lang='lat' dir='ltr'><strong>habitu</strong></span> 
     </span>
    </p>
   </div>
   <div class='ocr_carea' id='block_1_14' title="bbox 305 1229 1907 1310">
    <p class='ocr_par' dir='ltr' id='par_1_14' title="bbox 305 1229 1907 1310">
     <span class='ocr_line' id='line_1_14' title="bbox 305 1229 1907 1310; baseline 0.004 -19"><span class='ocrx_word' id='word_1_101' title='bbox 305 1245 558 1304; x_wconf 86' lang='lat' dir='ltr'><strong>repertus</strong></span> <span class='ocrx_word' id='word_1_102' title='bbox 580 1247 638 1293; x_wconf 88' lang='lat' dir='ltr'><strong>ut</strong></span> <span class='ocrx_word' id='word_1_103' title='bbox 663 1236 828 1292; x_wconf 89' lang='lat' dir='ltr'><strong>homo</strong></span> <span class='ocrx_word' id='word_1_104' title='bbox 853 1244 967 1303; x_wconf 82' lang='lat' dir='ltr'><strong>est,</strong></span> <span class='ocrx_word' id='word_1_105' title='bbox 996 1238 1212 1308; x_wconf 81' lang='lat' dir='ltr'><strong>species</strong></span> <span class='ocrx_word' id='word_1_106' title='bbox 1235 1240 1454 1310; x_wconf 86' lang='lat' dir='ltr'><strong>quidem</strong></span> <span class='ocrx_word' id='word_1_107' title='bbox 1479 1250 1534 1296; x_wconf 92' lang='lat' dir='ltr'><strong>et</strong></span> <span class='ocrx_word' id='word_1_108' title='bbox 1561 1240 1764 1296; x_wconf 86' lang='lat' dir='ltr'><strong>veritas</strong></span> <span class='ocrx_word' id='word_1_109' title='bbox 1783 1229 1907 1297; x_wconf 82' lang='lat' dir='ltr'><strong>cer-</strong></span> 
     </span>
    </p>
   </div>
   <div class='ocr_carea' id='block_1_15' title="bbox 305 1327 1904 1405">
    <p class='ocr_par' dir='ltr' id='par_1_15' title="bbox 305 1327 1904 1405">
     <span class='ocr_line' id='line_1_15' title="bbox 305 1327 1904 1405; baseline 0.004 -23"><span class='ocrx_word' id='word_1_110' title='bbox 305 1327 453 1396; x_wconf 85' lang='lat' dir='ltr'><strong>poris</strong></span> <span class='ocrx_word' id='word_1_111' title='bbox 496 1327 770 1384; x_wconf 80' lang='lat' dir='ltr'><strong>hominem</strong></span> <span class='ocrx_word' id='word_1_112' title='bbox 803 1339 1033 1386; x_wconf 85' lang='lat' dir='ltr'><strong>teetetur</strong></span> <span class='ocrx_word' id='word_1_113' title='bbox 1056 1371 1071 1395; x_wconf 88' lang='lat'><strong>,</strong></span> <span class='ocrx_word' id='word_1_114' title='bbox 1115 1332 1210 1387; x_wconf 90' lang='lat' dir='ltr'><strong>sed</strong></span> <span class='ocrx_word' id='word_1_115' title='bbox 1241 1331 1316 1405; x_wconf 80' lang='lat' dir='ltr'><strong>(b)</strong></span> <span class='ocrx_word' id='word_1_116' title='bbox 1345 1340 1565 1389; x_wconf 87' lang='lat' dir='ltr'><strong>naturas</strong></span> <span class='ocrx_word' id='word_1_117' title='bbox 1613 1335 1865 1389; x_wconf 82' lang='lat' dir='ltr'><strong>vitiorum</strong></span> <span class='ocrx_word' id='word_1_118' title='bbox 1889 1374 1904 1401; x_wconf 92' lang='lat'><strong>,</strong></span> 
     </span>
    </p>
   </div>
   <div class='ocr_carea' id='block_1_16' title="bbox 304 1417 1909 1494">
    <p class='ocr_par' dir='ltr' id='par_1_16' title="bbox 304 1417 1909 1494">
     <span class='ocr_line' id='line_1_16' title="bbox 304 1417 1909 1494; baseline 0.005 -20"><span class='ocrx_word' id='word_1_119' title='bbox 304 1417 393 1489; x_wconf 84' lang='lat' dir='ltr'><strong>qui</strong></span> <span class='ocrx_word' id='word_1_120' title='bbox 422 1426 485 1475; x_wconf 88' lang='lat' dir='ltr'><strong>ut</strong></span> <span class='ocrx_word' id='word_1_121' title='bbox 512 1418 678 1475; x_wconf 89' lang='lat' dir='ltr'><strong>homo</strong></span> <span class='ocrx_word' id='word_1_122' title='bbox 724 1420 795 1475; x_wconf 88' lang='lat' dir='ltr'><strong>sit</strong></span> <span class='ocrx_word' id='word_1_123' title='bbox 843 1420 1026 1476; x_wconf 88' lang='lat' dir='ltr'><strong>habitu</strong></span> <span class='ocrx_word' id='word_1_124' title='bbox 1068 1432 1354 1492; x_wconf 84' lang='lat' dir='ltr'><strong>repertus,</strong></span> <span class='ocrx_word' id='word_1_125' title='bbox 1388 1423 1622 1494; x_wconf 85' lang='lat' dir='ltr'><strong>ignoret.</strong></span> <span class='ocrx_word' id='word_1_126' title='bbox 1666 1424 1723 1479; x_wconf 87' lang='lat' dir='ltr'><strong>In</strong></span> <span class='ocrx_word' id='word_1_127' title='bbox 1755 1424 1909 1482; x_wconf 63' lang='lat' dir='ltr'><strong>simio</strong></span> 
     </span>
    </p>
   </div>
   <div class='ocr_carea' id='block_1_17' title="bbox 304 1511 1907 1590">
    <p class='ocr_par' dir='ltr' id='par_1_17' title="bbox 304 1511 1907 1590">
     <span class='ocr_line' id='line_1_17' title="bbox 304 1511 1907 1590; baseline 0.005 -23"><span class='ocrx_word' id='word_1_128' title='bbox 304 1511 534 1569; x_wconf 83' lang='lat' dir='ltr'><strong>litndine</strong></span> <span class='ocrx_word' id='word_1_129' title='bbox 555 1514 700 1571; x_wconf 87' lang='lat' dir='ltr'><strong>enim</strong></span> <span class='ocrx_word' id='word_1_130' title='bbox 724 1523 952 1581; x_wconf 66' lang='lat' dir='ltr'><strong>naturae,</strong></span> <span class='ocrx_word' id='word_1_131' title='bbox 983 1531 1089 1570; x_wconf 88' lang='lat' dir='ltr'><strong>non</strong></span> <span class='ocrx_word' id='word_1_132' title='bbox 1116 1515 1283 1588; x_wconf 59' lang='grc' dir='ltr'><strong>διο</strong></span> <span class='ocrx_word' id='word_1_133' title='bbox 1308 1516 1363 1573; x_wconf 90' lang='lat' dir='ltr'><strong>in</strong></span> <span class='ocrx_word' id='word_1_134' title='bbox 1388 1518 1637 1575; x_wconf 87' lang='lat' dir='ltr'><strong>vitiorum</strong></span> <span class='ocrx_word' id='word_1_135' title='bbox 1664 1521 1907 1590; x_wconf 86' lang='lat' dir='ltr'><strong>proprie-</strong></span> 
     </span>
    </p>
   </div>
   <div class='ocr_carea' id='block_1_18' title="bbox 310 1602 1905 1681">
    <p class='ocr_par' dir='ltr' id='par_1_18' title="bbox 310 1602 1905 1681">
     <span class='ocr_line' id='line_1_18' title="bbox 310 1602 1905 1681; baseline 0.004 -21"><span class='ocrx_word' id='word_1_136' title='bbox 310 1614 418 1660; x_wconf 84' lang='lat' dir='ltr'><strong>tate</strong></span> <span class='ocrx_word' id='word_1_137' title='bbox 450 1602 525 1679; x_wconf 90' lang='lat' dir='ltr'><strong>(c)</strong></span> <span class='ocrx_word' id='word_1_138' title='bbox 553 1607 837 1676; x_wconf 74' lang='lat' dir='ltr'><strong>generatio</strong></span> <span class='ocrx_word' id='word_1_139' title='bbox 865 1617 965 1663; x_wconf 87' lang='lat' dir='ltr'><strong>est.</strong></span> <span class='ocrx_word' id='word_1_140' title='bbox 999 1606 1131 1663; x_wconf 82' lang='lat' dir='ltr'><strong>Nam</strong></span> <span class='ocrx_word' id='word_1_141' title='bbox 1153 1611 1276 1680; x_wconf 82' lang='lat' dir='ltr'><strong>quia</strong></span> <span class='ocrx_word' id='word_1_142' title='bbox 1307 1610 1360 1665; x_wconf 90' lang='lat' dir='ltr'><strong>itt</strong></span> <span class='ocrx_word' id='word_1_143' title='bbox 1391 1625 1481 1679; x_wconf 87' lang='lat' dir='ltr'><strong>eo,</strong></span> <span class='ocrx_word' id='word_1_144' title='bbox 1504 1611 1647 1681; x_wconf 89' lang='lat' dir='ltr'><strong>quod</strong></span> <span class='ocrx_word' id='word_1_145' title='bbox 1678 1611 1905 1667; x_wconf 82' lang='lat' dir='ltr'><strong>formam</strong></span> 
     </span>
    </p>
   </div>
   <div class='ocr_carea' id='block_1_19' title="bbox 310 1698 1984 1786">
    <p class='ocr_par' dir='ltr' id='par_1_19' title="bbox 310 1698 1984 1786">
     <span class='ocr_line' id='line_1_19' title="bbox 310 1698 1984 1786; baseline 0.002 -31"><span class='ocrx_word' id='word_1_146' title='bbox 310 1698 454 1755; x_wconf 85' lang='lat' dir='ltr'><strong>servi</strong></span> <span class='ocrx_word' id='word_1_147' title='bbox 494 1699 736 1770; x_wconf 87' lang='lat' dir='ltr'><strong>accepit,</strong></span> <span class='ocrx_word' id='word_1_148' title='bbox 791 1700 1085 1756; x_wconf 67' lang='lat' dir='ltr'><strong>nativitatis</strong></span> <span class='ocrx_word' id='word_1_149' title='bbox 1116 1700 1398 1758; x_wconf 86' lang='lat' dir='ltr'><strong>videbatur</strong></span> <span class='ocrx_word' id='word_1_150' title='bbox 1441 1704 1741 1774; x_wconf 85' lang='lat' dir='ltr'><strong>signiﬁcata</strong></span> <span class='ocrx_word' id='word_1_151' title='bbox 1785 1719 1908 1760; x_wconf 85' lang='lat' dir='ltr'><strong>esse</strong></span> <span class='ocrx_word' id='word_1_152' title='bbox 1937 1725 1984 1786; x_wconf 72' lang='grc' dir='ltr'><strong>Β</strong></span> 
     </span>
    </p>
   </div>
   <div class='ocr_carea' id='block_1_20' title="bbox 316 1791 1904 1861">
    <p class='ocr_par' dir='ltr' id='par_1_20' title="bbox 316 1791 1904 1861">
     <span class='ocr_line' id='line_1_20' title="bbox 316 1791 1904 1861; baseline 0.003 -15"><span class='ocrx_word' id='word_1_153' title='bbox 316 1800 501 1849; x_wconf 85' lang='lat' dir='ltr'><strong>natura</strong></span> <span class='ocrx_word' id='word_1_154' title='bbox 519 1832 536 1858; x_wconf 89' lang='lat'><strong>,</strong></span> <span class='ocrx_word' id='word_1_155' title='bbox 561 1791 798 1861; x_wconf 81' lang='lat' dir='ltr'><strong>subjecit</strong></span> <span class='ocrx_word' id='word_1_156' title='bbox 836 1792 888 1847; x_wconf 88' lang='lat' dir='ltr'><strong>itt</strong></span> <span class='ocrx_word' id='word_1_157' title='bbox 913 1791 1268 1850; x_wconf 86' lang='lat' dir='ltr'><strong>similitudine</strong></span> <span class='ocrx_word' id='word_1_158' title='bbox 1295 1794 1531 1851; x_wconf 90' lang='lat' dir='ltr'><strong>hominis</strong></span> <span class='ocrx_word' id='word_1_159' title='bbox 1554 1798 1904 1851; x_wconf 84' lang='lat' dir='ltr'><strong>constitutum</strong></span> 
     </span>
    </p>
   </div>
   <div class='ocr_carea' id='block_1_21' title="bbox 316 1882 1906 1953">
    <p class='ocr_par' dir='ltr' id='par_1_21' title="bbox 316 1882 1906 1953">
     <span class='ocr_line' id='line_1_21' title="bbox 316 1882 1906 1953; baseline 0.001 -14"><span class='ocrx_word' id='word_1_160' title='bbox 316 1882 567 1939; x_wconf 85' lang='lat' dir='ltr'><strong>ethabitn</strong></span> <span class='ocrx_word' id='word_1_161' title='bbox 599 1891 656 1938; x_wconf 93' lang='lat' dir='ltr'><strong>ut</strong></span> <span class='ocrx_word' id='word_1_162' title='bbox 684 1882 956 1938; x_wconf 83' lang='lat' dir='ltr'><strong>hominem</strong></span> <span class='ocrx_word' id='word_1_163' title='bbox 979 1894 1254 1953; x_wconf 85' lang='lat' dir='ltr'><strong>repertum</strong></span> <span class='ocrx_word' id='word_1_164' title='bbox 1291 1901 1303 1938; x_wconf 91' lang='lat'><strong>:</strong></span> <span class='ocrx_word' id='word_1_165' title='bbox 1340 1900 1408 1941; x_wconf 90' lang='lat' dir='ltr'><strong>ne</strong></span> <span class='ocrx_word' id='word_1_166' title='bbox 1444 1886 1740 1942; x_wconf 85' lang='lat' dir='ltr'><strong>nativitatis</strong></span> <span class='ocrx_word' id='word_1_167' title='bbox 1765 1888 1906 1943; x_wconf 81' lang='lat' dir='ltr'><strong>veri-</strong></span> 
     </span>
    </p>
   </div>
   <div class='ocr_carea' id='block_1_22' title="bbox 320 1976 1910 2051">
    <p class='ocr_par' dir='ltr' id='par_1_22' title="bbox 320 1976 1910 2051">
     <span class='ocr_line' id='line_1_22' title="bbox 320 1976 1910 2051; baseline 0.004 -22"><span class='ocrx_word' id='word_1_168' title='bbox 320 1981 399 2029; x_wconf 87' lang='lat' dir='ltr'><strong>tas</strong></span> <span class='ocrx_word' id='word_1_169' title='bbox 423 1982 629 2031; x_wconf 65' lang='lat' dir='ltr'><strong>naturae</strong></span> <span class='ocrx_word' id='word_1_170' title='bbox 657 1990 872 2046; x_wconf 89' lang='lat' dir='ltr'><strong>qttoque</strong></span> <span class='ocrx_word' id='word_1_171' title='bbox 911 1990 1008 2045; x_wconf 88' lang='lat' dir='ltr'><strong>per</strong></span> <span class='ocrx_word' id='word_1_172' title='bbox 1040 1976 1164 2032; x_wconf 83' lang='lat' dir='ltr'><strong>vitia</strong></span> <span class='ocrx_word' id='word_1_173' title='bbox 1200 1978 1426 2034; x_wconf 89' lang='lat' dir='ltr'><strong>inlirmis</strong></span> <span class='ocrx_word' id='word_1_174' title='bbox 1456 1980 1763 2051; x_wconf 82' lang='lat' dir='ltr'><strong>proprietas</strong></span> <span class='ocrx_word' id='word_1_175' title='bbox 1788 1996 1910 2036; x_wconf 86' lang='lat' dir='ltr'><strong>cre-</strong></span> 
     </span>
    </p>
   </div>
   <div class='ocr_carea' id='block_1_23' title="bbox 321 2066 1904 2142">
    <p class='ocr_par' dir='ltr' id='par_1_23' title="bbox 321 2066 1904 2142">
     <span class='ocr_line' id='line_1_23' title="bbox 321 2066 1904 2142; baseline 0.006 -20"><span class='ocrx_word' id='word_1_176' title='bbox 321 2066 550 2130; x_wconf 75' lang='lat' dir='ltr'><strong>deretur,</strong></span> <span class='ocrx_word' id='word_1_177' title='bbox 575 2082 698 2123; x_wconf 90' lang='lat' dir='ltr'><strong>cum</strong></span> <span class='ocrx_word' id='word_1_178' title='bbox 727 2069 863 2124; x_wconf 90' lang='lat' dir='ltr'><strong>etin</strong></span> <span class='ocrx_word' id='word_1_179' title='bbox 896 2068 1067 2124; x_wconf 79' lang='lat' dir='ltr'><strong>forma</strong></span> <span class='ocrx_word' id='word_1_180' title='bbox 1100 2073 1243 2126; x_wconf 86' lang='lat' dir='ltr'><strong>servi</strong></span> <span class='ocrx_word' id='word_1_181' title='bbox 1271 2083 1418 2128; x_wconf 86' lang='lat' dir='ltr'><strong>esset</strong></span> <span class='ocrx_word' id='word_1_182' title='bbox 1450 2086 1578 2129; x_wconf 86' lang='lat' dir='ltr'><strong>vera</strong></span> <span class='ocrx_word' id='word_1_183' title='bbox 1612 2074 1904 2142; x_wconf 83' lang='lat' dir='ltr'><strong>nativitas;</strong></span> 
     </span>
    </p>
   </div>
   <div class='ocr_carea' id='block_1_24' title="bbox 322 2155 1910 2230">
    <p class='ocr_par' dir='ltr' id='par_1_24' title="bbox 322 2155 1910 2230">
     <span class='ocr_line' id='line_1_24' title="bbox 322 2155 1910 2230; baseline 0.006 -18"><span class='ocrx_word' id='word_1_184' title='bbox 322 2158 441 2212; x_wconf 87' lang='lat' dir='ltr'><strong>etin</strong></span> <span class='ocrx_word' id='word_1_185' title='bbox 469 2155 553 2230; x_wconf 77' lang='grc' dir='ltr'><strong>(ά)</strong></span> <span class='ocrx_word' id='word_1_186' title='bbox 584 2158 771 2215; x_wconf 85' lang='lat' dir='ltr'><strong>habitu</strong></span> <span class='ocrx_word' id='word_1_187' title='bbox 805 2169 1077 2230; x_wconf 87' lang='lat' dir='ltr'><strong>repertum</strong></span> <span class='ocrx_word' id='word_1_188' title='bbox 1116 2174 1176 2217; x_wconf 88' lang='lat' dir='ltr'><strong>ut</strong></span> <span class='ocrx_word' id='word_1_189' title='bbox 1208 2162 1477 2220; x_wconf 84' lang='lat' dir='ltr'><strong>hominem</strong></span> <span class='ocrx_word' id='word_1_190' title='bbox 1500 2205 1514 2230; x_wconf 92' lang='lat'><strong>,</strong></span> <span class='ocrx_word' id='word_1_191' title='bbox 1542 2174 1690 2222; x_wconf 82' lang='lat' dir='ltr'><strong>esset</strong></span> <span class='ocrx_word' id='word_1_192' title='bbox 1714 2166 1910 2222; x_wconf 86' lang='lat' dir='ltr'><strong>simili-</strong></span> 
     </span>
    </p>
   </div>
   <div class='ocr_carea' id='block_1_25' title="bbox 323 2250 1908 2327">
    <p class='ocr_par' dir='ltr' id='par_1_25' title="bbox 323 2250 1908 2327">
     <span class='ocr_line' id='line_1_25' title="bbox 323 2250 1908 2327; baseline 0.004 -18"><span class='ocrx_word' id='word_1_193' title='bbox 323 2250 442 2309; x_wconf 86' lang='lat' dir='ltr'><strong>tudo</strong></span> <span class='ocrx_word' id='word_1_194' title='bbox 477 2261 703 2308; x_wconf 78' lang='lat' dir='ltr'><strong>naturte.</strong></span> <span class='ocrx_word' id='word_1_195' title='bbox 748 2252 867 2322; x_wconf 86' lang='lat' dir='ltr'><strong>Ipse</strong></span> <span class='ocrx_word' id='word_1_196' title='bbox 890 2254 1106 2324; x_wconf 90' lang='lat' dir='ltr'><strong>quidem</strong></span> <span class='ocrx_word' id='word_1_197' title='bbox 1139 2271 1232 2322; x_wconf 89' lang='lat' dir='ltr'><strong>per</strong></span> <span class='ocrx_word' id='word_1_198' title='bbox 1270 2256 1532 2327; x_wconf 83' lang='lat' dir='ltr'><strong>virginem</strong></span> <span class='ocrx_word' id='word_1_199' title='bbox 1561 2272 1626 2313; x_wconf 84' lang='lat' dir='ltr'><strong>ex</strong></span> <span class='ocrx_word' id='word_1_200' title='bbox 1657 2273 1717 2313; x_wconf 89' lang='lat' dir='ltr'><strong>se</strong></span> <span class='ocrx_word' id='word_1_201' title='bbox 1748 2267 1908 2315; x_wconf 91' lang='lat' dir='ltr'><strong>natus</strong></span> 
     </span>
    </p>
   </div>
   <div class='ocr_carea' id='block_1_26' title="bbox 329 2342 1908 2421">
    <p class='ocr_par' dir='ltr' id='par_1_26' title="bbox 329 2342 1908 2421">
     <span class='ocr_line' id='line_1_26' title="bbox 329 2342 1908 2421; baseline 0.004 -23"><span class='ocrx_word' id='word_1_202' title='bbox 329 2343 501 2413; x_wconf 87' lang='lat' dir='ltr'><strong>homo,</strong></span> <span class='ocrx_word' id='word_1_203' title='bbox 528 2342 609 2419; x_wconf 89' lang='grc' dir='ltr'><strong>(Ι)</strong></span> <span class='ocrx_word' id='word_1_204' title='bbox 648 2354 704 2402; x_wconf 88' lang='lat' dir='ltr'><strong>et</strong></span> <span class='ocrx_word' id='word_1_205' title='bbox 735 2348 787 2401; x_wconf 90' lang='lat' dir='ltr'><strong>itt</strong></span> <span class='ocrx_word' id='word_1_206' title='bbox 828 2347 1185 2404; x_wconf 87' lang='lat' dir='ltr'><strong>similitudine</strong></span> <span class='ocrx_word' id='word_1_207' title='bbox 1214 2346 1283 2421; x_wconf 81' lang='lat' dir='ltr'><strong>(c)</strong></span> <span class='ocrx_word' id='word_1_208' title='bbox 1314 2349 1523 2404; x_wconf 80' lang='lat' dir='ltr'><strong>vitiosae</strong></span> <span class='ocrx_word' id='word_1_209' title='bbox 1550 2349 1760 2420; x_wconf 84' lang='lat' dir='ltr'><strong>peccati</strong></span> <span class='ocrx_word' id='word_1_210' title='bbox 1787 2366 1908 2405; x_wconf 82' lang='lat' dir='ltr'><strong>car-</strong></span> 
     </span>
    </p>
   </div>
   <div class='ocr_carea' id='block_1_27' title="bbox 334 2436 1911 2507">
    <p class='ocr_par' dir='ltr' id='par_1_27' title="bbox 334 2436 1911 2507">
     <span class='ocr_line' id='line_1_27' title="bbox 334 2436 1911 2507; baseline 0.004 -18"><span class='ocrx_word' id='word_1_211' title='bbox 334 2437 409 2490; x_wconf 88' lang='lat' dir='ltr'><strong>nis</strong></span> <span class='ocrx_word' id='word_1_212' title='bbox 437 2438 708 2493; x_wconf 80' lang='lat' dir='ltr'><strong>inventus.</strong></span> <span class='ocrx_word' id='word_1_213' title='bbox 740 2436 893 2504; x_wconf 84' lang='lat' dir='ltr'><strong>Quod</strong></span> <span class='ocrx_word' id='word_1_214' title='bbox 927 2439 979 2494; x_wconf 88' lang='lat' dir='ltr'><strong>id</strong></span> <span class='ocrx_word' id='word_1_215' title='bbox 1005 2438 1180 2507; x_wconf 85' lang='lat' dir='ltr'><strong>ipsum</strong></span> <span class='ocrx_word' id='word_1_216' title='bbox 1224 2440 1291 2494; x_wconf 89' lang='lat' dir='ltr'><strong>ad</strong></span> <span class='ocrx_word' id='word_1_217' title='bbox 1345 2439 1617 2495; x_wconf 76' lang='lat' dir='ltr'><strong>Romanos</strong></span> <span class='ocrx_word' id='word_1_218' title='bbox 1664 2440 1911 2497; x_wconf 89' lang='lat' dir='ltr'><strong>scribens</strong></span> 
     </span>
    </p>
   </div>
   <div class='ocr_carea' id='block_1_28' title="bbox 326 2528 1909 2603">
    <p class='ocr_par' dir='ltr' id='par_1_28' title="bbox 326 2528 1909 2603">
     <span class='ocr_line' id='line_1_28' title="bbox 326 2528 1909 2603; baseline 0.003 -20"><span class='ocrx_word' id='word_1_219' title='bbox 326 2536 543 2585; x_wconf 81' lang='lat' dir='ltr'><strong>testatus</strong></span> <span class='ocrx_word' id='word_1_220' title='bbox 569 2539 654 2587; x_wconf 85' lang='lat' dir='ltr'><strong>est</strong></span> <span class='ocrx_word' id='word_1_221' title='bbox 682 2528 979 2599; x_wconf 61' lang='lat' dir='ltr'><strong>Apostolus</strong></span> <span class='ocrx_word' id='word_1_222' title='bbox 996 2571 1010 2595; x_wconf 92' lang='lat'><strong>,</strong></span> <span class='ocrx_word' id='word_1_223' title='bbox 1034 2546 1155 2587; x_wconf 91' lang='lat' dir='ltr'><strong>cum</strong></span> <span class='ocrx_word' id='word_1_224' title='bbox 1195 2531 1272 2586; x_wconf 87' lang='lat' dir='ltr'><strong>ait</strong></span> <span class='ocrx_word' id='word_1_225' title='bbox 1297 2550 1310 2587; x_wconf 91' lang='lat'><strong>:</strong></span> <span class='ocrx_word' id='word_1_226' title='bbox 1338 2531 1491 2599; x_wconf 84' lang='lat' dir='ltr'><strong>Quod</strong></span> <span class='ocrx_word' id='word_1_227' title='bbox 1510 2532 1644 2588; x_wconf 86' lang='lat' dir='ltr'><strong>enim</strong></span> <span class='ocrx_word' id='word_1_228' title='bbox 1666 2533 1909 2603; x_wconf 82' lang='lat' dir='ltr'><strong>impossi-</strong></span> 
     </span>
    </p>
   </div>
   <div class='ocr_carea' id='block_1_29' title="bbox 326 2618 1911 2695">
    <p class='ocr_par' dir='ltr' id='par_1_29' title="bbox 326 2618 1911 2695">
     <span class='ocr_line' id='line_1_29' title="bbox 326 2618 1911 2695; baseline 0.003 -20"><span class='ocrx_word' id='word_1_229' title='bbox 326 2618 418 2675; x_wconf 84' lang='lat' dir='ltr'><strong>bile</strong></span> <span class='ocrx_word' id='word_1_230' title='bbox 452 2630 560 2675; x_wconf 86' lang='lat' dir='ltr'><strong>erat</strong></span> <span class='ocrx_word' id='word_1_231' title='bbox 599 2620 735 2693; x_wconf 81' lang='lat' dir='ltr'><strong>legi,</strong></span> <span class='ocrx_word' id='word_1_232' title='bbox 777 2621 831 2675; x_wconf 87' lang='lat' dir='ltr'><strong>in</strong></span> <span class='ocrx_word' id='word_1_233' title='bbox 858 2638 961 2693; x_wconf 86' lang='lat' dir='ltr'><strong>quo</strong></span> <span class='ocrx_word' id='word_1_234' title='bbox 987 2622 1347 2693; x_wconf 76' lang='lat' dir='ltr'><strong>inﬁrmabalur</strong></span> <span class='ocrx_word' id='word_1_235' title='bbox 1374 2640 1464 2695; x_wconf 81' lang='lat' dir='ltr'><strong>per</strong></span> <span class='ocrx_word' id='word_1_236' title='bbox 1501 2641 1739 2691; x_wconf 84' lang='lat' dir='ltr'><strong>carnem,</strong></span> <span class='ocrx_word' id='word_1_237' title='bbox 1770 2623 1911 2680; x_wconf 75' lang='lat' dir='ltr'><strong>Deus</strong></span> 
     </span>
    </p>
   </div>
   <div class='ocr_carea' id='block_1_30' title="bbox 328 2712 1906 2788">
    <p class='ocr_par' dir='ltr' id='par_1_30' title="bbox 328 2712 1906 2788">
     <span class='ocr_line' id='line_1_30' title="bbox 328 2712 1906 2788; baseline 0.003 -22"><span class='ocrx_word' id='word_1_238' title='bbox 328 2712 484 2783; x_wconf 70' lang='lat' dir='ltr'><strong>ﬁlium</strong></span> <span class='ocrx_word' id='word_1_239' title='bbox 519 2728 676 2768; x_wconf 86' lang='lat' dir='ltr'><strong>suum</strong></span> <span class='ocrx_word' id='word_1_240' title='bbox 712 2714 849 2768; x_wconf 82' lang='lat' dir='ltr'><strong>misit</strong></span> <span class='ocrx_word' id='word_1_241' title='bbox 895 2712 975 2788; x_wconf 74' lang='lat'><strong>(2)</strong></span> <span class='ocrx_word' id='word_1_242' title='bbox 1007 2717 1058 2768; x_wconf 86' lang='lat' dir='ltr'><strong>in</strong></span> <span class='ocrx_word' id='word_1_243' title='bbox 1101 2715 1441 2770; x_wconf 87' lang='lat' dir='ltr'><strong>similitudine</strong></span> <span class='ocrx_word' id='word_1_244' title='bbox 1470 2717 1642 2771; x_wconf 85' lang='lat' dir='ltr'><strong>carnis</strong></span> <span class='ocrx_word' id='word_1_245' title='bbox 1672 2717 1906 2785; x_wconf 82' lang='lat' dir='ltr'><strong>peccati,</strong></span> 
     </span>
    </p>
   </div>
   <div class='ocr_carea' id='block_1_31' title="bbox 331 2803 1907 2878">
    <p class='ocr_par' dir='ltr' id='par_1_31' title="bbox 331 2803 1907 2878">
     <span class='ocr_line' id='line_1_31' title="bbox 331 2803 1907 2878; baseline 0.003 -21"><span class='ocrx_word' id='word_1_246' title='bbox 331 2814 371 2857; x_wconf 80' lang='lat' dir='ltr'><strong>et</strong></span> <span class='ocrx_word' id='word_1_247' title='bbox 395 2803 456 2858; x_wconf 84' lang='lat' dir='ltr'><strong>de</strong></span> <span class='ocrx_word' id='word_1_248' title='bbox 481 2813 690 2875; x_wconf 82' lang='lat' dir='ltr'><strong>peccato</strong></span> <span class='ocrx_word' id='word_1_249' title='bbox 712 2805 1063 2860; x_wconf 85' lang='lat' dir='ltr'><strong>condemnauit</strong></span> <span class='ocrx_word' id='word_1_250' title='bbox 1090 2816 1353 2876; x_wconf 82' lang='lat' dir='ltr'><strong>peccatum</strong></span> <span class='ocrx_word' id='word_1_251' title='bbox 1380 2805 1557 2876; x_wconf 85' lang='lat' dir='ltr'><strong>(Rom.</strong></span> <span class='ocrx_word' id='word_1_252' title='bbox 1585 2822 1702 2874; x_wconf 84' lang='lat' dir='ltr'><strong>vttt,</strong></span> <span class='ocrx_word' id='word_1_253' title='bbox 1734 2805 1789 2878; x_wconf 75' lang='grc' dir='ltr'><strong>ὅ)</strong></span> <span class='ocrx_word' id='word_1_254' title='bbox 1819 2807 1907 2878; x_wconf 82' lang='grc' dir='ltr'><strong>(Ῑ).</strong></span> 
     </span>
    </p>
   </div>
   <div class='ocr_carea' id='block_1_32' title="bbox 332 2894 1909 2970">
    <p class='ocr_par' dir='ltr' id='par_1_32' title="bbox 332 2894 1909 2970">
     <span class='ocr_line' id='line_1_32' title="bbox 332 2894 1909 2970; baseline -0.001 -15"><span class='ocrx_word' id='word_1_255' title='bbox 332 2894 436 2955; x_wconf 83' lang='lat' dir='ltr'><strong>Non</strong></span> <span class='ocrx_word' id='word_1_256' title='bbox 468 2896 563 2952; x_wconf 80' lang='lat' dir='ltr'><strong>fuit</strong></span> <span class='ocrx_word' id='word_1_257' title='bbox 596 2897 812 2954; x_wconf 82' lang='lat' dir='ltr'><strong>habitus</strong></span> <span class='ocrx_word' id='word_1_258' title='bbox 854 2898 943 2953; x_wconf 87' lang='lat' dir='ltr'><strong>illc</strong></span> <span class='ocrx_word' id='word_1_259' title='bbox 976 2896 1055 2970; x_wconf 71' lang='grc' dir='ltr'><strong>(ὅ)</strong></span> <span class='ocrx_word' id='word_1_260' title='bbox 1092 2908 1359 2969; x_wconf 82' lang='lat' dir='ltr'><strong>tamquam</strong></span> <span class='ocrx_word' id='word_1_261' title='bbox 1401 2897 1474 2970; x_wconf 86' lang='lat' dir='ltr'><strong>(g)</strong></span> <span class='ocrx_word' id='word_1_262' title='bbox 1508 2898 1740 2955; x_wconf 84' lang='lat' dir='ltr'><strong>hominis</strong></span> <span class='ocrx_word' id='word_1_263' title='bbox 1762 2940 1777 2965; x_wconf 89' lang='lat'><strong>,</strong></span> <span class='ocrx_word' id='word_1_264' title='bbox 1813 2899 1909 2954; x_wconf 86' lang='lat' dir='ltr'><strong>sed</strong></span> 
     </span>
    </p>
   </div>
   <div class='ocr_carea' id='block_1_33' title="bbox 333 2988 1914 3062">
    <p class='ocr_par' dir='ltr' id='par_1_33' title="bbox 333 2988 1914 3062">
     <span class='ocr_line' id='line_1_33' title="bbox 333 2988 1914 3062; baseline -0.001 -15"><span class='ocrx_word' id='word_1_265' title='bbox 333 2999 384 3047; x_wconf 87' lang='lat' dir='ltr'><strong>ut</strong></span> <span class='ocrx_word' id='word_1_266' title='bbox 408 2988 640 3046; x_wconf 90' lang='lat' dir='ltr'><strong>hominis</strong></span> <span class='ocrx_word' id='word_1_267' title='bbox 687 3008 702 3045; x_wconf 90' lang='lat'><strong>:</strong></span> <span class='ocrx_word' id='word_1_268' title='bbox 736 3006 910 3061; x_wconf 86' lang='lat' dir='ltr'><strong>neque</strong></span> <span class='ocrx_word' id='word_1_269' title='bbox 935 3006 1064 3048; x_wconf 87' lang='lat' dir='ltr'><strong>caro</strong></span> <span class='ocrx_word' id='word_1_270' title='bbox 1092 2991 1179 3046; x_wconf 90' lang='lat' dir='ltr'><strong>illa</strong></span> <span class='ocrx_word' id='word_1_271' title='bbox 1206 3007 1333 3047; x_wconf 87' lang='lat' dir='ltr'><strong>caro</strong></span> <span class='ocrx_word' id='word_1_272' title='bbox 1361 2992 1599 3062; x_wconf 90' lang='lat' dir='ltr'><strong>peccati,</strong></span> <span class='ocrx_word' id='word_1_273' title='bbox 1628 2991 1723 3047; x_wconf 92' lang='lat' dir='ltr'><strong>sed</strong></span> <span class='ocrx_word' id='word_1_274' title='bbox 1762 2992 1914 3048; x_wconf 83' lang='lat' dir='ltr'><strong>simi-</strong></span> 
     </span>
    </p>
   </div>
   <div class='ocr_carea' id='block_1_34' title="bbox 334 3079 1915 3153">
    <p class='ocr_par' dir='ltr' id='par_1_34' title="bbox 334 3079 1915 3153">
     <span class='ocr_line' id='line_1_34' title="bbox 334 3079 1915 3153; baseline 0.002 -18"><span class='ocrx_word' id='word_1_275' title='bbox 334 3079 489 3137; x_wconf 89' lang='lat' dir='ltr'><strong>litudo</strong></span> <span class='ocrx_word' id='word_1_276' title='bbox 506 3082 684 3138; x_wconf 89' lang='lat' dir='ltr'><strong>carnis</strong></span> <span class='ocrx_word' id='word_1_277' title='bbox 713 3083 919 3153; x_wconf 85' lang='lat' dir='ltr'><strong>peccati</strong></span> <span class='ocrx_word' id='word_1_278' title='bbox 951 3101 965 3138; x_wconf 91' lang='lat'><strong>:</strong></span> <span class='ocrx_word' id='word_1_279' title='bbox 1001 3082 1128 3138; x_wconf 92' lang='lat' dir='ltr'><strong>dum</strong></span> <span class='ocrx_word' id='word_1_280' title='bbox 1153 3092 1210 3138; x_wconf 90' lang='lat' dir='ltr'><strong>et</strong></span> <span class='ocrx_word' id='word_1_281' title='bbox 1232 3082 1445 3139; x_wconf 80' lang='lat' dir='ltr'><strong>habitus</strong></span> <span class='ocrx_word' id='word_1_282' title='bbox 1479 3085 1660 3139; x_wconf 84' lang='lat' dir='ltr'><strong>carnis</strong></span> <span class='ocrx_word' id='word_1_283' title='bbox 1691 3085 1744 3138; x_wconf 91' lang='lat' dir='ltr'><strong>in</strong></span> <span class='ocrx_word' id='word_1_284' title='bbox 1775 3085 1915 3139; x_wconf 83' lang='lat' dir='ltr'><strong>nati-</strong></span> 
     </span>
    </p>
   </div>
   <div class='ocr_carea' id='block_1_35' title="bbox 2006 403 3599 481">
    <p class='ocr_par' dir='ltr' id='par_1_35' title="bbox 2006 403 3599 481">
     <span class='ocr_line' id='line_1_35' title="bbox 2006 403 3599 481; baseline 0.006 -23"><span class='ocrx_word' id='word_1_285' title='bbox 2006 412 2060 459; x_wconf 93' lang='lat' dir='ltr'><strong>et</strong></span> <span class='ocrx_word' id='word_1_286' title='bbox 2089 403 2181 474; x_wconf 89' lang='lat' dir='ltr'><strong>qui</strong></span> <span class='ocrx_word' id='word_1_287' title='bbox 2213 404 2374 459; x_wconf 90' lang='lat' dir='ltr'><strong>homo</strong></span> <span class='ocrx_word' id='word_1_288' title='bbox 2403 412 2520 470; x_wconf 89' lang='lat' dir='ltr'><strong>est,</strong></span> <span class='ocrx_word' id='word_1_289' title='bbox 2569 418 2678 458; x_wconf 89' lang='lat' dir='ltr'><strong>non</strong></span> <span class='ocrx_word' id='word_1_290' title='bbox 2706 403 2877 473; x_wconf 90' lang='lat' dir='ltr'><strong>potuit</strong></span> <span class='ocrx_word' id='word_1_291' title='bbox 2926 419 3033 460; x_wconf 88' lang='lat' dir='ltr'><strong>non</strong></span> <span class='ocrx_word' id='word_1_292' title='bbox 3080 404 3244 463; x_wconf 91' lang='lat' dir='ltr'><strong>homo</strong></span> <span class='ocrx_word' id='word_1_293' title='bbox 3287 422 3411 465; x_wconf 84' lang='lat' dir='ltr'><strong>esse</strong></span> <span class='ocrx_word' id='word_1_294' title='bbox 3454 413 3599 481; x_wconf 85' lang='lat' dir='ltr'><strong>quod</strong></span> 
     </span>
    </p>
   </div>
   <div class='ocr_carea' id='block_1_36' title="bbox 2005 496 3599 570">
    <p class='ocr_par' dir='ltr' id='par_1_36' title="bbox 2005 496 3599 570">
     <span class='ocr_line' id='line_1_36' title="bbox 2005 496 3599 570; baseline 0.005 -18"><span class='ocrx_word' id='word_1_295' title='bbox 2005 506 2165 553; x_wconf 87' lang='lat' dir='ltr'><strong>natus</strong></span> <span class='ocrx_word' id='word_1_296' title='bbox 2189 506 2309 564; x_wconf 88' lang='lat' dir='ltr'><strong>est;</strong></span> <span class='ocrx_word' id='word_1_297' title='bbox 2339 506 2393 553; x_wconf 89' lang='lat' dir='ltr'><strong>et</strong></span> <span class='ocrx_word' id='word_1_298' title='bbox 2434 497 2527 567; x_wconf 86' lang='lat' dir='ltr'><strong>qui</strong></span> <span class='ocrx_word' id='word_1_299' title='bbox 2556 496 2803 552; x_wconf 82' lang='lat' dir='ltr'><strong>Christus</strong></span> <span class='ocrx_word' id='word_1_300' title='bbox 2840 506 2961 564; x_wconf 84' lang='lat' dir='ltr'><strong>est,</strong></span> <span class='ocrx_word' id='word_1_301' title='bbox 2994 513 3103 554; x_wconf 88' lang='lat' dir='ltr'><strong>non</strong></span> <span class='ocrx_word' id='word_1_302' title='bbox 3145 501 3314 570; x_wconf 90' lang='lat' dir='ltr'><strong>potuit</strong></span> <span class='ocrx_word' id='word_1_303' title='bbox 3351 505 3599 560; x_wconf 84' lang='lat' dir='ltr'><strong>amisisse</strong></span> 
     </span>
    </p>
   </div>
   <div class='ocr_carea' id='block_1_37' title="bbox 2005 588 3600 659">
    <p class='ocr_par' dir='ltr' id='par_1_37' title="bbox 2005 588 3600 659">
     <span class='ocr_line' id='line_1_37' title="bbox 2005 588 3600 659; baseline 0.004 -15"><span class='ocrx_word' id='word_1_304' title='bbox 2005 590 2149 659; x_wconf 90' lang='lat' dir='ltr'><strong>quod</strong></span> <span class='ocrx_word' id='word_1_305' title='bbox 2190 588 2436 644; x_wconf 88' lang='lat' dir='ltr'><strong>Christus</strong></span> <span class='ocrx_word' id='word_1_306' title='bbox 2487 597 2592 644; x_wconf 90' lang='lat' dir='ltr'><strong>est.</strong></span> <span class='ocrx_word' id='word_1_307' title='bbox 2640 592 2817 658; x_wconf 81' lang='lat' dir='ltr'><strong>Atque</strong></span> <span class='ocrx_word' id='word_1_308' title='bbox 2866 591 2937 645; x_wconf 91' lang='lat' dir='ltr'><strong>ita</strong></span> <span class='ocrx_word' id='word_1_309' title='bbox 2983 590 3108 645; x_wconf 85' lang='lat' dir='ltr'><strong>dum</strong></span> <span class='ocrx_word' id='word_1_310' title='bbox 3140 590 3305 648; x_wconf 92' lang='lat' dir='ltr'><strong>homo</strong></span> <span class='ocrx_word' id='word_1_311' title='bbox 3350 593 3600 651; x_wconf 82' lang='lat' dir='ltr'><strong>Christus</strong></span> 
     </span>
    </p>
   </div>
   <div class='ocr_carea' id='block_1_38' title="bbox 2006 681 3597 758">
    <p class='ocr_par' dir='ltr' id='par_1_38' title="bbox 2006 681 3597 758">
     <span class='ocr_line' id='line_1_38' title="bbox 2006 681 3597 758; baseline 0.004 -19"><span class='ocrx_word' id='word_1_312' title='bbox 2006 681 2164 739; x_wconf 81' lang='lat' dir='ltr'><strong>Jesus</strong></span> <span class='ocrx_word' id='word_1_313' title='bbox 2182 692 2285 747; x_wconf 80' lang='lat' dir='ltr'><strong>est,</strong></span> <span class='ocrx_word' id='word_1_314' title='bbox 2316 682 2550 739; x_wconf 80' lang='lat' dir='ltr'><strong>hebetet</strong></span> <span class='ocrx_word' id='word_1_315' title='bbox 2571 683 2902 739; x_wconf 78' lang='lat' dir='ltr'><strong>nativitatem</strong></span> <span class='ocrx_word' id='word_1_316' title='bbox 2933 684 3185 750; x_wconf 89' lang='lat' dir='ltr'><strong>hominis,</strong></span> <span class='ocrx_word' id='word_1_317' title='bbox 3212 684 3293 758; x_wconf 89' lang='lat' dir='ltr'><strong>(h)</strong></span> <span class='ocrx_word' id='word_1_318' title='bbox 3322 688 3411 758; x_wconf 90' lang='lat' dir='ltr'><strong>qui</strong></span> <span class='ocrx_word' id='word_1_319' title='bbox 3438 690 3597 747; x_wconf 89' lang='lat' dir='ltr'><strong>homo</strong></span> 
     </span>
    </p>
   </div>
   <div class='ocr_carea' id='block_1_39' title="bbox 2007 775 3599 852">
    <p class='ocr_par' dir='ltr' id='par_1_39' title="bbox 2007 775 3599 852">
     <span class='ocr_line' id='line_1_39' title="bbox 2007 775 3599 852; baseline 0.005 -22"><span class='ocrx_word' id='word_1_320' title='bbox 2007 784 2130 841; x_wconf 90' lang='lat' dir='ltr'><strong>est;</strong></span> <span class='ocrx_word' id='word_1_321' title='bbox 2161 789 2263 831; x_wconf 89' lang='lat' dir='ltr'><strong>nec</strong></span> <span class='ocrx_word' id='word_1_322' title='bbox 2289 785 2373 831; x_wconf 88' lang='lat' dir='ltr'><strong>est</strong></span> <span class='ocrx_word' id='word_1_323' title='bbox 2398 775 2451 830; x_wconf 90' lang='lat' dir='ltr'><strong>in</strong></span> <span class='ocrx_word' id='word_1_324' title='bbox 2483 775 2675 831; x_wconf 87' lang='lat' dir='ltr'><strong>vitiosa</strong></span> <span class='ocrx_word' id='word_1_325' title='bbox 2704 776 2938 832; x_wconf 88' lang='lat' dir='ltr'><strong>hominis</strong></span> <span class='ocrx_word' id='word_1_326' title='bbox 2967 777 3300 846; x_wconf 84' lang='lat' dir='ltr'><strong>inﬁrmitate,</strong></span> <span class='ocrx_word' id='word_1_327' title='bbox 3332 781 3422 852; x_wconf 87' lang='lat' dir='ltr'><strong>qui</strong></span> <span class='ocrx_word' id='word_1_328' title='bbox 3443 782 3599 838; x_wconf 89' lang='lat' dir='ltr'><strong>Chri-</strong></span> 
     </span>
    </p>
   </div>
   <div class='ocr_carea' id='block_1_40' title="bbox 2007 876 2254 924">
    <p class='ocr_par' dir='ltr' id='par_1_40' title="bbox 2007 876 2254 924">
     <span class='ocr_line' id='line_1_40' title="bbox 2007 876 2254 924; baseline -0.012 0"><span class='ocrx_word' id='word_1_329' title='bbox 2007 876 2124 924; x_wconf 77' lang='lat' dir='ltr'><strong>8|ll8</strong></span> <span class='ocrx_word' id='word_1_330' title='bbox 2151 877 2254 923; x_wconf 72' lang='grc'><strong>881.</strong></span> 
     </span>
    </p>
   </div>
   <div class='ocr_carea' id='block_1_41' title="bbox 2079 958 3603 1022">
    <p class='ocr_par' dir='ltr' id='par_1_41' title="bbox 2079 958 3603 1022">
     <span class='ocr_line' id='line_1_41' title="bbox 2079 958 3603 1022; baseline 0.005 -8"><span class='ocrx_word' id='word_1_331' title='bbox 2079 960 2171 1016; x_wconf 69' lang='lat'><strong>26.</strong></span> <span class='ocrx_word' id='word_1_332' title='bbox 2204 958 2442 1018; x_wconf 80' lang='lat' dir='ltr'><strong>Christus</strong></span> <span class='ocrx_word' id='word_1_333' title='bbox 2482 976 2627 1016; x_wconf 79' lang='lat' dir='ltr'><strong>verus</strong></span> <span class='ocrx_word' id='word_1_334' title='bbox 2663 960 2819 1016; x_wconf 87' lang='lat' dir='ltr'><strong>homo</strong></span> <span class='ocrx_word' id='word_1_335' title='bbox 2859 962 2971 1017; x_wconf 88' lang='lat' dir='ltr'><strong>sine</strong></span> <span class='ocrx_word' id='word_1_336' title='bbox 3024 962 3245 1018; x_wconf 83' lang='lat' dir='ltr'><strong>hominis</strong></span> <span class='ocrx_word' id='word_1_337' title='bbox 3287 965 3423 1020; x_wconf 81' lang='lat' dir='ltr'><strong>uitiis</strong></span> <span class='ocrx_word' id='word_1_338' title='bbox 3460 964 3603 1022; x_wconf 88' lang='lat' dir='ltr'><strong>Deus</strong></span> 
     </span>
    </p>
   </div>
   <div class='ocr_carea' id='block_1_42' title="bbox 2009 1052 3601 1125">
    <p class='ocr_par' dir='ltr' id='par_1_42' title="bbox 2009 1052 3601 1125">
     <span class='ocr_line' id='line_1_42' title="bbox 2009 1052 3601 1125; baseline 0.003 -18"><span class='ocrx_word' id='word_1_339' title='bbox 2009 1068 2156 1108; x_wconf 76' lang='lat' dir='ltr'><strong>verus</strong></span> <span class='ocrx_word' id='word_1_340' title='bbox 2210 1054 2510 1124; x_wconf 80' lang='lat' dir='ltr'><strong>permansit.</strong></span> <span class='ocrx_word' id='word_1_341' title='bbox 2569 1052 2837 1108; x_wconf 83' lang='lat' dir='ltr'><strong>Passionis</strong></span> <span class='ocrx_word' id='word_1_342' title='bbox 2883 1064 3025 1125; x_wconf 85' lang='lat' dir='ltr'><strong>gesta</strong></span> <span class='ocrx_word' id='word_1_343' title='bbox 3089 1056 3468 1124; x_wconf 73' lang='lat' dir='ltr'><strong>expenduntur.</strong></span> <span class='ocrx_word' id='word_1_344' title='bbox 3531 1088 3601 1099; x_wconf 85' lang='lat'><strong>--</strong></span> 
     </span>
    </p>
   </div>
   <div class='ocr_carea' id='block_1_43' title="bbox 2011 1145 3608 1219">
    <p class='ocr_par' dir='ltr' id='par_1_43' title="bbox 2011 1145 3608 1219">
     <span class='ocr_line' id='line_1_43' title="bbox 2011 1145 3608 1219; baseline 0.004 -19"><span class='ocrx_word' id='word_1_345' title='bbox 2011 1145 2351 1214; x_wconf 82' lang='lat' dir='ltr'><strong>Quamquam</strong></span> <span class='ocrx_word' id='word_1_346' title='bbox 2393 1147 2683 1219; x_wconf 84' lang='lat' dir='ltr'><strong>igiturnos</strong></span> <span class='ocrx_word' id='word_1_347' title='bbox 2724 1147 2789 1201; x_wconf 88' lang='lat' dir='ltr'><strong>ad</strong></span> <span class='ocrx_word' id='word_1_348' title='bbox 2831 1146 2994 1217; x_wconf 88' lang='lat' dir='ltr'><strong>hujus</strong></span> <span class='ocrx_word' id='word_1_349' title='bbox 3035 1152 3362 1206; x_wconf 89' lang='lat' dir='ltr'><strong>sacramenti</strong></span> <span class='ocrx_word' id='word_1_350' title='bbox 3404 1152 3608 1208; x_wconf 88' lang='lat' dir='ltr'><strong>intelli-</strong></span> 
     </span>
    </p>
   </div>
   <div class='ocr_carea' id='block_1_44' title="bbox 2009 1239 3611 1312">
    <p class='ocr_par' dir='ltr' id='par_1_44' title="bbox 2009 1239 3611 1312">
     <span class='ocr_line' id='line_1_44' title="bbox 2009 1239 3611 1312; baseline 0.006 -19"><span class='ocrx_word' id='word_1_351' title='bbox 2009 1240 2246 1308; x_wconf 83' lang='lat' dir='ltr'><strong>gentiam</strong></span> <span class='ocrx_word' id='word_1_352' title='bbox 2274 1240 2569 1309; x_wconf 87' lang='lat' dir='ltr'><strong>apostolica</strong></span> <span class='ocrx_word' id='word_1_353' title='bbox 2612 1239 2747 1295; x_wconf 89' lang='lat' dir='ltr'><strong>ﬁdes</strong></span> <span class='ocrx_word' id='word_1_354' title='bbox 2775 1240 3040 1309; x_wconf 86' lang='lat' dir='ltr'><strong>instruat,</strong></span> <span class='ocrx_word' id='word_1_355' title='bbox 3069 1257 3191 1312; x_wconf 71' lang='lat' dir='ltr'><strong>qum</strong></span> <span class='ocrx_word' id='word_1_356' title='bbox 3236 1253 3292 1299; x_wconf 90' lang='lat' dir='ltr'><strong>et</strong></span> <span class='ocrx_word' id='word_1_357' title='bbox 3337 1245 3518 1303; x_wconf 87' lang='lat' dir='ltr'><strong>habitu</strong></span> <span class='ocrx_word' id='word_1_358' title='bbox 3550 1256 3611 1302; x_wconf 90' lang='lat' dir='ltr'><strong>ut</strong></span> 
     </span>
    </p>
   </div>
   <div class='ocr_carea' id='block_1_45' title="bbox 2011 1329 3607 1408">
    <p class='ocr_par' dir='ltr' id='par_1_45' title="bbox 2011 1329 3607 1408">
     <span class='ocr_line' id='line_1_45' title="bbox 2011 1329 3607 1408; baseline 0.006 -23"><span class='ocrx_word' id='word_1_359' title='bbox 2011 1329 2289 1387; x_wconf 89' lang='lat' dir='ltr'><strong>hominem</strong></span> <span class='ocrx_word' id='word_1_360' title='bbox 2320 1343 2622 1402; x_wconf 88' lang='lat' dir='ltr'><strong>repertum,</strong></span> <span class='ocrx_word' id='word_1_361' title='bbox 2651 1340 2709 1387; x_wconf 88' lang='grc' dir='ltr'><strong>ει</strong></span> <span class='ocrx_word' id='word_1_362' title='bbox 2734 1332 2785 1387; x_wconf 90' lang='lat' dir='ltr'><strong>in</strong></span> <span class='ocrx_word' id='word_1_363' title='bbox 2816 1332 3171 1389; x_wconf 87' lang='lat' dir='ltr'><strong>similitudine</strong></span> <span class='ocrx_word' id='word_1_364' title='bbox 3190 1336 3372 1392; x_wconf 86' lang='lat' dir='ltr'><strong>carnis</strong></span> <span class='ocrx_word' id='word_1_365' title='bbox 3399 1340 3607 1408; x_wconf 86' lang='lat' dir='ltr'><strong>peccati</strong></span> 
     </span>
    </p>
   </div>
   <div class='ocr_carea' id='block_1_46' title="bbox 2011 1422 3612 1489">
    <p class='ocr_par' dir='ltr' id='par_1_46' title="bbox 2011 1422 3612 1489">
     <span class='ocr_line' id='line_1_46' title="bbox 2011 1422 3612 1489; baseline 0.006 -13"><span class='ocrx_word' id='word_1_366' title='bbox 2011 1422 2236 1478; x_wconf 90' lang='lat' dir='ltr'><strong>missum</strong></span> <span class='ocrx_word' id='word_1_367' title='bbox 2267 1424 2539 1479; x_wconf 88' lang='lat' dir='ltr'><strong>hominem</strong></span> <span class='ocrx_word' id='word_1_368' title='bbox 2570 1423 2842 1479; x_wconf 88' lang='lat' dir='ltr'><strong>Christum</strong></span> <span class='ocrx_word' id='word_1_369' title='bbox 2868 1423 3054 1480; x_wconf 82' lang='lat' dir='ltr'><strong>Jesum</strong></span> <span class='ocrx_word' id='word_1_370' title='bbox 3100 1441 3223 1482; x_wconf 90' lang='lat' dir='ltr'><strong>esse</strong></span> <span class='ocrx_word' id='word_1_371' title='bbox 3253 1436 3447 1489; x_wconf 87' lang='lat' dir='ltr'><strong>testata</strong></span> <span class='ocrx_word' id='word_1_372' title='bbox 3494 1432 3567 1486; x_wconf 89' lang='lat' dir='ltr'><strong>sit</strong></span> <span class='ocrx_word' id='word_1_373' title='bbox 3598 1447 3612 1485; x_wconf 92' lang='lat'><strong>:</strong></span> 
     </span>
    </p>
   </div>
   <div class='ocr_carea' id='block_1_47' title="bbox 2013 1515 3611 1592">
    <p class='ocr_par' dir='ltr' id='par_1_47' title="bbox 2013 1515 3611 1592">
     <span class='ocr_line' id='line_1_47' title="bbox 2013 1515 3611 1592; baseline 0.006 -21"><span class='ocrx_word' id='word_1_374' title='bbox 2013 1525 2071 1571; x_wconf 91' lang='lat' dir='ltr'><strong>ut</strong></span> <span class='ocrx_word' id='word_1_375' title='bbox 2100 1529 2222 1571; x_wconf 91' lang='lat' dir='ltr'><strong>cum</strong></span> <span class='ocrx_word' id='word_1_376' title='bbox 2255 1515 2440 1572; x_wconf 87' lang='lat' dir='ltr'><strong>habitu</strong></span> <span class='ocrx_word' id='word_1_377' title='bbox 2482 1524 2540 1572; x_wconf 91' lang='lat' dir='ltr'><strong>ut</strong></span> <span class='ocrx_word' id='word_1_378' title='bbox 2583 1515 2749 1572; x_wconf 89' lang='lat' dir='ltr'><strong>homo</strong></span> <span class='ocrx_word' id='word_1_379' title='bbox 2774 1525 2897 1586; x_wconf 89' lang='lat' dir='ltr'><strong>est,</strong></span> <span class='ocrx_word' id='word_1_380' title='bbox 2929 1518 3002 1574; x_wconf 90' lang='lat' dir='ltr'><strong>sit</strong></span> <span class='ocrx_word' id='word_1_381' title='bbox 3040 1518 3092 1574; x_wconf 92' lang='lat' dir='ltr'><strong>in</strong></span> <span class='ocrx_word' id='word_1_382' title='bbox 3125 1518 3297 1576; x_wconf 80' lang='lat' dir='ltr'><strong>forma</strong></span> <span class='ocrx_word' id='word_1_383' title='bbox 3342 1522 3524 1592; x_wconf 81' lang='lat' dir='ltr'><strong>servi,</strong></span> <span class='ocrx_word' id='word_1_384' title='bbox 3554 1530 3611 1580; x_wconf 89' lang='lat' dir='ltr'><strong>et</strong></span> 
     </span>
    </p>
   </div>
   <div class='ocr_carea' id='block_1_48' title="bbox 2012 1608 3610 1673">
    <p class='ocr_par' dir='ltr' id='par_1_48' title="bbox 2012 1608 3610 1673">
     <span class='ocr_line' id='line_1_48' title="bbox 2012 1608 3610 1673; baseline 0.004 -11"><span class='ocrx_word' id='word_1_385' title='bbox 2012 1621 2120 1663; x_wconf 90' lang='lat' dir='ltr'><strong>non</strong></span> <span class='ocrx_word' id='word_1_386' title='bbox 2166 1608 2233 1663; x_wconf 90' lang='lat' dir='ltr'><strong>sit</strong></span> <span class='ocrx_word' id='word_1_387' title='bbox 2267 1608 2318 1662; x_wconf 93' lang='lat' dir='ltr'><strong>in</strong></span> <span class='ocrx_word' id='word_1_388' title='bbox 2349 1608 2492 1663; x_wconf 86' lang='lat' dir='ltr'><strong>vitiis</strong></span> <span class='ocrx_word' id='word_1_389' title='bbox 2522 1616 2762 1673; x_wconf 77' lang='lat' dir='ltr'><strong>naturae;</strong></span> <span class='ocrx_word' id='word_1_390' title='bbox 2796 1617 2853 1664; x_wconf 90' lang='lat' dir='ltr'><strong>et</strong></span> <span class='ocrx_word' id='word_1_391' title='bbox 2881 1624 3002 1664; x_wconf 90' lang='lat' dir='ltr'><strong>eum</strong></span> <span class='ocrx_word' id='word_1_392' title='bbox 3028 1610 3081 1665; x_wconf 91' lang='lat' dir='ltr'><strong>in</strong></span> <span class='ocrx_word' id='word_1_393' title='bbox 3108 1610 3461 1670; x_wconf 86' lang='lat' dir='ltr'><strong>similitudine</strong></span> <span class='ocrx_word' id='word_1_394' title='bbox 3487 1630 3610 1669; x_wconf 86' lang='lat' dir='ltr'><strong>car-</strong></span> 
     </span>
    </p>
   </div>
   <div class='ocr_carea' id='block_1_49' title="bbox 2012 1701 3606 1772">
    <p class='ocr_par' dir='ltr' id='par_1_49' title="bbox 2012 1701 3606 1772">
     <span class='ocr_line' id='line_1_49' title="bbox 2012 1701 3606 1772; baseline 0.006 -17"><span class='ocrx_word' id='word_1_395' title='bbox 2012 1701 2095 1755; x_wconf 92' lang='lat' dir='ltr'><strong>nis</strong></span> <span class='ocrx_word' id='word_1_396' title='bbox 2127 1702 2328 1770; x_wconf 89' lang='lat' dir='ltr'><strong>peccati</strong></span> <span class='ocrx_word' id='word_1_397' title='bbox 2360 1710 2476 1768; x_wconf 83' lang='lat' dir='ltr'><strong>est,</strong></span> <span class='ocrx_word' id='word_1_398' title='bbox 2508 1701 2581 1756; x_wconf 89' lang='lat' dir='ltr'><strong>sit</strong></span> <span class='ocrx_word' id='word_1_399' title='bbox 2614 1702 2830 1771; x_wconf 85' lang='lat' dir='ltr'><strong>quidem</strong></span> <span class='ocrx_word' id='word_1_400' title='bbox 2860 1702 3097 1758; x_wconf 82' lang='lat' dir='ltr'><strong>Verbum</strong></span> <span class='ocrx_word' id='word_1_401' title='bbox 3123 1719 3252 1760; x_wconf 85' lang='lat' dir='ltr'><strong>caro</strong></span> <span class='ocrx_word' id='word_1_402' title='bbox 3273 1746 3288 1772; x_wconf 89' lang='lat'><strong>,</strong></span> <span class='ocrx_word' id='word_1_403' title='bbox 3313 1708 3408 1762; x_wconf 87' lang='lat' dir='ltr'><strong>sed</strong></span> <span class='ocrx_word' id='word_1_404' title='bbox 3450 1708 3503 1763; x_wconf 90' lang='lat' dir='ltr'><strong>in</strong></span> <span class='ocrx_word' id='word_1_405' title='bbox 3533 1709 3606 1764; x_wconf 87' lang='lat' dir='ltr'><strong>si-</strong></span> 
     </span>
    </p>
   </div>
   <div class='ocr_carea' id='block_1_50' title="bbox 2016 1794 3602 1868">
    <p class='ocr_par' dir='ltr' id='par_1_50' title="bbox 2016 1794 3602 1868">
     <span class='ocr_line' id='line_1_50' title="bbox 2016 1794 3602 1868; baseline 0.003 -18"><span class='ocrx_word' id='word_1_406' title='bbox 2016 1794 2316 1850; x_wconf 88' lang='lat' dir='ltr'><strong>militudine</strong></span> <span class='ocrx_word' id='word_1_407' title='bbox 2343 1795 2523 1851; x_wconf 87' lang='lat' dir='ltr'><strong>carnis</strong></span> <span class='ocrx_word' id='word_1_408' title='bbox 2557 1795 2758 1862; x_wconf 83' lang='lat' dir='ltr'><strong>peccati</strong></span> <span class='ocrx_word' id='word_1_409' title='bbox 2785 1796 2856 1849; x_wconf 87' lang='lat' dir='ltr'><strong>sit</strong></span> <span class='ocrx_word' id='word_1_410' title='bbox 2888 1796 3085 1865; x_wconf 88' lang='lat' dir='ltr'><strong>potius,</strong></span> <span class='ocrx_word' id='word_1_411' title='bbox 3128 1796 3192 1868; x_wconf 87' lang='lat' dir='ltr'><strong>(i)</strong></span> <span class='ocrx_word' id='word_1_412' title='bbox 3246 1814 3410 1868; x_wconf 85' lang='lat' dir='ltr'><strong>quant</strong></span> <span class='ocrx_word' id='word_1_413' title='bbox 3467 1816 3602 1856; x_wconf 88' lang='lat' dir='ltr'><strong>caro</strong></span> 
     </span>
    </p>
   </div>
   <div class='ocr_carea' id='block_1_51' title="bbox 2014 1884 3611 1960">
    <p class='ocr_par' dir='ltr' id='par_1_51' title="bbox 2014 1884 3611 1960">
     <span class='ocr_line' id='line_1_51' title="bbox 2014 1884 3611 1960; baseline 0.004 -20"><span class='ocrx_word' id='word_1_414' title='bbox 2014 1886 2129 1956; x_wconf 90' lang='lat' dir='ltr'><strong>ipsa</strong></span> <span class='ocrx_word' id='word_1_415' title='bbox 2161 1885 2369 1955; x_wconf 78' lang='lat' dir='ltr'><strong>peccati</strong></span> <span class='ocrx_word' id='word_1_416' title='bbox 2410 1884 2480 1940; x_wconf 89' lang='lat' dir='ltr'><strong>sit</strong></span> <span class='ocrx_word' id='word_1_417' title='bbox 2513 1901 2525 1938; x_wconf 93' lang='lat'>:</span> <span class='ocrx_word' id='word_1_418' title='bbox 2556 1895 2611 1941; x_wconf 91' lang='lat' dir='ltr'><strong>et</strong></span> <span class='ocrx_word' id='word_1_419' title='bbox 2639 1900 2761 1941; x_wconf 89' lang='lat' dir='ltr'><strong>cum</strong></span> <span class='ocrx_word' id='word_1_420' title='bbox 2805 1885 2970 1942; x_wconf 90' lang='lat' dir='ltr'><strong>homo</strong></span> <span class='ocrx_word' id='word_1_421' title='bbox 2986 1885 3147 1960; x_wconf 64' lang='grc'><strong>341</strong></span> <span class='ocrx_word' id='word_1_422' title='bbox 3173 1886 3422 1945; x_wconf 89' lang='lat' dir='ltr'><strong>Christus</strong></span> <span class='ocrx_word' id='word_1_423' title='bbox 3452 1890 3611 1948; x_wconf 80' lang='lat' dir='ltr'><strong>Jesus</strong></span> 
     </span>
    </p>
   </div>
   <div class='ocr_carea' id='block_1_52' title="bbox 2012 1975 3609 2052">
    <p class='ocr_par' dir='ltr' id='par_1_52' title="bbox 2012 1975 3609 2052">
     <span class='ocr_line' id='line_1_52' title="bbox 2012 1975 3609 2052; baseline 0.004 -19"><span class='ocrx_word' id='word_1_424' title='bbox 2012 1988 2117 2043; x_wconf 74' lang='grc' dir='ltr'>εει,</span> <span class='ocrx_word' id='word_1_425' title='bbox 2142 1975 2441 2049; x_wconf 88' lang='lat' dir='ltr'><strong>sitquidem</strong></span> <span class='ocrx_word' id='word_1_426' title='bbox 2472 1976 2657 2044; x_wconf 90' lang='lat' dir='ltr'><strong>homo,</strong></span> <span class='ocrx_word' id='word_1_427' title='bbox 2686 1978 2782 2033; x_wconf 90' lang='lat' dir='ltr'><strong>sed</strong></span> <span class='ocrx_word' id='word_1_428' title='bbox 2815 1977 2868 2032; x_wconf 92' lang='lat' dir='ltr'><strong>in</strong></span> <span class='ocrx_word' id='word_1_429' title='bbox 2897 1978 3116 2036; x_wconf 91' lang='lat' dir='ltr'><strong>homine</strong></span> <span class='ocrx_word' id='word_1_430' title='bbox 3137 1996 3245 2036; x_wconf 89' lang='lat' dir='ltr'><strong>non</strong></span> <span class='ocrx_word' id='word_1_431' title='bbox 3275 1982 3443 2052; x_wconf 82' lang='lat' dir='ltr'><strong>possit</strong></span> <span class='ocrx_word' id='word_1_432' title='bbox 3464 1984 3609 2040; x_wconf 90' lang='lat' dir='ltr'><strong>aliud</strong></span> 
     </span>
    </p>
   </div>
   <div class='ocr_carea' id='block_1_53' title="bbox 2015 2068 3613 2145">
    <p class='ocr_par' dir='ltr' id='par_1_53' title="bbox 2015 2068 3613 2145">
     <span class='ocr_line' id='line_1_53' title="bbox 2015 2068 3613 2145; baseline 0.006 -21"><span class='ocrx_word' id='word_1_433' title='bbox 2015 2082 2137 2124; x_wconf 79' lang='lat' dir='ltr'><strong>esse</strong></span> <span class='ocrx_word' id='word_1_434' title='bbox 2161 2083 2320 2139; x_wconf 88' lang='lat' dir='ltr'><strong>quam</strong></span> <span class='ocrx_word' id='word_1_435' title='bbox 2348 2068 2707 2125; x_wconf 73' lang='lat' dir='ltr'><strong>Christusesl</strong></span> <span class='ocrx_word' id='word_1_436' title='bbox 2738 2086 2751 2122; x_wconf 92' lang='lat'><strong>:</strong></span> <span class='ocrx_word' id='word_1_437' title='bbox 2785 2076 2948 2141; x_wconf 86' lang='lat' dir='ltr'><strong>atque</strong></span> <span class='ocrx_word' id='word_1_438' title='bbox 2977 2074 3048 2126; x_wconf 89' lang='lat' dir='ltr'><strong>ita</strong></span> <span class='ocrx_word' id='word_1_439' title='bbox 3076 2079 3131 2127; x_wconf 89' lang='lat' dir='ltr'><strong>et</strong></span> <span class='ocrx_word' id='word_1_440' title='bbox 3150 2088 3217 2128; x_wconf 79' lang='lat' dir='ltr'><strong>ex</strong></span> <span class='ocrx_word' id='word_1_441' title='bbox 3247 2076 3490 2145; x_wconf 88' lang='lat' dir='ltr'><strong>corporis</strong></span> <span class='ocrx_word' id='word_1_442' title='bbox 3519 2094 3613 2132; x_wconf 84' lang='lat' dir='ltr'><strong>na-</strong></span> 
     </span>
    </p>
   </div>
   <div class='ocr_carea' id='block_1_54' title="bbox 2015 2161 3612 2241">
    <p class='ocr_par' dir='ltr' id='par_1_54' title="bbox 2015 2161 3612 2241">
     <span class='ocr_line' id='line_1_54' title="bbox 2015 2161 3612 2241; baseline 0.007 -26"><span class='ocrx_word' id='word_1_443' title='bbox 2015 2161 2222 2217; x_wconf 88' lang='lat' dir='ltr'><strong>tivitate</strong></span> <span class='ocrx_word' id='word_1_444' title='bbox 2253 2162 2414 2216; x_wconf 84' lang='lat' dir='ltr'><strong>homo</strong></span> <span class='ocrx_word' id='word_1_445' title='bbox 2443 2172 2601 2218; x_wconf 88' lang='lat' dir='ltr'><strong>natus</strong></span> <span class='ocrx_word' id='word_1_446' title='bbox 2627 2162 2729 2229; x_wconf 91' lang='lat' dir='ltr'><strong>sit,</strong></span> <span class='ocrx_word' id='word_1_447' title='bbox 2760 2178 2861 2219; x_wconf 89' lang='lat' dir='ltr'><strong>nec</strong></span> <span class='ocrx_word' id='word_1_448' title='bbox 2888 2163 2956 2218; x_wconf 92' lang='lat' dir='ltr'><strong>sit</strong></span> <span class='ocrx_word' id='word_1_449' title='bbox 2982 2165 3035 2219; x_wconf 90' lang='lat' dir='ltr'><strong>in</strong></span> <span class='ocrx_word' id='word_1_450' title='bbox 3060 2164 3296 2221; x_wconf 89' lang='lat' dir='ltr'><strong>hominis</strong></span> <span class='ocrx_word' id='word_1_451' title='bbox 3323 2167 3487 2236; x_wconf 85' lang='lat' dir='ltr'><strong>vitiis,</strong></span> <span class='ocrx_word' id='word_1_452' title='bbox 3518 2171 3612 2241; x_wconf 91' lang='lat' dir='ltr'><strong>qui</strong></span> 
     </span>
    </p>
   </div>
   <div class='ocr_carea' id='block_1_55' title="bbox 2018 2252 3615 2331">
    <p class='ocr_par' dir='ltr' id='par_1_55' title="bbox 2018 2252 3615 2331">
     <span class='ocr_line' id='line_1_55' title="bbox 2018 2252 3615 2331; baseline 0.006 -24"><span class='ocrx_word' id='word_1_453' title='bbox 2018 2268 2127 2308; x_wconf 93' lang='lat' dir='ltr'><strong>non</strong></span> <span class='ocrx_word' id='word_1_454' title='bbox 2155 2252 2226 2307; x_wconf 88' lang='lat' dir='ltr'><strong>sit</strong></span> <span class='ocrx_word' id='word_1_455' title='bbox 2251 2253 2302 2308; x_wconf 89' lang='lat' dir='ltr'><strong>in</strong></span> <span class='ocrx_word' id='word_1_456' title='bbox 2329 2252 2537 2323; x_wconf 83' lang='lat' dir='ltr'><strong>origine</strong></span> <span class='ocrx_word' id='word_1_457' title='bbox 2556 2270 2571 2319; x_wconf 90' lang='lat'><strong>;</strong></span> <span class='ocrx_word' id='word_1_458' title='bbox 2593 2254 2717 2325; x_wconf 88' lang='lat' dir='ltr'><strong>quia</strong></span> <span class='ocrx_word' id='word_1_459' title='bbox 2744 2254 2979 2311; x_wconf 84' lang='lat' dir='ltr'><strong>Verbum</strong></span> <span class='ocrx_word' id='word_1_460' title='bbox 3005 2270 3134 2312; x_wconf 85' lang='lat' dir='ltr'><strong>caro</strong></span> <span class='ocrx_word' id='word_1_461' title='bbox 3156 2258 3356 2314; x_wconf 81' lang='lat' dir='ltr'><strong>factum</strong></span> <span class='ocrx_word' id='word_1_462' title='bbox 3381 2276 3485 2315; x_wconf 90' lang='lat' dir='ltr'><strong>non</strong></span> <span class='ocrx_word' id='word_1_463' title='bbox 3518 2277 3615 2331; x_wconf 89' lang='lat' dir='ltr'><strong>po-</strong></span> 
     </span>
    </p>
   </div>
   <div class='ocr_carea' id='block_1_56' title="bbox 2019 2346 3613 2418">
    <p class='ocr_par' dir='ltr' id='par_1_56' title="bbox 2019 2346 3613 2418">
     <span class='ocr_line' id='line_1_56' title="bbox 2019 2346 3613 2418; baseline 0.008 -18"><span class='ocrx_word' id='word_1_464' title='bbox 2019 2346 2123 2401; x_wconf 89' lang='lat' dir='ltr'><strong>tuit</strong></span> <span class='ocrx_word' id='word_1_465' title='bbox 2153 2361 2259 2400; x_wconf 88' lang='lat' dir='ltr'><strong>non</strong></span> <span class='ocrx_word' id='word_1_466' title='bbox 2292 2361 2419 2403; x_wconf 85' lang='lat' dir='ltr'><strong>caro</strong></span> <span class='ocrx_word' id='word_1_467' title='bbox 2447 2362 2568 2403; x_wconf 89' lang='lat' dir='ltr'><strong>esse</strong></span> <span class='ocrx_word' id='word_1_468' title='bbox 2594 2347 2962 2418; x_wconf 81' lang='lat' dir='ltr'><strong>quod-iactum</strong></span> <span class='ocrx_word' id='word_1_469' title='bbox 2992 2358 3077 2405; x_wconf 90' lang='lat' dir='ltr'><strong>est</strong></span> <span class='ocrx_word' id='word_1_470' title='bbox 3097 2392 3111 2415; x_wconf 93' lang='lat'><strong>,</strong></span> <span class='ocrx_word' id='word_1_471' title='bbox 3140 2361 3195 2405; x_wconf 92' lang='lat' dir='ltr'><strong>et</strong></span> <span class='ocrx_word' id='word_1_472' title='bbox 3224 2352 3458 2411; x_wconf 85' lang='lat' dir='ltr'><strong>Verbum</strong></span> <span class='ocrx_word' id='word_1_473' title='bbox 3486 2354 3613 2412; x_wconf 90' lang='lat' dir='ltr'><strong>licet</strong></span> 
     </span>
    </p>
   </div>
   <div class='ocr_carea' id='block_1_57' title="bbox 2016 2436 3614 2513">
    <p class='ocr_par' dir='ltr' id='par_1_57' title="bbox 2016 2436 3614 2513">
     <span class='ocr_line' id='line_1_57' title="bbox 2016 2436 3614 2513; baseline 0.006 -20"><span class='ocrx_word' id='word_1_474' title='bbox 2016 2452 2145 2493; x_wconf 89' lang='lat' dir='ltr'><strong>caro</strong></span> <span class='ocrx_word' id='word_1_475' title='bbox 2188 2436 2386 2493; x_wconf 78' lang='lat' dir='ltr'><strong>factum</strong></span> <span class='ocrx_word' id='word_1_476' title='bbox 2427 2437 2531 2505; x_wconf 88' lang='lat' dir='ltr'><strong>sit,</strong></span> <span class='ocrx_word' id='word_1_477' title='bbox 2574 2453 2678 2494; x_wconf 90' lang='lat' dir='ltr'><strong>non</strong></span> <span class='ocrx_word' id='word_1_478' title='bbox 2728 2448 2908 2494; x_wconf 81' lang='lat' dir='ltr'><strong>tamen</strong></span> <span class='ocrx_word' id='word_1_479' title='bbox 2938 2440 3119 2496; x_wconf 88' lang='lat' dir='ltr'><strong>amisit</strong></span> <span class='ocrx_word' id='word_1_480' title='bbox 3143 2457 3266 2499; x_wconf 86' lang='lat' dir='ltr'><strong>esse</strong></span> <span class='ocrx_word' id='word_1_481' title='bbox 3294 2445 3437 2513; x_wconf 88' lang='lat' dir='ltr'><strong>qttod</strong></span> <span class='ocrx_word' id='word_1_482' title='bbox 3482 2446 3614 2502; x_wconf 88' lang='lat' dir='ltr'><strong>Ver-</strong></span> 
     </span>
    </p>
   </div>
   <div class='ocr_carea' id='block_1_58' title="bbox 2019 2528 3614 2606">
    <p class='ocr_par' dir='ltr' id='par_1_58' title="bbox 2019 2528 3614 2606">
     <span class='ocr_line' id='line_1_58' title="bbox 2019 2528 3614 2606; baseline 0.007 -22"><span class='ocrx_word' id='word_1_483' title='bbox 2019 2528 2145 2584; x_wconf 88' lang='lat' dir='ltr'><strong>bum</strong></span> <span class='ocrx_word' id='word_1_484' title='bbox 2170 2536 2287 2594; x_wconf 86' lang='lat' dir='ltr'><strong>est;</strong></span> <span class='ocrx_word' id='word_1_485' title='bbox 2320 2538 2374 2583; x_wconf 91' lang='lat' dir='ltr'><strong>et</strong></span> <span class='ocrx_word' id='word_1_486' title='bbox 2401 2529 2529 2584; x_wconf 91' lang='lat' dir='ltr'><strong>dum</strong></span> <span class='ocrx_word' id='word_1_487' title='bbox 2568 2529 2798 2586; x_wconf 86' lang='lat' dir='ltr'><strong>Verbum</strong></span> <span class='ocrx_word' id='word_1_488' title='bbox 2830 2545 2959 2586; x_wconf 89' lang='lat' dir='ltr'><strong>caro</strong></span> <span class='ocrx_word' id='word_1_489' title='bbox 2995 2530 3195 2589; x_wconf 77' lang='lat' dir='ltr'><strong>factum</strong></span> <span class='ocrx_word' id='word_1_490' title='bbox 3237 2536 3461 2606; x_wconf 85' lang='lat' dir='ltr'><strong>originis</strong></span> <span class='ocrx_word' id='word_1_491' title='bbox 3498 2554 3614 2595; x_wconf 75' lang='lat' dir='ltr'><strong>suat</strong></span> 
     </span>
    </p>
   </div>
   <div class='ocr_carea' id='block_1_59' title="bbox 2018 2622 3609 2695">
    <p class='ocr_par' dir='ltr' id='par_1_59' title="bbox 2018 2622 3609 2695">
     <span class='ocr_line' id='line_1_59' title="bbox 2018 2622 3609 2695; baseline 0.004 -16"><span class='ocrx_word' id='word_1_492' title='bbox 2018 2638 2125 2679; x_wconf 91' lang='lat' dir='ltr'><strong>non</strong></span> <span class='ocrx_word' id='word_1_493' title='bbox 2152 2632 2330 2693; x_wconf 86' lang='lat' dir='ltr'><strong>potest</strong></span> <span class='ocrx_word' id='word_1_494' title='bbox 2359 2637 2549 2678; x_wconf 85' lang='lat' dir='ltr'><strong>carere</strong></span> <span class='ocrx_word' id='word_1_495' title='bbox 2581 2633 2795 2688; x_wconf 88' lang='lat' dir='ltr'><strong>natura,</strong></span> <span class='ocrx_word' id='word_1_496' title='bbox 2832 2622 2908 2695; x_wconf 89' lang='lat' dir='ltr'><strong>(j)</strong></span> <span class='ocrx_word' id='word_1_497' title='bbox 2951 2638 3059 2678; x_wconf 90' lang='lat' dir='ltr'><strong>non</strong></span> <span class='ocrx_word' id='word_1_498' title='bbox 3090 2627 3261 2695; x_wconf 92' lang='lat' dir='ltr'><strong>potuit</strong></span> <span class='ocrx_word' id='word_1_499' title='bbox 3289 2628 3391 2683; x_wconf 89' lang='lat' dir='ltr'><strong>nisi</strong></span> <span class='ocrx_word' id='word_1_500' title='bbox 3426 2630 3477 2683; x_wconf 90' lang='lat' dir='ltr'><strong>in</strong></span> <span class='ocrx_word' id='word_1_501' title='bbox 3512 2646 3609 2685; x_wconf 57' lang='lat' dir='ltr'><strong>na.</strong></span> 
     </span>
    </p>
   </div>
   <div class='ocr_carea' id='block_1_60' title="bbox 2021 2714 3617 2787">
    <p class='ocr_par' dir='ltr' id='par_1_60' title="bbox 2021 2714 3617 2787">
     <span class='ocr_line' id='line_1_60' title="bbox 2021 2714 3617 2787; baseline 0.004 -18"><span class='ocrx_word' id='word_1_502' title='bbox 2021 2725 2158 2770; x_wconf 70' lang='lat' dir='ltr'><strong>tura:</strong></span> <span class='ocrx_word' id='word_1_503' title='bbox 2186 2729 2300 2769; x_wconf 63' lang='lat' dir='ltr'><strong>suae</strong></span> <span class='ocrx_word' id='word_1_504' title='bbox 2327 2714 2534 2783; x_wconf 82' lang='lat' dir='ltr'><strong>origine</strong></span> <span class='ocrx_word' id='word_1_505' title='bbox 2566 2728 2883 2781; x_wconf 84' lang='lat' dir='ltr'><strong>permanere</strong></span> <span class='ocrx_word' id='word_1_506' title='bbox 2924 2714 3065 2784; x_wconf 90' lang='lat' dir='ltr'><strong>quod</strong></span> <span class='ocrx_word' id='word_1_507' title='bbox 3108 2715 3342 2772; x_wconf 88' lang='lat' dir='ltr'><strong>Verbunt</strong></span> <span class='ocrx_word' id='word_1_508' title='bbox 3375 2729 3491 2787; x_wconf 90' lang='lat' dir='ltr'><strong>est,</strong></span> <span class='ocrx_word' id='word_1_509' title='bbox 3520 2737 3617 2778; x_wconf 87' lang='lat' dir='ltr'><strong>ne-</strong></span> 
     </span>
    </p>
   </div>
   <div class='ocr_carea' id='block_1_61' title="bbox 2015 2794 3703 2879">
    <p class='ocr_par' dir='ltr' id='par_1_61' title="bbox 2015 2794 3703 2879">
     <span class='ocr_line' id='line_1_61' title="bbox 2015 2794 3703 2879; baseline 0.005 -19"><span class='ocrx_word' id='word_1_510' title='bbox 2015 2820 2119 2876; x_wconf 91' lang='lat' dir='ltr'><strong>que</strong></span> <span class='ocrx_word' id='word_1_511' title='bbox 2148 2820 2254 2860; x_wconf 90' lang='lat' dir='ltr'><strong>non</strong></span> <span class='ocrx_word' id='word_1_512' title='bbox 2279 2820 2405 2860; x_wconf 88' lang='lat' dir='ltr'><strong>vere</strong></span> <span class='ocrx_word' id='word_1_513' title='bbox 2431 2804 2658 2875; x_wconf 86' lang='lat' dir='ltr'><strong>intelligi</strong></span> <span class='ocrx_word' id='word_1_514' title='bbox 2686 2802 2922 2860; x_wconf 85' lang='lat' dir='ltr'><strong>Verbum</strong></span> <span class='ocrx_word' id='word_1_515' title='bbox 2951 2819 3080 2861; x_wconf 85' lang='lat' dir='ltr'><strong>caro</strong></span> <span class='ocrx_word' id='word_1_516' title='bbox 3102 2794 3224 2864; x_wconf 80' lang='lat' dir='ltr'><strong>esse</strong></span> <span class='ocrx_word' id='word_1_517' title='bbox 3244 2809 3388 2879; x_wconf 88' lang='lat' dir='ltr'><strong>quod</strong></span> <span class='ocrx_word' id='word_1_518' title='bbox 3412 2809 3610 2869; x_wconf 81' lang='lat' dir='ltr'><strong>factum</strong></span> <span class='ocrx_word' id='word_1_519' title='bbox 3696 2810 3703 2816; x_wconf 77' lang='grc'><em>’</em></span> 
     </span>
    </p>
   </div>
   <div class='ocr_carea' id='block_1_62' title="bbox 2015 2893 3608 2969">
    <p class='ocr_par' dir='ltr' id='par_1_62' title="bbox 2015 2893 3608 2969">
     <span class='ocr_line' id='line_1_62' title="bbox 2015 2893 3608 2969; baseline 0.012 -23"><span class='ocrx_word' id='word_1_520' title='bbox 2015 2903 2133 2962; x_wconf 80' lang='lat' dir='ltr'><strong>est;</strong></span> <span class='ocrx_word' id='word_1_521' title='bbox 2170 2898 2240 2953; x_wconf 83' lang='lat' dir='ltr'><strong>ita</strong></span> <span class='ocrx_word' id='word_1_522' title='bbox 2275 2905 2456 2952; x_wconf 89' lang='lat' dir='ltr'><strong>tamen</strong></span> <span class='ocrx_word' id='word_1_523' title='bbox 2482 2937 2496 2960; x_wconf 94' lang='lat'><strong>,</strong></span> <span class='ocrx_word' id='word_1_524' title='bbox 2531 2904 2591 2950; x_wconf 90' lang='lat' dir='ltr'><strong>ut</strong></span> <span class='ocrx_word' id='word_1_525' title='bbox 2628 2893 2703 2969; x_wconf 83' lang='lat' dir='ltr'><strong>(Is)</strong></span> <span class='ocrx_word' id='word_1_526' title='bbox 2752 2900 2872 2965; x_wconf 88' lang='lat' dir='ltr'><strong>quia</strong></span> <span class='ocrx_word' id='word_1_527' title='bbox 2906 2896 3170 2955; x_wconf 80' lang='lat' dir='ltr'><strong>habitavit</strong></span> <span class='ocrx_word' id='word_1_528' title='bbox 3195 2899 3249 2956; x_wconf 92' lang='lat' dir='ltr'><strong>in</strong></span> <span class='ocrx_word' id='word_1_529' title='bbox 3278 2903 3466 2969; x_wconf 89' lang='lat' dir='ltr'><strong>nobis,</strong></span> <span class='ocrx_word' id='word_1_530' title='bbox 3499 2919 3608 2964; x_wconf 89' lang='lat' dir='ltr'><strong>non</strong></span> 
     </span>
    </p>
   </div>
   <div class='ocr_carea' id='block_1_63' title="bbox 2016 2988 3614 3056">
    <p class='ocr_par' dir='ltr' id='par_1_63' title="bbox 2016 2988 3614 3056">
     <span class='ocr_line' id='line_1_63' title="bbox 2016 2988 3614 3056; baseline 0.007 -11"><span class='ocrx_word' id='word_1_531' title='bbox 2016 3005 2142 3045; x_wconf 82' lang='lat' dir='ltr'><strong>caro</strong></span> <span class='ocrx_word' id='word_1_532' title='bbox 2179 2989 2267 3044; x_wconf 87' lang='lat' dir='ltr'><strong>illa</strong></span> <span class='ocrx_word' id='word_1_533' title='bbox 2295 2988 2532 3044; x_wconf 84' lang='lat' dir='ltr'><strong>Verbum</strong></span> <span class='ocrx_word' id='word_1_534' title='bbox 2572 2990 2643 3043; x_wconf 82' lang='lat' dir='ltr'><strong>sit</strong></span> <span class='ocrx_word' id='word_1_535' title='bbox 2666 3030 2681 3054; x_wconf 92' lang='lat'><strong>,</strong></span> <span class='ocrx_word' id='word_1_536' title='bbox 2721 2988 2817 3044; x_wconf 87' lang='lat' dir='ltr'><strong>sed</strong></span> <span class='ocrx_word' id='word_1_537' title='bbox 2852 2988 3010 3045; x_wconf 86' lang='lat' dir='ltr'><strong>Verbi</strong></span> <span class='ocrx_word' id='word_1_538' title='bbox 3042 3006 3169 3047; x_wconf 87' lang='lat' dir='ltr'><strong>caro</strong></span> <span class='ocrx_word' id='word_1_539' title='bbox 3209 2995 3280 3049; x_wconf 89' lang='lat' dir='ltr'><strong>sit</strong></span> <span class='ocrx_word' id='word_1_540' title='bbox 3317 2994 3614 3056; x_wconf 75' lang='lat' dir='ltr'><strong>habitantis</strong></span> 
     </span>
    </p>
   </div>
   <div class='ocr_carea' id='block_1_64' title="bbox 2018 3079 3616 3163">
    <p class='ocr_par' dir='ltr' id='par_1_64' title="bbox 2018 3079 3616 3163">
     <span class='ocr_line' id='line_1_64' title="bbox 2018 3079 3616 3163; baseline 0.007 -26"><span class='ocrx_word' id='word_1_541' title='bbox 2018 3082 2071 3137; x_wconf 93' lang='lat' dir='ltr'><strong>iu</strong></span> <span class='ocrx_word' id='word_1_542' title='bbox 2102 3096 2266 3139; x_wconf 78' lang='lat' dir='ltr'><strong>Carne</strong></span> <span class='ocrx_word' id='word_1_543' title='bbox 2293 3097 2307 3136; x_wconf 91' lang='lat'><strong>:</strong></span> <span class='ocrx_word' id='word_1_544' title='bbox 2338 3096 2457 3151; x_wconf 79' lang='lat' dir='ltr'><strong>quae</strong></span> <span class='ocrx_word' id='word_1_545' title='bbox 2484 3094 2605 3135; x_wconf 90' lang='lat' dir='ltr'><strong>cum</strong></span> <span class='ocrx_word' id='word_1_546' title='bbox 2636 3079 2706 3134; x_wconf 90' lang='lat' dir='ltr'><strong>ita</strong></span> <span class='ocrx_word' id='word_1_547' title='bbox 2735 3080 2866 3148; x_wconf 81' lang='lat' dir='ltr'><strong>sint,</strong></span> <span class='ocrx_word' id='word_1_548' title='bbox 2887 3091 3066 3138; x_wconf 89' lang='lat' dir='ltr'><strong>tamen</strong></span> <span class='ocrx_word' id='word_1_549' title='bbox 3092 3083 3371 3142; x_wconf 83' lang='lat' dir='ltr'><strong>videamus</strong></span> <span class='ocrx_word' id='word_1_550' title='bbox 3396 3104 3464 3145; x_wconf 86' lang='lat' dir='ltr'><strong>an</strong></span> <span class='ocrx_word' id='word_1_551' title='bbox 3490 3105 3616 3163; x_wconf 84' lang='lat' dir='ltr'><strong>per-</strong></span> 
     </span>
    </p>
   </div>
   <div class='ocr_carea' id='block_1_65' title="bbox 332 3170 3613 3244">
    <p class='ocr_par' dir='ltr' id='par_1_65' title="bbox 332 3170 3613 3244">
     <span class='ocr_line' id='line_1_65' title="bbox 332 3170 3613 3244; baseline 0.005 -21"><span class='ocrx_word' id='word_1_552' title='bbox 332 3170 493 3226; x_wconf 77' lang='lat' dir='ltr'><strong>vitatis</strong></span> <span class='ocrx_word' id='word_1_553' title='bbox 518 3182 601 3227; x_wconf 90' lang='lat' dir='ltr'><strong>est</strong></span> <span class='ocrx_word' id='word_1_554' title='bbox 629 3172 882 3238; x_wconf 86' lang='lat' dir='ltr'><strong>veritate,</strong></span> <span class='ocrx_word' id='word_1_555' title='bbox 909 3182 963 3228; x_wconf 91' lang='lat' dir='ltr'><strong>et</strong></span> <span class='ocrx_word' id='word_1_556' title='bbox 990 3173 1286 3228; x_wconf 87' lang='lat' dir='ltr'><strong>similitudo</strong></span> <span class='ocrx_word' id='word_1_557' title='bbox 1312 3175 1494 3229; x_wconf 85' lang='lat' dir='ltr'><strong>carnis</strong></span> <span class='ocrx_word' id='word_1_558' title='bbox 1540 3174 1745 3244; x_wconf 88' lang='lat' dir='ltr'><strong>peccati</strong></span> <span class='ocrx_word' id='word_1_559' title='bbox 1771 3189 1800 3229; x_wconf 88' lang='lat' dir='ltr'><strong>a</strong></span> <span class='ocrx_word' id='word_1_560' title='bbox 1832 3175 1912 3229; x_wconf 89' lang='lat' dir='ltr'><strong>vi-</strong></span> <span class='ocrx_word' id='word_1_561' title='bbox 1941 3171 1987 3237; x_wconf 88' lang='lat' dir='ltr'><strong>C</strong></span> <span class='ocrx_word' id='word_1_562' title='bbox 2017 3180 2170 3229; x_wconf 89' lang='lat' dir='ltr'><strong>actus</strong></span> <span class='ocrx_word' id='word_1_563' title='bbox 2212 3173 2500 3228; x_wconf 88' lang='lat' dir='ltr'><strong>universus</strong></span> <span class='ocrx_word' id='word_1_564' title='bbox 2550 3172 2646 3227; x_wconf 88' lang='lat' dir='ltr'><strong>ille</strong></span> <span class='ocrx_word' id='word_1_565' title='bbox 2689 3172 2955 3243; x_wconf 85' lang='lat' dir='ltr'><strong>passionis</strong></span> <span class='ocrx_word' id='word_1_566' title='bbox 2979 3173 3115 3229; x_wconf 88' lang='lat' dir='ltr'><strong>ordo</strong></span> <span class='ocrx_word' id='word_1_567' title='bbox 3145 3176 3513 3236; x_wconf 88' lang='lat' dir='ltr'><strong>inﬁrmitatem</strong></span> <span class='ocrx_word' id='word_1_568' title='bbox 3556 3182 3613 3238; x_wconf 90' lang='lat' dir='ltr'><strong>in</strong></span> 
     </span>
    </p>
   </div>
   <div class='ocr_carea' id='block_1_66' title="bbox 334 3261 1911 3333">
    <p class='ocr_par' dir='ltr' id='par_1_66' title="bbox 334 3261 1911 3333">
     <span class='ocr_line' id='line_1_66' title="bbox 334 3261 1911 3333; baseline 0.005 -20"><span class='ocrx_word' id='word_1_569' title='bbox 334 3261 412 3316; x_wconf 89' lang='lat' dir='ltr'><strong>tiis</strong></span> <span class='ocrx_word' id='word_1_570' title='bbox 431 3261 677 3318; x_wconf 74' lang='lat' dir='ltr'><strong>humana:</strong></span> <span class='ocrx_word' id='word_1_571' title='bbox 708 3263 973 3333; x_wconf 85' lang='lat' dir='ltr'><strong>passionis</strong></span> <span class='ocrx_word' id='word_1_572' title='bbox 1006 3263 1183 3319; x_wconf 87' lang='lat' dir='ltr'><strong>aliena</strong></span> <span class='ocrx_word' id='word_1_573' title='bbox 1214 3272 1316 3319; x_wconf 90' lang='lat' dir='ltr'><strong>est.</strong></span> <span class='ocrx_word' id='word_1_574' title='bbox 1340 3263 1417 3319; x_wconf 84' lang='lat' dir='ltr'><strong>ita</strong></span> <span class='ocrx_word' id='word_1_575' title='bbox 1470 3263 1633 3319; x_wconf 91' lang='lat' dir='ltr'><strong>homo</strong></span> <span class='ocrx_word' id='word_1_576' title='bbox 1661 3264 1911 3321; x_wconf 86' lang='lat' dir='ltr'><strong>Christus</strong></span> 
     </span>
    </p>
   </div>
   <div class='ocr_carea' id='block_1_67' title="bbox 330 3354 1906 3432">
    <p class='ocr_par' dir='ltr' id='par_1_67' title="bbox 330 3354 1906 3432">
     <span class='ocr_line' id='line_1_67' title="bbox 330 3354 1906 3432; baseline 0.001 -21"><span class='ocrx_word' id='word_1_577' title='bbox 330 3354 473 3411; x_wconf 84' lang='lat' dir='ltr'><strong>Jesus</strong></span> <span class='ocrx_word' id='word_1_578' title='bbox 498 3357 626 3411; x_wconf 88' lang='lat' dir='ltr'><strong>etin</strong></span> <span class='ocrx_word' id='word_1_579' title='bbox 657 3355 875 3412; x_wconf 86' lang='lat' dir='ltr'><strong>veritate</strong></span> <span class='ocrx_word' id='word_1_580' title='bbox 898 3356 1193 3412; x_wconf 78' lang='lat' dir='ltr'><strong>nativitatis</strong></span> <span class='ocrx_word' id='word_1_581' title='bbox 1220 3366 1303 3414; x_wconf 91' lang='lat' dir='ltr'><strong>est</strong></span> <span class='ocrx_word' id='word_1_582' title='bbox 1332 3358 1460 3413; x_wconf 90' lang='lat' dir='ltr'><strong>dum</strong></span> <span class='ocrx_word' id='word_1_583' title='bbox 1493 3358 1657 3415; x_wconf 91' lang='lat' dir='ltr'><strong>homo</strong></span> <span class='ocrx_word' id='word_1_584' title='bbox 1689 3368 1809 3432; x_wconf 85' lang='lat' dir='ltr'><strong>est,</strong></span> <span class='ocrx_word' id='word_1_585' title='bbox 1850 3367 1906 3415; x_wconf 90' lang='lat' dir='ltr'><strong>et</strong></span> 
     </span>
    </p>
   </div>
   <div class='ocr_carea' id='block_1_68' title="bbox 417 3509 1524 3585">
    <p class='ocr_par' dir='ltr' id='par_1_68' title="bbox 417 3509 1524 3585">
     <span class='ocr_line' id='line_1_68' title="bbox 417 3509 1524 3585; baseline 0.004 -19"><span class='ocrx_word' id='word_1_586' title='bbox 417 3509 465 3585; x_wconf 66' lang='grc' dir='ltr'>ι)</span> <span class='ocrx_word' id='word_1_587' title='bbox 492 3509 561 3585; x_wconf 62' lang='grc' dir='ltr'>ξι</span> <span class='ocrx_word' id='word_1_588' title='bbox 588 3512 645 3566; x_wconf 87' lang='lat' dir='ltr'><strong>in</strong></span> <span class='ocrx_word' id='word_1_589' title='bbox 666 3509 1051 3585; x_wconf 83' lang='lat' dir='ltr'><strong>similitudinem</strong></span> <span class='ocrx_word' id='word_1_590' title='bbox 1079 3513 1256 3568; x_wconf 81' lang='lat' dir='ltr'><strong>vitiose</strong></span> <span class='ocrx_word' id='word_1_591' title='bbox 1283 3514 1524 3585; x_wconf 84' lang='lat' dir='ltr'><strong>peccatis.</strong></span> 
     </span>
    </p>
   </div>
   <div class='ocr_carea' id='block_1_69' title="bbox 391 3511 996 3656">
    <p class='ocr_par' dir='ltr' id='par_1_69' title="bbox 391 3511 996 3656">
     <span class='ocr_line' id='line_1_69' title="bbox 417 3511 996 3581; baseline 0.002 -15"><span class='ocrx_word' id='word_1_592' title='bbox 417 3511 465 3581; x_wconf 77' lang='grc' dir='ltr'><strong>Ι)</strong></span> <span class='ocrx_word' id='word_1_593' title='bbox 492 3511 561 3567; x_wconf 82' lang='lat' dir='ltr'><strong>Et</strong></span> <span class='ocrx_word' id='word_1_594' title='bbox 588 3512 645 3566; x_wconf 87' lang='lat' dir='ltr'><strong>in</strong></span> <span class='ocrx_word' id='word_1_595' title='bbox 666 3511 996 3568; x_wconf 82' lang='lat' dir='ltr'><strong>similitudine</strong></span> 
     </span>
     <span class='ocr_line' id='line_1_70' title="bbox 391 3511 996 3656; baseline 0 -17"><span class='ocrx_word' id='word_1_596' title='bbox 391 3511 470 3656; x_wconf 54' lang='lat' dir='ltr'><strong>i2)</strong></span> <span class='ocrx_word' id='word_1_597' title='bbox 498 3580 564 3638; x_wconf 87' lang='lat' dir='ltr'><strong>In</strong></span> <span class='ocrx_word' id='word_1_598' title='bbox 587 3584 996 3639; x_wconf 84' lang='lat' dir='ltr'><strong>similitudinem.</strong></span> 
     </span>
    </p>
   </div>
   <div class='ocr_carea' id='block_1_70' title="bbox 391 3696 1904 3768">
    <p class='ocr_par' dir='ltr' id='par_1_70' title="bbox 391 3696 1904 3768">
     <span class='ocr_line' id='line_1_71' title="bbox 391 3696 1904 3768; baseline 0.004 -18"><span class='ocrx_word' id='word_1_599' title='bbox 391 3697 468 3768; x_wconf 84' lang='grc' dir='ltr'>(ιι)</span> <span class='ocrx_word' id='word_1_600' title='bbox 493 3696 567 3753; x_wconf 81' lang='lat' dir='ltr'><strong>ita</strong></span> <span class='ocrx_word' id='word_1_601' title='bbox 590 3707 905 3754; x_wconf 79' lang='lat' dir='ltr'><strong>constanter</strong></span> <span class='ocrx_word' id='word_1_602' title='bbox 934 3714 1067 3754; x_wconf 89' lang='lat' dir='ltr'><strong>mss.</strong></span> <span class='ocrx_word' id='word_1_603' title='bbox 1111 3700 1179 3755; x_wconf 79' lang='lat' dir='ltr'><strong>At</strong></span> <span class='ocrx_word' id='word_1_604' title='bbox 1205 3699 1336 3755; x_wconf 90' lang='lat' dir='ltr'><strong>editi</strong></span> <span class='ocrx_word' id='word_1_605' title='bbox 1360 3700 1524 3757; x_wconf 86' lang='lat' dir='ltr'><strong>etiam</strong></span> <span class='ocrx_word' id='word_1_606' title='bbox 1553 3709 1869 3756; x_wconf 86' lang='lat' dir='ltr'><strong>constanter</strong></span> <span class='ocrx_word' id='word_1_607' title='bbox 1890 3739 1904 3763; x_wconf 90' lang='lat'><strong>,</strong></span> 
     </span>
    </p>
   </div>
   <div class='ocr_carea' id='block_1_71' title="bbox 325 3766 1036 3824">
    <p class='ocr_par' dir='ltr' id='par_1_71' title="bbox 325 3766 1036 3824">
     <span class='ocr_line' id='line_1_72' title="bbox 325 3766 1036 3824; baseline 0.003 -3"><span class='ocrx_word' id='word_1_608' title='bbox 325 3766 373 3821; x_wconf 74' lang='lat' dir='ltr'><strong>in</strong></span> <span class='ocrx_word' id='word_1_609' title='bbox 394 3766 728 3824; x_wconf 73' lang='lat' dir='ltr'><strong>similitudine</strong></span> <span class='ocrx_word' id='word_1_610' title='bbox 752 3770 1036 3824; x_wconf 82' lang='lat' dir='ltr'><strong>hominum.</strong></span> 
     </span>
    </p>
   </div>
   <div class='ocr_carea' id='block_1_72' title="bbox 390 3840 1903 3913">
    <p class='ocr_par' dir='ltr' id='par_1_72' title="bbox 390 3840 1903 3913">
     <span class='ocr_line' id='line_1_73' title="bbox 390 3840 1903 3913; baseline 0.001 -19"><span class='ocrx_word' id='word_1_611' title='bbox 390 3840 463 3913; x_wconf 75' lang='lat' dir='ltr'><strong>(lt)</strong></span> <span class='ocrx_word' id='word_1_612' title='bbox 494 3841 550 3896; x_wconf 90' lang='lat' dir='ltr'><strong>In</strong></span> <span class='ocrx_word' id='word_1_613' title='bbox 580 3844 847 3913; x_wconf 74' lang='lat' dir='ltr'><strong>vulgatis,</strong></span> <span class='ocrx_word' id='word_1_614' title='bbox 887 3853 1146 3896; x_wconf 81' lang='lat' dir='ltr'><strong>naturam.</strong></span> <span class='ocrx_word' id='word_1_615' title='bbox 1178 3841 1345 3912; x_wconf 81' lang='lat' dir='ltr'><strong>Magis</strong></span> <span class='ocrx_word' id='word_1_616' title='bbox 1384 3843 1562 3912; x_wconf 80' lang='lat' dir='ltr'><strong>placet</strong></span> <span class='ocrx_word' id='word_1_617' title='bbox 1600 3858 1724 3898; x_wconf 88' lang='lat' dir='ltr'><strong>cum</strong></span> <span class='ocrx_word' id='word_1_618' title='bbox 1770 3857 1903 3897; x_wconf 89' lang='lat' dir='ltr'><strong>mss.</strong></span> 
     </span>
    </p>
   </div>
   <div class='ocr_carea' id='block_1_73' title="bbox 326 3910 1906 3984">
    <p class='ocr_par' dir='ltr' id='par_1_73' title="bbox 326 3910 1906 3984">
     <span class='ocr_line' id='line_1_74' title="bbox 326 3910 1906 3984; baseline 0.003 -21"><span class='ocrx_word' id='word_1_619' title='bbox 326 3910 544 3984; x_wconf 77' lang='lat' dir='ltr'><strong>naturas.</strong></span> <span class='ocrx_word' id='word_1_620' title='bbox 581 3910 848 3967; x_wconf 74' lang='lat' dir='ltr'><strong>Vitiorum</strong></span> <span class='ocrx_word' id='word_1_621' title='bbox 876 3922 1055 3967; x_wconf 84' lang='lat' dir='ltr'><strong>autem</strong></span> <span class='ocrx_word' id='word_1_622' title='bbox 1093 3910 1310 3967; x_wconf 71' lang='lat' dir='ltr'><strong>naturas</strong></span> <span class='ocrx_word' id='word_1_623' title='bbox 1335 3910 1640 3984; x_wconf 74' lang='lat' dir='ltr'><strong>intelligere</strong></span> <span class='ocrx_word' id='word_1_624' title='bbox 1677 3922 1760 3968; x_wconf 89' lang='lat' dir='ltr'><strong>est</strong></span> <span class='ocrx_word' id='word_1_625' title='bbox 1790 3929 1906 3982; x_wconf 86' lang='lat' dir='ltr'><strong>per-</strong></span> 
     </span>
    </p>
   </div>
   <div class='ocr_carea' id='block_1_74' title="bbox 328 3982 1905 4055">
    <p class='ocr_par' dir='ltr' id='par_1_74' title="bbox 328 3982 1905 4055">
     <span class='ocr_line' id='line_1_75' title="bbox 328 3982 1905 4055; baseline 0.003 -20"><span class='ocrx_word' id='word_1_626' title='bbox 328 3982 648 4055; x_wconf 73' lang='lat' dir='ltr'><strong>turbationes</strong></span> <span class='ocrx_word' id='word_1_627' title='bbox 692 3986 886 4038; x_wconf 77' lang='lat' dir='ltr'><strong>retinui</strong></span> <span class='ocrx_word' id='word_1_628' title='bbox 929 3984 1183 4039; x_wconf 82' lang='lat' dir='ltr'><strong>adversas</strong></span> <span class='ocrx_word' id='word_1_629' title='bbox 1221 3992 1278 4041; x_wconf 90' lang='lat' dir='ltr'><strong>et</strong></span> <span class='ocrx_word' id='word_1_630' title='bbox 1322 3982 1719 4055; x_wconf 76' lang='lat' dir='ltr'><strong>repugnantes,</strong></span> <span class='ocrx_word' id='word_1_631' title='bbox 1771 4000 1905 4055; x_wconf 88' lang='lat' dir='ltr'><strong>quas</strong></span> 
     </span>
    </p>
   </div>
   <div class='ocr_carea' id='block_1_75' title="bbox 327 4052 1731 4125">
    <p class='ocr_par' dir='ltr' id='par_1_75' title="bbox 327 4052 1731 4125">
     <span class='ocr_line' id='line_1_76' title="bbox 327 4052 1731 4125; baseline 0.001 -18"><span class='ocrx_word' id='word_1_632' title='bbox 327 4066 464 4108; x_wconf 88' lang='lat' dir='ltr'><strong>num.</strong></span> <span class='ocrx_word' id='word_1_633' title='bbox 487 4052 579 4118; x_wconf 58' lang='grc' dir='ltr'>ει,</span> <span class='ocrx_word' id='word_1_634' title='bbox 602 4056 919 4124; x_wconf 82' lang='lat' dir='ltr'><strong>passionum</strong></span> <span class='ocrx_word' id='word_1_635' title='bbox 949 4055 1173 4125; x_wconf 85' lang='lat' dir='ltr'><strong>injurias</strong></span> <span class='ocrx_word' id='word_1_636' title='bbox 1202 4052 1731 4111; x_wconf 38' lang='lat' dir='ltr'><strong>vocari—audivimus.</strong></span> 
     </span>
    </p>
   </div>
   <div class='ocr_carea' id='block_1_76' title="bbox 393 4124 1895 4197">
    <p class='ocr_par' dir='ltr' id='par_1_76' title="bbox 393 4124 1895 4197">
     <span class='ocr_line' id='line_1_77' title="bbox 393 4124 1895 4197; baseline -0.001 -19"><span class='ocrx_word' id='word_1_637' title='bbox 393 4124 461 4195; x_wconf 83' lang='lat' dir='ltr'><strong>(c)</strong></span> <span class='ocrx_word' id='word_1_638' title='bbox 489 4127 645 4191; x_wconf 80' lang='lat' dir='ltr'><strong>Apud</strong></span> <span class='ocrx_word' id='word_1_639' title='bbox 678 4126 803 4197; x_wconf 55' lang='lat' dir='ltr'><strong>Er,</strong></span> <span class='ocrx_word' id='word_1_640' title='bbox 834 4126 977 4194; x_wconf 88' lang='lat' dir='ltr'><strong>Lips.</strong></span> <span class='ocrx_word' id='word_1_641' title='bbox 1003 4166 1019 4192; x_wconf 87' lang='lat'><strong>,</strong></span> <span class='ocrx_word' id='word_1_642' title='bbox 1051 4137 1103 4180; x_wconf 89' lang='lat' dir='ltr'><strong>et</strong></span> <span class='ocrx_word' id='word_1_643' title='bbox 1133 4126 1253 4181; x_wconf 80' lang='lat' dir='ltr'><strong>Par.</strong></span> <span class='ocrx_word' id='word_1_644' title='bbox 1284 4169 1295 4193; x_wconf 88' lang='lat'><strong>,</strong></span> <span class='ocrx_word' id='word_1_645' title='bbox 1345 4128 1454 4196; x_wconf 83' lang='lat' dir='ltr'><strong>ejus</strong></span> <span class='ocrx_word' id='word_1_646' title='bbox 1499 4127 1755 4197; x_wconf 82' lang='lat' dir='ltr'><strong>generatio</strong></span> <span class='ocrx_word' id='word_1_647' title='bbox 1804 4135 1895 4180; x_wconf 82' lang='lat' dir='ltr'><strong>est.</strong></span> 
     </span>
    </p>
   </div>
   <div class='ocr_carea' id='block_1_77' title="bbox 327 4196 1901 4267">
    <p class='ocr_par' dir='ltr' id='par_1_77' title="bbox 327 4196 1901 4267">
     <span class='ocr_line' id='line_1_78' title="bbox 327 4196 1901 4267; baseline 0 -17"><span class='ocrx_word' id='word_1_648' title='bbox 327 4196 484 4251; x_wconf 78' lang='lat' dir='ltr'><strong>Abest</strong></span> <span class='ocrx_word' id='word_1_649' title='bbox 508 4198 621 4267; x_wconf 78' lang='lat' dir='ltr'><strong>ejus</strong></span> <span class='ocrx_word' id='word_1_650' title='bbox 648 4217 675 4249; x_wconf 66' lang='grc' dir='ltr'><strong>ιι</strong></span> <span class='ocrx_word' id='word_1_651' title='bbox 707 4196 837 4251; x_wconf 81' lang='lat' dir='ltr'><strong>Bnd.</strong></span> <span class='ocrx_word' id='word_1_652' title='bbox 871 4207 925 4251; x_wconf 87' lang='lat' dir='ltr'><strong>et</strong></span> <span class='ocrx_word' id='word_1_653' title='bbox 951 4212 1080 4252; x_wconf 87' lang='lat' dir='ltr'><strong>mss.</strong></span> <span class='ocrx_word' id='word_1_654' title='bbox 1110 4199 1294 4266; x_wconf 80' lang='lat' dir='ltr'><strong>sicque</strong></span> <span class='ocrx_word' id='word_1_655' title='bbox 1330 4197 1386 4251; x_wconf 80' lang='lat' dir='ltr'><strong>ﬁt</strong></span> <span class='ocrx_word' id='word_1_656' title='bbox 1426 4196 1670 4253; x_wconf 82' lang='lat' dir='ltr'><strong>absoluta</strong></span> <span class='ocrx_word' id='word_1_657' title='bbox 1705 4211 1901 4266; x_wconf 81' lang='lat' dir='ltr'><strong>prepo-</strong></span> 
     </span>
    </p>
   </div>
   <div class='ocr_carea' id='block_1_78' title="bbox 330 4268 1898 4339">
    <p class='ocr_par' dir='ltr' id='par_1_78' title="bbox 330 4268 1898 4339">
     <span class='ocr_line' id='line_1_79' title="bbox 330 4268 1898 4339; baseline 0.001 -20"><span class='ocrx_word' id='word_1_658' title='bbox 330 4268 441 4320; x_wconf 88' lang='lat' dir='ltr'><strong>sitio</strong></span> <span class='ocrx_word' id='word_1_659' title='bbox 480 4269 551 4323; x_wconf 88' lang='lat' dir='ltr'><strong>de</strong></span> <span class='ocrx_word' id='word_1_660' title='bbox 598 4269 745 4322; x_wconf 87' lang='lat' dir='ltr'><strong>onmi</strong></span> <span class='ocrx_word' id='word_1_661' title='bbox 776 4269 1159 4338; x_wconf 87' lang='lat' dir='ltr'><strong>generatione,</strong></span> <span class='ocrx_word' id='word_1_662' title='bbox 1196 4269 1265 4323; x_wconf 86' lang='lat' dir='ltr'><strong>ad</strong></span> <span class='ocrx_word' id='word_1_663' title='bbox 1303 4269 1457 4339; x_wconf 87' lang='lat' dir='ltr'><strong>cujus</strong></span> <span class='ocrx_word' id='word_1_664' title='bbox 1499 4269 1782 4324; x_wconf 77' lang='lat' dir='ltr'><strong>veritatem</strong></span> <span class='ocrx_word' id='word_1_665' title='bbox 1824 4268 1898 4323; x_wconf 89' lang='lat' dir='ltr'><strong>nil</strong></span> 
     </span>
    </p>
   </div>
   <div class='ocr_carea' id='block_1_79' title="bbox 329 4340 1197 4410">
    <p class='ocr_par' dir='ltr' id='par_1_79' title="bbox 329 4340 1197 4410">
     <span class='ocr_line' id='line_1_80' title="bbox 329 4340 1197 4410; baseline 0.002 -18"><span class='ocrx_word' id='word_1_666' title='bbox 329 4351 453 4410; x_wconf 83' lang='lat' dir='ltr'><strong>Opus</strong></span> <span class='ocrx_word' id='word_1_667' title='bbox 474 4350 559 4395; x_wconf 83' lang='lat' dir='ltr'><strong>est</strong></span> <span class='ocrx_word' id='word_1_668' title='bbox 581 4350 640 4394; x_wconf 93' lang='lat' dir='ltr'><strong>ut</strong></span> <span class='ocrx_word' id='word_1_669' title='bbox 662 4340 785 4394; x_wconf 84' lang='lat' dir='ltr'><strong>vitia</strong></span> <span class='ocrx_word' id='word_1_670' title='bbox 820 4348 1197 4410; x_wconf 60' lang='lat' dir='ltr'><strong>propagentur.</strong></span> 
     </span>
    </p>
   </div>
   <div class='ocr_carea' id='block_1_80' title="bbox 394 4404 1898 4482">
    <p class='ocr_par' dir='ltr' id='par_1_80' title="bbox 394 4404 1898 4482">
     <span class='ocr_line' id='line_1_81' title="bbox 394 4404 1898 4482; baseline -0.003 -15"><span class='ocrx_word' id='word_1_671' title='bbox 394 4406 485 4482; x_wconf 80' lang='grc' dir='ltr'>(ιι)-</span> <span class='ocrx_word' id='word_1_672' title='bbox 504 4404 832 4482; x_wconf 78' lang='lat' dir='ltr'><strong>Particulam</strong></span> <span class='ocrx_word' id='word_1_673' title='bbox 850 4411 903 4464; x_wconf 89' lang='lat' dir='ltr'><strong>in</strong></span> <span class='ocrx_word' id='word_1_674' title='bbox 917 4404 1132 4466; x_wconf 59' lang='lat' dir='ltr'><strong>omittit</strong></span> <span class='ocrx_word' id='word_1_675' title='bbox 1163 4410 1291 4465; x_wconf 88' lang='lat' dir='ltr'><strong>Bad.</strong></span> <span class='ocrx_word' id='word_1_676' title='bbox 1316 4408 1406 4468; x_wconf 85' lang='lat' dir='ltr'><strong>Sic</strong></span> <span class='ocrx_word' id='word_1_677' title='bbox 1424 4422 1605 4467; x_wconf 88' lang='lat' dir='ltr'><strong>autem</strong></span> <span class='ocrx_word' id='word_1_678' title='bbox 1640 4404 1773 4467; x_wconf 87' lang='lat' dir='ltr'><strong>illud</strong></span> <span class='ocrx_word' id='word_1_679' title='bbox 1812 4411 1864 4465; x_wconf 90' lang='lat' dir='ltr'><strong>in</strong></span> <span class='ocrx_word' id='word_1_680' title='bbox 1883 4440 1898 4452; x_wconf 70' lang='grc' dir='ltr'><strong><em>ο</em></strong></span> 
     </span>
    </p>
   </div>
   <div class='ocr_carea' id='block_1_81' title="bbox 330 4476 1899 4553">
    <p class='ocr_par' dir='ltr' id='par_1_81' title="bbox 330 4476 1899 4553">
     <span class='ocr_line' id='line_1_82' title="bbox 330 4476 1899 4553; baseline 0 -16"><span class='ocrx_word' id='word_1_681' title='bbox 330 4476 663 4553; x_wconf 59' lang='grc' dir='ltr'>ιευιαειιάιιιιι</span> <span class='ocrx_word' id='word_1_682' title='bbox 696 4479 904 4537; x_wconf 84' lang='lat' dir='ltr'><strong>videtur</strong></span> <span class='ocrx_word' id='word_1_683' title='bbox 940 4497 955 4533; x_wconf 88' lang='lat'><strong>:</strong></span> <span class='ocrx_word' id='word_1_684' title='bbox 993 4490 1047 4536; x_wconf 88' lang='lat' dir='ltr'><strong>et</strong></span> <span class='ocrx_word' id='word_1_685' title='bbox 1092 4483 1144 4537; x_wconf 91' lang='lat' dir='ltr'><strong>in</strong></span> <span class='ocrx_word' id='word_1_686' title='bbox 1174 4499 1273 4549; x_wconf 87' lang='lat' dir='ltr'><strong>eo,</strong></span> <span class='ocrx_word' id='word_1_687' title='bbox 1318 4483 1460 4551; x_wconf 89' lang='lat' dir='ltr'><strong>quod</strong></span> <span class='ocrx_word' id='word_1_688' title='bbox 1501 4483 1795 4553; x_wconf 82' lang='lat' dir='ltr'><strong>Apostolus</strong></span> <span class='ocrx_word' id='word_1_689' title='bbox 1823 4484 1899 4537; x_wconf 89' lang='lat' dir='ltr'><strong>ait</strong></span> 
     </span>
    </p>
   </div>
   <div class='ocr_carea' id='block_1_82' title="bbox 327 4553 1365 4623">
    <p class='ocr_par' dir='ltr' id='par_1_82' title="bbox 327 4553 1365 4623">
     <span class='ocr_line' id='line_1_83' title="bbox 327 4553 1365 4623; baseline 0 -16"><span class='ocrx_word' id='word_1_690' title='bbox 327 4566 441 4610; x_wconf 81' lang='lat' dir='ltr'><strong>eum</strong></span> <span class='ocrx_word' id='word_1_691' title='bbox 472 4553 657 4623; x_wconf 78' lang='lat' dir='ltr'><strong>habitu</strong></span> <span class='ocrx_word' id='word_1_692' title='bbox 684 4567 955 4623; x_wconf 86' lang='lat' dir='ltr'><strong>repertum</strong></span> <span class='ocrx_word' id='word_1_693' title='bbox 988 4561 1045 4605; x_wconf 82' lang='grc' dir='ltr'><strong>ιιι</strong></span> <span class='ocrx_word' id='word_1_694' title='bbox 1072 4553 1365 4609; x_wconf 86' lang='lat' dir='ltr'><strong>hominem.</strong></span> 
     </span>
    </p>
   </div>
   <div class='ocr_carea' id='block_1_83' title="bbox 394 4622 1908 4695">
    <p class='ocr_par' dir='ltr' id='par_1_83' title="bbox 394 4622 1908 4695">
     <span class='ocr_line' id='line_1_84' title="bbox 394 4622 1908 4695; baseline 0.001 -17"><span class='ocrx_word' id='word_1_695' title='bbox 394 4624 464 4695; x_wconf 75' lang='grc' dir='ltr'><strong>(ε)</strong></span> <span class='ocrx_word' id='word_1_696' title='bbox 512 4622 648 4680; x_wconf 84' lang='lat' dir='ltr'><strong>Bad.</strong></span> <span class='ocrx_word' id='word_1_697' title='bbox 695 4622 817 4681; x_wconf 87' lang='lat' dir='ltr'><strong>cum</strong></span> <span class='ocrx_word' id='word_1_698' title='bbox 865 4623 1138 4680; x_wconf 90' lang='lat' dir='ltr'><strong>nonnullis</strong></span> <span class='ocrx_word' id='word_1_699' title='bbox 1178 4639 1310 4680; x_wconf 88' lang='lat' dir='ltr'><strong>mss.</strong></span> <span class='ocrx_word' id='word_1_700' title='bbox 1338 4664 1356 4693; x_wconf 89' lang='lat'><strong>,</strong></span> <span class='ocrx_word' id='word_1_701' title='bbox 1407 4625 1600 4680; x_wconf 66' lang='lat' dir='ltr'><strong>uitiosa:</strong></span> <span class='ocrx_word' id='word_1_702' title='bbox 1642 4626 1861 4694; x_wconf 86' lang='lat' dir='ltr'><strong>peccatis</strong></span> <span class='ocrx_word' id='word_1_703' title='bbox 1889 4641 1908 4679; x_wconf 88' lang='grc'><strong>.·</strong></span> 
     </span>
    </p>
   </div>
   <div class='ocr_carea' id='block_1_84' title="bbox 320 4697 600 4751">
    <p class='ocr_par' dir='ltr' id='par_1_84' title="bbox 320 4697 600 4751">
     <span class='ocr_line' id='line_1_85' title="bbox 320 4697 600 4751; baseline -0.004 -1"><span class='ocrx_word' id='word_1_704' title='bbox 320 4697 600 4751; x_wconf 85' lang='lat' dir='ltr'><strong>mendose.</strong></span> 
     </span>
    </p>
   </div>
   <div class='ocr_carea' id='block_1_85' title="bbox 390 4764 1907 4840">
    <p class='ocr_par' dir='ltr' id='par_1_85' title="bbox 390 4764 1907 4840">
     <span class='ocr_line' id='line_1_86' title="bbox 390 4764 1907 4840; baseline 0 -20"><span class='ocrx_word' id='word_1_705' title='bbox 390 4765 459 4840; x_wconf 69' lang='grc' dir='ltr'><strong>(ι’)</strong></span> <span class='ocrx_word' id='word_1_706' title='bbox 488 4764 585 4840; x_wconf 74' lang='lat' dir='ltr'><strong>ilic</strong></span> <span class='ocrx_word' id='word_1_707' title='bbox 610 4765 901 4835; x_wconf 88' lang='lat' dir='ltr'><strong>subjiciunt</strong></span> <span class='ocrx_word' id='word_1_708' title='bbox 929 4765 1022 4823; x_wconf 88' lang='lat' dir='ltr'><strong>Er.</strong></span> <span class='ocrx_word' id='word_1_709' title='bbox 1051 4775 1107 4840; x_wconf 77' lang='lat' dir='ltr'><strong>et</strong></span> <span class='ocrx_word' id='word_1_710' title='bbox 1147 4764 1297 4838; x_wconf 84' lang='lat' dir='ltr'><strong>Lips.</strong></span> <span class='ocrx_word' id='word_1_711' title='bbox 1320 4809 1333 4833; x_wconf 90' lang='lat'><strong>,</strong></span> <span class='ocrx_word' id='word_1_712' title='bbox 1374 4767 1428 4821; x_wconf 86' lang='lat' dir='ltr'><strong>in</strong></span> <span class='ocrx_word' id='word_1_713' title='bbox 1451 4783 1635 4834; x_wconf 84' lang='lat' dir='ltr'><strong>carne,</strong></span> <span class='ocrx_word' id='word_1_714' title='bbox 1667 4765 1812 4834; x_wconf 66' lang='lat' dir='ltr'><strong>Pan,</strong></span> <span class='ocrx_word' id='word_1_715' title='bbox 1855 4768 1907 4821; x_wconf 87' lang='lat' dir='ltr'><strong>in</strong></span> 
     </span>
    </p>
   </div>
   <div class='ocr_carea' id='block_1_86' title="bbox 315 4837 1453 4894">
    <p class='ocr_par' dir='ltr' id='par_1_86' title="bbox 315 4837 1453 4894">
     <span class='ocr_line' id='line_1_87' title="bbox 315 4837 1453 4894; baseline 0.002 -4"><span class='ocrx_word' id='word_1_716' title='bbox 315 4837 488 4893; x_wconf 70' lang='lat' dir='ltr'><strong>cruce.</strong></span> <span class='ocrx_word' id='word_1_717' title='bbox 516 4837 772 4893; x_wconf 66' lang='lat' dir='ltr'><strong>Neutrum</strong></span> <span class='ocrx_word' id='word_1_718' title='bbox 801 4848 975 4893; x_wconf 75' lang='lat' dir='ltr'><strong>exstat</strong></span> <span class='ocrx_word' id='word_1_719' title='bbox 1003 4840 1057 4894; x_wconf 91' lang='lat' dir='ltr'><strong>in</strong></span> <span class='ocrx_word' id='word_1_720' title='bbox 1082 4838 1209 4893; x_wconf 87' lang='lat' dir='ltr'><strong>Bad.</strong></span> <span class='ocrx_word' id='word_1_721' title='bbox 1239 4846 1295 4893; x_wconf 88' lang='lat' dir='ltr'><strong>et</strong></span> <span class='ocrx_word' id='word_1_722' title='bbox 1322 4854 1453 4892; x_wconf 88' lang='lat' dir='ltr'><strong>mss.</strong></span> 
     </span>
    </p>
   </div>
   <div class='ocr_carea' id='block_1_87' title="bbox 390 4906 1911 4981">
    <p class='ocr_par' dir='ltr' id='par_1_87' title="bbox 390 4906 1911 4981">
     <span class='ocr_line' id='line_1_88' title="bbox 390 4906 1911 4981; baseline -0.001 -16"><span class='ocrx_word' id='word_1_723' title='bbox 390 4906 469 4981; x_wconf 67' lang='grc' dir='ltr'><strong>(μ)</strong></span> <span class='ocrx_word' id='word_1_724' title='bbox 501 4908 574 4965; x_wconf 85' lang='lat' dir='ltr'><strong>ita</strong></span> <span class='ocrx_word' id='word_1_725' title='bbox 602 4908 723 4963; x_wconf 81' lang='lat' dir='ltr'><strong>Vat.</strong></span> <span class='ocrx_word' id='word_1_726' title='bbox 751 4908 860 4965; x_wconf 88' lang='lat' dir='ltr'><strong>has.</strong></span> <span class='ocrx_word' id='word_1_727' title='bbox 887 4921 939 4964; x_wconf 88' lang='lat' dir='ltr'><strong>et</strong></span> <span class='ocrx_word' id='word_1_728' title='bbox 964 4911 1204 4978; x_wconf 87' lang='lat' dir='ltr'><strong>potiores</strong></span> <span class='ocrx_word' id='word_1_729' title='bbox 1224 4924 1355 4964; x_wconf 88' lang='lat' dir='ltr'><strong>mss.</strong></span> <span class='ocrx_word' id='word_1_730' title='bbox 1379 4907 1482 4965; x_wconf 81' lang='lat' dir='ltr'><strong>Alii</strong></span> <span class='ocrx_word' id='word_1_731' title='bbox 1509 4925 1636 4964; x_wconf 85' lang='lat' dir='ltr'><strong>vero</strong></span> <span class='ocrx_word' id='word_1_732' title='bbox 1656 4924 1779 4963; x_wconf 91' lang='lat' dir='ltr'><strong>cum</strong></span> <span class='ocrx_word' id='word_1_733' title='bbox 1801 4909 1911 4964; x_wconf 86' lang='lat' dir='ltr'><strong>vul-</strong></span> 
     </span>
    </p>
   </div>
   <div class='ocr_carea' id='block_1_88' title="bbox 312 4981 1908 5051">
    <p class='ocr_par' dir='ltr' id='par_1_88' title="bbox 312 4981 1908 5051">
     <span class='ocr_line' id='line_1_89' title="bbox 312 4981 1908 5051; baseline 0.001 -17"><span class='ocrx_word' id='word_1_734' title='bbox 312 4984 459 5051; x_wconf 81' lang='lat' dir='ltr'><strong>gatis</strong></span> <span class='ocrx_word' id='word_1_735' title='bbox 480 5022 493 5039; x_wconf 93' lang='lat'><strong>.</strong></span> <span class='ocrx_word' id='word_1_736' title='bbox 524 4990 721 5035; x_wconf 87' lang='lat' dir='ltr'><strong>tantum</strong></span> <span class='ocrx_word' id='word_1_737' title='bbox 749 4981 991 5048; x_wconf 86' lang='lat' dir='ltr'><strong>hominis,</strong></span> <span class='ocrx_word' id='word_1_738' title='bbox 1015 4982 1103 5034; x_wconf 85' lang='lat' dir='ltr'><strong>sed</strong></span> <span class='ocrx_word' id='word_1_739' title='bbox 1143 4990 1189 5035; x_wconf 90' lang='lat' dir='ltr'><strong>et</strong></span> <span class='ocrx_word' id='word_1_740' title='bbox 1215 4990 1267 5034; x_wconf 88' lang='lat' dir='ltr'><strong>ut</strong></span> <span class='ocrx_word' id='word_1_741' title='bbox 1300 4982 1539 5035; x_wconf 89' lang='lat' dir='ltr'><strong>hominis.</strong></span> <span class='ocrx_word' id='word_1_742' title='bbox 1576 4981 1717 5035; x_wconf 80' lang='lat' dir='ltr'><strong>inter</strong></span> <span class='ocrx_word' id='word_1_743' title='bbox 1757 4991 1811 5033; x_wconf 88' lang='lat' dir='ltr'><strong>ut</strong></span> <span class='ocrx_word' id='word_1_744' title='bbox 1853 4990 1908 5037; x_wconf 87' lang='lat' dir='ltr'><strong>et</strong></span> 
     </span>
    </p>
   </div>
   <div class='ocr_carea' id='block_1_89' title="bbox 314 5051 1907 5123">
    <p class='ocr_par' dir='ltr' id='par_1_89' title="bbox 314 5051 1907 5123">
     <span class='ocr_line' id='line_1_90' title="bbox 314 5051 1907 5123; baseline 0.001 -20"><span class='ocrx_word' id='word_1_745' title='bbox 314 5063 579 5119; x_wconf 84' lang='lat' dir='ltr'><strong>tamquam</strong></span> <span class='ocrx_word' id='word_1_746' title='bbox 624 5053 725 5106; x_wconf 90' lang='lat' dir='ltr'><strong>hoc</strong></span> <span class='ocrx_word' id='word_1_747' title='bbox 766 5052 914 5119; x_wconf 82' lang='lat' dir='ltr'><strong>ponit</strong></span> <span class='ocrx_word' id='word_1_748' title='bbox 965 5051 1195 5106; x_wconf 87' lang='lat' dir='ltr'><strong>llilarius</strong></span> <span class='ocrx_word' id='word_1_749' title='bbox 1233 5052 1519 5106; x_wconf 81' lang='lat' dir='ltr'><strong>discrimen</strong></span> <span class='ocrx_word' id='word_1_750' title='bbox 1547 5094 1561 5116; x_wconf 91' lang='lat'><strong>,</strong></span> <span class='ocrx_word' id='word_1_751' title='bbox 1595 5052 1735 5123; x_wconf 83' lang='lat' dir='ltr'><strong>quod</strong></span> <span class='ocrx_word' id='word_1_752' title='bbox 1778 5063 1907 5104; x_wconf 82' lang='lat' dir='ltr'><strong>tum-</strong></span> 
     </span>
    </p>
   </div>
   <div class='ocr_carea' id='block_1_90' title="bbox 311 5121 1905 5193">
    <p class='ocr_par' dir='ltr' id='par_1_90' title="bbox 311 5121 1905 5193">
     <span class='ocr_line' id='line_1_91' title="bbox 311 5121 1905 5193; baseline 0.001 -17"><span class='ocrx_word' id='word_1_753' title='bbox 311 5137 475 5192; x_wconf 74' lang='lat' dir='ltr'><strong>qum</strong></span> <span class='ocrx_word' id='word_1_754' title='bbox 501 5133 779 5177; x_wconf 76' lang='lat' dir='ltr'><strong>externam</strong></span> <span class='ocrx_word' id='word_1_755' title='bbox 806 5123 1084 5177; x_wconf 79' lang='lat' dir='ltr'><strong>dumtaxat</strong></span> <span class='ocrx_word' id='word_1_756' title='bbox 1112 5123 1187 5178; x_wconf 88' lang='lat' dir='ltr'><strong>rei</strong></span> <span class='ocrx_word' id='word_1_757' title='bbox 1218 5125 1476 5192; x_wconf 71' lang='lat' dir='ltr'><strong>Speciem,</strong></span> <span class='ocrx_word' id='word_1_758' title='bbox 1508 5134 1562 5178; x_wconf 91' lang='lat' dir='ltr'><strong>et</strong></span> <span class='ocrx_word' id='word_1_759' title='bbox 1591 5121 1905 5193; x_wconf 79' lang='lat' dir='ltr'><strong>coujunctio</strong></span> 
     </span>
    </p>
   </div>
   <div class='ocr_carea' id='block_1_91' title="bbox 313 5195 1004 5263">
    <p class='ocr_par' dir='ltr' id='par_1_91' title="bbox 313 5195 1004 5263">
     <span class='ocr_line' id='line_1_92' title="bbox 313 5195 1004 5263; baseline -0.001 -16"><span class='ocrx_word' id='word_1_760' title='bbox 313 5202 374 5247; x_wconf 63' lang='lat' dir='ltr'><strong>ut</strong></span> <span class='ocrx_word' id='word_1_761' title='bbox 401 5195 683 5263; x_wconf 78' lang='lat' dir='ltr'><strong>vqritatem</strong></span> <span class='ocrx_word' id='word_1_762' title='bbox 712 5195 1004 5263; x_wconf 77' lang='lat' dir='ltr'><strong>signiticet.</strong></span> 
     </span>
    </p>
   </div>
   <div class='ocr_carea' id='block_1_92' title="bbox 390 5263 1905 5335">
    <p class='ocr_par' dir='ltr' id='par_1_92' title="bbox 390 5263 1905 5335">
     <span class='ocr_line' id='line_1_93' title="bbox 390 5263 1905 5335; baseline 0.001 -17"><span class='ocrx_word' id='word_1_763' title='bbox 390 5263 473 5335; x_wconf 66' lang='lat' dir='ltr'><strong>(lt)</strong></span> <span class='ocrx_word' id='word_1_764' title='bbox 500 5263 666 5328; x_wconf 83' lang='lat' dir='ltr'><strong>Editi,</strong></span> <span class='ocrx_word' id='word_1_765' title='bbox 694 5281 815 5335; x_wconf 77' lang='lat' dir='ltr'><strong>quia</strong></span> <span class='ocrx_word' id='word_1_766' title='bbox 835 5263 989 5318; x_wconf 83' lang='lat' dir='ltr'><strong>homo</strong></span> <span class='ocrx_word' id='word_1_767' title='bbox 1015 5272 1087 5318; x_wconf 80' lang='lat' dir='ltr'><strong>est</strong></span> <span class='ocrx_word' id='word_1_768' title='bbox 1105 5271 1195 5330; x_wconf 87' lang='lat' dir='ltr'><strong>;et</strong></span> <span class='ocrx_word' id='word_1_769' title='bbox 1220 5277 1366 5335; x_wconf 81' lang='lat' dir='ltr'><strong>mox,</strong></span> <span class='ocrx_word' id='word_1_770' title='bbox 1394 5266 1515 5335; x_wconf 83' lang='lat' dir='ltr'><strong>quia</strong></span> <span class='ocrx_word' id='word_1_771' title='bbox 1534 5264 1767 5320; x_wconf 85' lang='lat' dir='ltr'><strong>Christus</strong></span> <span class='ocrx_word' id='word_1_772' title='bbox 1786 5273 1858 5319; x_wconf 88' lang='lat' dir='ltr'><strong>est</strong></span> <span class='ocrx_word' id='word_1_773' title='bbox 1885 5279 1905 5320; x_wconf 88' lang='lat'><strong><em>:</em></strong></span> 
     </span>
    </p>
   </div>
   <div class='ocr_carea' id='block_1_93' title="bbox 308 5334 1904 5405">
    <p class='ocr_par' dir='ltr' id='par_1_93' title="bbox 308 5334 1904 5405">
     <span class='ocr_line' id='line_1_94' title="bbox 308 5334 1904 5405; baseline 0 -14"><span class='ocrx_word' id='word_1_774' title='bbox 308 5334 676 5391; x_wconf 61' lang='grc' dir='ltr'>τοιιὶιθιιιίιιιιι</span> <span class='ocrx_word' id='word_1_775' title='bbox 712 5334 1027 5405; x_wconf 77' lang='lat' dir='ltr'><strong>potioribus</strong></span> <span class='ocrx_word' id='word_1_776' title='bbox 1081 5348 1209 5388; x_wconf 88' lang='lat' dir='ltr'><strong>mss.</strong></span> <span class='ocrx_word' id='word_1_777' title='bbox 1258 5334 1427 5391; x_wconf 85' lang='lat' dir='ltr'><strong>Nemo</strong></span> <span class='ocrx_word' id='word_1_778' title='bbox 1464 5352 1569 5392; x_wconf 91' lang='lat' dir='ltr'><strong>non</strong></span> <span class='ocrx_word' id='word_1_779' title='bbox 1626 5337 1771 5391; x_wconf 86' lang='lat' dir='ltr'><strong>videt</strong></span> <span class='ocrx_word' id='word_1_780' title='bbox 1815 5337 1904 5405; x_wconf 89' lang='lat' dir='ltr'><strong>qui</strong></span> 
     </span>
    </p>
   </div>
   <div class='ocr_carea' id='block_1_94' title="bbox 313 5405 1905 5477">
    <p class='ocr_par' dir='ltr' id='par_1_94' title="bbox 313 5405 1905 5477">
     <span class='ocr_line' id='line_1_95' title="bbox 313 5405 1905 5477; baseline -0.001 -15"><span class='ocrx_word' id='word_1_781' title='bbox 313 5407 567 5462; x_wconf 67' lang='lat' dir='ltr'><strong>Christus</strong></span> <span class='ocrx_word' id='word_1_782' title='bbox 596 5425 625 5458; x_wconf 73' lang='grc' dir='ltr'>ει</span> <span class='ocrx_word' id='word_1_783' title='bbox 657 5407 786 5462; x_wconf 79' lang='lat' dir='ltr'><strong>Jesu</strong></span> <span class='ocrx_word' id='word_1_784' title='bbox 815 5415 871 5461; x_wconf 87' lang='lat' dir='ltr'><strong>et</strong></span> <span class='ocrx_word' id='word_1_785' title='bbox 911 5405 1127 5461; x_wconf 84' lang='lat' dir='ltr'><strong>homine</strong></span> <span class='ocrx_word' id='word_1_786' title='bbox 1150 5406 1532 5477; x_wconf 80' lang='lat' dir='ltr'><strong>distinguatur.</strong></span> <span class='ocrx_word' id='word_1_787' title='bbox 1562 5408 1667 5463; x_wconf 84' lang='lat' dir='ltr'><strong>Sed</strong></span> <span class='ocrx_word' id='word_1_788' title='bbox 1709 5423 1776 5461; x_wconf 83' lang='lat' dir='ltr'><strong>ex</strong></span> <span class='ocrx_word' id='word_1_789' title='bbox 1794 5422 1905 5477; x_wconf 79' lang='lat' dir='ltr'><strong>nu-</strong></span> 
     </span>
    </p>
   </div>
   <div class='ocr_carea' id='block_1_95' title="bbox 314 5475 1909 5549">
    <p class='ocr_par' dir='ltr' id='par_1_95' title="bbox 314 5475 1909 5549">
     <span class='ocr_line' id='line_1_96' title="bbox 314 5475 1909 5549; baseline -0.003 -16"><span class='ocrx_word' id='word_1_790' title='bbox 314 5488 474 5533; x_wconf 69' lang='lat' dir='ltr'><strong>snevo</strong></span> <span class='ocrx_word' id='word_1_791' title='bbox 501 5479 851 5549; x_wconf 18' lang='lat' dir='ltr'><strong>su‘hsequenti</strong></span> <span class='ocrx_word' id='word_1_792' title='bbox 892 5477 1144 5549; x_wconf 86' lang='lat' dir='ltr'><strong>liquidius</strong></span> <span class='ocrx_word' id='word_1_793' title='bbox 1171 5475 1371 5547; x_wconf 85' lang='lat' dir='ltr'><strong>patebit</strong></span> <span class='ocrx_word' id='word_1_794' title='bbox 1399 5476 1659 5533; x_wconf 87' lang='lat' dir='ltr'><strong>Christum</strong></span> <span class='ocrx_word' id='word_1_795' title='bbox 1690 5485 1745 5532; x_wconf 84' lang='lat' dir='ltr'><strong>et</strong></span> <span class='ocrx_word' id='word_1_796' title='bbox 1786 5475 1909 5530; x_wconf 78' lang='lat' dir='ltr'><strong>Ver-</strong></span> 
     </span>
    </p>
   </div>
   <div class='ocr_carea' id='block_1_96' title="bbox 311 5549 1902 5620">
    <p class='ocr_par' dir='ltr' id='par_1_96' title="bbox 311 5549 1902 5620">
     <span class='ocr_line' id='line_1_97' title="bbox 311 5549 1902 5620; baseline -0.002 -15"><span class='ocrx_word' id='word_1_797' title='bbox 311 5549 445 5605; x_wconf 67' lang='lat' dir='ltr'><strong>bum</strong></span> <span class='ocrx_word' id='word_1_798' title='bbox 466 5562 769 5620; x_wconf 76' lang='lat' dir='ltr'><strong>synonyma</strong></span> <span class='ocrx_word' id='word_1_799' title='bbox 790 5563 911 5605; x_wconf 86' lang='lat' dir='ltr'><strong>esse</strong></span> <span class='ocrx_word' id='word_1_800' title='bbox 942 5567 955 5604; x_wconf 89' lang='lat'><strong>:</strong></span> <span class='ocrx_word' id='word_1_801' title='bbox 978 5563 1029 5603; x_wconf 89' lang='lat' dir='ltr'><strong>et</strong></span> <span class='ocrx_word' id='word_1_802' title='bbox 1050 5556 1336 5620; x_wconf 85' lang='lat' dir='ltr'><strong>utrumque</strong></span> <span class='ocrx_word' id='word_1_803' title='bbox 1361 5550 1681 5620; x_wconf 85' lang='lat' dir='ltr'><strong>vocabulum</strong></span> <span class='ocrx_word' id='word_1_804' title='bbox 1712 5549 1777 5602; x_wconf 86' lang='lat' dir='ltr'><strong>nd</strong></span> <span class='ocrx_word' id='word_1_805' title='bbox 1808 5563 1902 5603; x_wconf 86' lang='lat' dir='ltr'><strong>na-</strong></span> 
     </span>
    </p>
   </div>
   <div class='ocr_carea' id='block_1_97' title="bbox 314 5618 1694 5679">
    <p class='ocr_par' dir='ltr' id='par_1_97' title="bbox 314 5618 1694 5679">
     <span class='ocr_line' id='line_1_98' title="bbox 314 5618 1694 5679; baseline -0.001 -4"><span class='ocrx_word' id='word_1_806' title='bbox 314 5618 763 5679; x_wconf 59' lang='lat' dir='ltr'><strong>turain&#39;divinam</strong></span> <span class='ocrx_word' id='word_1_807' title='bbox 787 5620 859 5675; x_wconf 81' lang='lat' dir='ltr'><strong>ab</strong></span> <span class='ocrx_word' id='word_1_808' title='bbox 891 5620 1122 5675; x_wconf 84' lang='lat' dir='ltr'><strong>humana</strong></span> <span class='ocrx_word' id='word_1_809' title='bbox 1145 5618 1451 5674; x_wconf 86' lang='lat' dir='ltr'><strong>distinctam</strong></span> <span class='ocrx_word' id='word_1_810' title='bbox 1481 5619 1694 5675; x_wconf 75' lang='lat' dir='ltr'><strong>referri.</strong></span> 
     </span>
    </p>
   </div>
   <div class='ocr_carea' id='block_1_98' title="bbox 253 5688 1909 5763">
    <p class='ocr_par' dir='ltr' id='par_1_98' title="bbox 253 5688 1909 5763">
     <span class='ocr_line' id='line_1_99' title="bbox 253 5688 1909 5763; baseline -0.002 -13"><span class='ocrx_word' id='word_1_811' title='bbox 253 5690 263 5698; x_wconf 83' lang='grc'><em>’</em></span> <span class='ocrx_word' id='word_1_812' title='bbox 312 5748 328 5762; x_wconf 62' lang='grc'><em>,</em></span> <span class='ocrx_word' id='word_1_813' title='bbox 398 5689 463 5760; x_wconf 83' lang='lat' dir='ltr'><strong>(i)</strong></span> <span class='ocrx_word' id='word_1_814' title='bbox 487 5688 575 5747; x_wconf 85' lang='lat' dir='ltr'><strong>Sic</strong></span> <span class='ocrx_word' id='word_1_815' title='bbox 629 5706 763 5747; x_wconf 83' lang='lat' dir='ltr'><strong>mss.</strong></span> <span class='ocrx_word' id='word_1_816' title='bbox 794 5694 864 5748; x_wconf 87' lang='lat' dir='ltr'><strong>At</strong></span> <span class='ocrx_word' id='word_1_817' title='bbox 898 5691 1060 5759; x_wconf 87' lang='lat' dir='ltr'><strong>editi,</strong></span> <span class='ocrx_word' id='word_1_818' title='bbox 1088 5705 1240 5761; x_wconf 84' lang='lat' dir='ltr'><strong>quant</strong></span> <span class='ocrx_word' id='word_1_819' title='bbox 1261 5690 1370 5761; x_wconf 87' lang='lat' dir='ltr'><strong>ipse</strong></span> <span class='ocrx_word' id='word_1_820' title='bbox 1402 5706 1524 5745; x_wconf 86' lang='lat' dir='ltr'><strong>caro</strong></span> <span class='ocrx_word' id='word_1_821' title='bbox 1553 5690 1765 5763; x_wconf 84' lang='lat' dir='ltr'><strong>peccati.</strong></span> <span class='ocrx_word' id='word_1_822' title='bbox 1796 5690 1909 5747; x_wconf 81' lang='lat' dir='ltr'><strong>Huc</strong></span> 
     </span>
    </p>
   </div>
   <div class='ocr_carea' id='block_1_99' title="bbox 2024 3264 3609 3343">
    <p class='ocr_par' dir='ltr' id='par_1_99' title="bbox 2024 3264 3609 3343">
     <span class='ocr_line' id='line_1_100' title="bbox 2024 3264 3609 3343; baseline 0.007 -21"><span class='ocrx_word' id='word_1_823' title='bbox 2024 3267 2255 3322; x_wconf 90' lang='lat' dir='ltr'><strong>Domino</strong></span> <span class='ocrx_word' id='word_1_824' title='bbox 2276 3264 2578 3336; x_wconf 87' lang='lat' dir='ltr'><strong>corporalis</strong></span> <span class='ocrx_word' id='word_1_825' title='bbox 2607 3264 2811 3321; x_wconf 87' lang='lat' dir='ltr'><strong>doloris</strong></span> <span class='ocrx_word' id='word_1_826' title='bbox 2838 3268 3115 3337; x_wconf 90' lang='lat' dir='ltr'><strong>permittat</strong></span> <span class='ocrx_word' id='word_1_827' title='bbox 3142 3268 3385 3343; x_wconf 89' lang='lat' dir='ltr'><strong>intelligi.</strong></span> <span class='ocrx_word' id='word_1_828' title='bbox 3421 3274 3609 3333; x_wconf 87' lang='lat' dir='ltr'><strong>Dilatis</strong></span> 
     </span>
    </p>
   </div>
   <div class='ocr_carea' id='block_1_100' title="bbox 2018 3358 3612 3440">
    <p class='ocr_par' dir='ltr' id='par_1_100' title="bbox 2018 3358 3612 3440">
     <span class='ocr_line' id='line_1_101' title="bbox 2018 3358 3612 3440; baseline 0.006 -24"><span class='ocrx_word' id='word_1_829' title='bbox 2018 3361 2159 3416; x_wconf 90' lang='lat' dir='ltr'><strong>enim</strong></span> <span class='ocrx_word' id='word_1_830' title='bbox 2180 3358 2246 3415; x_wconf 88' lang='lat' dir='ltr'><strong>ad</strong></span> <span class='ocrx_word' id='word_1_831' title='bbox 2277 3359 2549 3416; x_wconf 89' lang='lat' dir='ltr'><strong>modicum</strong></span> <span class='ocrx_word' id='word_1_832' title='bbox 2572 3374 2762 3416; x_wconf 90' lang='lat' dir='ltr'><strong>eorum</strong></span> <span class='ocrx_word' id='word_1_833' title='bbox 2782 3360 3052 3418; x_wconf 88' lang='lat' dir='ltr'><strong>dictorum</strong></span> <span class='ocrx_word' id='word_1_834' title='bbox 3080 3364 3258 3421; x_wconf 79' lang='lat' dir='ltr'><strong>causis</strong></span> <span class='ocrx_word' id='word_1_835' title='bbox 3279 3405 3296 3435; x_wconf 89' lang='lat'><strong>,</strong></span> <span class='ocrx_word' id='word_1_836' title='bbox 3324 3382 3390 3424; x_wconf 81' lang='lat' dir='ltr'><strong>cx</strong></span> <span class='ocrx_word' id='word_1_837' title='bbox 3419 3368 3612 3440; x_wconf 88' lang='lat' dir='ltr'><strong>quibus</strong></span> 
     </span>
    </p>
   </div>
   <div class='ocr_carea' id='block_1_101' title="bbox 2082 3515 3248 3590">
    <p class='ocr_par' dir='ltr' id='par_1_101' title="bbox 2082 3515 3248 3590">
     <span class='ocr_line' id='line_1_102' title="bbox 2082 3515 3248 3590; baseline 0.009 -18"><span class='ocrx_word' id='word_1_838' title='bbox 2082 3515 2161 3590; x_wconf 82' lang='lat'><strong>(&#39;5)</strong></span> <span class='ocrx_word' id='word_1_839' title='bbox 2194 3515 2415 3574; x_wconf 86' lang='lat' dir='ltr'><strong>Tantum</strong></span> <span class='ocrx_word' id='word_1_840' title='bbox 2443 3517 2696 3586; x_wconf 87' lang='lat' dir='ltr'><strong>hominis,</strong></span> <span class='ocrx_word' id='word_1_841' title='bbox 2726 3518 2817 3573; x_wconf 86' lang='lat' dir='ltr'><strong>sed</strong></span> <span class='ocrx_word' id='word_1_842' title='bbox 2844 3529 2895 3575; x_wconf 84' lang='lat' dir='ltr'><strong>et</strong></span> <span class='ocrx_word' id='word_1_843' title='bbox 2923 3528 2978 3576; x_wconf 91' lang='lat' dir='ltr'><strong>ut</strong></span> <span class='ocrx_word' id='word_1_844' title='bbox 3005 3520 3248 3583; x_wconf 84' lang='lat' dir='ltr'><strong>hominis.</strong></span> 
     </span>
    </p>
   </div>
   <div class='ocr_carea' id='block_1_102' title="bbox 2020 3695 3606 3768">
    <p class='ocr_par' dir='ltr' id='par_1_102' title="bbox 2020 3695 3606 3768">
     <span class='ocr_line' id='line_1_103' title="bbox 2020 3695 3606 3768; baseline 0.009 -16"><span class='ocrx_word' id='word_1_845' title='bbox 2020 3705 2267 3767; x_wconf 89' lang='lat' dir='ltr'><strong>spectant</strong></span> <span class='ocrx_word' id='word_1_846' title='bbox 2294 3710 2505 3768; x_wconf 67' lang='lat' dir='ltr'><strong>quaeea</strong></span> <span class='ocrx_word' id='word_1_847' title='bbox 2536 3695 2740 3750; x_wconf 84' lang='lat' dir='ltr'><strong>Hilario</strong></span> <span class='ocrx_word' id='word_1_848' title='bbox 2765 3696 2896 3768; x_wconf 87' lang='lat' dir='ltr'><strong>citat</strong></span> <span class='ocrx_word' id='word_1_849' title='bbox 2918 3699 3249 3768; x_wconf 82' lang='lat' dir='ltr'><strong>Augustinus</strong></span> <span class='ocrx_word' id='word_1_850' title='bbox 3300 3704 3389 3759; x_wconf 89' lang='lat' dir='ltr'><strong>lib.</strong></span> <span class='ocrx_word' id='word_1_851' title='bbox 3417 3719 3606 3767; x_wconf 88' lang='lat' dir='ltr'><strong>tcont.</strong></span> 
     </span>
    </p>
   </div>
   <div class='ocr_carea' id='block_1_103' title="bbox 2018 3764 3611 3835">
    <p class='ocr_par' dir='ltr' id='par_1_103' title="bbox 2018 3764 3611 3835">
     <span class='ocr_line' id='line_1_104' title="bbox 2018 3764 3611 3835; baseline 0.009 -14"><span class='ocrx_word' id='word_1_852' title='bbox 2018 3764 2213 3825; x_wconf 74' lang='lat' dir='ltr'><strong>Julian.</strong></span> <span class='ocrx_word' id='word_1_853' title='bbox 2242 3783 2292 3822; x_wconf 90' lang='lat' dir='ltr'><strong>c.</strong></span> <span class='ocrx_word' id='word_1_854' title='bbox 2314 3764 2350 3824; x_wconf 74' lang='lat'><strong>3</strong></span> <span class='ocrx_word' id='word_1_855' title='bbox 2375 3783 2387 3819; x_wconf 85' lang='lat'><strong>:</strong></span> <span class='ocrx_word' id='word_1_856' title='bbox 2414 3764 2554 3835; x_wconf 79' lang='lat' dir='ltr'><strong>Ergo</strong></span> <span class='ocrx_word' id='word_1_857' title='bbox 2583 3782 2700 3819; x_wconf 87' lang='lat' dir='ltr'><strong>cum</strong></span> <span class='ocrx_word' id='word_1_858' title='bbox 2728 3767 2915 3821; x_wconf 83' lang='lat' dir='ltr'><strong>missus</strong></span> <span class='ocrx_word' id='word_1_859' title='bbox 2945 3764 3029 3823; x_wconf 67' lang='lat' dir='ltr'><strong>esi</strong></span> <span class='ocrx_word' id='word_1_860' title='bbox 3044 3772 3097 3822; x_wconf 88' lang='lat' dir='ltr'><strong>in</strong></span> <span class='ocrx_word' id='word_1_861' title='bbox 3128 3772 3466 3832; x_wconf 83' lang='lat' dir='ltr'><strong>similitudine</strong></span> <span class='ocrx_word' id='word_1_862' title='bbox 3496 3764 3611 3834; x_wconf 53' lang='lat' dir='ltr'><strong>cur;</strong></span> 
     </span>
    </p>
   </div>
   <div class='ocr_carea' id='block_1_104' title="bbox 2016 3838 3609 3917">
    <p class='ocr_par' dir='ltr' id='par_1_104' title="bbox 2016 3838 3609 3917">
     <span class='ocr_line' id='line_1_105' title="bbox 2016 3838 3609 3917; baseline 0.001 -24"><span class='ocrx_word' id='word_1_863' title='bbox 2016 3842 2095 3895; x_wconf 82' lang='lat' dir='ltr'><strong>nis</strong></span> <span class='ocrx_word' id='word_1_864' title='bbox 2117 3840 2467 3917; x_wconf 75' lang='lat' dir='ltr'><strong>peccati,_non</strong></span> <span class='ocrx_word' id='word_1_865' title='bbox 2494 3841 2622 3891; x_wconf 85' lang='lat' dir='ltr'><strong>sicut</strong></span> <span class='ocrx_word' id='word_1_866' title='bbox 2648 3853 2853 3892; x_wconf 87' lang='lat' dir='ltr'><strong>carnem</strong></span> <span class='ocrx_word' id='word_1_867' title='bbox 2880 3838 3075 3917; x_wconf 75' lang='lat' dir='ltr'><strong>habuit,</strong></span> <span class='ocrx_word' id='word_1_868' title='bbox 3109 3841 3182 3895; x_wconf 87' lang='lat' dir='ltr'><strong>ita</strong></span> <span class='ocrx_word' id='word_1_869' title='bbox 3205 3844 3377 3899; x_wconf 80' lang='lat' dir='ltr'><strong>habuit</strong></span> <span class='ocrx_word' id='word_1_870' title='bbox 3406 3859 3455 3902; x_wconf 82' lang='lat' dir='ltr'><strong>et</strong></span> <span class='ocrx_word' id='word_1_871' title='bbox 3493 3868 3609 3917; x_wconf 77' lang='lat' dir='ltr'><strong>pec-</strong></span> 
     </span>
    </p>
   </div>
   <div class='ocr_carea' id='block_1_105' title="bbox 2016 3910 3609 3988">
    <p class='ocr_par' dir='ltr' id='par_1_105' title="bbox 2016 3910 3609 3988">
     <span class='ocr_line' id='line_1_106' title="bbox 2016 3910 3609 3988; baseline 0.003 -23"><span class='ocrx_word' id='word_1_872' title='bbox 2016 3924 2207 3988; x_wconf 69' lang='lat' dir='ltr'><strong>catum.</strong></span> <span class='ocrx_word' id='word_1_873' title='bbox 2243 3910 2350 3988; x_wconf 50' lang='lat' dir='ltr'><strong>Cod</strong></span> <span class='ocrx_word' id='word_1_874' title='bbox 2376 3910 2495 3977; x_wconf 84' lang='lat' dir='ltr'><strong>quia</strong></span> <span class='ocrx_word' id='word_1_875' title='bbox 2526 3924 2589 3962; x_wconf 80' lang='lat' dir='ltr'><strong>ea:</strong></span> <span class='ocrx_word' id='word_1_876' title='bbox 2608 3920 2812 3988; x_wconf 73' lang='lat' dir='ltr'><strong>peccato</strong></span> <span class='ocrx_word' id='word_1_877' title='bbox 2849 3912 3013 3988; x_wconf 72' lang='lat' dir='ltr'><strong>omnis</strong></span> <span class='ocrx_word' id='word_1_878' title='bbox 3044 3924 3303 3988; x_wconf 31' lang='lat' dir='ltr'><strong>curque“,</strong></span> <span class='ocrx_word' id='word_1_879' title='bbox 3333 3933 3364 3969; x_wconf 91' lang='lat' dir='ltr'><strong>a</strong></span> <span class='ocrx_word' id='word_1_880' title='bbox 3399 3910 3609 3988; x_wconf 61' lang='lat' dir='ltr'><strong>peccaro</strong></span> 
     </span>
    </p>
   </div>
   <div class='ocr_carea' id='block_1_106' title="bbox 2016 3979 3610 4056">
    <p class='ocr_par' dir='ltr' id='par_1_106' title="bbox 2016 3979 3610 4056">
     <span class='ocr_line' id='line_1_107' title="bbox 2016 3979 3610 4056; baseline 0.008 -20"><span class='ocrx_word' id='word_1_881' title='bbox 2016 3983 2207 4056; x_wconf 68' lang='lat' dir='ltr'><strong>scilicet</strong></span> <span class='ocrx_word' id='word_1_882' title='bbox 2235 3979 2401 4056; x_wconf 77' lang='lat' dir='ltr'><strong>Adam</strong></span> <span class='ocrx_word' id='word_1_883' title='bbox 2435 3989 2644 4056; x_wconf 79' lang='lat' dir='ltr'><strong>parente</strong></span> <span class='ocrx_word' id='word_1_884' title='bbox 2675 3980 2897 4056; x_wconf 80' lang='lat' dir='ltr'><strong>deducta</strong></span> <span class='ocrx_word' id='word_1_885' title='bbox 2916 4022 2930 4047; x_wconf 90' lang='lat'><strong>,</strong></span> <span class='ocrx_word' id='word_1_886' title='bbox 2959 3982 3013 4034; x_wconf 88' lang='lat' dir='ltr'><strong>in</strong></span> <span class='ocrx_word' id='word_1_887' title='bbox 3052 3979 3610 4056; x_wconf 58' lang='lat' dir='ltr'><strong>similitudine&#39;peccati</strong></span> 
     </span>
    </p>
   </div>
   <div class='ocr_carea' id='block_1_107' title="bbox 2013 4049 3609 4134">
    <p class='ocr_par' dir='ltr' id='par_1_107' title="bbox 2013 4049 3609 4134">
     <span class='ocr_line' id='line_1_108' title="bbox 2013 4049 3609 4134; baseline 0.008 -27"><span class='ocrx_word' id='word_1_888' title='bbox 2013 4053 2184 4134; x_wconf 73' lang='lat' dir='ltr'><strong>carnis</strong></span> <span class='ocrx_word' id='word_1_889' title='bbox 2205 4060 2284 4132; x_wconf 34' lang='lat' dir='ltr'><strong>est.</strong></span> <span class='ocrx_word' id='word_1_890' title='bbox 2298 4049 2800 4134; x_wconf 43' lang='lat' dir='ltr'><strong>Midllt.8.:‘8158.i8l€n18</strong></span> <span class='ocrx_word' id='word_1_891' title='bbox 2822 4051 2875 4105; x_wconf 87' lang='lat' dir='ltr'><strong>in</strong></span> <span class='ocrx_word' id='word_1_892' title='bbox 2900 4067 2958 4105; x_wconf 89' lang='lat' dir='ltr'><strong>eo</strong></span> <span class='ocrx_word' id='word_1_893' title='bbox 2985 4068 3087 4107; x_wconf 88' lang='lat' dir='ltr'><strong>non</strong></span> <span class='ocrx_word' id='word_1_894' title='bbox 3114 4065 3345 4123; x_wconf 84' lang='lat' dir='ltr'><strong>peccato,</strong></span> <span class='ocrx_word' id='word_1_895' title='bbox 3381 4049 3471 4115; x_wconf 76' lang='lat' dir='ltr'><strong>sed</strong></span> <span class='ocrx_word' id='word_1_896' title='bbox 3489 4080 3609 4134; x_wconf 85' lang='lat' dir='ltr'><strong>pec-</strong></span> 
     </span>
    </p>
   </div>
   <div class='ocr_carea' id='block_1_108' title="bbox 2008 4120 2700 4177">
    <p class='ocr_par' dir='ltr' id='par_1_108' title="bbox 2008 4120 2700 4177">
     <span class='ocr_line' id='line_1_109' title="bbox 2008 4120 2700 4177; baseline -0.007 0"><span class='ocrx_word' id='word_1_897' title='bbox 2008 4126 2113 4177; x_wconf 87' lang='lat' dir='ltr'><strong>cati</strong></span> <span class='ocrx_word' id='word_1_898' title='bbox 2141 4124 2312 4176; x_wconf 86' lang='lat' dir='ltr'><strong>carm&#39;s</strong></span> <span class='ocrx_word' id='word_1_899' title='bbox 2343 4120 2700 4174; x_wconf 81' lang='lat' dir='ltr'><strong>similitudine.</strong></span> 
     </span>
    </p>
   </div>
   <div class='ocr_carea' id='block_1_109' title="bbox 2080 4191 3603 4266">
    <p class='ocr_par' dir='ltr' id='par_1_109' title="bbox 2080 4191 3603 4266">
     <span class='ocr_line' id='line_1_110' title="bbox 2080 4191 3603 4266; baseline 0.013 -24"><span class='ocrx_word' id='word_1_900' title='bbox 2080 4194 2162 4266; x_wconf 85' lang='lat' dir='ltr'><strong>(j)</strong></span> <span class='ocrx_word' id='word_1_901' title='bbox 2199 4194 2252 4247; x_wconf 93' lang='lat' dir='ltr'><strong>In</strong></span> <span class='ocrx_word' id='word_1_902' title='bbox 2287 4191 2611 4266; x_wconf 72' lang='lat' dir='ltr'><strong>pervetustis</strong></span> <span class='ocrx_word' id='word_1_903' title='bbox 2642 4191 3039 4261; x_wconf 74' lang='lat' dir='ltr'><strong>exemplaribus</strong></span> <span class='ocrx_word' id='word_1_904' title='bbox 3070 4194 3187 4249; x_wconf 90' lang='lat' dir='ltr'><strong>Vat.</strong></span> <span class='ocrx_word' id='word_1_905' title='bbox 3217 4196 3331 4253; x_wconf 82' lang='lat' dir='ltr'><strong>bas.</strong></span> <span class='ocrx_word' id='word_1_906' title='bbox 3362 4210 3415 4255; x_wconf 90' lang='lat' dir='ltr'><strong>et</strong></span> <span class='ocrx_word' id='word_1_907' title='bbox 3440 4203 3603 4262; x_wconf 84' lang='lat' dir='ltr'><strong>Carn.</strong></span> 
     </span>
    </p>
   </div>
   <div class='ocr_carea' id='block_1_110' title="bbox 2009 4262 3608 4336">
    <p class='ocr_par' dir='ltr' id='par_1_110' title="bbox 2009 4262 3608 4336">
     <span class='ocr_line' id='line_1_111' title="bbox 2009 4262 3608 4336; baseline 0.01 -18"><span class='ocrx_word' id='word_1_908' title='bbox 2009 4262 2125 4319; x_wconf 67' lang='lat' dir='ltr'><strong>non&#39;</strong></span> <span class='ocrx_word' id='word_1_909' title='bbox 2142 4262 2386 4336; x_wconf 85' lang='lat' dir='ltr'><strong>oportuit.</strong></span> <span class='ocrx_word' id='word_1_910' title='bbox 2419 4262 2473 4317; x_wconf 86' lang='grc' dir='ltr'><strong>ιιι</strong></span> <span class='ocrx_word' id='word_1_911' title='bbox 2507 4265 2867 4336; x_wconf 87' lang='lat' dir='ltr'><strong>hoc_numero</strong></span> <span class='ocrx_word' id='word_1_912' title='bbox 2908 4278 3172 4320; x_wconf 86' lang='lat' dir='ltr'><strong>summam</strong></span> <span class='ocrx_word' id='word_1_913' title='bbox 3217 4270 3477 4328; x_wconf 81' lang='lat' dir='ltr'><strong>habemus</strong></span> <span class='ocrx_word' id='word_1_914' title='bbox 3516 4293 3608 4332; x_wconf 25' lang='lat' dir='ltr'><strong>eos</strong></span> 
     </span>
    </p>
   </div>
   <div class='ocr_carea' id='block_1_111' title="bbox 2008 4333 3608 4407">
    <p class='ocr_par' dir='ltr' id='par_1_111' title="bbox 2008 4333 3608 4407">
     <span class='ocr_line' id='line_1_112' title="bbox 2008 4333 3608 4407; baseline 0.007 -17"><span class='ocrx_word' id='word_1_915' title='bbox 2008 4350 2127 4391; x_wconf 87' lang='lat' dir='ltr'><strong>rum</strong></span> <span class='ocrx_word' id='word_1_916' title='bbox 2158 4333 2279 4407; x_wconf 69' lang='lat' dir='ltr'><strong>qttre</strong></span> <span class='ocrx_word' id='word_1_917' title='bbox 2311 4335 2568 4388; x_wconf 87' lang='lat' dir='ltr'><strong>hactenus</strong></span> <span class='ocrx_word' id='word_1_918' title='bbox 2595 4333 2961 4407; x_wconf 81' lang='lat' dir='ltr'><strong>demonstrata</strong></span> <span class='ocrx_word' id='word_1_919' title='bbox 3007 4344 3164 4402; x_wconf 86' lang='lat' dir='ltr'><strong>sunt,</strong></span> <span class='ocrx_word' id='word_1_920' title='bbox 3212 4337 3447 4397; x_wconf 90' lang='lat' dir='ltr'><strong>Verbum</strong></span> <span class='ocrx_word' id='word_1_921' title='bbox 3491 4351 3608 4404; x_wconf 91' lang='lat' dir='ltr'><strong>scil.</strong></span> 
     </span>
    </p>
   </div>
   <div class='ocr_carea' id='block_1_112' title="bbox 2007 4405 3609 4478">
    <p class='ocr_par' dir='ltr' id='par_1_112' title="bbox 2007 4405 3609 4478">
     <span class='ocr_line' id='line_1_113' title="bbox 2007 4405 3609 4478; baseline 0.001 -17"><span class='ocrx_word' id='word_1_922' title='bbox 2007 4405 2334 4461; x_wconf 69' lang='lat' dir='ltr'><strong>assumenda</strong></span> <span class='ocrx_word' id='word_1_923' title='bbox 2366 4420 2582 4478; x_wconf 84' lang='lat' dir='ltr'><strong>carnem</strong></span> <span class='ocrx_word' id='word_1_924' title='bbox 2614 4422 2717 4457; x_wconf 89' lang='lat' dir='ltr'><strong>non</strong></span> <span class='ocrx_word' id='word_1_925' title='bbox 2747 4405 3000 4461; x_wconf 87' lang='lat' dir='ltr'><strong>amisisse</strong></span> <span class='ocrx_word' id='word_1_926' title='bbox 3039 4408 3183 4478; x_wconf 86' lang='lat' dir='ltr'><strong>quod</strong></span> <span class='ocrx_word' id='word_1_927' title='bbox 3221 4422 3368 4477; x_wconf 87' lang='lat' dir='ltr'><strong>erat,</strong></span> <span class='ocrx_word' id='word_1_928' title='bbox 3415 4424 3469 4472; x_wconf 90' lang='lat' dir='ltr'><strong>et</strong></span> <span class='ocrx_word' id='word_1_929' title='bbox 3511 4419 3609 4474; x_wconf 87' lang='lat' dir='ltr'><strong>hu-</strong></span> 
     </span>
    </p>
   </div>
   <div class='ocr_carea' id='block_1_113' title="bbox 2009 4475 3609 4546">
    <p class='ocr_par' dir='ltr' id='par_1_113' title="bbox 2009 4475 3609 4546">
     <span class='ocr_line' id='line_1_114' title="bbox 2009 4475 3609 4546; baseline 0.008 -15"><span class='ocrx_word' id='word_1_930' title='bbox 2009 4493 2185 4532; x_wconf 69' lang='lat' dir='ltr'><strong>mante</strong></span> <span class='ocrx_word' id='word_1_931' title='bbox 2216 4484 2424 4531; x_wconf 71' lang='lat' dir='ltr'><strong>naturae</strong></span> <span class='ocrx_word' id='word_1_932' title='bbox 2454 4475 2733 4530; x_wconf 76' lang='lat' dir='ltr'><strong>veritatem</strong></span> <span class='ocrx_word' id='word_1_933' title='bbox 2762 4475 3120 4546; x_wconf 79' lang='lat' dir='ltr'><strong>assumpsisse</strong></span> <span class='ocrx_word' id='word_1_934' title='bbox 3139 4521 3154 4546; x_wconf 90' lang='lat'><strong>,</strong></span> <span class='ocrx_word' id='word_1_935' title='bbox 3186 4497 3291 4536; x_wconf 91' lang='lat' dir='ltr'><strong>non</strong></span> <span class='ocrx_word' id='word_1_936' title='bbox 3320 4475 3468 4541; x_wconf 86' lang='lat' dir='ltr'><strong>vitia.</strong></span> <span class='ocrx_word' id='word_1_937' title='bbox 3496 4487 3609 4546; x_wconf 88' lang='lat' dir='ltr'><strong>Nec</strong></span> 
     </span>
    </p>
   </div>
   <div class='ocr_carea' id='block_1_114' title="bbox 1928 4544 3605 4622">
    <p class='ocr_par' dir='ltr' id='par_1_114' title="bbox 1928 4544 3605 4622">
     <span class='ocr_line' id='line_1_115' title="bbox 1928 4544 3605 4622; baseline 0.003 -19"><span class='ocrx_word' id='word_1_938' title='bbox 1928 4544 1981 4609; x_wconf 89' lang='lat' dir='ltr'><strong>D</strong></span> <span class='ocrx_word' id='word_1_939' title='bbox 2008 4548 2240 4622; x_wconf 63' lang='lat' dir='ltr'><strong>videtur,</strong></span> <span class='ocrx_word' id='word_1_940' title='bbox 2283 4564 2389 4622; x_wconf 76' lang='lat' dir='ltr'><strong>cur</strong></span> <span class='ocrx_word' id='word_1_941' title='bbox 2441 4547 2674 4622; x_wconf 80' lang='lat' dir='ltr'><strong>Hilarius</strong></span> <span class='ocrx_word' id='word_1_942' title='bbox 2719 4553 2872 4622; x_wconf 83' lang='lat' dir='ltr'><strong>t.t_nto</strong></span> <span class='ocrx_word' id='word_1_943' title='bbox 2922 4544 3100 4603; x_wconf 83' lang='lat' dir='ltr'><strong>studio</strong></span> <span class='ocrx_word' id='word_1_944' title='bbox 3142 4544 3503 4622; x_wconf 79' lang='lat' dir='ltr'><strong>prepugnarit</strong></span> <span class='ocrx_word' id='word_1_945' title='bbox 3550 4544 3605 4616; x_wconf 61' lang='lat' dir='ltr'><strong>ir}</strong></span> 
     </span>
    </p>
   </div>
   <div class='ocr_carea' id='block_1_115' title="bbox 2013 4616 3607 4684">
    <p class='ocr_par' dir='ltr' id='par_1_115' title="bbox 2013 4616 3607 4684">
     <span class='ocr_line' id='line_1_116' title="bbox 2013 4616 3607 4684; baseline 0.006 -9"><span class='ocrx_word' id='word_1_946' title='bbox 2013 4619 2233 4676; x_wconf 87' lang='lat' dir='ltr'><strong>Christo</strong></span> <span class='ocrx_word' id='word_1_947' title='bbox 2263 4619 2459 4674; x_wconf 73' lang='lat' dir='ltr'><strong>divina:</strong></span> <span class='ocrx_word' id='word_1_948' title='bbox 2487 4618 2647 4672; x_wconf 89' lang='lat' dir='ltr'><strong>simul</strong></span> <span class='ocrx_word' id='word_1_949' title='bbox 2676 4625 2731 4671; x_wconf 90' lang='lat' dir='ltr'><strong>et</strong></span> <span class='ocrx_word' id='word_1_950' title='bbox 2769 4616 3022 4673; x_wconf 76' lang='lat' dir='ltr'><strong>humana:</strong></span> <span class='ocrx_word' id='word_1_951' title='bbox 3064 4616 3267 4677; x_wconf 64' lang='lat' dir='ltr'><strong>naturai</strong></span> <span class='ocrx_word' id='word_1_952' title='bbox 3306 4616 3607 4684; x_wconf 73' lang='lat' dir='ltr'><strong>distinctio—</strong></span> 
     </span>
    </p>
   </div>
   <div class='ocr_carea' id='block_1_116' title="bbox 2015 4690 3603 4760">
    <p class='ocr_par' dir='ltr' id='par_1_116' title="bbox 2015 4690 3603 4760">
     <span class='ocr_line' id='line_1_117' title="bbox 2015 4690 3603 4760; baseline -0.001 -16"><span class='ocrx_word' id='word_1_953' title='bbox 2015 4709 2174 4759; x_wconf 87' lang='lat' dir='ltr'><strong>nem,</strong></span> <span class='ocrx_word' id='word_1_954' title='bbox 2210 4690 2311 4745; x_wconf 80' lang='lat' dir='ltr'><strong>nisi</strong></span> <span class='ocrx_word' id='word_1_955' title='bbox 2342 4690 2767 4760; x_wconf 83' lang='lat' dir='ltr'><strong>utinlirtnitates</strong></span> <span class='ocrx_word' id='word_1_956' title='bbox 2799 4695 3045 4760; x_wconf 82' lang='lat' dir='ltr'><strong>nostras,</strong></span> <span class='ocrx_word' id='word_1_957' title='bbox 3079 4708 3211 4760; x_wconf 88' lang='lat' dir='ltr'><strong>quas</strong></span> <span class='ocrx_word' id='word_1_958' title='bbox 3252 4693 3489 4755; x_wconf 65' lang='lat' dir='ltr'><strong>hmretici</strong></span> <span class='ocrx_word' id='word_1_959' title='bbox 3520 4702 3603 4757; x_wconf 87' lang='lat' dir='ltr'><strong>di-</strong></span> 
     </span>
    </p>
   </div>
   <div class='ocr_carea' id='block_1_117' title="bbox 2013 4758 3606 4829">
    <p class='ocr_par' dir='ltr' id='par_1_117' title="bbox 2013 4758 3606 4829">
     <span class='ocr_line' id='line_1_118' title="bbox 2013 4758 3606 4829; baseline 0.008 -13"><span class='ocrx_word' id='word_1_960' title='bbox 2013 4758 2323 4817; x_wconf 55' lang='lat' dir='ltr'><strong>vittatntaie</strong></span> <span class='ocrx_word' id='word_1_961' title='bbox 2352 4759 2764 4821; x_wconf 87' lang='lat' dir='ltr'><strong>ndscribebant,</strong></span> <span class='ocrx_word' id='word_1_962' title='bbox 2796 4758 2850 4811; x_wconf 91' lang='lat' dir='ltr'><strong>in</strong></span> <span class='ocrx_word' id='word_1_963' title='bbox 2885 4776 3042 4813; x_wconf 87' lang='lat' dir='ltr'><strong>unam</strong></span> <span class='ocrx_word' id='word_1_964' title='bbox 3084 4758 3366 4820; x_wconf 79' lang='lat' dir='ltr'><strong>humanam</strong></span> <span class='ocrx_word' id='word_1_965' title='bbox 3409 4770 3606 4829; x_wconf 86' lang='lat' dir='ltr'><strong>cadere</strong></span> 
     </span>
    </p>
   </div>
   <div class='ocr_carea' id='block_1_118' title="bbox 2014 4829 3607 4899">
    <p class='ocr_par' dir='ltr' id='par_1_118' title="bbox 2014 4829 3607 4899">
     <span class='ocr_line' id='line_1_119' title="bbox 2014 4829 3607 4899; baseline 0.005 -9"><span class='ocrx_word' id='word_1_966' title='bbox 2014 4835 2308 4890; x_wconf 87' lang='lat' dir='ltr'><strong>cvinceret.</strong></span> <span class='ocrx_word' id='word_1_967' title='bbox 2343 4830 2450 4886; x_wconf 81' lang='lat' dir='ltr'><strong>Sed</strong></span> <span class='ocrx_word' id='word_1_968' title='bbox 2481 4831 2602 4899; x_wconf 87' lang='lat' dir='ltr'><strong>quia</strong></span> <span class='ocrx_word' id='word_1_969' title='bbox 2638 4844 2743 4882; x_wconf 91' lang='lat' dir='ltr'><strong>non</strong></span> <span class='ocrx_word' id='word_1_970' title='bbox 2776 4829 2997 4883; x_wconf 82' lang='lat' dir='ltr'><strong>decebat</strong></span> <span class='ocrx_word' id='word_1_971' title='bbox 3029 4832 3299 4888; x_wconf 89' lang='lat' dir='ltr'><strong>hominem</strong></span> <span class='ocrx_word' id='word_1_972' title='bbox 3336 4838 3442 4894; x_wconf 84' lang='lat' dir='ltr'><strong>Deo</strong></span> <span class='ocrx_word' id='word_1_973' title='bbox 3484 4845 3607 4898; x_wconf 88' lang='lat' dir='ltr'><strong>uni-</strong></span> 
     </span>
    </p>
   </div>
   <div class='ocr_carea' id='block_1_119' title="bbox 2016 4898 3609 4973">
    <p class='ocr_par' dir='ltr' id='par_1_119' title="bbox 2016 4898 3609 4973">
     <span class='ocr_line' id='line_1_120' title="bbox 2016 4898 3609 4973; baseline 0.008 -15"><span class='ocrx_word' id='word_1_974' title='bbox 2016 4915 2126 4958; x_wconf 89' lang='lat' dir='ltr'><strong>tum</strong></span> <span class='ocrx_word' id='word_1_975' title='bbox 2160 4906 2471 4972; x_wconf 79' lang='lat' dir='ltr'><strong>passionum</strong></span> <span class='ocrx_word' id='word_1_976' title='bbox 2500 4900 2794 4955; x_wconf 85' lang='lat' dir='ltr'><strong>dominattti</strong></span> <span class='ocrx_word' id='word_1_977' title='bbox 2826 4898 3126 4973; x_wconf 71' lang='lat' dir='ltr'><strong>subiacere,</strong></span> <span class='ocrx_word' id='word_1_978' title='bbox 3155 4908 3399 4973; x_wconf 86' lang='lat' dir='ltr'><strong>apposite</strong></span> <span class='ocrx_word' id='word_1_979' title='bbox 3425 4922 3609 4969; x_wconf 84' lang='lat' dir='ltr'><strong>osten-</strong></span> 
     </span>
    </p>
   </div>
   <div class='ocr_carea' id='block_1_120' title="bbox 2013 4972 3607 5042">
    <p class='ocr_par' dir='ltr' id='par_1_120' title="bbox 2013 4972 3607 5042">
     <span class='ocr_line' id='line_1_121' title="bbox 2013 4972 3607 5042; baseline -0.001 -12"><span class='ocrx_word' id='word_1_980' title='bbox 2013 4977 2125 5036; x_wconf 86' lang='lat' dir='ltr'><strong>dit,</strong></span> <span class='ocrx_word' id='word_1_981' title='bbox 2154 4976 2428 5031; x_wconf 87' lang='lat' dir='ltr'><strong>Christum</strong></span> <span class='ocrx_word' id='word_1_982' title='bbox 2459 4975 2634 5039; x_wconf 83' lang='lat' dir='ltr'><strong>turpia</strong></span> <span class='ocrx_word' id='word_1_983' title='bbox 2662 4972 3037 5042; x_wconf 86' lang='lat' dir='ltr'><strong>conceptionis</strong></span> <span class='ocrx_word' id='word_1_984' title='bbox 3081 4972 3278 5031; x_wconf 73' lang='lat' dir='ltr'><strong>nostra:</strong></span> <span class='ocrx_word' id='word_1_985' title='bbox 3329 4981 3477 5035; x_wconf 86' lang='lat' dir='ltr'><strong>initia</strong></span> <span class='ocrx_word' id='word_1_986' title='bbox 3509 5002 3607 5042; x_wconf 81' lang='lat' dir='ltr'><strong>ne-</strong></span> 
     </span>
    </p>
   </div>
   <div class='ocr_carea' id='block_1_121' title="bbox 2017 5041 3606 5112">
    <p class='ocr_par' dir='ltr' id='par_1_121' title="bbox 2017 5041 3606 5112">
     <span class='ocr_line' id='line_1_122' title="bbox 2017 5041 3606 5112; baseline 0.007 -12"><span class='ocrx_word' id='word_1_987' title='bbox 2017 5046 2500 5111; x_wconf 82' lang='lat' dir='ltr'><strong>sciisse,adeoqtte</strong></span> <span class='ocrx_word' id='word_1_988' title='bbox 2540 5043 2743 5095; x_wconf 84' lang='lat' dir='ltr'><strong>nostris</strong></span> <span class='ocrx_word' id='word_1_989' title='bbox 2785 5041 3128 5110; x_wconf 71' lang='lat' dir='ltr'><strong>passionihus</strong></span> <span class='ocrx_word' id='word_1_990' title='bbox 3167 5047 3460 5106; x_wconf 77' lang='lat' dir='ltr'><strong>obnoxium</strong></span> <span class='ocrx_word' id='word_1_991' title='bbox 3503 5041 3606 5112; x_wconf 90' lang='lat' dir='ltr'><strong>non</strong></span> 
     </span>
    </p>
   </div>
   <div class='ocr_carea' id='block_1_122' title="bbox 2014 5114 3612 5190">
    <p class='ocr_par' dir='ltr' id='par_1_122' title="bbox 2014 5114 3612 5190">
     <span class='ocr_line' id='line_1_123' title="bbox 2014 5114 3612 5190; baseline 0.007 -19"><span class='ocrx_word' id='word_1_992' title='bbox 2014 5116 2213 5186; x_wconf 81' lang='lat' dir='ltr'><strong>fuisse,</strong></span> <span class='ocrx_word' id='word_1_993' title='bbox 2248 5126 2509 5190; x_wconf 84' lang='lat' dir='ltr'><strong>quatenus</strong></span> <span class='ocrx_word' id='word_1_994' title='bbox 2538 5114 2813 5184; x_wconf 77' lang='lat' dir='ltr'><strong>injuriosa:</strong></span> <span class='ocrx_word' id='word_1_995' title='bbox 2855 5129 2919 5167; x_wconf 88' lang='lat' dir='ltr'><strong>ac</strong></span> <span class='ocrx_word' id='word_1_996' title='bbox 2961 5114 3170 5172; x_wconf 69' lang='lat' dir='ltr'><strong>vitiosae</strong></span> <span class='ocrx_word' id='word_1_997' title='bbox 3210 5131 3373 5190; x_wconf 90' lang='lat' dir='ltr'><strong>sunt,</strong></span> <span class='ocrx_word' id='word_1_998' title='bbox 3415 5131 3612 5182; x_wconf 90' lang='lat' dir='ltr'><strong>nostri-</strong></span> 
     </span>
    </p>
   </div>
   <div class='ocr_carea' id='block_1_123' title="bbox 2013 5188 2512 5259">
    <p class='ocr_par' dir='ltr' id='par_1_123' title="bbox 2013 5188 2512 5259">
     <span class='ocr_line' id='line_1_124' title="bbox 2013 5188 2512 5259; baseline -0.01 -17"><span class='ocrx_word' id='word_1_999' title='bbox 2013 5203 2118 5259; x_wconf 88' lang='lat' dir='ltr'><strong>que</strong></span> <span class='ocrx_word' id='word_1_1000' title='bbox 2147 5188 2512 5259; x_wconf 81' lang='lat' dir='ltr'><strong>dominantur.</strong></span> 
     </span>
    </p>
   </div>
   <div class='ocr_carea' id='block_1_124' title="bbox 2088 5253 3614 5335">
    <p class='ocr_par' dir='ltr' id='par_1_124' title="bbox 2088 5253 3614 5335">
     <span class='ocr_line' id='line_1_125' title="bbox 2088 5253 3614 5335; baseline 0.004 -22"><span class='ocrx_word' id='word_1_1001' title='bbox 2088 5260 2161 5335; x_wconf 78' lang='grc' dir='ltr'><strong>(Ις)</strong></span> <span class='ocrx_word' id='word_1_1002' title='bbox 2193 5260 2248 5314; x_wconf 93' lang='lat' dir='ltr'><strong>In</strong></span> <span class='ocrx_word' id='word_1_1003' title='bbox 2275 5256 2546 5335; x_wconf 70' lang='lat' dir='ltr'><strong>vulgatis,</strong></span> <span class='ocrx_word' id='word_1_1004' title='bbox 2577 5256 2687 5335; x_wconf 86' lang='lat' dir='ltr'><strong>qui.</strong></span> <span class='ocrx_word' id='word_1_1005' title='bbox 2724 5253 2914 5308; x_wconf 82' lang='lat' dir='ltr'><strong>Melius</strong></span> <span class='ocrx_word' id='word_1_1006' title='bbox 2956 5270 3122 5335; x_wconf 65' lang='lat' dir='ltr'><strong>mss,</strong></span> <span class='ocrx_word' id='word_1_1007' title='bbox 3161 5260 3303 5329; x_wconf 85' lang='lat' dir='ltr'><strong>quia.</strong></span> <span class='ocrx_word' id='word_1_1008' title='bbox 3350 5264 3614 5325; x_wconf 78' lang='lat' dir='ltr'><strong>Redditur</strong></span> 
     </span>
    </p>
   </div>
   <div class='ocr_carea' id='block_1_125' title="bbox 2013 5326 3614 5401">
    <p class='ocr_par' dir='ltr' id='par_1_125' title="bbox 2013 5326 3614 5401">
     <span class='ocr_line' id='line_1_126' title="bbox 2013 5326 3614 5401; baseline 0.005 -12"><span class='ocrx_word' id='word_1_1009' title='bbox 2013 5326 2156 5390; x_wconf 82' lang='lat' dir='ltr'><strong>enim</strong></span> <span class='ocrx_word' id='word_1_1010' title='bbox 2190 5331 2324 5386; x_wconf 90' lang='lat' dir='ltr'><strong>ratio</strong></span> <span class='ocrx_word' id='word_1_1011' title='bbox 2351 5326 2449 5384; x_wconf 85' lang='lat' dir='ltr'><strong>cur</strong></span> <span class='ocrx_word' id='word_1_1012' title='bbox 2484 5326 2754 5401; x_wconf 72' lang='lat' dir='ltr'><strong>Verbum,</strong></span> <span class='ocrx_word' id='word_1_1013' title='bbox 2783 5326 3034 5395; x_wconf 73' lang='lat' dir='ltr'><strong>quamvis</strong></span> <span class='ocrx_word' id='word_1_1014' title='bbox 3072 5326 3202 5384; x_wconf 81' lang='lat' dir='ltr'><strong>caro</strong></span> <span class='ocrx_word' id='word_1_1015' title='bbox 3248 5334 3474 5401; x_wconf 84' lang='lat' dir='ltr'><strong>tactum,</strong></span> <span class='ocrx_word' id='word_1_1016' title='bbox 3520 5356 3614 5397; x_wconf 82' lang='lat' dir='ltr'><strong>ne-</strong></span> 
     </span>
    </p>
   </div>
   <div class='ocr_carea' id='block_1_126' title="bbox 2012 5396 3615 5475">
    <p class='ocr_par' dir='ltr' id='par_1_126' title="bbox 2012 5396 3615 5475">
     <span class='ocr_line' id='line_1_127' title="bbox 2012 5396 3615 5475; baseline 0.005 -15"><span class='ocrx_word' id='word_1_1017' title='bbox 2012 5414 2173 5475; x_wconf 87' lang='lat' dir='ltr'><strong>queat</strong></span> <span class='ocrx_word' id='word_1_1018' title='bbox 2230 5401 2333 5455; x_wconf 87' lang='lat' dir='ltr'><strong>dici</strong></span> <span class='ocrx_word' id='word_1_1019' title='bbox 2389 5405 2666 5475; x_wconf 78' lang='lat' dir='ltr'><strong>mutatum</strong></span> <span class='ocrx_word' id='word_1_1020' title='bbox 2712 5396 2766 5450; x_wconf 90' lang='lat' dir='ltr'><strong>in</strong></span> <span class='ocrx_word' id='word_1_1021' title='bbox 2817 5411 3072 5475; x_wconf 71' lang='lat' dir='ltr'><strong>carnem;</strong></span> <span class='ocrx_word' id='word_1_1022' title='bbox 3124 5402 3246 5471; x_wconf 88' lang='lat' dir='ltr'><strong>quia</strong></span> <span class='ocrx_word' id='word_1_1023' title='bbox 3297 5396 3505 5465; x_wconf 81' lang='lat' dir='ltr'><strong>scilicet</strong></span> <span class='ocrx_word' id='word_1_1024' title='bbox 3544 5396 3615 5468; x_wconf 86' lang='lat' dir='ltr'><strong>ita</strong></span> 
     </span>
    </p>
   </div>
   <div class='ocr_carea' id='block_1_127' title="bbox 2014 5468 3614 5549">
    <p class='ocr_par' dir='ltr' id='par_1_127' title="bbox 2014 5468 3614 5549">
     <span class='ocr_line' id='line_1_128' title="bbox 2014 5468 3614 5549; baseline 0.004 -17"><span class='ocrx_word' id='word_1_1025' title='bbox 2014 5468 2218 5549; x_wconf 76' lang='lat' dir='ltr'><strong>factum</strong></span> <span class='ocrx_word' id='word_1_1026' title='bbox 2256 5478 2528 5549; x_wconf 65' lang='lat' dir='ltr'><strong>estcoro,</strong></span> <span class='ocrx_word' id='word_1_1027' title='bbox 2560 5479 2616 5523; x_wconf 94' lang='lat' dir='ltr'><strong>ut</strong></span> <span class='ocrx_word' id='word_1_1028' title='bbox 2655 5469 2912 5549; x_wconf 51' lang='lat' dir='ltr'><strong>inferne</strong></span> <span class='ocrx_word' id='word_1_1029' title='bbox 2952 5468 3223 5549; x_wconf 62' lang='lat' dir='ltr'><strong>habitasse</strong></span> <span class='ocrx_word' id='word_1_1030' title='bbox 3265 5477 3614 5549; x_wconf 71' lang='lat' dir='ltr'><strong>prmdieetur,</strong></span> 
     </span>
    </p>
   </div>
   <div class='ocr_carea' id='block_1_128' title="bbox 2015 5538 3620 5613">
    <p class='ocr_par' dir='ltr' id='par_1_128' title="bbox 2015 5538 3620 5613">
     <span class='ocr_line' id='line_1_129' title="bbox 2015 5538 3620 5613; baseline 0.005 -12"><span class='ocrx_word' id='word_1_1031' title='bbox 2015 5556 2072 5602; x_wconf 89' lang='lat' dir='ltr'><strong>ut</strong></span> <span class='ocrx_word' id='word_1_1032' title='bbox 2099 5546 2223 5599; x_wconf 87' lang='lat' dir='ltr'><strong>dum</strong></span> <span class='ocrx_word' id='word_1_1033' title='bbox 2263 5542 2457 5596; x_wconf 87' lang='lat' dir='ltr'><strong>habitat</strong></span> <span class='ocrx_word' id='word_1_1034' title='bbox 2478 5582 2508 5613; x_wconf 88' lang='lat'><strong>,_</strong></span> <span class='ocrx_word' id='word_1_1035' title='bbox 2536 5556 2640 5594; x_wconf 88' lang='lat' dir='ltr'><strong>non</strong></span> <span class='ocrx_word' id='word_1_1036' title='bbox 2681 5538 2828 5593; x_wconf 86' lang='lat' dir='ltr'><strong>aliud</strong></span> <span class='ocrx_word' id='word_1_1037' title='bbox 2866 5539 3198 5613; x_wconf 77' lang='lat' dir='ltr'><strong>quam__Deus</strong></span> <span class='ocrx_word' id='word_1_1038' title='bbox 3235 5538 3495 5613; x_wconf 79' lang='lat' dir='ltr'><strong>maneret.</strong></span> <span class='ocrx_word' id='word_1_1039' title='bbox 3543 5538 3620 5609; x_wconf 62' lang='lat' dir='ltr'><strong>inL</strong></span> 
     </span>
    </p>
   </div>
   <div class='ocr_carea' id='block_1_129' title="bbox 2016 5609 3618 5688">
    <p class='ocr_par' dir='ltr' id='par_1_129' title="bbox 2016 5609 3618 5688">
     <span class='ocr_line' id='line_1_130' title="bbox 2016 5609 3618 5688; baseline 0.005 -16"><span class='ocrx_word' id='word_1_1040' title='bbox 2016 5616 2136 5688; x_wconf 90' lang='lat' dir='ltr'><strong>quit</strong></span> <span class='ocrx_word' id='word_1_1041' title='bbox 2180 5614 2415 5670; x_wconf 63' lang='lat' dir='ltr'><strong>Hilarius</strong></span> <span class='ocrx_word' id='word_1_1042' title='bbox 2458 5611 2551 5688; x_wconf 62' lang='lat' dir='ltr'><strong>lib.</strong></span> <span class='ocrx_word' id='word_1_1043' title='bbox 2582 5626 2639 5679; x_wconf 86' lang='lat' dir='ltr'><strong>t,</strong></span> <span class='ocrx_word' id='word_1_1044' title='bbox 2683 5624 2833 5667; x_wconf 89' lang='lat' dir='ltr'><strong>num.</strong></span> <span class='ocrx_word' id='word_1_1045' title='bbox 2887 5609 2974 5664; x_wconf 77' lang='grc' dir='ltr'><strong>Μ.</strong></span> <span class='ocrx_word' id='word_1_1046' title='bbox 3009 5610 3224 5670; x_wconf 68' lang='grc' dir='ltr'>νὶιιεοίε</span> <span class='ocrx_word' id='word_1_1047' title='bbox 3268 5624 3426 5677; x_wconf 86' lang='lat' dir='ltr'><strong>tract.</strong></span> <span class='ocrx_word' id='word_1_1048' title='bbox 3475 5609 3618 5682; x_wconf 78' lang='lat' dir='ltr'><strong>Psal.</strong></span> 
     </span>
    </p>
   </div>
   <div class='ocr_carea' id='block_1_130' title="bbox 2019 5682 2563 5754">
    <p class='ocr_par' dir='ltr' id='par_1_130' title="bbox 2019 5682 2563 5754">
     <span class='ocr_line' id='line_1_131' title="bbox 2019 5682 2563 5754; baseline -0.015 -8"><span class='ocrx_word' id='word_1_1049' title='bbox 2019 5682 2259 5746; x_wconf 72' lang='lat' dir='ltr'><strong>cxxxvm</strong></span> <span class='ocrx_word' id='word_1_1050' title='bbox 2278 5728 2292 5754; x_wconf 90' lang='lat'><strong>,</strong></span> <span class='ocrx_word' id='word_1_1051' title='bbox 2328 5698 2475 5741; x_wconf 85' lang='lat' dir='ltr'><strong>num.</strong></span> <span class='ocrx_word' id='word_1_1052' title='bbox 2509 5682 2563 5738; x_wconf 79' lang='grc' dir='ltr'><strong>ὅ.</strong></span> 
     </span>
    </p>
   </div>
  </div>
