4094 6180
469 164 578 223 567

1662 156 1906 217 SANCTI
1943 155 2207 216 HlLARII
2252 155 2563 216 EPISCOPI

3661 156 3769 215 368

468 288 673 338 metum
702 279 934 337 Domino
963 276 1187 335 haeresis
1227 274 1527 343 adscribit;
1565 290 1655 332 res
1686 275 1834 346 ipsas
1873 285 1934 331 ιιι
1957 291 2053 347 ge-
2081 277 2134 338 Α
2160 274 2516 330 discindentis
2538 272 2618 347 (ἀ)
2638 270 2799 344 gladii
2818 268 3137 343 vestigia,et
3169 268 3221 325 in
3251 269 3367 341 ipsa
3387 269 3561 326 trunci
3575 283 3772 342 corpo—

468 384 568 429 stre
616 381 747 430 sunt
791 371 1157 428 conferamus.
1191 370 1373 438 Neque
1399 369 1543 424 enim
1575 368 1690 424 ﬁeri
1739 376 1955 438 potest,
2006 378 2065 422 ut

468 465 635 521 timor
663 465 782 535 ejus
824 462 1161 535 signiﬁcetur
1201 461 1254 516 in
1282 459 1495 527 verbis,
1522 459 1678 531 cujus
1710 460 1901 515 ﬁducia
1934 474 2064 516 cou-

467 556 705 611 tineatur
726 556 778 610 iu
803 554 980 609 factis.

538 650 627 703 27.
658 649 737 702 An
763 658 925 702 metus
954 646 1219 702 Passionis
1242 647 1297 700 in
1322 644 1546 702 Christo.
1566 645 1918 701 —Timnisse
1946 645 2062 712 tibi,

469 754 505 797 ο
532 740 789 795 haeretice
809 780 822 807 ,
854 739 1113 795 Dominus
1135 739 1322 811 gloriae
1348 739 1654 810 passionem
1685 738 1935 793 videtur?
1958 737 2066 793 Sed

470 837 521 894 ei
551 837 620 891 ob
649 836 964 907 ignorantia:
998 834 1158 904 hujus
1189 850 1430 891 errorem
1462 845 1514 890 et
1542 844 1756 889 satanas
1795 832 1987 888 Petrus
2011 840 2068 888 et

462 916 777 986 scandalum
803 939 885 984 est
913 929 932 1001 (
960 927 1147 983 Matth.
1178 944 1297 989 χιι.
1326 927 1398 982 25
1420 928 1462 997 ).
1504 926 1573 982 Ει
1601 926 1695 982 ille
1722 925 1939 997 quidem
1972 940 2067 996 per

467 1022 787 1079 charitatem
825 1019 1064 1088 ChriSti,
1111 1036 1270 1090 quem
1314 1020 1364 1074 ei
1406 1034 1512 1074 non
1555 1033 1682 1074 caro
1722 1033 1896 1089 neque
1943 1032 2069 1072 san-

468 1114 590 1185 guis
608 1154 624 1180 ,
652 1111 747 1168 sed
770 1111 931 1166 Pater
957 1110 1046 1182 qui
1076 1112 1126 1166 in
1154 1110 1308 1167 ctelis
1332 1119 1414 1167 est
1437 1110 1807 1178 revelaverat,
1834 1108 2071 1165 detesta-

470 1214 560 1261 tus
589 1205 854 1276 passionis
882 1215 1276 1261 sacramentum
1297 1247 1312 1271 ,
1350 1204 1439 1258 tali
1470 1203 1775 1260 severitatis
1803 1203 2068 1259 sententia

470 1301 822 1355 conﬁrmatus
860 1298 926 1354 ad
959 1298 1119 1354 ﬁdem
1149 1306 1253 1354 est.
1292 1297 1375 1354 Tu
1416 1297 1542 1366 quid
1583 1298 1879 1355 sectaberis
1918 1297 2067 1368 spei,

472 1392 749 1449 Christum
780 1393 949 1448 Deum
980 1392 1257 1464 negando,
1289 1402 1342 1448 et
1370 1400 1570 1447 metum
1602 1392 1651 1447 ei
1684 1391 1949 1462 passionis
1978 1390 2073 1445 ad-

469 1487 681 1544 dendo?
726 1490 881 1544 Anne
921 1487 1128 1555 timuit,
1171 1486 1261 1558 qui
1302 1486 1521 1542 armatis
1563 1486 1629 1541 ad
1670 1485 2071 1557 corripiendum

469 1596 530 1636 se
559 1580 750 1635 obvius
781 1579 981 1649 prodiit
1010 1577 1191 1649 (Joan.
1221 1592 1381 1644 svnt,
1411 1578 1502 1648 6)?
1532 1584 1587 1632 et
1616 1577 1668 1631 in
1700 1592 1928 1646 corpore
1954 1576 2070 1647 ejus

2167 370 2245 425 ris
2268 369 2559 434 calumnia,
2584 366 2664 441 (5)
2689 366 2821 422 exiit
2839 365 2981 437 quod
3007 380 3112 421 non
3140 373 3253 432 est,
3281 375 3335 420 et
3358 366 3602 437 sequitur
3624 364 3769 437 quod

2167 478 2273 519 non
2301 469 2497 529 exstat,
2520 471 2576 516 et
2599 459 2914 531 rependitur
2933 459 3001 529 (e)
3026 458 3170 530 quod
3192 458 3441 514 caretur?
3462 457 3773 514 Producens

2170 555 2287 613 haec
2313 570 2442 627 ergo
2470 569 2653 611 aurem
2688 568 2897 619 manus,
2933 553 3141 608 clavum
3174 551 3367 608 dolet?
3396 561 3450 608 et
3478 553 3645 608 sentit
3671 551 3774 608 sibi

2168 647 2397 715 vulnus,
2443 647 2534 717 qui
2576 646 2734 702 alteri
2773 646 3015 703 dolorem
3046 645 3287 701 vulneris
3327 660 3433 701 non
3473 645 3771 716 relinquit?

2169 738 2606 810 Compuugendae
2648 738 2827 794 carnis
2852 740 2998 794 metu
3032 738 3199 793 tristis
3224 745 3338 803 est,
3369 736 3522 807 cujus
3548 737 3775 793 attactui

2177 830 2303 886 licet
2348 845 2568 885 carnem
2614 830 2816 886 donare
2855 840 2980 902 post
3018 828 3257 885 ctcdem?
3289 828 3440 896 Quod
3482 830 3528 885 si
3568 829 3686 885 hmc
3719 830 3773 886 in

2180 922 2385 979 Chrisri
2412 939 2641 995 corpore
2670 924 2841 979 virtus
2868 923 2971 979 fuit
2994 966 3009 990 ,
3041 938 3144 995 qua
3166 964 3181 986 ,
3216 937 3348 994 rogo
3369 964 3384 988 ,
3417 921 3522 979 ﬁde
3552 930 3775 977 natura-

2174 1016 2300 1072 liter
2330 1015 2409 1089 (Ῑ)
2440 1015 2684 1072 inﬁrmus
2725 1015 2893 1072 fuisse
2920 1015 3249 1080 defenditur,
3279 1014 3367 1070 cui
3408 1015 3651 1071 naturale
3680 1014 3779 1070 fuit

2169 1126 2388 1167 omnem
2420 1110 2777 1166 humanarum
2810 1110 3180 1165 inﬁrmitatum
3208 1107 3457 1164 inhibere
3489 1109 3775 1163 naturam?

2240 1202 2332 1259 29.
2365 1203 2447 1257 An
2472 1202 2594 1258 inde
2623 1203 2803 1258 tristis.
2834 1232 2905 1243 —
2931 1201 3038 1258 Sed
3068 1201 3203 1257 forte
3228 1199 3392 1255 stulta
3421 1208 3584 1271 atque
3611 1199 3774 1271 impia

2172 1298 2526 1368 perversitate
2565 1296 2694 1352 hinc
2729 1295 2959 1351 inﬁrmis
2998 1295 3051 1351 in
3092 1309 3158 1351 eo
3185 1303 3393 1350 natura:
3420 1302 3778 1365 praesumetur

2172 1390 2422 1458 assertio,
2453 1391 2576 1462 quia
2608 1390 2780 1446 tristis
2807 1391 2880 1444 sit
2907 1390 3084 1445 anima
3110 1389 3225 1461 ejus
3252 1404 3422 1460 usque
3447 1388 3515 1444 ad
3544 1399 3777 1445 mortem

2175 1482 2390 1556 (Matth.
2426 1499 2586 1552 xxvi,
2617 1483 2733 1555 '58).
2763 1483 3010 1539 Nondum
3039 1491 3093 1537 te
3112 1524 3127 1549 ,
3156 1482 3415 1538 hmetice
3434 1523 3449 1547 ,
3476 1496 3575 1537 cur
3599 1482 3777 1538 virtu-

2175 1587 2281 1632 tem
2311 1577 2441 1633 dicti
2472 1593 2578 1634 non
2610 1577 2909 1649 intelligas,
2942 1592 3131 1649 arguo.
3166 1576 3387 1633 Interim
3427 1584 3608 1633 tamen
3651 1592 3681 1631 a
3723 1586 3780 1634 te

466 1673 755 1729 inﬁrmitas
798 1671 925 1738 fuit,
967 1670 1033 1724 ad
1074 1670 1226 1740 cujus
1253 1684 1538 1726 occursum
1568 1679 1916 1725 consternata
1949 1683 2071 1738 per-
2098 1664 2147 1725 B
2174 1672 2413 1742 requiro,
2442 1686 2539 1727 cur
2560 1680 2792 1727 exeunte
2815 1671 2882 1725 ad
2913 1670 3270 1742 proditionem
3292 1669 3429 1726 Juda
3456 1686 3562 1725 non
3587 1671 3782 1726 memi—

474 1765 817 1837 sequentium
857 1764 1072 1834 agmina
1110 1763 1499 1827 conciderunt,
1540 1774 1594 1819 et
1622 1763 1958 1833 ntajestatetn
1992 1762 2074 1818 in-

469 1857 713 1931 gerentis
758 1873 817 1914 se
863 1858 932 1913 ad
971 1857 1186 1912 vincula
1216 1872 1322 1913 non
1350 1857 1587 1913 ferentes
1616 1856 1777 1930 342
1808 1842 2099 1926 supinatis'

475 1951 796 2020 corporibus
821 1949 1171 2006 reciderunt?
1192 1949 1364 2018 Quam
1391 1950 1551 2020 igitur
1579 1949 1944 2006 inﬁrmitatem
1976 1949 2074 2005 do-

469 2046 730 2099 minatam
760 2041 838 2117 (a)
864 2042 1026 2113 hujus
1055 2042 1269 2113 corpori
1300 2042 1508 2108 credis,
1538 2040 1691 2112 cujus
1733 2048 1937 2097 tantam
1979 2040 2074 2096 lia-

472 2135 592 2192 buit
621 2144 810 2191 natura
840 2134 1136 2190 virtutem?
1684 2198 1689 2205 ~

544 2228 635 2283 ‘28.
679 2228 759 2282 An
786 2226 1001 2281 doloris.
1029 2254 1099 2267 -
1119 2223 1225 2280 Sed
1255 2224 1395 2281 forte
1423 2223 1669 2281 dolorem
1698 2225 1978 2282 vulnerum
2007 2226 2074 2281 li-

469 2319 626 2375 muit.
656 2318 824 2386 Quem
849 2360 864 2385 ,
897 2333 1063 2389 rogo,
1092 2318 1429 2388 penetrantis
1461 2320 1512 2372 in
1545 2333 1763 2374 carnem
1806 2319 1943 2373 clavi
1976 2322 2075 2373 ha.

474 2412 591 2468 buit
617 2410 698 2485 (1)
728 2411 1011 2467 horrorem
1042 2409 1118 2482 (b)
1139 2452 1154 2476 ,
1186 2412 1274 2481 qui
1307 2410 1503 2466 excisa:
1533 2410 1679 2464 auris
1710 2425 1928 2466 carnem
1958 2410 2075 2467 solo

471 2506 711 2564 restituit
768 2514 970 2560 attactu
1005 2502 1156 2576 (Luc.
1206 2519 1348 2568 xm,
1377 2503 1508 2573 5!)?
1538 2503 1765 2573 Expone
1794 2504 1948 2560 nobis
1981 2514 2072 2572 ιιι,

472 2602 759 2659 dominica:
789 2598 1119 2655 inﬁrmitatis
1146 2606 1407 2664 assertor,
1443 2596 1545 2653 hoc
1576 2598 1627 2651 in
1661 2597 1779 2669 ipso
1807 2599 2075 2668 passionis

471 2702 719 2766 tempore
751 2693 1036 2748 inﬁrmata:
1065 2705 1203 2760 opus
1229 2688 1431 2745 carnis.
1459 2688 1757 2746 Exscreute
1792 2692 1934 2745 enim
1976 2690 2074 2746 Pe-

475 2797 559 2844 tro
584 2798 747 2856 atque
772 2784 1022 2856 adigente
1051 2784 1286 2855 gladium
1306 2826 1321 2849 ,
1358 2794 1582 2839 truncus
1608 2799 1738 2839 aure
1766 2798 1956 2840 servus
1984 2800 2073 2839 sa-

473 2880 709 2936 cerdotis
736 2877 1003 2933 adstabat.
1036 2874 1319 2944 Quomodo
1354 2873 1432 2947 (2)
1472 2892 1538 2930 ex
1579 2875 1776 2930 decisa:
1820 2874 1890 2948 (ε)
1929 2877 2075 2933 auris

474 2971 743 3037 vulnere,
787 2969 1136 3039 contingente
1179 2966 1433 3035 Christo,
1475 2966 1720 3023 restituta
1761 2983 1889 3023 caro
1928 2969 2074 3024 auris

2183 1762 2331 1818 neris
2358 1762 2562 1819 dictum
2594 1763 2793 1820 fuisse:
2829 1763 2880 1818 Ν
2887 1780 2983 1819 unc
3013 1764 3384 1834 honori/iectus
3410 1772 3486 1819 est
3513 1764 3656 1835 ﬁlius
3683 1763 3783 1818 lto-

2175 1854 2328 1907 ntinis
2356 1853 2538 1926 (Joan.
2569 1870 2695 1919 xm,
2724 1856 2839 1926 51).
2883 1854 2940 1911 Si
2966 1856 3108 1911 enim
3148 1856 3329 1927 passio
3357 1856 3779 1912 honoriﬁcatura

2175 1963 2298 2003 eum
2327 1954 2475 2015 erat;
2507 1949 2780 2019 quomodo
2808 1950 3016 2005 tristem
3043 1965 3168 2005 eum
3199 1959 3374 2006 metus
3406 1950 3673 2020 passionis
3699 1948 3784 2005 ef-

2176 2038 2421 2096 fecerat?
2447 2039 2558 2094 Nisi
2593 2040 2732 2097 lorte
2763 2049 2871 2096 tam
2915 2041 3297 2096 irrationahiIis
3338 2041 3531 2105 fuerit,
3571 2049 3630 2096 ut
3669 2042 3786 2113 pati

2177 2131 2593 2206 timum-R353
2610 2175 2625 2200 ,
2653 2150 2772 2206 qua:
2792 2149 2850 2190 se
2874 2144 3057 2190 essent
3075 2134 3432 2206 gloriﬁcatura
3462 2135 3781 2207 patientem.

2247 2225 2336 2281 30.
2371 2224 2452 2279 An
2493 2228 2703 2281 calicem
2747 2228 3020 2299 transferri
3046 2244 3077 2281 a
3106 2244 3161 2282 se
3188 2238 3424 2298 precatus
3464 2229 3549 2283 sit.
3577 2259 3649 2269 -
3670 2226 3784 2285 Sed

2175 2316 2314 2372 forte
2345 2318 2587 2374 timuisse
2615 2335 2783 2389 usque
2812 2336 2881 2376 eo
2908 2320 3325 2387 existimabitur,
3358 2328 3418 2376 ut
3441 2320 3722 2376 transferri
3751 2336 3785 2376 ιι

2175 2431 2235 2473 se
2258 2419 2480 2473 calicem
2505 2418 2824 2489 deprecatus
2846 2418 2947 2485 sit,
2969 2419 3185 2475 dicens:
3212 2418 3354 2473 Abba
3378 2428 3541 2487 pater,
3565 2416 3641 2493 (g)
3663 2434 3788 2490 pos-

2188 2509 2358 2565 sibilia
2397 2510 2486 2564 tibi
2525 2511 2698 2565 omnia
2738 2520 2893 2577 sunt,
2934 2514 3157 2583 transfer
3195 2510 3334 2565 hunc
3374 2511 3583 2565 calicem
3627 2526 3661 2565 a
3702 2524 3791 2566 me

2180 2602 2378 2675 (Marc.
2411 2621 2521 2671 xiv,
2549 2604 2666 2675 '56).
2701 2603 2765 2660 Ut
2789 2604 2859 2660 de
2883 2606 3095 2660 caeteris
3121 2619 3226 2659 non
3254 2605 3573 2669 calumnier,
3602 2617 3791 2659 nonne

2180 2696 2562 2754 hebetudinem
2585 2698 2879 2767 impietatis
2902 2709 3006 2755 tute
3027 2700 3108 2754 vel
3132 2698 3260 2754 hinc
3279 2698 3636 2769 coarguisses,
3659 2695 3791 2767 quia

2176 2788 2420 2862 legeras:
2465 2790 2705 2846 Reconde
2741 2791 2972 2863 gladium
3010 2801 3151 2846 tuum
3189 2792 3243 2845 in
3273 2790 3506 2845 thecam:
3534 2787 3788 2857 calicem,

2176 2900 2326 2955 quem
2355 2885 2492 2939 dedit
2518 2886 2645 2939 nti/ti
2676 2884 2852 2949 Pater,
2885 2902 2986 2939 non
3017 2884 3181 2939 bibant
3210 2884 3361 2939 illum
3400 2882 3591 2955 (Joan.
3621 2897 3754 2937 xvm
3774 2922 3791 2949 ,

2179 2976 2267 3049 Η)
2287 2977 2313 3031 ?
2336 2977 2618 3045 Quomodo
2641 2977 2786 3034 enim
2817 2992 2915 3045 per
2944 2976 3178 3048 patiendi
3212 2985 3415 3032 metum
3449 2973 3731 3030 transferri
3760 2988 3794 3029 a

477 3062 600 3119 est?
626 3059 784 3118 Unde
822 3061 965 3116 inter
1015 3058 1271 3115 ﬂuentem
1314 3058 1627 3129 sanguinem
1683 3068 1739 3115 et
1792 3069 1912 3129 post
1967 3059 2080 3131 ipsa

2188 3082 2244 3125 se
2276 3069 2352 3142 (It)
2375 3070 2782 3141 deprecaretur,
2809 3069 2953 3142 quod
2980 3085 3080 3141 per
3104 3068 3523 3142 dispensationis
3544 3066 3793 3125 studium

544 3180 626 3247 (1)
660 3177 929 3233 Terrorem
955 3175 1010 3231 in
1040 3190 1143 3232 ms.
1174 3174 1374 3230 Veron.

549 3244 629 3324 (2)
648 3248 1049 3305 ExcistePaulo
1068 3246 1697 3317 post,descendentis,uon
1719 3244 2073 3304 discindentis.

547 3369 623 3441 (a)
657 3365 800 3422 Editi
820 3406 834 3430 ,
865 3365 1020 3441 hujus
1048 3362 1297 3441 corporis.
1325 3359 1446 3441 Non
1472 3369 1630 3441 negat
1657 3360 1947 3441 incidisse,
1976 3364 2074 3441 sed

480 3432 795 3497 dominatum
820 3432 948 3491 esse:
965 3434 1043 3490 Re
1072 3434 1187 3503 ipsa
1206 3441 1405 3487 nostra:
1433 3432 1774 3487 inﬁrmitates
1804 3434 1855 3487 in
1886 3432 2075 3489 Chris-

482 3524 595 3568 tum
623 3510 693 3564 ita
723 3506 1057 3570 inciderunt,
1084 3513 1142 3558 ut
1167 3519 1350 3558 earmn
1379 3518 1595 3572 semper
1611 3503 1864 3559 dominus
1891 3504 2073 3560 fuerit.

557 3581 632 3654 (b)
662 3576 892 3643 Excusi,
924 3588 1205 3631 terrorem:
1232 3574 1562 3645 castigantur
1591 3590 1658 3630 ex
1687 3576 2076 3633 vetustioribus

482 3669 616 3710 mss.

555 3723 626 3794 (ε)
659 3721 716 3794 [ιι
747 3719 990 3790 pluribus
1017 3733 1146 3773 mss.
1168 3758 1186 3783 ,
1213 3718 1398 3794 excisae
1417 3718 1558 3794 auris
1574 3717 1786 3794 uulnus.

559 3789 639 3878 (d)
666 3789 923 3878 Plerique
951 3806 1080 3878 mss.
1113 3805 1234 3878 cujm
1266 3789 1931 3878 vulgatis}!descendentis.
1957 3789 2083 3878 ’[01-

482 3859 722 3924 leriaiius
749 3859 952 3925 codex,
986 3859 1348 3915 discendentis.
1393 3859 1560 3928 Magis
1597 3861 1776 3929 placet
1816 3875 1938 3915 cum
1970 3860 2079 3916 Re-

488 3938 760 4007 migiauo,
801 3932 1155 4007 discindentis.
1204 3929 1440 4007 Deinde,
1480 3931 1536 3983 in
1600 3935 1713 4001 ipsa
1754 3932 2080 4007 trunci_c_or-

490 4002 632 4078 poris
658 4003 1069 4078 calumniathoc
1088 4012 1171 4057 est
1191 4043 1207 4067 ,
1239 4016 1305 4057 eo
1333 4002 1449 4071 ipso
1474 4011 1749 4078 pigmento
1774 4017 1881 4071 quo
1904 4002 2083 4078 ablata

492 4069 624 4135 aure
655 4089 900 4132 truncum
933 4074 1128 4128 factum
1156 4079 1240 4127 est
1263 4069 1479 4139 corpus.
1508 4069 1804 4126 Calumnite
1820 4074 2085 4128 vocabulo

491 4149 632 4218 apud
659 4159 906 4201 auctores
932 4144 1121 4218 mediae
1148 4152 1239 4197 aut
1265 4142 1465 4218 inﬁma:
1491 4142 1772 4218 inﬁnitatis
1794 4143 2084 4218 aliquando

494 4212 828 4290 signiﬁcatur
855 4217 995 4290 actio
1015 4256 1029 4279 ,
1058 4229 1163 4284 qua
1201 4215 1322 4290 quis
1366 4228 1480 4290 per_
1498 4212 1929 4290 jnris_formulas
1970 4231 2084 4268 rem

493 4282 805 4359 quampiam
830 4284 1045 4359 auferre
1071 4282 1381 4359 contendit;
1412 4282 1899 4359 aliquandoautem
1928 4300 2087 4359 paena

496 4353 583 4418 vel
613 4353 776 4414 multa
795 4398 812 4424 ,
844 4370 948 4426 qua
977 4355 1272 4426 damnatur,
1288 4353 1382 4426 qui
1409 4354 1906 4426 actioneminjuste
1932 4353 2092 4410 insti-

495 4435 618 4486 tuit.
665 4423 840 4483 Prima
863 4423 1088 4480 ratione
1126 4424 1443 4494 intelligitur
1484 4424 1538 4476 in
1581 4423 1723 4479 Psal.
1754 4439 2001 4489 cxxxvn,
2031 4444 2084 4480 ιι.

501 4504 605 4567 15ς
639 4514 781 4579 nunc
810 4513 941 4552 vero
970 4512 1067 4565 pro
1094 4510 1251 4578 poena
1282 4494 1601 4561 simpliciter
1626 4509 1915 4579 usurpatur
1939 4514 1962 4579 ε.
1983 4498 2086 4552 nisi
2114 4519 2169 4579 Ι)

503 4565 625 4644 quis
652 4568 805 4644 malit
831 4584 951 4644 eam
981 4565 1164 4644 vocari
1190 4567 1388 4644 justam
1418 4579 1632 4635 pteuam
1661 4565 1858 4622 Christi
1890 4567 2090 4637 injuste

500 4637 554 4700 et
580 4658 675 4704 per
698 4640 1020 4696 calumniam
1054 4637 1303 4704 impetiti.

648 4660 675 4697 l‘
698 4660 1020 4696 callnnlllalll
1055 4660 1303 4704 Ιιιιιιειιιι.

574 4660 648 4788 (:3
681 4713 821 4769 Editi
847 4753 862 4779 ,
893 4727 991 4782 quo
1020 4718 1259 4763 curetur:
1302 4707 1661 4765 renitentibus
1702 4708 2097 4781 antiquioribus

498 4803 633 4843 mss.

578 4864 651 4937 (f)
693 4863 912 4919 Fatetur
938 4860 1171 4937 Hilarius
1214 4858 1348 4913 infra
1388 4874 1444 4912 ιι.
1491 4857 1587 4921 65,
1628 4856 1935 4921 Christum,
1981 4877 2096 4914 cum

506 4934 980 5006 ex‘dispensatione
1030 4934 1182 5006 homo
1222 4940 1391 5006 esset,
1431 4940 1655 5006 maneret
1695 4941 1863 5006 tamen
1900 4947 1964 4985 ea:
2000 4948 2097 5006 ttA-_

504 5022 648 5064 mna
681 5001 818 5059 Deus
843 5046 858 5071 ,
888 5005 1116 5057 eumdem
1135 5043 1151 5069 ,
1198 5018 1261 5056 ea:
1300 5001 1596 5071 inﬁrmitate
1638 5002 1942 5068 cruciﬁxum
1964 5043 1978 5067 ,
2008 5003 2095 5071 qui

506 5096 572 5135 ea:
599 5092 829 5132 νιιιτυτιε
846 5070 949 5129 Dei
976 5076 1192 5127 viveret:
1218 5082 1271 5124 ut
1299 5088 1415 5125 cum
1446 5070 1721 5193 ivgirmitas
1751 5083 1878 5125 esset
1907 5088 1970 5126 ea:
1992 5070 2101 5145 fcr-

506 5167 591 5193 mn
620 5149 750 5193 ιρι-υἱ
770 5188 782 5193 -
816 5155 864 5193 et
889 5160 1097 5193 unum
1125 5155 1347 5193 maneret
1378 5158 1441 5193 ea:
1523 5142 1564 5193 ei
1607 5146 1810 5193 forma:
1851 5159 1952 5193 non
1988 5161 2101 5193 mn-

505 5167 591 5203 nta
620 5149 750 5203 servi
769 5188 783 5209 ,
816 5155 864 5199 et
888 5160 1097 5199 unum
1125 5155 1347 5197 maneret
1378 5158 1441 5197 ea;
1469 5142 1564 5193 Dei
1606 5146 1810 5211 (arma;
1851 5159 1952 5196 non
1988 5142 2102 5197 am-

509 5222 717 5291 biguum
748 5227 874 5271 esset
901 5217 953 5268 in
971 5232 1080 5291 _quo
1108 5222 1425 5291 sacramento
1453 5223 1712 5291 etpassus
1751 5226 1879 5291 esset
1901 5254 1916 5278 ,
1949 5226 1995 5267 et
2025 5215 2099 5291 ri.

508 5283 681 5345 ceret:
722 5297 775 5342 ut
810 5303 931 5341 cum
963 5283 1016 5338 in
1060 5285 1233 5339 eodem
1272 5294 1399 5338 esset
1424 5293 1470 5335 et
1499 5283 1772 5352 inﬁrmitas
1800 5284 1869 5336 ad
1898 5286 2100 5353 passio-

506 5379 623 5416 nem
643 5402 656 5421 .
688 5370 734 5414 et
763 5359 831 5413 ad
859 5359 1014 5411 vitam
1044 5355 1135 5410 Dei
1165 5369 1395 5415 vm't'tts;
1430 5370 1531 5406 non
1572 5354 1707 5408 alius
1743 5370 1803 5407 ac
1844 5355 2038 5409 divisus
2065 5374 2099 5411 a

503 5450 558 5487 se
586 5441 711 5488 esset
733 5470 747 5491 ,
775 5430 862 5499 qui
889 5438 939 5483 et
969 5437 1241 5496 pateretur,
1275 5427 1555 5499 attriueret.
1587 5424 1705 5490 Quo
1733 5441 1799 5480 ex
1832 5426 1950 5499 loco
1978 5427 2096 5499 efﬁ-

509 5503 677 5557 citur:
708 5501 763 5556 1⁰
787 5494 1042 5555 virtutem
1066 5513 1189 5568 qute
1216 5498 1268 5551 in
1293 5494 1494 5568 Christi
1520 5511 1750 5568 corpore
1778 5496 1871 5550 fuit
1893 5537 1909 5562 ,
1940 5498 2097 5554 intel-

510 5572 778 5643 ligendatu
805 5586 927 5627 esse
952 5566 1286 5643 divinitatem
1307 5611 1321 5635 ,
1353 5566 1495 5639 quod
1520 5567 1631 5638 jam
1658 5582 1996 5643 supremum.
2022 5569 2095 5625 25

507 5637 847 5702 observatum
880 5650 994 5708 est;
1035 5639 1094 5695 2'
1120 5637 1392 5697 Christum
1421 5637 1569 5696 recte
1597 5637 1778 5710 negari
1819 5637 1910 5697 hic
1937 5649 2090 5695 natu-

2254 3185 2329 3258 (5)
2365 3186 2507 3242 Exit.
2540 3184 2775 3255 Deinde,
2809 3203 2910 3259 quo
2939 3194 3165 3243 curetur.

2179 3366 2357 3421 raliter
2387 3367 2655 3422 inﬁrmum
2678 3409 2693 3433 ,
2723 3382 2845 3422 cum
2876 3366 3123 3422 inﬁrmus
3152 3366 3224 3421 sit
3253 3373 3457 3421 tantum
3488 3373 3547 3421 ut
3586 3362 3795 3433 homo,

2182 3452 2357 3504 neque
2384 3438 2585 3493 Hilario
2610 3455 2674 3493 ex
2702 3449 2892 3493 natura
2919 3440 2990 3492 sit
3017 3439 3201 3503 homo,
3231 3438 3324 3493 sed
3344 3438 3509 3504 Deus,
3532 3438 3603 3491 uti
3625 3437 3794 3491 etiam

2183 3525 2237 3562 ιι.
2259 3507 2331 3563 22
2352 3512 2761 3574 annotavimus;
2787 3508 2844 3565 5⁸
2870 3525 2974 3562 non
2996 3508 3199 3564 Christi
3220 3510 3464 3578 corpori,
3490 3508 3585 3563 sed
3612 3507 3799 3563 Verbo

2183 3579 2237 3635 in
2260 3594 2489 3648 corpore
2512 3582 2745 3636 manenti
2770 3580 2856 3635 hic
2873 3580 3105 3635 adscribi
3131 3582 3429 3636 naturalem
3452 3579 3795 3636 edendorum

2185 3650 2570 3708 miraculorum
2592 3652 2843 3707 virtutem
2865 3693 2880 3717 ,
2915 3652 3056 3705 unde
3085 3650 3436 3706 conﬁrmatur
3462 3650 3605 3720 quod
3636 3666 3690 3705 ιι.
3718 3649 3798 3705 23

2185 3723 2469 3803 probatum
2493 3732 2578 3778 est
2594 3724 2689 3803 ;.4⁰
2708 3720 2992 3803 Christum
3009 3722 3325 3803 naturaliter
3342 3732 3398 3779 et
3416 3719 3491 3803 e_x’
3505 3721 3674 3803 forma
3695 3719 3801 3777 Dei

2188 3793 2460 3863 inﬁrmum
2486 3809 2592 3849 non
2616 3793 2690 3848 ita
2711 3793 2799 3848 hic
2819 3795 2888 3847 ab
2912 3794 3115 3848 Hilario
3138 3796 3346 3862 negari,
3371 3798 3460 3863 qui
3485 3808 3551 3848 ex
3575 3794 3801 3863 dispen-

2190 3862 2400 3919 satione
2424 3876 2475 3919 et
2504 3880 2568 3919 ex
2595 3863 2766 3919 forma
2789 3866 2929 3918 servi
2955 3863 3203 3920 eumdem
3232 3862 3503 3919 inﬁrmum
3528 3873 3584 3919 et
3608 3862 3803 3918 credat

2190 3946 2243 3989 et
2271 3935 2546 4003 praedicet.
2577 3935 2686 3991 Nec
2715 3951 2936 3992 movere
2963 3935 3124 3991 debet
3148 3934 3291 4004 quod
3321 3937 3395 3990 ait
3423 3950 3621 4003 supra,
3654 3932 3800 3989 Pro-

2191 4006 2383 4061 ducens
2412 4007 2521 4061 htec
2551 4023 2671 4078 ergo
2697 4022 2873 4078 aurem
2898 4023 3084 4078 manus
3110 4007 3320 4078 clavum
3337 4007 3474 4061 dolet
3492 4007 3518 4061 .9
3543 4005 3805 4069 Figurate

2192 4079 2336 4131 enim
2379 4094 2562 4132 manus
2602 4076 2833 4148 sumitur
2871 4093 2971 4147 pro
3011 4076 3191 4133 Verbo
3239 4077 3393 4148 cujus
3436 4087 3522 4133 est
3561 4091 3800 4141 manus,

2193 4149 2345 4215 quasi
2373 4148 2666 4211 diceretur,
2699 4147 2780 4203 An
2812 4164 2877 4203 ex
2906 4164 3070 4203 manu
3106 4149 3231 4203 ltesa
3262 4147 3448 4217 dolet,
3482 4149 3573 4220 qui
3603 4149 3804 4205 eadem

2194 4233 2355 4274 manu
2384 4220 2621 4275 excisam
2652 4234 2839 4275 aurem
2870 4220 3158 4275 restituere
3186 4220 3394 4290 potuit?

2266 4316 2357 4389 (g)
2383 4318 2535 4375 Unus
2575 4319 2743 4374 codex
2782 4319 3016 4375 Sorbon.
3062 4329 3115 4375 et
3154 4320 3293 4375 alter
3331 4318 3484 4376 Colh.
3515 4321 3562 4377 si
3588 4322 3804 4387 omnia,

2194 4387 2304 4461 etc;
2324 4387 2705 4456 'Carnutensis,
2732 4390 2777 4443 si
2805 4392 3044 4459 possibile
3067 4402 3161 4450 est.
3192 4395 3416 4461 transfer
3434 4409 3467 4446 a
3488 4410 3567 4447 me
3586 4394 3809 4448 calicem

2193 4460 2371 4535 istum.
2407 4463 2480 4516 De
2510 4462 2696 4535 iisdem
2730 4461 2909 4535 verbis
2948 4462 3206 4535 adversus
3246 4462 3478 4535 Arianos
3517 4464 3807 4535 disputans

2194 4529 2611 4603 Chrysostomus
2637 4533 2704 4588 T.
2734 4549 2787 4595 ι,
2819 4531 3008 4588 homil.
3039 4533 3111 4589 32
3139 4534 3245 4587 ait:
3278 4532 3375 4587 Illi
3413 4529 3621 4600 quidem
3664 4536 3805 4590 diui-

2204 4603 2379 4657 nitatis
2418 4605 2702 4659 orationem
2743 4620 2849 4658 esse
2887 4604 3096 4660 dicunt:
3126 4620 3218 4658 nos
3247 4613 3414 4660 autem
3441 4622 3552 4661 esse
3578 4607 3807 4661 dicimus

2204 4673 2620 4743 dispensationis.
2664 4674 2799 4730 Tum
2843 4677 3035 4743 probat
3072 4673 3346 4730 Christum
3387 4678 3628 4732 noluisse
3669 4693 3699 4732 a
3740 4691 3808 4733 se

2204 4745 2426 4817 calicem
2460 4746 2771 4813 transferri,
2804 4762 2960 4816 quem
2993 4754 3142 4801 tanto
3183 4747 3359 4802 studio
3397 4750 3660 4817 exoptarit
3683 4790 3699 4813 ,
3745 4756 3811 4804 ut

2205 4814 2421 4872 Petrum
2452 4833 2573 4872 eum
2606 4834 2635 4873 a
2666 4831 2726 4873 se
2767 4814 3149 4889 deprecantem
3191 4829 3433 4874 satanam
3478 4814 3802 4889 appellarit;

2207 4903 2381 4954 neque
2403 4889 2657 4944 incertam
2682 4888 2785 4958 ipsi
2809 4889 2969 4943 fuisse
2988 4888 3165 4943 Patris
3186 4904 3247 4943 ea
3271 4890 3339 4944 de
3360 4906 3419 4944 re
3438 4888 3803 4957 Voluntatem,

2201 4974 2322 5029 qua:
2353 4960 2632 5029 prephetis
2661 4962 2823 5014 etiam
2854 4959 3014 5029 longe
3042 4971 3168 5015 ante
3198 4961 3531 5032 praecognita
3563 4960 3764 5017 fuerat.

2275 5072 2354 5144 (It)
2385 5074 2439 5128 ln
2474 5091 2576 5129 ms.
2611 5074 2782 5131 Vatic.
2822 5075 2938 5131 has.
2983 5086 3040 5132 et
3073 5076 3193 5132 aliis
3234 5077 3545 5143 nonnullis,
3586 5077 3807 5132 calicem

2205 5143 2605 5232 deprecaretur:
2643 5147 2933 5232 glossema2
2982 5148 3104 5232 Mtth
3135 5149 3201 5232 .il!
3245 5149 3473 5218 vulgatis
3503 5147 3801 5232 ,βωμία-ξ.

2204 5213 2531 5270 Conciunius
2563 5218 2613 5271 in
2647 5213 2775 5271 (uss.
2806 5218 3037 5287 implere.
3069 5217 3149 5273 Ad
3188 5219 3290 5274 hoc
3328 5213 3809 5287 purt‘ofestiuavit

2204 5300 2418 5341 summo
2458 5286 2737 5342 charitatis
2769 5286 2985 5355 studio,
3017 5307 3133 5345 cum
3165 5290 3219 5343 id
3244 5291 3299 5344 in
3332 5286 3390 5346 se
3418 5306 3807 5345 consummare-

2202 5365 2302 5432 εηι·3
2340 5358 2477 5432 quod
2505 5359 2573 5411 ad
2601 5361 2818 5432 salutem
2860 5371 3087 5415 uestram
3131 5365 3325 5432 perpeti
3369 5365 3483 5426 ipse
3522 5363 3804 5432 voluisset,

2204 5427 2514 5503 uthabvtnr
2542 5438 2697 5503 tract.
2726 5430 2868 5485 Psal.
2898 5448 3008 5498 Liv,
3038 5451 3093 5488 ιι.
3126 5427 3191 5487 ιδ
3216 5427 3267 5488 et
3298 5432 3458 5503 paulo
3479 5441 3635 5487 ante:
3668 5429 3804 5486 Cum

2202 5501 2417 5554 salutem
2445 5502 2616 5575 generi
2644 5502 2870 5575 humano
2898 5515 3132 5575 suscepta
3160 5501 3331 5559 crucis
3357 5516 3518 5558 morte
3542 5505 3795 5569 donaret,

2202 5587 2303 5625 non
2335 5582 2498 5640 potest
2526 5573 2688 5627 videri
2714 5573 3089 5631 sacramentum
3116 5575 3211 5631 hoc
3239 5591 3442 5647 magna:
3476 5575 3679 5649 pietatis
3707 5590 3801 5630 ar-

2197 5657 2351 5712 guere
2379 5657 2442 5698 ac
2470 5658 2740 5701 recusare.
