4094 6180
303 292 388 351 569

1518 298 1607 355 DE
1646 297 2023 359 TRINITATE
2061 302 2263 360 LIBER
2306 305 2372 361 X.
3152 254 3157 259 Ψ
3487 321 3592 378 5ῖο

304 408 571 466 festinaret
609 409 877 478 implere?
914 409 1033 465 Non
1073 411 1217 467 enim
1259 413 1545 480 convenit,
1585 412 1660 488 (a)
1694 426 1747 470 ut
1777 417 1885 487 pati
1912 420 1965 479 Α
1991 426 2047 474 et
2074 419 2216 490 quod
2248 420 2520 478 inﬁrmum
2550 433 2663 493 est,
2696 428 2859 483 sumit
2897 443 2962 484 ex
3005 430 3378 490 imbecillitate
3420 442 3593 491 terro-

301 501 488 565 nollet,
519 501 599 574 (l)
631 503 719 572 qui
751 503 859 572 pati
887 504 1070 559 vellet.
1100 505 1314 560 Etcum
1344 506 1452 576 pati
1478 521 1602 563 eum
1629 509 1770 564 velle
1798 524 1891 565 co-

300 608 612 666 gnosceres;
646 594 955 664 religiosius
1011 595 1186 651 fuerat
1238 595 1365 652 dicti
1409 597 1481 669 (Ιι)
1524 599 1889 671 inintelligen-

300 689 413 744 tiam
440 687 688 743 conﬁteri
710 728 725 753 ,
753 702 912 759 quam
952 690 1028 760 (c)
1056 689 1123 744 ad
1150 690 1203 745 id
1235 690 1414 763 impia:
1439 693 1684 750 stultitia:
1710 694 1892 753 furore

299 797 666 853 prorumpere.
697 790 755 837 ut
780 796 902 838 eum
932 798 1208 840 assereres
1249 800 1317 841 ne
1361 795 1634 857 pateretur
1676 804 1886 858 orasse,

298 891 443 947 quem
474 876 587 946 pati
619 864 759 932 velle
787 876 1154 946 cognovisses.

364 970 451 1024 51.
479 968 560 1024 An
586 968 888 1024 derelictum
910 986 965 1024 se
988 980 1298 1041 conquestus
1322 973 1409 1027 sit.
1440 1002 1511 1013 —
1534 973 1638 1031 Sed
1662 1016 1675 1041 ,
1704 975 1889 1044 credo,

301 1070 343 1119 te
377 1062 444 1117 ad
485 1063 775 1132 impietatis
810 1073 915 1118 tua:
953 1079 1185 1134 pugnam
1224 1067 1384 1120 etiam
1422 1066 1568 1122 dicto
1605 1067 1890 1124 dominicze

295 1157 428 1212 vocis
450 1157 691 1213 armabis
712 1174 725 1212 :
744 1155 908 1221 Deus,
942 1155 1080 1212 Deus
1107 1174 1266 1224 meus,
1290 1175 1447 1225 quare
1472 1176 1549 1214 me
1575 1160 1891 1229 dereliquisti

302 1247 489 1323 (Marc.
519 1264 614 1314 xv,
644 1248 772 1321 34)?
798 1248 929 1304 Post
950 1250 1331 1305 contumeliam
1357 1252 1501 1306 enim
1526 1252 1724 1318 crucis,
1752 1250 1890 1308 forte

297 1342 653 1413 dignationem
685 1341 756 1396 ab
781 1357 848 1397 eo
875 1343 1081 1411 paterni
1112 1342 1299 1398 auxilii
1327 1344 1606 1399 existimes
1633 1345 1891 1400 recessis-

290 1449 371 1500 se,
399 1445 456 1490 et
483 1435 608 1489 hinc
634 1433 893 1489 desolata:
922 1433 1250 1489 infirmitatis
1275 1445 1386 1489 sua:
1416 1437 1689 1506 querelam
1720 1438 1889 1493 exsti-

290 1527 433 1583 tisse.
450 1524 509 1582 Si
531 1525 623 1581 tibi
647 1524 827 1594 itaque
851 1524 904 1580 in
926 1522 1140 1582 Christo
1160 1534 1503 1596 contemptus
1524 1535 1579 1581 et
1600 1526 1889 1583 inﬁrmitas

298 1627 349 1673 et
370 1632 503 1673 crux
527 1617 856 1672 contumelia
881 1624 993 1680 cst;
1021 1626 1333 1686 oportuerat
1360 1626 1414 1672 te
1439 1616 1567 1672 dicti
1597 1617 1757 1688 hujus
1784 1618 1887 1673 im-

291 1724 580 1768 memorem
606 1725 712 1764 non
739 1710 759 1762 l
762 1708 905 1763 uisse
927 1726 939 1761 :
982 1707 1165 1763 Verum
1189 1708 1306 1763 dico
1328 1709 1488 1775 vobis,
1514 1710 1700 1765 antodo
1747 1710 1888 1765 uide-

1992 527 2140 579 rem;
2171 523 2223 570 et
2254 515 2510 585 quidquid
2542 517 2944 589 dolet,dolendi
2976 523 3032 577 in
3057 538 3118 579 se
3152 524 3313 582 habet
3340 525 3410 600 (e)
3443 528 3595 586 inde-

1994 609 2309 665 mutabilem
2341 620 2620 680 naturam;
2649 624 2702 669 et
2728 615 2989 687 quidquid
3019 620 3465 677 contumeliosum
3490 632 3594 692 est,

1992 716 2208 772 semper
2247 702 2571 760 inhonorum
2613 717 2730 762 est:
2776 718 2830 763 tu
2869 726 2996 764 vero
3036 727 3143 782 quo
3172 728 3337 770 sensu
3368 717 3593 773 rationis

1992 792 2282 865 intelligis.
2338 792 2619 851 Dominum
2671 809 2914 855 nosuum
2964 801 3144 856 Jesum
3194 803 3469 861 Christum
3522 807 3591 863 ad

1992 886 2134 956 quod
2168 886 2414 951 festinat,
2449 889 2672 956 timere;
2712 900 2765 945 et
2797 900 3229 949 consternantem
3261 894 3462 966 fortes,
3511 900 3595 955 in-

1992 978 2246 1034 ﬁrmitate
2274 979 2574 1049 trepidare;
2602 994 2655 1037 et
2679 983 2903 1039 vulnera
2937 1000 3042 1039 non
3077 987 3474 1055 permittentem
3493 991 3594 1048 d0-

1992 1071 2091 1125 lori
2113 1069 2203 1144 (f).
2234 1073 2574 1128 vulneratum
2606 1073 2825 1143 dolere;
2851 1085 2906 1131 et
2933 1080 3260 1135 contumelia
3292 1084 3467 1139 crucis
3495 1084 3593 1141 de-

1994 1165 2288 1233 honestari,
2336 1168 2425 1223 cui
2464 1184 2591 1223 crux
2621 1167 2695 1241 (g)
2734 1184 3021 1227 consessus
3059 1172 3125 1227 ad
3171 1174 3338 1230 Deum
3393 1187 3509 1243 est,
3540 1186 3595 1233 et

1992 1261 2199 1316 reditus
2228 1260 2291 1315 ad
2325 1263 2590 1333 regnum?

2062 1354 2151 1410 54.
2178 1354 2498 1410 Descendens
2519 1357 2587 1410 ad
2607 1357 2800 1427 inferos
2819 1376 2852 1413 α
2870 1359 2996 1414 caelo
3017 1376 3119 1415 non
3145 1363 3374 1417 recessit.
3405 1362 3591 1418 Latro-

1992 1448 2073 1502 nis
2100 1448 2208 1502 alia
2228 1490 2242 1513 ,
2274 1448 2382 1502 alia
2411 1448 2766 1504 haereticorum
2792 1451 2942 1521 ﬁdes.
2973 1482 3045 1493 ——
3071 1452 3177 1508 Sed
3211 1454 3347 1509 forte
3377 1455 3459 1510 vel
3493 1456 3597 1510 hoc

1994 1539 2087 1594 tibi
2116 1540 2362 1595 relictum
2395 1541 2694 1597 occasionis
2724 1543 2902 1611 impia:
2931 1546 3211 1601 arbitraris
3235 1588 3250 1613 ,
3281 1557 3340 1601 ut
3365 1548 3597 1603 descen-

1992 1632 2199 1687 sionem
2225 1632 2291 1687 ad
2318 1631 2520 1687 inferos
2546 1644 2599 1688 et
2627 1635 2795 1703 ipsam
2825 1636 3014 1690 mortis
3036 1636 3277 1692 timuerit
3301 1642 3600 1693 necessita—

1994 1730 2102 1777 tem
2125 1765 2140 1789 ,
2170 1723 2298 1778 dum
2334 1723 2384 1777 id
2416 1725 2589 1791 ipsum
2619 1725 2803 1780 testari
2837 1724 3048 1780 videtur
3078 1728 3179 1783 hoc
3207 1727 3384 1782 dicto:
3416 1726 3598 1797 Pater,

291 1806 401 1860 bitis
429 1804 597 1873 ﬁlium
625 1803 851 1857 hominis
878 1802 1133 1858 sedentem
1163 1819 1195 1856 a
1224 1802 1416 1857 dextris
1445 1803 1671 1870 virtutis,
1712 1812 1758 1858 et
1800 1819 1882 1859 νεα
1913 1814 1961 1875 Β
1986 1815 2282 1869 commendo
2326 1816 2382 1870 in
2426 1832 2612 1870 manus
2654 1826 2768 1870 tuas
2810 1815 2890 1889 (Ιι)
2930 1818 3169 1884 spiritum
3208 1835 3376 1873 meum
3425 1819 3595 1891 (Luc.

291 1901 505 1953 trientem
529 1913 643 1951 cum
673 1895 887 1951 nubibus
913 1896 1025 1950 caeli
1049 1894 1261 1968 (Matth.
1288 1911 1425 1950 χιιι
1441 1936 1457 1963 ,
1479 1894 1594 1966 64).

354 1993 445 2050 52.
475 1992 879 2061 Recapitulatio.
898 2020 969 2032 —
990 1991 1119 2056 Ubi,
1152 2006 1303 2061 rogo,
1333 1991 1386 2045 itt
1414 1992 1665 2062 passione
1692 1991 1886 2046 timor?

288 2086 373 2141 ubi
398 2084 719 2140 inﬁrmitas?
740 2084 828 2140 ubi
856 2084 1050 2140 dolor?
1071 2084 1158 2139 ubi
1182 2084 1551 2139 contumelia?
1572 2083 1788 2139 Timere
1816 2083 1885 2139 ab

288 2179 459 2250 impiis
496 2178 728 2235 dicitur?
768 2178 873 2235 Sed
907 2180 1021 2249 ipse
1051 2178 1161 2249 pati
1200 2178 1338 2235 velle
1375 2192 1434 2232 se
1473 2176 1749 2248 pricdicat.
1792 2176 1879 2233 ln-

293 2276 474 2331 ﬁrmus
498 2290 621 2332 esse
647 2274 1025 2332 contenditur?
1049 2273 1154 2330 Sed
1182 2288 1242 2330 se
1271 2282 1572 2344 potentem,
1602 2271 1730 2328 dum
1754 2286 1882 2327 con-

288 2367 537 2424 sternatis
560 2367 1002 2439 persecutoribus
1024 2365 1216 2421 obvius
1238 2379 1344 2420 nou
1366 2365 1686 2430 sustinetur,
1705 2374 1887 2421 osten-

292 2459 384 2515 dit.
414 2461 609 2518 Dolere
636 2461 857 2516 vulnera
888 2460 1070 2516 carnis
1097 2458 1375 2530 arguitur?
1402 2457 1507 2513 Sed
1539 2459 1591 2513 in
1620 2473 1708 2525 eo,
1739 2459 1885 2531 quod

295 2567 505 2610 carnem
545 2555 692 2609 auris
732 2553 910 2609 reddit
952 2568 1020 2609 ex
1059 2552 1304 2615 vulnere,
1332 2566 1460 2606 caro
1490 2551 1607 2622 ipse
1630 2567 1752 2606 cum
1782 2553 1880 2618 sit,

294 2657 435 2704 extra
462 2646 734 2703 carnalem
777 2655 954 2702 tamen
998 2656 1243 2701 naturam
1285 2643 1498 2699 dolendi
1528 2643 1764 2699 vulneris
1793 2659 1882 2699 re-

299 2741 528 2812 peritur:
555 2740 678 2811 quia
705 2738 836 2795 dum
864 2748 920 2794 et
941 2736 1106 2811 3M
1130 2751 1290 2792 manu
1321 2746 1565 2792 truncam
1593 2750 1779 2791 aurem
1806 2744 1886 2791 at-

308 2835 485 2906 tingit,
513 2847 705 2889 manus
730 2833 818 2888 illa
844 2831 914 2888 de
938 2846 1166 2901 corpore
1190 2838 1308 2896 est,
1338 2839 1393 2886 et
1418 2829 1542 2884 dum
1570 2843 1762 2885 manus
1787 2843 1884 2884 au-

300 2942 403 2984 rem
439 2926 686 2998 producit
723 2941 790 2982 ex
831 2926 1078 2992 vulnere,
1112 2939 1220 2980 non
1253 2938 1375 2979 esse
1409 2937 1600 2978 manus
1633 2923 1722 2978 illa
1757 2936 1882 2978 cor-

300 3022 436 3092 poris
457 3019 793 3090 signiﬁcatur
818 3018 1072 3074 inﬁrmis.

365 3114 448 3169 '53.
478 3112 557 3167 An
585 3127 717 3167 crux
740 3112 787 3167 ei
805 3108 1392 3167 contumeliam—Sed
1413 3108 1801 3166 contumeliosa
1833 3108 1883 3165 ei

1993 1922 2163 1975 χχιιι,
2192 1906 2320 1977 46).
2368 1905 2481 1961 Hoc
2518 1906 2742 1977 legens,
2771 1917 2956 1962 etnon
2998 1908 3339 1979 intelligens,
3382 1919 3474 1964 aut
3511 1910 3599 1981 pie

1991 2002 2295 2065 tacuisses,
2359 2012 2455 2054 aut
2499 2000 2661 2055 etiam
2715 2000 2968 2071 religiose
3016 2002 3423 2073 intelligentiam
3472 2002 3589 2073 ejus

1989 2106 2247 2147 orasses:
2297 2105 2404 2146 non
2456 2092 2627 2162 magis
2674 2106 2771 2161 per
2820 2092 3192 2163 impudentem
3238 2094 3592 2151 assertionem

1989 2185 2154 2241 stulto
2196 2184 2377 2240 furore
2413 2184 2655 2241 veritatis
2694 2185 2917 2256 incapax
2961 2188 3258 2258 vagareris.
3295 2187 3453 2244 Anne
3498 2188 3595 2244 tibi

1991 2288 2232 2334 metuere
2258 2277 2526 2333 infernum
2554 2278 2721 2335 chaos
2747 2289 2802 2335 et
2831 2287 3100 2336 torrentes
3127 2278 3371 2336 ﬂammas
3399 2289 3453 2336 ει
3479 2295 3597 2336 om-

1990 2389 2112 2429 nem
2140 2388 2420 2443 plenarum
2447 2373 2715 2427 ultricium
2740 2374 2997 2445 abyssum
3020 2373 3325 2429 credendus
3350 2383 3469 2439 est,
3499 2373 3588 2428 di-

1988 2481 2116 2522 cens
2157 2464 2351 2521 latroni
2390 2464 2442 2519 in
2484 2478 2673 2520 cruce:
2719 2464 2880 2519 Amen
2918 2465 3034 2520 dico
3062 2464 3182 2530 tibi,
3212 2465 3365 2520 hodie
3389 2481 3589 2519 mecum

1988 2560 2088 2614 eris
2111 2559 2163 2612 in
2191 2556 2433 2627 paradiso
2465 2556 2629 2628 (Ibid.
2658 2557 2791 2629 45)?
2830 2557 3047 2612 Natura:
3076 2557 3236 2627 hujus
3266 2566 3591 2628 potestatem

1983 2652 2093 2722 jam
2124 2666 2230 2705 non
2255 2649 2377 2705 dico
2417 2648 2483 2720 (i)
2524 2658 2700 2715 metu,
2743 2647 2838 2703 sed
2880 2664 2982 2703 nec
3018 2648 3241 2704 inferna:
3263 2648 3426 2722 345
3450 2648 3595 2706 sedis

1985 2744 2211 2814 regione
2252 2742 2579 2811 concludes,
2625 2757 2746 2812 quae
2792 2741 3129 2797 descendens
3171 2742 3237 2797 ad
3278 2743 3513 2808 inferos,
3560 2758 3592 2798 a

1987 2836 2241 2907 paradiso
2271 2851 2377 2891 non
2428 2835 2571 2891 desit
2613 2833 2797 2906 (sicuti
2824 2842 2879 2889 et
2906 2833 3138 2889 hominis
3178 2833 3318 2888 ﬁlius
3362 2833 3591 2905 loquens

1986 2929 2040 2986 in
2075 2928 2265 2992 terris,
2295 2935 2510 2982 maneat
2536 2926 2615 2999 (j)
2643 2935 2697 2980 et
2719 2927 2773 2980 in
2802 2923 2991 2997 C(elo),
3033 2925 3249 2995 Martyri
3293 2938 3392 2980 suo
3433 2941 3592 2995 para-

1985 3020 2160 3075 disum
2182 3020 2583 3090 promittens,et
2599 3025 2985 3073 consummatae
3002 3016 3350 3074 beatitudinis
3370 3017 3594 3074 delicias

1989 3113 2278 3184 pollicens.
2320 3111 2435 3166 Non
2474 3110 2635 3166 habet
2672 3110 2816 3166 hunc
2843 3120 3019 3165 metus
3063 3109 3395 3179 corporalis,
3437 3125 3597 3182 pene-

300 3218 411 3260 esse
432 3220 556 3259 crux
587 3203 803 3258 dicitur.
835 3202 1035 3274 Atquin
1068 3217 1161 3272 per
1188 3201 1327 3257 hanc
1357 3201 1590 3257 hominis
1617 3201 1760 3257 ﬁlius
1792 3218 1884 3256 se:
1911 3233 1955 3297 ρ
1994 3216 2224 3262 trantem
2252 3202 2469 3274 quidem
2497 3202 2702 3258 inferos
2722 3246 2738 3270 ,
2770 3201 2866 3257 sed
2895 3201 3091 3272 ubique
3118 3210 3322 3257 naturae
3347 3217 3459 3258 suae
3481 3204 3591 3259 vir-

302 3295 419 3354 dere
440 3312 469 3351 a
492 3296 694 3353 dextris
719 3296 932 3351 virtutis
953 3294 1216 3351 videndus
1243 3304 1347 3360 est,
1371 3305 1424 3349 et
1448 3310 1512 3351 ex
1543 3305 1696 3365 partu
1718 3294 1885 3366 virgi-

304 3391 378 3446 nis
402 3389 557 3447 bomo
577 3398 734 3446 natus
761 3390 815 3444 in
840 3388 1123 3459 majestate
1147 3404 1244 3444 sua
1264 3403 1384 3443 cum
1407 3388 1529 3444 caeli
1550 3398 1635 3444 est
1656 3387 1888 3444 nubibus

308 3497 560 3539 reversus.
583 3481 700 3538 Non
724 3490 876 3538 tenes
896 3481 1193 3552 irreligioso
1214 3496 1394 3536 rerum
1420 3481 1739 3536 naturalium
1761 3496 1883 3536 cau-

302 3589 419 3631 sas:
458 3586 513 3631 et
550 3575 676 3631 dum
710 3576 1002 3635 impietatis
1031 3584 1193 3645 atque
1222 3574 1424 3630 erroris
1463 3574 1654 3646 spiritu
1699 3574 1888 3645 plenus

304 3677 683 3726 sacramentum
733 3668 858 3724 ﬁdei
907 3682 1015 3723 non
1071 3668 1367 3739 intelligis,
1420 3683 1484 3723 ex
1538 3670 1655 3737 ipso
1704 3669 1889 3724 sa'culi

301 3779 456 3821 sensu
508 3761 834 3850 hehetudine
889 3760 1144 3816 haeretica
1205 3760 1284 3832 (ά)
1337 3760 1661 3831 disproﬁcis.
1719 3759 1890 3817 Omne

299 3858 468 3925 enim,
497 3855 640 3929 quod
668 3855 907 3922 timetur,
938 3854 1098 3910 vitari
1128 3867 1350 3910 necesse
1376 3864 1459 3909 est
1484 3854 1611 3908 dum
1641 3854 1888 3922 timetur;

362 3996 439 4068 (l)
469 3994 619 4063 Quod
646 3993 752 4065 pati
777 3991 943 4047 uellet.

366 4110 441 4184 (a)
470 4110 527 4164 In
559 4109 707 4178 prius
733 4106 964 4184 vulgatis
987 4148 1001 4171 ,
1036 4113 1088 4158 nt
1118 4104 1227 4177 pati
1252 4103 1382 4159 nolit
1410 4100 1547 4184 quod
1577 4098 1700 4184 pati
1730 4096 1886 4152 uelit:

301 4179 434 4253 quod
464 4184 807 4253 immutatuus
831 4179 1104 4253 potiorum
1134 4191 1268 4253 mss.
1302 4179 1645 4253 auctoritate.

370 4253 442 4327 (Ιι)
473 4253 563 4310 Sic
589 4239 1186 4327 ms._Corb._quomodo
1207 4245 1493 4327 legendum
1518 4239 1890 4327 suspicabatur

303 4318 551 4380 Erasinus
572 4366 588 4389 ,
622 4323 710 4392 qui
741 4337 865 4394 cum
897 4318 1027 4394 Had.
1069 4330 1128 4394 et
1172 4319 1617 4394 pleris_qt_te_mss.
1669 4318 1890 4394 retinuit

301 4386 713 4465 intelligentiam:
741 4393 892 4461 cujus
921 4392 1039 4446 loco
1068 4386 1283 4460 Lipsius
1309 4386 1505 4444 deinde
1532 4386 1709 4457 posuit
1734 4386 1885 4453 igno-

304 4469 534 4522 rantiam.

372 4538 438 4609 (ε)
466 4539 555 4593 Sic
582 4551 714 4591 mss.
744 4534 810 4590 At
838 4533 964 4589 editi
987 4576 1001 4597 ,
1048 4532 1116 4587 nd
1156 4530 1329 4613 impia:
1367 4528 1599 4584 stultitia:
1626 4526 1888 4596 furorem:

311 4619 359 4663 ει
385 4624 500 4665 ιιιοι
522 4652 537 4674 ,
568 4622 896 4679 cognosceres
917 4620 1066 4679 ,non
1097 4617 1438 4679 cognoritsses.

374 4679 448 4753 (ά)
476 4666 669 4753 hinni)
699 4678 886 4753 codice
920 4666 1086 4753 Vatic.
1134 4666 1380 4753 proﬁcis:
1424 4669 1597 4736 male,
1642 4675 1720 4753 ut‘
1745 4666 1883 4753 Lu'd.

314 4738 506 4822 hii-mus
536 4751 645 4820 jam
676 4749 923 4822 ιιοιςηιίιεΔ
945 4747 1034 4818 qui
1076 4738 1196 4816 post
1230 4738 1511 4822 Erasmum
1545 4748 1756 4822 monet,
1792 4738 1884 4792 Hi-

312 4820 486 4877 larium
512 4811 678 4877 v'erbo
709 4811 1193 4888 disproﬁcerefpro
1217 4816 1551 4888 degenerare,
1577 4811 1709 4865 alias
1731 4823 1886 4888 usum

312 4907 441 4963 esse.
480 4892 717 4963 Uterque
762 4880 902 4963 haud
930 4880 1355 4963 dubierespe'xit
1384 4885 1436 4939 in
1464 4883 1562 4963 lib.
1588 4897 1675 4963 x_t.
1706 4896 1761 4935 n.
1799 4880 1887 4963 ll;

312 4961 377 5018 ibi
424 4973 593 5019 tamen
630 4954 758 5019 'eatn
803 4962 912 5017 vim
962 4959 1182 5013 verbum
1213 4954 1344 5011 illud
1378 4970 1481 5009 non
1514 4954 1754 5017 obtinet,
1787 4954 1891 5005 nisi

311 5036 606 5091 accessione
632 5050 824 5089 vocum
849 5034 905 5087 in
930 5046 1129 5102 genere.
1144 5029 1256 5107 _Hi_c
1280 5041 1411 5082 vero
1435 5024 1721 5107 disproﬁcit
1767 5037 1889 5107 cum

312 5107 565 5174 adiunctis
592 5114 753 5160 sonat
794 5101 1068 5160 recessum
1109 5102 1178 5174 ah
1221 5101 1451 5154 humana
1480 5101 1789 5174 sapientia:
1835 5101 1893 5147 ut

311 5166 394 5250 qui
423 5179 648 5250 primum
680 5183 1014 5250 recesserant
1042 5189 1070 5226 a
1102 5172 1206 5250 [ide
1234 5177 1450 5250 propter
1480 5166 1772 5250 humanam
1802 5178 1890 5250 ra-

314 5240 531 5317 tionem,
558 5249 775 5303 demum
820 5245 1067 5319 haeretici
1109 5243 1436 5319 hebetudine
1463 5240 1539 5319 pb
1582 5249 1892 5319 prteconce-

312 5329 448 5390 ptan
474 5306 782 5386 opinionem
813 5318 882 5372 ab
925 5318 1156 5390 humana
1184 5306 1890 5390 etiamrationie:deﬁciant.

377 5389 446 5465 (ε)
489 5379 603 5447 [luo
632 5406 699 5445 ex
740 5386 1141 5465 recentioribus
1159 5399 1291 5465 mss.
1324 5381 1704 5465 demutabil_em.
1750 5379 1896 5465 RIeti-

311 5449 534 5518 neitdum
559 5478 684 5518 cum
712 5460 835 5515 aliis
857 5457 1293 5513 indemutabitiem
1314 5496 1329 5520 ,
1357 5468 1487 5530 quas
1507 5452 1627 5530 scil.
1656 5466 1685 5504 a
1710 5449 1898 5530 volpn:

315 5540 418 5589 late
440 5534 699 5591 demutari
724 5546 788 5587 ac
808 5530 1201 5603 declinari‘non
1222 5520 1514 5603 possit._l_lt
1540 5522 1684 5603 enim
1712 5520 1901 5603 deﬁnit

310 5604 630 5676 Augustinus
669 5605 763 5676 lib.
807 5619 921 5668 xiv,
964 5601 1031 5656 de
1067 5599 1182 5676 Civ.
1221 5593 1310 5653 Dei
1340 5613 1389 5651 c.
1422 5597 1521 5650 15:
1553 5593 1703 5676 dolor
1729 5593 1899 5676 carnis

314 5663 652 5733 εαιιῖιιιιιηιοάο
678 5663 918 5742 οβεηιὶό
934 5687 1007 5727 est
1051 5673 1235 5726 animae
1260 5686 1322 5724 ea:
1347 5683 1537 5745 carne,
1562 5672 1629 5745 let
1668 5663 1905 5745 quadam

316 5749 378 5803 ab
413 5755 520 5833 ejus
546 5735 1093 5833 passionedisselnsio;
1119 5745 1249 5797 sicut
1274 5735 1724 5833 animte‘d'olnofLL:

318 5806 475 5876 sentio
520 5806 593 5876 e'st
636 5820 701 5873 ab
754 5819 834 5874 his
880 5817 1031 5872 rebus
1076 5806 1192 5885 qua:
1240 5812 1385 5868 nobis
1434 5806 1722 5865 nolentibus
1768 5806 1905 5861 acci-

1918 4683 2021 4772 DS

1994 3309 2106 3356 tute
2139 3298 2452 3354 distentum.
2494 3297 2559 3351 Et
2599 3304 2845 3351 naturam
2885 3294 3023 3350 hanc
3063 3294 3248 3350 mundi
3276 3295 3588 3360 dominam,

1991 3408 2058 3449 ac
2094 3393 2344 3448 libertate
2382 3389 2639 3462 spiritalis
2683 3388 2901 3444 virtutis
2946 3389 3299 3455 immensam,
3340 3403 3446 3444 non
3486 3388 3592 3443 sibi

1994 3496 2205 3542 terrore
2231 3485 2423 3539 mortis
2448 3483 2710 3553 gehennae
2735 3481 2903 3537 chaos
2931 3481 3200 3548 vindicat,
3228 3497 3330 3551 qua
3358 3481 3593 3552 paradisi

1993 3578 2201 3633 delicia:
2229 3591 2417 3632 carere
2440 3590 2545 3631 non
2574 3583 2820 3645 possunt.
2851 3572 3090 3629 Futurus
3127 3574 3272 3628 enim
3310 3575 3364 3629 in
3404 3574 3593 3631 inferis

1998 3668 2294 3733 Dominus,
2320 3677 2375 3722 et
2400 3667 2452 3721 in
2482 3665 2732 3736 paradiso
2759 3672 2837 3720 est
2866 3664 3097 3722 futurus.
3143 3666 3342 3722 Deseca
3381 3667 3448 3722 ad
3480 3682 3595 3722 mc-

1999 3770 2109 3818 tum
2139 3776 2311 3831 poenae
2339 3769 2543 3814 natura;
2571 3757 2952 3813 indesccabilis
2977 3758 3311 3827 portionem:
3343 3756 3421 3828 (Ιι)
3447 3768 3501 3813 et
3527 3757 3596 3814 de

1998 3851 2217 3910 Christo
2243 3862 2298 3908 et
2322 3849 2467 3922 apud
2495 3848 2699 3906 inferos
2726 3863 2865 3920 pone
2892 3847 3035 3919 quod
3058 3847 3271 3915 doleat,
3313 3857 3369 3905 et
3408 3849 3462 3904 in
3499 3863 3596 3918 pa.-

1992 4097 2137 4171 dunt.
2181 4096 2291 4171 Hac
2328 4095 2540 4171 ratione
2572 4095 2818 4171 nonnulli
2859 4096 3166 4171 philosophi
3204 4100 3476 4169 explicant
3500 4102 3595 4171 qui

1993 4167 2166 4242 Adam
2211 4169 2475 4242 innocens
2498 4167 2710 4242 doloris
2727 4167 2922 4238 expers
2948 4167 3143 4239 fuerit,
3171 4167 3294 4242 quia
3336 4167 3595 4228 nimirum

1992 4238 2276 4310 demutare
2302 4238 2542 4307 valeret,
2569 4238 2711 4310 quod
2738 4255 2803 4295 ex
2845 4256 2907 4297 se
2947 4254 3130 4297 natum
3172 4238 3318 4300 esset
3351 4244 3597 4300 dolorem

1993 4309 2233 4365 efﬁcere.

2092 4380 2148 4449 f)
2182 4381 2239 4436 In
2271 4381 2518 4451 vulgatis,
2545 4381 2727 4436 doleri.
3482 4431 3489 4435 .

2086 4452 2140 4525 g)
2174 4453 2264 4510 Sic
2300 4453 2675 4529 castigatiores
2715 4468 2846 4510 mss.
2871 4455 3064 4529 quibus
3092 4456 3275 4513 favent
3301 4458 3471 4529 prima
3499 4460 3602 4512 hu-

1988 4525 2077 4599 jus
2105 4526 2312 4599 numeri
2347 4525 2505 4599 verba
2524 4566 2540 4591 ,
2569 4534 2622 4599 et
2655 4532 2927 4599 postrema
2956 4544 3008 4582 n.
3034 4528 3070 4583 2
3099 4538 3259 4585 tract.
3301 4525 3454 4599 'psal.
3479 4544 3593 4584 th.

1991 4596 2050 4652 In
2079 4596 2286 4723 aliqugt
2314 4596 2466 4662 aliis,
2500 4605 2557 4651 ut
2589 4596 2642 4649 in
2668 4597 2920 4669 vulgatis,
2949 4616 3264 4656 consensus:
3295 4596 3454 4656 lectio
3485 4614 3594 4654 non

1995 4683 2228 4723 snerm-n
2271 4683 2322 4721 a.

2029 4683 2322 4737 perm-nua.

2063 4740 2141 4805 (h)
2179 4737 2328 4791 Hunc
2352 4753 2466 4792 vero
2487 4737 2744 4808 spiritum.
2772 4739 2941 4808 inquit
2962 4740 3337 4796 Theodoretus
3359 4742 3410 4794 in
3437 4741 3588 4795 Dem.

1990 4810 2135 4880 quod
2167 4808 2405 4880 itnpalih.
2440 4809 2513 4880 sit
2537 4809 2809 4870 divinitas,
2838 4810 3021 4864 Ariani
3044 4820 3093 4865 et
3117 4811 3431 4866 Eunomiani
3459 4812 3593 4865 diui-

1992 4878 2204 4935 nitntem
2235 4878 2500 4949 Unigeniti
2530 4895 2634 4932 esse
2664 4880 2861 4934 dicunt.
2894 4879 3195 4936 Inanimum
3233 4883 3368 4937 enim
3405 4899 3592 4955 corpus

1992 4960 2313 5012 assumptum
2351 4960 2553 5021 putant.

2071 5022 2132 5093 (i)
2170 5024 2225 5097 l1:
2247 5021 2513 5097 Aangatis:
2547 5030 2751 5097 metus;
2780 5029 2839 5077 et
2867 5033 3050 5092 postea
3072 5064 3088 5091 ,
3119 5027 3258 5097 regio
3287 5034 3360 5080 est
3386 5023 3598 5078 conclu-

1996 5092 2138 5148 dens.
2175 5094 2349 5148 Etiam
2382 5092 2469 5167 hie
2500 5092 2986 5167 perspicuumest,
3018 5092 3218 5153 naturis
3257 5105 3553 5167 potestatem
3576 5135 3594 5163 ,

1997 5181 2118 5236 qua:
2147 5181 2173 5215 a
2201 5172 2353 5236 metu
2383 5162 2656 5236 eximitur.
2691 5163 3027 5236 divinitatem
3059 5162 3306 5233 intelligi.

2073 5238 2148 5308 (j),
2168 5235 2283 5290 Non
2323 5250 2424 5303 qua
2458 5233 2600 5308 ﬁli_us
2622 5233 2887 5308 hominis,
2915 5237 3013 5308 sed
3038 5254 3142 5307 qua
3176 5239 3284 5293 ﬁlio
3322 5237 3418 5308 Dei
3470 5251 3596 5307 per-

2004 5304 2262 5362 sonaliter
2290 5317 2492 5360 uultus.
2520 5304 2903 5373 ReSpiciuntur
2921 5304 3122 5364 Christi
3145 5310 3308 5365 verba
3330 5304 3484 5363 .loan.
3514 5322 3595 5372 ιιι,

2007 5378 2096 5432 15.
2131 5379 2242 5433 lloc
2271 5376 2520 5447 loquendi
2549 5377 2712 5447 modo
2755 5377 2986 5433 Hilarius
3018 5378 3144 5434 dum
3184 5380 3355 5435 solam
3394 5378 3593 5432 divini-

2008 5460 2172 5503 tatem
2201 5450 2268 5505 ab
2298 5446 2549 5503 humanis
2585 5446 2960 5504 alfectionibus
2987 5450 3224 5507 vindicat
3248 5494 3263 5518 ,
3314 5448 3587 5505 interdum

2010 5520 2179 5575 videri
2210 5528 2389 5587 potest
2416 5518 2585 5589 ipsam
2609 5522 2770 5574 etiam
2797 5534 3014 5576 carnem
3044 5523 3303 5578 eximere.

2084 5590 2161 5665 (Ic)
2198 5591 2366 5646 Vatic.
2401 5592 2515 5665 bas.
2547 5590 2757 5665 codex,
2785 5602 2834 5665 et
2860 5591 2927 5644 da
2942 5590 3165 5665 Christo.
3194 5593 3387 5665 Verius
3412 5591 3525 5657 alii,
3543 5598 3601 5665 _et

2008 5664 2071 5717 de
2095 5661 2300 5718 Christo
2320 5705 2335 5728 ,
2367 5662 2486 5717 scil.
2521 5678 2670 5729 pone.
2704 5661 2884 5717 Multis
2927 5664 3102 5720 modis
3159 5663 3246 5719 hic
3275 5663 3511 5719 declarat
3534 5663 3598 5717 ll-

2009 5734 2093 5791 dei
2121 5736 2400 5807 catholica:
2427 5732 2706 5807 defensor,
2738 5749 2898 5807 quam
2926 5743 3171 5807 naturam
3200 5736 3331 5807 velit
3373 5736 3442 5807 ab
3491 5731 3593 5807 htig

2008 5806 2183 5862 mauis
2204 5805 2576 5862 allectionibus
2618 5800 2947 5876 immunem,
2980 5804 3236 5864 nimirum
3296 5826 3309 5863 :
3355 5800 3593 5863 naturoni
