4094 6180
446 320 545 377 571

1657 318 1896 375 SANCTI
1934 318 2187 374 ιιιωκιι
2238 315 2538 374 lthl‘SCOPl

3633 320 3741 374 3'2

445 435 627 493 radiso
663 436 910 508 relinque
945 435 1088 506 quod
1128 441 1336 505 regnet.
1374 430 1543 491 Latio
1580 432 1725 489 enim
1768 440 1959 505 rogat,
1983 440 2042 487 ut
2067 434 2122 497 Α
2148 431 2354 489 tristem
2376 447 2499 487 esse
2527 445 2695 501 usque
2715 431 2781 486 ad
2803 440 3051 486 mortem.
3088 430 3154 504 (ί)
3184 430 3299 486 Non
3326 431 3469 489 enim
3495 432 3738 502 ejusdem

448 528 530 583 sui
558 527 610 582 in
640 543 805 598 regno
832 541 929 583 suo
955 526 1283 587 meminerit.
1312 524 1413 593 Et,
1442 524 1629 592 credo,
1658 539 1781 581 eum
1809 526 1874 579 ad
1905 524 2041 579 hanc

447 619 623 677 beatae
648 618 1001 677 confessionis
1029 618 1187 677 ﬁdem
1209 661 1224 686 ,
1249 619 1463 675 auditus
1488 626 1803 675 transeunte
1834 618 2042 688 palmas

448 713 601 769 clavo
627 712 856 784 gemitus
878 711 1153 778 accendit:
1185 719 1241 767 et
1265 727 1487 782 regnum
1523 709 1721 766 Christi
1756 726 1854 781 per
1889 710 2043 767 dolo-

446 818 563 861 rem
590 801 673 874 (1)
704 800 960 859 inﬁrmati
986 801 1060 874 (a)
1095 803 1145 858 in
1172 800 1388 858 Christo
1423 804 1667 873 corporis
1702 801 1911 858 didicit.
1947 800 2043 857 Ille

447 894 812 965 dignationem
846 895 1245 953 reminiscentis
1271 897 1321 950 in
1349 910 1516 964 regno
1543 894 1810 964 postulat:
1839 898 1896 948 tu
1922 908 2045 949 cru-

446 988 525 1042 cis
548 994 779 1043 mortem
805 988 870 1042 ad
901 996 1103 1043 metum
1130 987 1376 1057 deputas.
1424 986 1683 1042 Dominus
1707 985 2047 1041 communio-

447 1094 570 1139 nem
595 1079 642 1135 ei
662 1081 894 1150 paradisi
922 1096 1047 1136 mox
1073 1080 1384 1152 pollicetur:
1414 1087 1469 1134 tu
1488 1081 1755 1138 Christum
1782 1081 1836 1134 in
1862 1078 2048 1134 inferis

447 1174 549 1229 sub
577 1175 776 1245 poenali
804 1182 1013 1233 terrore
1036 1174 1333 1231 concludis.
1381 1174 1618 1230 Diversae
1644 1174 1756 1244 Spei
1784 1173 1918 1229 ﬁdes
1943 1172 2047 1229 ista

450 1277 552 1323 est.
592 1267 910 1323 Paradisum
949 1268 1143 1324 meruit
1178 1267 1280 1323 sub
1315 1282 1477 1324 cruce
1515 1268 1680 1335 latro,
1724 1267 2046 1338 pendentem

449 1360 727 1421 Christum
756 1361 1039 1418 confessus
1066 1362 1119 1418 in
1148 1376 1347 1432 regno:
1379 1362 1432 1418 in
1466 1376 1640 1431 pcenm
1673 1359 1752 1435 (ὁ)
1783 1374 1913 1416 vero
1946 1360 2047 1414 do-

449 1452 568 1509 lore
592 1462 648 1513 et
670 1460 816 1509 metu
846 1454 1036 1510 mortis
1062 1452 1337 1511 Christum
1375 1452 1671 1524 deputans,
1711 1462 1764 1509 et
1796 1451 2049 1525 paradiso

453 1558 676 1601 necesse
704 1555 784 1600 est
811 1545 889 1617 (2)
917 1545 992 1600 sis
1017 1546 1289 1603 cariturus
1314 1551 1370 1601 et
1397 1560 1584 1614 regno.

525 1637 613 1694 35.
645 1636 918 1711 Epilogus,
949 1638 1099 1707 quale
1126 1635 1318 1693 Christi
1343 1654 1552 1707 corpus.
1585 1634 1663 1680 --'
1699 1637 1924 1695 Collatia
1946 1638 2049 1710 igi-

455 1739 540 1786 tur
565 1731 829 1787 dictorum
853 1740 1014 1801 atque
1042 1742 1317 1803 gestorum
1336 1732 1626 1789 virtutibus
1646 1774 1662 1800 ,
1684 1731 2050 1788 demonstrari

2144 524 2554 594 signiﬁcationis
2590 532 2710 587 cst,
2765 522 2972 579 tristem
3028 538 3149 577 esse
3199 532 3421 594 propter
3475 535 3737 590 mortem,

2144 628 2197 673 et
2224 617 2431 674 tristem
2463 632 2588 673 esse
2639 631 2809 687 usque
2829 616 2895 671 ad
2923 624 3150 672 mortem
3176 631 3191 671 :
3223 618 3344 689 quia
3387 617 3475 672 ubi
3523 625 3740 688 propter

2146 718 2371 764 mortem
2401 708 2617 763 tristitia
2640 720 2756 775 est,
2789 708 2900 763 illic
2924 709 3035 778 ipsa
3097 724 3246 765 mors
3301 722 3465 764 causa
3510 707 3740 764 tristitia

2147 811 2262 866 est;
2288 801 2375 856 ubi
2408 816 2537 858 vero
2582 801 2797 857 tristitia
2829 816 3000 877 usque
3044 801 3111 856 ad
3154 810 3383 856 mortem
3431 810 3549 868 est,
3595 815 3741 857 mors

2150 911 2256 950 non
2283 896 2391 966 jam
2423 895 2651 950 tristitiae
2673 903 2972 961 estcausa,
3003 895 3098 951 sed
3136 895 3276 949 ﬁnis.
3321 895 3421 962 Qui
3452 908 3580 964 ergo
3634 909 3741 949 non

2151 1000 2371 1060 propter
2400 998 2662 1054 mortem,
2693 988 2785 1043 sed
2814 1003 2984 1057 usque
3031 987 3096 1042 ad
3147 996 3375 1044 mortem
3408 987 3577 1043 tristis
3625 996 3741 1053 est,

2149 1081 2498 1153 quaerendum
2521 1090 2601 1135 est
2629 1081 2770 1136 unde
2794 1081 2860 1135 sit
2887 1082 3074 1135 tristis.
3103 1080 3297 1136 Tristis
3326 1090 3507 1137 autem
3533 1096 3637 1135 non
3667 1082 3747 1135 iu-

2151 1171 2409 1243 certo(5)
2454 1186 2629 1243 neque
2689 1169 2764 1244 (g)
2811 1171 3093 1226 indeﬁnito
3142 1172 3390 1227 humanm
3436 1173 3750 1243 ignorantia:

2153 1272 2429 1334 tempore,
2461 1263 2554 1319 sed
2596 1277 2765 1333 usque
2813 1262 2880 1317 ad
2926 1272 3175 1318 mortem.
3218 1264 3371 1319 Adeo
3414 1272 3594 1318 autem
3635 1278 3749 1320 non

2155 1363 2376 1427 propter
2400 1365 2628 1411 mortem
2658 1363 2908 1425 suscepta
2941 1356 3158 1411 tristitia
3187 1368 3269 1412 est
3293 1397 3309 1424 ,
3336 1363 3395 1411 ut
3419 1358 3491 1412 sit
3517 1356 3751 1413 destitu-

2152 1456 2207 1505 ta
2238 1464 2335 1520 per
2359 1458 2611 1507 mortem.
2693 1499 2695 1501 .

2223 1543 2316 1597 57.
2334 1540 2577 1596 Tristitia:
2596 1539 2787 1595 Christi
2806 1539 3087 1597 eausa.Cui
3100 1550 3334 1611 precetur
3349 1541 3559 1596 calicem
3579 1549 3751 1597 trans-

2153 1638 2250 1695 ire.
2282 1635 2417 1693 Dure
2452 1634 2642 1694 Christi
2677 1635 2979 1691 voluntates.
3002 1665 3074 1676 —
3101 1635 3169 1690 Et
3189 1645 3247 1691 nt
3270 1649 3489 1691 causam
3517 1633 3750 1690 tristitia:

2157 1729 2456 1800 intelligere
2477 1729 2779 1799 possimus,
2806 1728 3084 1783 videamus
3116 1728 3242 1798 quid
3273 1726 3412 1782 hanc
3458 1727 3752 1798 professio-

454 1839 559 1877 non
585 1823 890 1895 ambiguum
920 1832 1038 1889 est,
1066 1823 1117 1878 in
1140 1833 1332 1883 natura
1389 1823 1506 1895 ejus
1548 1826 1793 1893 corporis
1820 1823 2044 1881 inﬁrmi-
2073 1828 2122 1889 Β
2150 1836 2273 1877 nem
2296 1820 2526 1875 tristitice
2546 1820 2631 1876 vel
2662 1821 3022 1890 praecesserit,
3053 1820 3136 1874 vel
3159 1829 3538 1890 consequatur.
3559 1818 3749 1874 Totins

460 1922 623 1975 tatem
655 1925 861 1973 naturas
886 1931 1163 1988 corporeae
1190 1932 1295 1973 non
1324 1916 1507 1984 fuisse.
1533 1918 1619 1973 cui
1647 1919 1701 1973 in
1733 1918 1932 1975 virtute
1955 1934 2051 1974 na-

455 2019 590 2064 turae
617 2008 780 2071 fuerit
806 2025 1020 2069 omnem
1051 2024 1337 2080 corporum
1360 2009 1633 2079 depellere
1658 2009 2049 2079 inﬁrmitatem;

457 2108 512 2155 et
539 2100 844 2171 passionem
878 2100 1023 2157 illam
1046 2141 1061 2167 ,
1092 2100 1215 2156 licet
1245 2100 1390 2156 illata
1417 2101 1633 2171 corpori
1677 2103 1775 2169 sit,
1830 2117 1936 2157 non
1970 2113 2052 2156 ta-

457 2210 581 2249 men
602 2201 845 2249 naturam
874 2192 1090 2251 dolendi
1116 2196 1330 2263 corpori
1362 2192 1608 2249 intulisse
1658 2210 1672 2247 :
1715 2194 1839 2264 quia
1868 2209 2057 2265 quam-

459 2286 545 2339 vis
569 2283 739 2343 forma
765 2285 1010 2361 corporis
1039 2285 1211 2343 nostri
1237 2291 1384 2340 esset
1410 2283 1462 2341 in
1482 2283 1730 2351 Domino,
1747 2298 1852 2341 non
1880 2295 2057 2342 tamen

459 2376 532 2450 (c)
561 2377 612 2433 in
639 2376 848 2433 vitiosae
880 2375 1208 2435 inﬁrmitatis
1257 2382 1456 2435 nostra:
1480 2384 1623 2432 esset
1650 2390 1913 2447 corpore,
1965 2378 2057 2447 qui

461 2484 567 2531 non
613 2476 758 2524 esset
809 2468 861 2522 in
907 2468 1144 2539 origine,
1200 2466 1344 2538 quod
1389 2482 1457 2525 ex
1508 2475 1775 2538 conceptu
1825 2468 2059 2539 Spiritus

460 2561 632 2617 sancti
663 2560 823 2632 Virgo
846 2560 1127 2630 progenuit
1157 2576 1171 2615 :
1205 2560 1346 2630 quod
1378 2559 1504 2619 licet
1545 2574 1706 2617 sexus
1747 2562 1828 2618 sui
1879 2560 2059 2618 ofﬁcio

460 2653 725 2723 genuerit,
762 2666 940 2711 tamen
972 2666 1076 2707 non
1099 2658 1332 2707 terrena:
1361 2650 1526 2724 ιω
1548 2652 1917 2723 conceptionis
1946 2668 2062 2711 sus-

461 2743 907 2816 cepitelementis
935 2740 1038 2815 (d).
1071 2741 1268 2799 Genuit
1295 2743 1492 2799 etenim
1523 2758 1587 2799 ex
1619 2758 1679 2798 se
1704 2758 1930 2814 corpus,
1964 2744 2062 2823 sed

461 2837 605 2908 quod
631 2845 951 2905 conceptum
982 2843 1128 2893 esset
1154 2849 1222 2893 ex
1250 2833 1490 2904 Spiritu;
1521 2833 1730 2890 habens
1757 2834 1975 2906 quidem
2004 2837 2059 2899 in

463 2942 524 2984 se
545 2928 625 2982 sui
650 2928 898 2996 corporis
922 2926 1206 2981 veritatem
1223 2965 1237 2989 ,
1263 2924 1359 2987 sed
1385 2940 1489 2979 non
1518 2924 1724 2982 habens
1747 2935 1953 2987 natura:
1977 2928 2062 2983 in-

466 3017 775 3083 ﬁrmitatem
810 3031 824 3071 :
852 3015 981 3077 dum
1009 3025 1064 3071 et
1090 3030 1288 3086 corpus
1318 3013 1447 3073 illud
1477 3017 1723 3086 corporis
1752 3018 1951 3079 veritas
1980 3025 2065 3077 est

463 3110 604 3179 quod
634 3118 924 3187 generatur
945 3123 1009 3163 ex
1039 3108 1278 3178 virgine;
1329 3116 1385 3162 et
1409 3118 1560 3173 extra
1596 3110 1843 3179 corporis
1889 3111 2065 3171 nostri

2155 1915 2299 1970 enim
2354 1910 2625 1982 passionis
2683 1920 2740 1968 et
2789 1910 2911 1968 ﬁdei
2956 1913 3274 1984 mysterium
3324 1922 3751 1968 consummatum

2156 2004 2370 2077 pascha!
2399 2019 2557 2061 cmna
2583 2004 2756 2060 fuerat
2788 2019 2884 2076 per
2913 2005 3224 2061 Dominum.
3255 2003 3336 2077 (lt)
3376 2004 3614 2076 Postque
3633 2005 3753 2059 oni-

2156 2111 2436 2153 versorum
2463 2095 2516 2151 in
2558 2110 2617 2151 se
2646 2095 2963 2152 scandalum
2986 2095 3142 2151 docet
3169 2093 3389 2168 (Matth.
3416 2110 3540 2151 sxvn
3563 2137 3579 2159 ,
3600 2094 3667 2150 31
3705 2103 3752 2150 et

2159 2188 2277 2263 3%),
2304 2188 2399 2244 sed
2426 2202 2823 2258 prmeessurum
2845 2202 2906 2244 se
2951 2201 3046 2245 eos
3074 2188 3131 2242 in
3177 2186 3456 2243 Catilinam
3487 2185 3757 2255 promittit

2159 2281 2324 2356 (Ibid.
2344 2282 2462 2353 55).
2485 2282 2702 2349 Petrus,
2724 2281 2937 2338 caeteris
2959 2281 3081 2338 licet
3107 2281 3571 2348 scandalizaturis,
3595 2295 3656 2335 se
3678 2290 3761 2334 ta-

2160 2383 2340 2431 tamen
2367 2391 2475 2430 non
2506 2374 2993 2431 scandalizaturum
3019 2374 3287 2430 constanti
3314 2373 3421 2428 ﬁde
3442 2371 3756 2444 spopondit.

2160 2468 2267 2525 Sed
2296 2468 2555 2522 Dominus
2576 2482 2672 2538 per
2702 2476 2947 2522 naturam
2970 2466 3067 2522 Dei
3116 2482 3222 2522 non
3247 2466 3468 2535 ignarus
3490 2464 3761 2536 gerendo.

2161 2577 2282 2619 rum
2302 2603 2317 2629 ,
2348 2571 2430 2617 ter
2456 2576 2580 2616 eum
2611 2570 2929 2632 negaturum
2957 2576 3021 2617 se
3063 2575 3187 2617 esse
3210 2560 3491 2630 respondit
3522 2559 3625 2613 :‘ut
3649 2572 3761 2613 cae-

2163 2664 2403 2711 terorum
2428 2652 2742 2710 scandalum
2767 2652 3159 2725 intelligeretur
3187 2668 3254 2707 ex
3285 2653 3449 2707 Petro
3469 2692 3485 2718 ,
3514 2664 3638 2706 cum
3666 2649 3763 2706 ille

2163 2748 2218 2802 in
2249 2756 2354 2801 tam
2376 2761 2541 2817 grave
2568 2745 2688 2802 ﬁdei
2715 2746 3012 2816 periculum
3041 2758 3165 2803 eum
3193 2754 3272 2801 ter
3297 2744 3550 2815 negando
3580 2743 3644 2818 (i)
3665 2759 3759 2800 re-

2164 2838 2388 2894 cideret.
2418 2837 2556 2892 Tum
2588 2838 2677 2892 ille
2704 2837 2998 2907 assumptis
3027 2836 3223 2901 Petro,
3245 2835 3450 2891 Iacobo
3473 2846 3527 2890 et
3550 2834 3761 2892 Joanne

2164 2929 2328 3004 (Ibid.
2347 2930 2463 3003 '57),
2477 2931 2689 2986 duobus
2710 2930 2778 2985 ad
2803 2930 3115 3001 martyrium
3133 2927 3507 3001 “ﬁelcctis,
3524 2938 3581 2984 et
3596 2929 3747 2983 toan.

2165 3039 2233 3078 ne
2264 3024 2315 3078 in
2355 3021 2787 3093 prmdiCationem
2826 3020 3101 3092 Evangelii
3131 3020 3437 3087 ﬁrmando,
3462 3019 3671 3076 tristem
3699 3034 3766 3083 se

2166 3128 2338 3185 usque
2366 3114 2432 3168 ad
2466 3122 2693 3168 mortem
2727 3113 3000 3182 professus
3042 3120 3147 3167 est.
3176 3111 3383 3168 Deinde
3408 3126 3762 3182 progressus,

467 3205 835 3273 inﬁrmitatem
861 3210 945 3259 est
968 3243 983 3269 ,
1014 3202 1157 3272 quod
1190 3200 1451 3273 spiritalis
1478 3204 1850 3274 conceptionis
1879 3220 2065 3279 sump-
2090 3209 2136 3279 C
2166 3206 2343 3263 oravit
2361 3207 2549 3262 dicens
2575 3224 2589 3261 :
2619 3204 2782 3261 Pater
2808 3221 2972 3271 meus,
3000 3204 3045 3260 si
3069 3203 3312 3276 possibile
3336 3212 3441 3270 est,
3470 3213 3690 3258 transeat
3730 3221 3769 3259 ιι

461 3297 533 3363 sit
553 3296 855 3351 exordium.

538 3389 628 3445 56.
659 3388 880 3443 Tristem
901 3402 1008 3451 esse
1032 3402 1192 3457 usque
1217 3386 1286 3445 ad
1314 3396 1528 3449 mortem
1570 3388 1712 3459 quid.
1737 3419 1808 3430 -—
1826 3388 1934 3455 Sed
1966 3393 2062 3448 niti

467 3481 754 3543 adversum
782 3479 850 3552 (e)
891 3479 1201 3551 apostolica;
1226 3479 1349 3545 ﬁdei
1395 3480 1910 3547 demonstrationem
1943 3485 2064 3547 hm-

466 3574 621 3631 retici
650 3572 901 3641 videntur
925 3570 1027 3637 hoc
1049 3570 1192 3633 dicto
1225 3588 1238 3623 :
1271 3569 1455 3633 Tristis
1479 3581 1552 3639 est
1575 3574 1753 3639 anima
1773 3592 1885 3631 mea
1906 3592 2065 3646 usque

468 3666 539 3735 ad
562 3675 773 3731 mortem
803 3662 1021 3738 (Matth.
1048 3678 1202 3730 xxvi,
1231 3662 1431 3734 58),.ut
1455 3666 1724 3734 professio
1769 3667 1885 3738 ejus
1905 3709 1920 3734 ,
1974 3671 2066 3740 qui

469 3773 530 3816 se
562 3757 770 3819 tristem
794 3756 905 3821 ait,
933 3765 1143 3817 naturae
1170 3755 1537 3823 infirmitatem
1558 3795 1572 3823 ,
1612 3771 1709 3827 per
1730 3758 1883 3829 cujus
1906 3774 2066 3821 cous-

468 3850 719 3915 cientiam
744 3847 913 3917 tristis
934 3846 1163 3918 coeperit
1201 3860 1357 3914 esse,
1410 3855 1651 3915 testatur.
1700 3849 1779 3905 Ac
1831 3850 2064 3920 primum

468 3944 722 4000 humanae
775 3939 1141 4012 intelligentiae
1182 3952 1402 3995 sensum
1458 3939 1770 4013 interrogo,
1823 3943 1949 4014 quid
1995 3946 2067 4003 sit

467 4125 475 4177 ⁵
542 4104 623 4252 ii}
651 4101 1174 4239 ἒῖίίὲἵτέεῗέίηῗθδκ·

472 4314 652 4372 mundi
679 4311 961 4377 dominam,
989 4312 1288 4366 immensam
1307 4351 1321 4374 ,
1349 4327 1453 4378 qua
1478 4313 1712 4381 paradisi
1732 4315 1931 4372 delicia!
1973 4333 2063 4372 ea-

470 4404 583 4444 rere
610 4402 711 4460 non
739 4392 990 4460 possunt“,
1036 4396 1157 4460 qua:
1186 4392 1386 4437 natura:
1410 4383 1765 4443 inderecabilis
1789 4387 1843 4441 in
1882 4388 2062 4460 inferis

471 4457 635 4532 simul
656 4465 709 4532 et
728 4451 783 4523 in
801 4451 1042 4532 paradiso
1066 4452 1153 4507 sit.

546 4529 626 4602 (a)
657 4526 747 4602 Sic
770 4520 1026 4602 praecipui
1058 4520 1361 4602 mssL‘Vat.
1413 4522 1552 4592 bas.,
1583 4523 1738 4602 Colb.
1781 4536 1889 4602 etc.
1921 4527 2062 4602 Editi

546 4539 626 4602 (a)
657 4539 747 4581 me
812 4539 1026 4605 raecipiti
1058 4539 1189 4604 mss.
1247 4539 1361 4605 vat.
1415 4539 1552 4592 oas.,
1583 4539 1738 4580 Com.
1781 4539 1889 4583 etc.
1922 4539 2062 4587 Editi

472 4616 603 4723 ἔδῃ
622 4539 1016 4723 aiggii-muatts
1069 4609 1124 4647 tn
1168 4590 1359 4649 Clmstt
1394 4610 1629 4666 corpore.
1678 4595 1810 4664 Quae
1858 4600 2062 4657 irouice

474 4679 600 4727 sunt
625 4670 789 4723 dicta.

460 4806 463 4809 λ
550 4742 625 4812 (lt)
650 4738 705 4795 ln
741 4734 974 4812 vulgatis
994 4776 1009 4805 ,
1041 4734 1096 4812 in
1124 4749 1290 4812 preme
1309 4750 1431 4812 ergo
1459 4734 1674 4804 dolore;
1705 4746 1761 4797 et
1789 4753 1916 4796 mox
1937 4779 1953 4807 ,
2005 4742 2072 4796 sit

474 4796 751 4871 cariturus.
776 4796 1145 4871 Criucinnnior
1170 4813 1255 4861 est
1272 4796 1435 4867 lect'io
1463 4822 1595 4866 mss.

549 4868 990 4957 (c)Exc_usi,hic
1021 4868 1227 4957 omisso
1278 4878 1370 4945 in,
1423 4880 1913 4957 tnox_suhjielttut,
1962 4884 2074 4955 for-

475 4948 566 5009 ηιιὶ
596 4948 723 5008 esset
749 4951 802 5004 in
827 4964 1042 5020 corpore
1067 4948 1157 5019 qui
1182 4963 1286 5002 non
1305 4958 1413 5004 etc.
1441 4948 1773 5021 castigantur
1795 4967 1863 5009 ex
1884 4948 2075 5013 melio-

472 5026 625 5081 ribus
654 5037 788 5077 mss.
1321 5046 1339 5062 ο

550 5095 630 5167 (d)
668 5092 786 5153 Vat.
824 5090 939 5159 bas.
966 5088 1175 5167 cedes,
1208 5091 1468 5167 susceptis
1516 5092 1796 5167 elementis.
1822 5094 2063 5167 (Eodem

478 5160 643 5222 sensu
671 5176 833 5234 supra
870 5178 923 5215 ιι.
956 5163 1025 5234 ᾖὸ
1045 5202 1061 5234 ,
1119 5160 1334 5230 legitur,
1364 5165 1610 5234 susceptis
1641 5164 1945 5233 originibus.
1986 5166 2067 5223 lta

476 5220 636 5295 caute
667 5220 901 5308 Hilarius
932 5220 1205 5299 Chrisxum
1221 5220 1338 5308 non
1356 5220 1637 5308 communi
1669 5220 1789 5308 lege
1839 5220 2072 5308 courch

479 5318 591 5384 tum
625 5304 918 5384 praedicat,
945 5313 1000 5361 ut
1023 5299 1691 5384 sacraeAVirgiuimaterni
1722 5299 1943 5365 honoris
1977 5299 2070 5364 ve-

479 5378 702 5449 ritatem
723 5378 980 5449 continuo
1006 5380 1232 5449 asserat.
1262 5378 1449 5449 (ienuit
1470 5378 1654 5431 etenim
1692 5392 1757 5432 ea:
1783 5394 1837 5433 ss
1859 5394 2070 5449 corpus.

550 5444 621 5531 (ε)
650 5447 793 5531 Lips.
820 5452 876 5531 et
905 5444 1136 5531 Panaca]
1154 5436 1395 5531 hirastni
1415 5449 1656 5531 margine
1676 5487 1690 5513 ,
1721 5436 2062 5531 evangelista:

478 5513 1017 5590 obnitentibtts__mss._
1034 5513 1140 5590 Sed
1164 5523 1219 5570 et
1249 5530 1408 5584 supra
1438 5513 1592 5590 initio
1617 5535 1764 5590 num.
1784 5513 2069 5590 26'prardi-

479 5600 632 5646 catur
657 5583 943 5657 apostolica
981 5585 1148 5657 fides,
1181 5583 1645 5657 nonevangelica.
1680 5583 1941 5655 Nllllll‘llln
1983 5605 2070 5647 re-

483 5654 709 5734 spicitur
738 5656 868 5734 illud
886 5654 1239 5734 Apostoli,_in
1266 5654 1601 5713 similitudine
1624 5660 1845 5716 hominis
1875 5664 2064 5734 factus,

481 5725 581 5798 etc,
624 5729 819 5798 dequo
850 5726 1111 5798 hactenus
1138 5725 1470 5798 disputatum
1493 5740 1595 5785 est.

553 5795 603 5877 (Ι
621 5800 639 5869 )
660 5794 901 5861 Τείιιάειιι
929 5794 1018 5861 hic
1037 5794 1418 5867 aperte'ltabes
1437 5799 2071 5879 contﬁteutetutristitiam

2090 4643 2146 4704 D

2169 3312 2251 3357 me
2273 3296 2412 3353 calix
2434 3298 2532 3354 iste
2556 3314 2575 3353 :
2605 3297 2694 3354 sed
2725 3308 2894 3352 tamen
2914 3312 3015 3351 non
3043 3298 3175 3351 sicsu
3200 3311 3293 3366 ego
3314 3295 3430 3350 volo
3450 3335 3465 3361 ,
3499 3296 3590 3350 sed
3632 3298 3768 3351 sicut

2173 3402 2226 3449 tu
2250 3391 2324 3449 vis
2352 3390 2516 3463 (Ibid.
2542 3389 2657 3464 ὅθ).
2685 3391 2940 3447 Transire
2979 3404 3012 3445 a
3036 3404 3098 3446 se
3116 3389 3343 3447 calicem
3366 3400 3552 3459 rogat,
3577 3390 3766 3460 utique

2167 3485 2278 3556 jam
2305 3500 2489 3541 secum
2511 3492 2818 3541 manentem
2858 3501 2871 3539 :
2927 3484 3017 3556 qui
3058 3492 3169 3540 tum
3218 3486 3269 3540 in
3318 3487 3580 3556 sanguine
3631 3484 3769 3540 Novi

2174 3577 2506 3639 Tustantenti
2537 3592 2636 3648 pro
2660 3578 2951 3635 multorum
2979 3578 3214 3648 peccatis
3260 3575 3338 3651 (j)
3384 3577 3584 3633 eﬁ‘undi
3633 3593 3773 3633 mn-

2173 3674 2566 3730 summabatur.
2589 3672 2706 3728 Non
2730 3672 2873 3729 enim
2905 3681 3061 3743 rogat
3086 3687 3153 3727 ne
3174 3686 3359 3728 secum
3385 3671 3456 3727 sit
3476 3713 3491 3735 ,
3528 3672 3626 3727 sed
3651 3682 3710 3726 ut
3736 3690 3767 3725 τι

2173 3781 2234 3822 se
2261 3773 2522 3823 transeat.
2550 3764 2755 3821 Deinde
2778 3774 2935 3835 rogat
2976 3779 3044 3820 ne
3069 3763 3319 3820 voluntas
3365 3778 3462 3819 sua
3514 3763 3609 3819 ﬁat
3654 3781 3669 3818 :
3712 3774 3770 3820 et

2173 3858 2316 3930 quod
2347 3859 2459 3914 vult
2483 3856 2659 3924 efﬁci,
2692 3857 2745 3914 id
2771 3859 2947 3929 ipsum
2975 3855 3200 3912 concedi
3233 3856 3335 3912 sibi
3354 3870 3463 3912 non
3492 3857 3628 3912 vult.
3679 3858 3772 3912 Ait

2174 3951 2318 4008 enim
2341 3994 2357 4022 ,
2383 3951 2490 4008 Sed
2508 3961 2677 4006 tamen
2712 3966 2814 4005 non
2842 3951 2977 4006 sicut
3005 3965 3101 4021 ego
3119 3949 3234 4007 volo
3255 3991 3269 4021 ,
3292 3951 3382 4017 sed
3400 3949 3533 4006 sicut
3570 3959 3625 4006 tu
3646 3951 3722 4006 vis
3749 3968 3766 4004 :

2253 4111 2337 4185 (ὅ)
2367 4111 2548 4184 Neque
2568 4112 2792 4183 inﬁnito.

2168 4330 2202 4372 a
2223 4314 2442 4371 Christo
2470 4329 2595 4371 esse
2614 4324 2957 4384 susceptam,
2986 4324 3041 4372 et
3061 4314 3132 4372 de
3158 4329 3318 4372 causa
3346 4314 3627 4375 dumtaxat
3653 4316 3771 4373 dis-

2167 4395 2498 4458 ceptantem.
2530 4385 2762 4458 ldipsum
2809 4387 3092 4458 proﬁtetur
3120 4402 3240 4458 cap.
3277 4387 3344 4442 1⁸5
3370 4387 3424 4443 in
3452 4386 3765 4444 Iatthaeum

2170 4456 2314 4522 n.1,
2348 4458 2477 4512 etin
2501 4456 2636 4527 psal.
2667 4456 2897 4524 σηιξη.
2924 4456 2980 4523 8,
3025 4459 3113 4513 ubi
3136 4456 3337 4513 clarius
3389 4457 3621 4525 exiilicat
3659 4477 3767 4527 qua

2170 4538 2321 4601 parte
2347 4528 2619 4601 tristitiam
2651 4543 2680 4583 a
2704 4528 2919 4587 Christo
2947 4539 3251 4601 susceptam
3280 4538 3476 4598 neget,
3508 4529 3695 4589 dicens
3746 4550 3763 4585 :

2174 4598 2294 4653 Non
2338 4606 2472 4671 enim
2517 4600 2622 4666 ait,
2672 4609 2898 4671 promer,
2926 4598 3158 4667 mortem,
3191 4601 3312 4670 quia
3341 4600 3454 4655 licet
3516 4616 3570 4655 ss
3644 4618 3769 4666 pas-

2174 4671 2310 4725 sioni
2330 4670 2503 4741 daret,
2523 4685 2626 4724 non
2651 4668 2819 4727 (einen
2860 4668 3036 4725 Virtus
3056 4668 3247 4726 (eterna
3274 4672 3501 4727 dolorem
3514 4673 3771 4741 passionis

2174 4741 2447 4810 exciperet.
2479 4740 2582 4809 Qui
2608 4744 2748 4801 enim
2799 4741 2850 4797 in
2899 4740 3187 4801 Ililarianis
3208 4743 3423 4811 scriptis
3449 4740 3768 4811 peregrinus

2175 4828 2282 4868 non
2305 4812 2663 4894 est,_virtutis
2685 4822 2905 4894 aeternis
2928 4811 3206 4871 vocabulis
3230 4812 3567 4871 divinitatem
3597 4814 3653 4869 in
3685 4814 3765 4873 eis

2177 4882 2446 4941 enuntiari
2475 4898 2579 4943 non
2606 4882 2797 4940 nescit.

2249 4954 2325 5024 (g)
2355 4954 2453 5009 Ms.
2481 4970 2641 5022 neque
2666 4955 2869 5022 inﬁnito
2890 4994 2904 5017 ,
2936 4953 3020 5011 vel
3049 4969 3208 5023 neque
3234 4955 3286 5008 in
3309 4953 3529 5024 infinito.

2186 5072 2189 5075 .
2222 5024 2302 5097 (lt)
2326 5024 2468 5097 Lips.
2494 5033 2547 5081 et
2569 5026 2992 5097 Par.postguam;
3016 5026 3371 5081 renitentibus
3383 5025 3770 5085 vetustioribus

2177 5095 2347 5152 libris.
2371 5095 2489 5157 Mox
2512 5095 2714 5155 caedent
2745 5099 2877 5152 edit.
2907 5104 3030 5166 post
3060 5097 3148 5152 Er.
3173 5097 3768 5161 scandalisandis,8catt-

2170 5167 2524 5231 dalisandum,
2545 5179 2599 5225 et
2620 5166 2779 5234 infra,
2798 5167 3224 5223 scandalizandos
3244 5184 3262 5220 :
3282 5169 3416 5223 citra
3448 5168 3606 5227 [idem
3629 5183 3764 5223 mss.

2172 5254 2236 5293 ex
2265 5253 2493 5308 quorum
2527 5252 2739 5293 summo
2764 5252 3035 5293 consensu
3069 5239 3234 5307 liquet
3258 5240 3482 5297 verbum
3500 5239 3770 5295 scanduli-

2171 5306 2407 5378 zatur-um
2435 5306 2638 5365 Hilario
2667 5309 2939 5378 passivum
2970 5306 3158 5366 fuisse.

2273 5376 2312 5449 i)
2345 5378 2564 5446 Aliquot
2591 5376 2722 5435 mss.
2755 5380 3032 5437 recederet.

2274 5451 2326 5522 j)
2358 5449 2609 5522 Plerique
2635 5466 2766 5522 mss.
2791 5466 2913 5507 cum
2945 5452 3210 5522 vulgatis,
3266 5449 3604 5517 effundendus
3637 5468 3770 5515 cono

2173 5520 2547 5578 sustinebatur.
2579 5520 2778 5592 Optimi
2805 5522 3007 5578 codicis
3037 5520 3335 5579 Colhertini
3370 5537 3470 5577 nec
3499 5538 3605 5578 non
3628 5524 3769 5579 Ger-

2175 5592 2450 5648 manensis
2476 5591 2810 5664 praeferimus
2848 5595 3166 5660 lectionem,
3198 5608 3301 5663 qua
3349 5594 3533 5657 llilarii
3589 5594 3768 5664 aptius

2176 5664 2485 5719 enuntiatur
2516 5663 2817 5733 sententia,
2852 5680 2969 5719 rem
3017 5664 3128 5733 jam
3180 5665 3486 5723 inchoatam
3528 5663 3649 5733 qua:
3696 5665 3766 5720 ad

2177 5735 2381 5805 exitum
2404 5732 2799 5803 perdueebatur
2823 5732 3133 5804 signiﬁcare
3154 5735 3385 5791 volentis
3410 5752 3423 5787 :
3453 5737 3599 5805 quod
3635 5734 3764 5803 Gul-

2181 5805 2282 5869 lice
2310 5804 2656 5879 diceremus,
2685 5806 2774 5879 qui
2798 5807 3029 5879 achevait
3055 5805 3118 5863 de
3138 5821 3193 5862 se
3216 5805 3490 5883 repanda,
