4094 6180
294 257 393 313 375

1480 261 1569 322 DE
1609 261 1984 328 ΤΒΙΝΙΤΑΤΕ
2025 266 2232 326 LIBER
2287 269 2358 328 Χ.

3481 289 3586 348 374

290 383 349 430 ut
366 373 642 429 voluntate
663 372 846 430 calicis
875 373 1200 446 deprecandi
1231 377 1480 435 humanm
1516 379 1570 435 in
1597 396 1657 437 se
1679 381 1880 439 sollici-
1910 393 1959 450 Α
1987 385 2141 456 (Luc.
2172 403 2288 444 xxn
2309 429 2323 456 ,
2347 387 2411 443 51
2438 398 2484 446 et
2505 388 2622 464 32).
2648 390 2754 450 Per
2781 395 2923 456 hunc
2959 398 3104 458 enim
3145 401 3368 460 calicem
3415 402 3590 460 domi-

290 465 488 522 tudinis
509 465 822 536 signiﬁcans
841 469 1180 524 consortium
1203 513 1217 536 ,
1273 473 1594 527 sententiam
1622 488 1652 527 a
1678 489 1736 528 se
1765 475 1883 529 uni-

285 559 481 616 ttcsibi
529 562 946 630 communisque
999 576 1122 617 eum
1172 561 1331 620 Patre
1381 580 1487 620 non
1547 565 1883 625 discerneret

285 652 602 708 voluntatis.
627 651 698 708 Ut
727 663 909 708 autem
941 668 1045 707 non
1080 671 1176 721 pro
1209 671 1269 711 se
1296 658 1506 727 precari
1554 658 1884 730 intelligere-

283 754 393 813 tur,
422 753 477 800 et
503 745 643 800 ratio
673 745 994 816 signiﬁeatae
1043 748 1340 804 voluntatis
1365 765 1427 804 ac
1459 751 1541 820 (α)
1573 751 1884 822 deprecatio

283 853 390 894 non
422 837 738 892 obtinendas
762 845 911 894 esset
939 839 991 893 iu
1025 840 1314 907 absoluto;
1350 842 1450 898 hoc
1477 851 1650 899 totum
1693 845 1882 917 hujus-

281 931 427 988 modi
459 931 737 1000 petitionis
767 949 879 987 sua:
906 935 1073 1002 Ctepit
1101 935 1326 990 exordio
1347 979 1362 1002 ,
1399 935 1557 991 Pater
1610 956 1778 1006 meus,
1839 941 1885 995 si

283 1023 522 1093 possibile
547 1034 641 1078 est.
678 1023 892 1095 Aliquid
917 1041 1047 1096 ergo
1077 1025 1222 1080 Patri
1256 1029 1604 1100 relinquitur,
1628 1031 1771 1100 quod
1826 1032 1874 1086 ci

279 1131 346 1169 an
377 1115 634 1183 possibile
655 1123 802 1170 esset
829 1117 1095 1171 incertum
1128 1118 1238 1171 sit?
1265 1120 1330 1174 Et
1357 1122 1400 1174 si
1431 1119 1558 1174 nihil
1593 1121 1736 1178 Patri
1783 1125 1884 1177 im-

279 1209 539 1280 possibile
565 1217 689 1274 est,
729 1209 1133 1280 intelligendum
1163 1220 1247 1266 est
1292 1212 1357 1267 ad
1416 1215 1569 1283 cujus
1616 1217 1885 1270 conditio-

277 1317 400 1356 nem
427 1303 477 1355 id
514 1302 592 1373 (b)
619 1301 793 1372 quod,
818 1304 863 1356 si
883 1304 1130 1374 possibile
1181 1315 1274 1367 est,
1323 1307 1392 1360 sit
1446 1308 1714 1363 relictum.
1755 1309 1884 1364 Post

277 1394 435 1464 hujus
455 1396 601 1448 enim
623 1396 888 1448 orationis
909 1412 1129 1467 precem
1163 1400 1406 1469 sequitur
1459 1417 1471 1452 :
1521 1399 1590 1454 Et
1636 1403 1767 1458 venit
1813 1403 1883 1456 ad

273 1489 562 1558 discipulos
590 1503 710 1542 suos
729 1531 742 1554 ,
773 1499 820 1542 et
847 1491 1038 1544 invenit
1058 1507 1142 1544 eos
1170 1492 1511 1559 dormientes,
1564 1506 1612 1548 et
1661 1497 1732 1547 ait
1783 1494 1884 1550 Pe-

274 1593 352 1636 tro
376 1625 390 1647 ,
416 1581 543 1636 Non
574 1583 812 1654 potuistis
839 1600 943 1637 una
969 1586 1097 1639 hora
1123 1586 1337 1656 vigilare
1376 1603 1571 1640 mecum
1597 1588 1622 1641 ἰ)
1664 1587 1885 1661 Vigilate

250 1684 322 1730 ,ει
347 1683 523 1737 orate,
544 1683 599 1727 ut
629 1691 730 1728 non
772 1675 974 1730 intretis
1009 1681 1060 1730 in
1090 1679 1438 1733 tentationem.
1481 1679 1714 1749 Spiritus
1762 1683 1878 1753 qui-

1988 479 2128 534 nica:
2145 481 2415 552 passionis
2435 485 2681 542 tentandi
2726 502 2918 547 omnes
2973 499 3147 549 erant.
3177 493 3249 550 Et
3289 511 3389 566 pro
3428 497 3588 556 Petro

1987 569 2148 656 Pater
2171 581 2412 644 rogatur,
2441 592 2506 632 ne
2533 577 2749 635 deﬁciat
2771 581 2906 638 ﬁdes
2935 584 3054 655 ejus
3082 603 3095 640 :
3128 594 3186 642 ut
3209 591 3459 660 negantis
3501 593 3586 647 in-

1988 662 2230 720 ﬁrmitati
2255 668 2336 722 vel
2368 666 2526 724 dolor
2551 670 2740 726 saltem
2799 674 3130 744 poenitentiae
3184 693 3294 736 non
3348 682 3584 752 abesset;

1993 752 2065 825 (ε)
2087 771 2204 825 qua;
2229 756 2360 814 ﬁdes
2383 757 2435 814 in
2457 773 2523 815 eo
2553 776 2660 818 non
2690 762 2980 834 deﬁceret,
3009 769 3152 840 quod
3176 774 3484 842 pteniteret.

2062 927 2152 984 59.
2189 928 2290 996 Qui
2315 933 2476 986 tristis
2505 950 2667 1006 usque
2696 937 2766 992 ad
2795 951 3028 998 mortem.
3061 943 3391 1003 —Tristitia
3423 947 3586 1022 igitur

1990 1034 2158 1088 usque
2187 1022 2253 1077 ad
2283 1031 2511 1080 mortem
2545 1026 2772 1085 Domino
2800 1039 2916 1086 est:
2948 1035 3071 1105 quia
3113 1037 3164 1090 in
3196 1048 3401 1107 morte,
3436 1052 3585 1098 motu

1988 1121 2148 1169 terra:
2196 1116 2300 1170 diei
2344 1119 2619 1186 tenebris,
2652 1121 2973 1182 discissione
3027 1129 3162 1195 veli,
3211 1143 3587 1192 monumento-

1988 1226 2106 1264 rum
2143 1213 2511 1281 rcseratione,
2555 1226 2888 1274 mortuorum
2930 1225 3327 1282 resurrectione
3382 1230 3584 1283 conﬁr-

1988 1301 2182 1356 manda
2206 1303 2315 1372 jam
2343 1307 2712 1375 apostolorum
2740 1311 2869 1366 ﬁdes
2885 1323 3062 1382 esset,
3085 1331 3245 1386 quam
3272 1328 3329 1373 et
3358 1320 3432 1392 (f)
3458 1338 3586 1378 noc-

1987 1397 2164 1446 turna:
2189 1398 2450 1450 custodiae
2474 1406 2669 1465 terror,
2695 1409 2748 1454 et
2777 1403 2828 1455 in
2852 1401 3080 1475 ﬂagellis
3104 1446 3118 1470 ,
3143 1408 3312 1480 alapis
3333 1451 3346 1476 ,
3375 1413 3545 1480 sputis
3567 1455 3582 1480 ,

1989 1499 2192 1539 corona
2223 1487 2408 1556 spinea
2427 1529 2444 1555 ,
2477 1491 2655 1546 crucis
2683 1506 2850 1548 onere
2871 1536 2886 1562 ,
2920 1503 2976 1550 et
3005 1497 3171 1551 totius
3199 1501 3468 1569 passionis
3498 1503 3581 1560 lu-

1989 1575 2256 1644 dibrium,
2309 1586 2365 1633 et
2413 1588 2690 1650 postremo
2738 1587 3044 1642 maledictze
3089 1592 3268 1646 crucis
3307 1594 3585 1652 damnatio

1987 1679 2376 1726 commoveret.
2401 1673 2589 1728 Sciens
2612 1675 2774 1744 igitur
2799 1676 3058 1734 Dominus
3088 1681 3205 1737 haec
3251 1687 3431 1741 omnia
3461 1698 3585 1759 post

271 1768 386 1821 dem
417 1776 720 1838 promptus,
772 1785 892 1822 caro
937 1785 1056 1823 vero
1094 1771 1308 1840 inﬁrma
1350 1771 1512 1843 (Ibid.
1544 1771 1614 1829 40
1653 1785 1700 1830 et
1755 1755 1872 1848 tll).

1988 1764 2295 1832 passionem
2326 1779 2477 1820 suam
2502 1765 2578 1841 (g)
2612 1769 2974 1841 destitutura,
3021 1773 3144 1830 ideo
3195 1784 3249 1830 et
3296 1755 3480 1850 usque
3513 1784 3581 1838 ad

268 1860 426 1915 Anne
451 1859 632 1914 adhuc
653 1860 892 1915 tristitiae
919 1875 1102 1927 causa,
1127 1863 1208 1934 (l)
1239 1872 1293 1917 et
1315 1865 1671 1920 transferendi
1695 1867 1879 1922 calicis

269 1955 586 2024 deprecatio
607 1955 660 2008 in
685 1955 917 2011 obscuro
947 1957 1071 2010 est?
1098 1955 1323 2027 Vigilari
1372 1957 1516 2014 enim
1571 1974 1756 2015 secum
1805 1961 1876 2016 ob

269 2048 372 2104 hoc
392 2048 552 2118 jubet
573 2055 629 2102 et
656 2053 798 2102 orari
817 2090 832 2118 ,
867 2051 1002 2104 nein
1024 2053 1383 2108 tentationem
1414 2053 1621 2108 intrent
1639 2098 1653 2122 ,
1679 2056 1873 2125 spiritu

267 2141 488 2213 quidem
523 2149 809 2218 prompto,
837 2142 933 2196 sed
957 2143 1166 2197 inﬁrma
1215 2159 1400 2199 carne.
1443 2146 1578 2200 Nam
1631 2147 1722 2218 qui
1770 2135 1877 2204 non

268 2232 738 2288 scandalizaturos
761 2248 818 2286 se
841 2248 938 2304 per
963 2237 1323 2290 constantiam
1365 2237 1539 2292 ﬁdelis
1587 2241 1874 2295 conscien-

268 2325 361 2379 tiae
383 2325 802 2396 pollicebantur,
836 2327 890 2381 in
915 2329 1173 2384 scandan
1204 2346 1298 2400 per
1327 2331 1700 2388 inlirmitatem
1756 2349 1876 2389 car-

274 2419 358 2473 nis
382 2427 542 2473 erant
601 2419 788 2475 futuri.
813 2419 926 2475 Non
959 2437 1088 2493 ergo
1111 2423 1209 2476 sibi
1236 2425 1407 2480 tristis
1437 2431 1550 2491 est,
1585 2442 1764 2497 neque
1802 2428 1876 2483 si-

267 2510 319 2565 bi
345 2518 502 2576 orat;
530 2511 623 2564 sed
657 2512 761 2566 illis
788 2527 922 2582 quos
954 2523 1138 2569 monet
1165 2530 1322 2571 orare
1347 2517 1638 2592 pervigiles
1658 2562 1672 2586 ,
1727 2536 1792 2575 ne
1819 2522 1872 2576 in

266 2619 363 2659 eos
387 2603 528 2657 calix
560 2604 828 2674 passionis
869 2606 1146 2660 incumbat
1200 2624 1215 2662 :
1269 2624 1427 2679 quem
1476 2624 1506 2664 a
1549 2625 1608 2667 se
1644 2613 1876 2668 transire

265 2704 430 2753 orat.
461 2710 527 2749 ne
552 2695 606 2749 in
635 2696 718 2750 his
746 2697 955 2752 scilicet
985 2707 1220 2754 maneat.
1673 2765 1677 2770 ,

339 2785 510 2864 348
535 2789 626 2843 38.
658 2787 765 2841 Cur
785 2790 918 2843 dicat
942 2792 984 2845 si
1015 2792 1270 2860 possibile
1299 2800 1402 2848 est.
1434 2824 1504 2836 —
1530 2793 1739 2850 Idcirco
1769 2811 1866 2852 au-

267 2887 383 2934 tem
417 2880 696 2935 ti-auslerri
723 2895 844 2934 eum
867 2923 881 2945 ,
916 2881 958 2933 si
986 2880 1241 2950 possibile
1265 2894 1441 2950 esset,
1473 2899 1500 2937 a
1537 2899 1595 2938 se
1627 2894 1875 2956 precatus

268 2979 355 3027 est
391 2973 545 3040 :quia
569 2987 692 3026 cum
728 2971 1064 3042 impossibile
1087 2972 1203 3028 Deo
1243 2974 1374 3028 nihil
1405 2975 1513 3042 sit,
1568 2977 1709 3030 sicut
1755 2978 1872 3048 ipse

268 3065 344 3118 ait
374 3082 386 3115 :
419 3061 595 3132 Pater,
627 3064 890 3135 possibilia
913 3065 1002 3118 tibi
1032 3066 1203 3122 omnia
1224 3074 1339 3119 sunt
1368 3065 1559 3140 (Marc.
1591 3083 1705 3135 xiv,
1735 3068 1827 3141 56)
1854 3085 1868 3135 ;

267 3156 610 3226 impossibile
639 3165 817 3212 tamen
848 3158 1050 3212 homini
1076 3166 1162 3214 est
1185 3162 1451 3229 passionis
1496 3168 1708 3218 terrore
1764 3181 1870 3220 non
1899 3175 1944 3240 ρ

269 3251 456 3322 vinci,
489 3265 589 3304 nec
615 3252 786 3320 possit
813 3251 914 3305 nisi
944 3267 1039 3322 per
1086 3253 1457 3322 probationem
1516 3255 1650 3311 ﬁdes
1699 3258 1870 3314 nosci.

269 3347 452 3413 Atque
482 3343 603 3400 ideo
634 3350 689 3398 et
719 3360 815 3414 pro
845 3345 1152 3401 hominibus
1173 3354 1230 3399 ut
1276 3346 1439 3402 homo
1485 3349 1598 3403 vult
1645 3352 1872 3406 calicem

270 3437 547 3501 transire,
573 3444 628 3490 et
654 3443 712 3489 ut
736 3437 828 3490 Dei
861 3451 925 3491 ex
962 3439 1068 3492 Deo
1099 3437 1349 3492 voluntas
1374 3438 1590 3494 eﬁ‘ectui
1630 3448 1874 3512 paternae

269 3529 567 3583 Voluntatis
593 3529 666 3600 (c)
702 3528 900 3583 uuitur.
930 3528 982 3584 ld
1006 3536 1184 3583 autem
1213 3531 1354 3599 quod
1409 3532 1504 3598 ait,
1541 3534 1586 3585 si
1636 3534 1875 3602 possibile

269 3635 369 3690 est,
405 3623 690 3678 manifeste
741 3625 796 3680 in
850 3638 916 3678 eo
971 3623 1156 3678 docuit
1209 3623 1348 3694 quod
1389 3625 1463 3679 ait
1490 3625 1649 3681 Petro
1697 3626 1877 3683 :Ecre

270 3728 484 3772 satanas
507 3717 774 3786 expetivit,
802 3725 857 3770 ut
877 3732 964 3770 vos
1019 3717 1098 3788 (d)
1145 3726 1369 3771 cerneret
1415 3718 1546 3771 sicut
1599 3719 1873 3774 triticum:

272 3827 372 3882 ego
395 3820 563 3865 autent
610 3810 786 3880 rogari
810 3825 903 3880 pro
931 3819 1015 3876 te,
1062 3819 1119 3864 ut
1169 3826 1272 3865 non
1317 3811 1552 3878 deﬁceret
1605 3812 1735 3882 ﬁdes
1787 3823 1876 3869 tua

344 3952 428 4023 (Ι)
455 3950 514 4007 In
546 3947 827 4023 anteriori,
861 3948 1178 4023 transeundi;
1213 3964 1362 4005 nttm.
1383 3948 1476 4016 ιο,
1503 3961 1615 4020 post
1638 3952 1872 4021 transfe-

272 4020 423 4080 rendi
452 4022 626 4078 colicis
649 4020 1071 4091 deprecationem.

351 4136 431 4209 (α)
461 4137 623 4209 Solus
652 4133 823 4209 codex
851 4133 986 4209 Vat.
1032 4133 1147 4209 bas.
1201 4135 1594 4209 deprecationis.
1649 4136 1869 4192 Rectius

277 4205 374 4264 alii
393 4205 730 4278 ,deprecatio
755 4221 856 4258 non
884 4205 1169 4260 obtinenda:
1192 4247 1206 4270 ,
1263 4205 1485 4275 Supple,
1540 4209 1816 4278 voluntatis
1853 4224 1871 4261 :

278 4283 327 4339 id
363 4287 479 4338 est.
507 4277 819 4346 deprecatio
848 4286 902 4330 ut
923 4293 1027 4330 non
1055 4279 1402 4346 concedatur,
1428 4277 1572 4348 quod
1603 4279 1769 4334 voluit
1810 4294 1873 4334 ac

280 4350 495 4424 rogavit
528 4360 586 4424 ut
616 4348 798 4424 homo.

352 4418 434 4491 (li)
464 4420 594 4491 Bad.
617 4429 673 4473 et
705 4418 795 4491 Er.
825 4433 946 4474 cum
977 4433 1078 4491 ms.
1111 4418 1360 4491 Carnut.,
1391 4422 1526 4490 quod
1547 4423 1592 4478 si
1628 4423 1871 4490 impossi-

280 4494 385 4548 bile
409 4488 503 4547 est.
541 4490 675 4545 Tum
705 4488 850 4563 Lips.
889 4505 985 4560 pro
1007 4490 1083 4554 si,
1119 4488 1550 4548 substituit—sibi:
1578 4488 1874 4563 qum—lectio

279 4565 479 4620 exinde
506 4563 762 4616 obtinuit.
791 4560 984 4615 Plures
1035 4576 1066 4615 e
1119 4563 1511 4619 recentioribus
1565 4560 1692 4618 mss.

280 4634 525 4709 possibile
556 4643 644 4686 est.
677 4631 1053 4709 Quiditnialii,
1087 4632 1224 4709 quod
1233 4633 1675 4709 jmpossibileest.
1708 4631 1872 4709 Magis

281 4702 464 4776 placet
493 4720 628 4776 rum;
649 4719 777 4776 mss.
801 4702 982 4766 C01b.,
1003 4705 1197 4776 _(_Iorb.,
1225 4702 1434 4776 Gerun,
1491 4706 1634 4760 Prat.
1667 4715 1774 4776 etc.
1796 4702 1876 4759 _id

281 4773 422 4848 quod
453 4774 670 4855 (supple
694 4775 788 4856 ait)
813 4776 856 4856 si
876 4773 1114 4856 possibile
1136 4785 1214 4856 est
1242 4789 1260 4827 :
1307 4773 1496 4856 idhrest
1517 4818 1530 4842 ,
1585 4775 1874 4856 videndum

280 4845 861 4918 quiem'respiciat‘ista
893 4845 1206 4918 deprecatio
1237 4845 1635 4918 conditionata,
1669 4849 1712 4901 si
1759 4865 1876 4918 pos-

281 4915 436 4990 sibile
461 4927 534 4972 est
560 4927 664 4969 etc.
699 4915 798 4970 Hic
819 4915 961 4970 enim
990 4915 1044 4968 id
1063 4915 1199 4984 quod
1225 4917 1444 4984 perinde
1475 4929 1554 4973 est
1579 4961 1590 4981 ,
1615 4915 1774 4990 atque
1818 4921 1876 4976 τὸ

281 4989 622 5045 Graecorum.
1689 4989 1700 5000 ³

362 5061 437 5134 (c)
476 5061 591 5134 Era,
625 5056 775 5134 Lips.
809 5064 864 5110 et
892 5055 1041 5123 Par.,
1071 5058 1301 5134 uitiatur.
1339 5057 1557 5134 [lectius
1594 5057 1726 5114 Bad.
1760 5075 1882 5114 cum

285 5128 423 5186 ms's.
449 5133 625 5185 sinitur
655 5143 672 5181 :
700 5128 804 5182 hoc
832 5137 945 5192 est,
994 5138 1044 5182 ut
1101 5128 1264 5184 homo
1294 5131 1409 5184 vult
1452 5132 1670 5186 calicem
1704 5139 1877 5184 trans-

282 5203 409 5268 ire,
442 5202 536 5255 sed
563 5211 616 5254 ut
668 5202 809 5257 Deus
839 5215 902 5270 ex
931 5199 1038 5252 Deo
1073 5211 1310 5270 paterna:
1366 5203 1626 5262 voluntati
1675 5202 1878 5260 uuitur.

289 5275 498 5344 [Duplex
531 5273 694 5344 igitur
735 5272 784 5324 in
839 5269 1352 5344 Christo'voluntas
1401 5291 1411 5325 :
1465 5289 1653 5344 neque
1682 5273 1882 5328 habent

286 5342 474 5399 Ariani
502 5342 644 5400 unde
665 5357 726 5399 se
755 5342 1072 5410 expediant,
1103 5343 1190 5411 qui
1215 5357 1334 5396 cum
1359 5359 1463 5398 non
1491 5343 1756 5413 recipiant
1779 5344 1881 5398 nisi

287 5415 527 5478 unicam,
550 5414 686 5467 hanc
708 5413 894 5467 volunt
917 5413 1082 5476 ipsius
1100 5413 1397 5467 divinitatis
1420 5430 1540 5470 esse
1555 5415 1880 5482 orationem,
1912 5430 1914 5432 '

293 5485 362 5540 Ut
383 5488 525 5554 enim
557 5484 905 5554 lusedisserit
931 5483 1347 5554 Cbrysostouius
1381 5486 1528 5540 hom.
1558 5501 1726 5550 χχχιι,
1748 5485 1808 5538 Τ.
1847 5500 1888 5550 t,

296 5557 350 5614 si
378 5549 632 5622 divinitas
663 5553 866 5610 Christi
901 5555 1001 5607 hoc
1025 5549 1231 5618 oravit;
1253 5553 1428 5608 Patris
1451 5565 1504 5609 et
1525 5549 1726 5609 Citriin
1779 5549 1886 5610 non

1349 5645 1360 5678 :
1397 5626 1639 5697 adempte
1692 5628 1886 5682 frustra

297 5697 431 5771 illud
452 5739 465 5760 ,
498 5696 686 5771 Egohet
711 5693 869 5771 Pater
889 5711 1048 5748 unum
1073 5711 1250 5750 sumus
1270 5693 1564 5771 ,‘ﬂpropter'
1597 5697 1888 5753 voluntatis

301 5765 563 5827 unitatem
586 5769 786 5824 dictum
815 5767 1252 5840 interpretantur.
1279 5765 1466 5826 Simile
1513 5777 1886 5843 argumentum

298 5643 406 5683 una
434 5669 449 5690 ,
481 5629 574 5681 sed
605 5627 878 5682 contraria
918 5623 1020 5677 erit
1049 5625 1296 5678 voluntas

1985 1863 2214 1909 mortem
2248 1857 2419 1911 tristis
2443 1866 2526 1913 est
2549 1878 2560 1912 :
2591 1868 2646 1916 et
2670 1862 2773 1916 scit
2791 1862 2933 1918 hunc
2953 1865 3175 1923 calicem
3207 1873 3442 1929 transire
3465 1890 3573 1932 non

1982 1960 2164 2017 posse,
2197 1945 2274 2018 (h)
2292 1949 2394 2003 nisi
2425 1949 2638 2019 biberit,
2667 1953 2852 2009 dicens
2883 1974 2896 2012 :
2924 1955 3086 2012 Pater
3108 1975 3250 2016 meus
3269 2002 3285 2030 ,
3342 1980 3443 2018 non
3489 1983 3583 2038 po-

1985 2046 2079 2092 test
2103 2039 2242 2092 calia:
2271 2041 2364 2093 iste
2393 2043 2610 2096 transire
2630 2060 2662 2096 a
2692 2061 2770 2098 me
2799 2047 2899 2101 nisi
2925 2046 3093 2102 bibam
3119 2052 3267 2105 illum
3316 2071 3334 2108 :
3375 2055 3468 2125 ﬁat
3494 2072 3582 2110 vo-

1983 2130 2158 2184 luntas
2186 2141 2273 2185 tua
2299 2131 2516 2201 (Matth.
2554 2150 2714 2204 xxvr,
2744 2135 2839 2210 η)
2877 2157 2888 2191 :
2916 2151 3293 2198 consummata
3315 2145 3372 2200 in
3400 2151 3580 2204 sesci-

1983 2220 2110 2276 licet
2140 2223 2392 2290 passione
2419 2232 2622 2280 metum
2678 2229 2861 2284 calicis
2899 2236 3292 2304 transiturum,
3341 2241 3432 2310 qui
3479 2242 3580 2298 nisi

1981 2328 2104 2368 eum
2134 2316 2392 2384 bibisset,
2426 2320 2656 2375 transire
2704 2336 2810 2376 non
2834 2333 3021 2393 posset
3069 2344 3084 2381 :
3142 2329 3304 2385 ﬁnem
3357 2336 3582 2389 terroris

1979 2407 2097 2477 ejus
2125 2406 2190 2481 (ἕ)
2216 2425 2323 2464 non
2349 2412 2450 2465 nisi
2482 2424 2870 2471 consummata:
2910 2417 2965 2474 in
3001 2435 3060 2474 se
3083 2423 3348 2490 passionis
3372 2433 3580 2484 terrore

1980 2503 2304 2570 succedere;
2335 2508 2457 2574 quia
2488 2516 2609 2575 post
2637 2517 2867 2563 mortem
2895 2511 3042 2580 ejus,
3072 2510 3150 2585 (2)
3179 2530 3274 2583 per
3319 2517 3580 2576 virtutum

1976 2595 2224 2664 gloriam,
2253 2596 2560 2664 apostolica:
2590 2597 2917 2654 inﬁrmitatis
2931 2603 3237 2658 scandalum
3261 2608 3578 2678 pelleretur.

2049 2685 2138 2742 40.
2161 2684 2264 2740 Cur
2285 2691 2543 2757 apostolos
2574 2692 2797 2744 dormire
2813 2695 2929 2763 jam
2956 2695 3110 2748 sinat.
3163 2727 3234 2737 —
3284 2699 3354 2752 Et
3383 2717 3578 2770 quam-

1979 2791 2140 2847 quam
2172 2781 2223 2831 in
2249 2795 2313 2833 eo
2337 2779 2478 2849 quod
2505 2782 2578 2833 ait
2601 2798 2614 2832 :
2641 2780 2765 2834 Fiat
2792 2783 3026 2837 voluntas
3055 2798 3144 2839 tua
3170 2827 3184 2852 ,
3215 2789 3268 2844 in
3291 2791 3498 2859 calicis,
3525 2794 3576 2848 id

1979 2878 2084 2936 est,
2119 2873 2382 2940 passionis
2405 2887 2514 2927 sua:
2544 2874 2818 2937 seandalo.
2851 2880 3123 2945 ap0stolos
3147 2883 3461 2950 permittens
3484 2900 3581 2958 pa-

1976 2971 2147 3018 terna:
2176 2965 2466 3020 voluntatis
2487 2965 2652 3038 349
2675 2967 2924 3036 arbitrio;
2943 2976 3123 3025 tamen
3147 2974 3307 3034 etiam
3333 2977 3580 3047 repetitm

1977 3058 2142 3110 tertio
2169 3056 2430 3113 orationis
2454 3074 2613 3128 prece
2644 3075 2772 3114 usus
2795 3072 2876 3117 est
2907 3080 2919 3115 :
2947 3071 3232 3136 postquam
3283 3068 3360 3121 ait
3395 3085 3407 3123 :
3434 3068 3574 3123 Dor-

1978 3144 2098 3204 mite
2117 3153 2263 3222 jam,
2290 3162 2333 3205 et
2362 3153 2660 3223 requiescite
2693 3153 2853 3225 (Ibid.
2887 3155 3002 3229 45).
3059 3157 3180 3214 Non
3235 3161 3380 3216 enim
3419 3172 3574 3232 extra

1981 3244 2206 3298 rationis
2231 3245 2456 3315 alicujus
2479 3247 2705 3302 internae
2731 3251 3117 3310 conscientiam
3137 3293 3151 3317 ,
3178 3252 3267 3326 qui
3295 3262 3452 3310 antea
3481 3270 3577 3313 eos

1981 3338 2314 3396 dormientes
2343 3341 2710 3412 coarguisset,
2744 3360 2885 3400 nunc
2923 3347 3034 3416 jam
3092 3349 3330 3405 dormire
3387 3358 3442 3406 et
3493 3367 3578 3408 re-

1981 3442 2453 3514 quiescerejubet.
2484 3439 2589 3496 Sed
2621 3441 3027 3513 intelligentiam
3061 3446 3214 3503 nobis
3240 3447 3413 3504 Lucas
3475 3449 3575 3506 ad-

1982 3534 2305 3591 hortatiOuis
2328 3538 2480 3592 istius
2509 3539 2762 3594 tribuisse
2815 3541 3154 3596 existimatur
3185 3560 3198 3595 :
3229 3545 3318 3613 qui
3348 3557 3468 3597 cum
3496 3542 3579 3598 di-

1981 3630 2186 3696 xisset,
2213 3641 2455 3685 satanam
2505 3634 2776 3701 espetisse
2805 3641 2862 3688 ut
2882 3636 3157 3703 apostolos
3195 3637 3356 3693 modo
3408 3635 3576 3692 tritici

1981 3728 2264 3786 cerneret,
2295 3729 2350 3777 et
2368 3723 2652 3779 Dominum
2687 3740 2783 3794 pro
2813 3726 2917 3781 ﬁde
2944 3726 3124 3796 Petri,
3167 3744 3236 3784 ne
3279 3729 3569 3797 deﬁceret,

1982 3824 2194 3871 oratum
2217 3815 2418 3883 fuisse;
2450 3818 2678 3888 subjecit
2701 3827 2823 3890 post
2853 3822 3076 3877 multam
3109 3823 3318 3878 Domini
3352 3836 3570 3894 precem

2051 3955 2132 4027 (2)
2168 3954 2273 4011 Per
2299 3957 2504 4012 virtutis
2529 3956 2788 4028 gloriamj

1979 4151 2044 4192 ex
2075 4133 2194 4189 aliis
2214 4133 2416 4189 Christi
2438 4132 2618 4190 verbis
2646 4133 2905 4191 adversus
2933 4136 3155 4194 eosdem
3187 4137 3406 4196 conﬁcit
3431 4138 3571 4196 Fau-

1981 4208 2157 4262 stinus
2183 4219 2302 4274 cap.
2335 4205 2388 4259 2.

2053 4277 2136 4349 (ά)
2170 4277 2454 4338 Antiquior
2482 4276 2653 4332 codex
2676 4276 2834 4334 Coll).
2882 4289 2936 4334 et
2989 4276 3082 4334 alii
3129 4296 3236 4336 non
3289 4281 3577 4346 deterioris

1980 4349 2405 4411 notze,ventilet.
2454 4349 2671 4418 Aliquot
2704 4350 3064 4416 recentiores,
3120 4353 3385 4410 cribraret.
3439 4353 3574 4408 Ver-

1983 4422 2115 4495 bum
2143 4429 2372 4474 cerneret
2394 4435 2607 4474 rursum
2635 4420 2953 4495 babesinlra
2979 4437 3129 4477 num.
3161 4423 3251 4488 40,
3274 4425 3363 4479 uhi
3393 4426 3443 4482 in
3459 4427 3575 4495 qui-

1983 4491 2206 4566 bnsdani
2241 4505 2367 4546 mss.
2398 4506 2426 4544 a
2455 4491 2688 4546 secunda
2711 4509 2869 4550 manu
2902 4508 3186 4566 perperam
3243 4491 3574 4566 adscriptum

1738 4565 1873 4634 quod
1899 4566 1952 4626 D
1978 4575 2060 4616 cst
2089 4561 2352 4634 cribraret.
2437 4611 2446 4619 ,

2049 4634 2120 4704 (e)
2141 4633 2532 4709 ,_Sic_plures__a_c
2563 4633 2798 4702 potiores
2821 4649 2949 4709 mss.
2977 4637 3227 4709 Atediti,
3260 4637 3382 4709 quia
3412 4638 3562 4706 ﬁdes.

1976 4701 2110 4777 Cum
2137 4703 2410 4756 Scultetus
2435 4701 2692 4758 Hilarium
2721 4704 3105 4777 reprehendit,
3160 4701 3304 4777 quod
3349 4701 3564 4762 Petrum

1980 4776 2058 4847 sic
2081 4787 2342 4847 excusare
2366 4785 2614 4839 conetur,
2640 4775 2792 4842 quasi
2816 4775 3084 4830 Christum
3140 4775 3244 4830 non
3313 4778 3520 4847 negarit
3552 4796 3564 4832 :

1982 4846 2097 4898 haec
2120 4844 2412 4918 verbahuec
2439 4858 2545 4897 non
2577 4847 2854 4918 superiora
2889 4861 3034 4900 num.
3069 4847 3159 4913 57,
3194 4844 3569 4918 proculdubio

1980 4932 2088 4971 non
2113 4913 2357 4967 attendit.

2055 4985 2123 5058 (Ῑ)
2154 4985 2462 5058 Exemplar.
2492 4985 2751 5058 Cornuti
2773 4997 3038 5042 nocturna:
3058 4987 3262 5056 vigilite.

2059 5055 2310 5129 (θηλὴ-³5·
2341 5055 2541 5130 ειΡξιρν.
2595 5073 2659 5130 cx
2717 5057 2921 5113 Erasmi
2969 5055 3256 5130 margine,
3313 5059 3565 5118 desitum.

1985 5125 2142 5212 liud...
2176 5131 2420 5212 Εικῶῐηεξ
2457 5125 2576 5208 Vat.
2607 5129 2747 5195 bas.,
2781 5139 2834 5183 et
2866 5125 3570 5212 quidam—alii,‘deslilura.

1987 5199 2350 5273 Vei'ins_a|ii,
2385 5197 2724 5273 destitutum,
2752 5197 3003 5273 passive;
3051 5202 3323 5273 quomodo
3379 5218 3536 5272 supra
3558 5247 3572 5272 ,

1985 5271 2481 5325 scandalizaturnm.
2531 5269 2743 5326 Nostrae
2775 5270 2889 5326 hinc
2940 5269 3099 5328 lectio
3136 5269 3485 5329 conﬁrmatur
3507 5269 3574 5331 ex

1993 5344 2077 5397 bis
2109 5359 2257 5417 nunt.
2287 5340 2354 5395 56
2385 5359 2396 5392 :
2430 5340 2569 5417 Adeo
2599 5354 2766 5417 autem
2791 5359 2888 5397 non
2918 5355 3126 5412 pmpter
3146 5355 3580 5417 ntortemsuscep-

1994 5423 2045 5467 ta
2074 5414 2277 5468 tristitia
2305 5423 2467 5478 est,ut
2497 5413 2561 5466 sit
2601 5413 2838 5468 destituta
2862 5431 2951 5481 per
2975 5426 3209 5472 mortem.

2065 5483 2232 5557 (li)_ln
2253 5484 2520 5557 (vulgatis,
2544 5484 2640 5537 nisi
2667 5484 2852 5557 biberet
2885 5501 2903 5539 :
2930 5496 2982 5557 et
3009 5502 3129 5539 mox
3148 5526 3162 5550 ,
3193 5487 3239 5539 si
3267 5502 3368 5541 non
3394 5495 3577 5557 potest.

1997 5554 2330 5628 Com-iunius
2362 5558 2412 5628 in
2438 5569 2569 5628 mss.
2601 5557 2701 5609 nisi
2727 5556 2936 5628 biberit,
2967 5556 3016 5628 id
3039 5565 3141 5628 est,
3164 5557 3265 5612 nisi
3294 5554 3579 5628 postquam

2000 5626 2192 5680 biberit
2222 5643 2232 5677 :
2267 5640 2331 5678 ac
2362 5624 2581 5691 deinde,
2602 5629 2803 5682 omisso
2833 5627 2896 5691 si,
2926 5627 3001 5682 rei
3036 5627 3196 5697 hujus
3224 5624 3448 5684 scientia
3475 5633 3583 5685 cla-

1989 5699 2105 5750 rius
2133 5697 2460 5750 enuntiatur.

2081 5765 2145 5841 (i)
2168 5765 2224 5823 lu
2256 5767 2466 5823 excusis
2490 5807 2505 5835 ,
2529 5783 2632 5822 non
2666 5767 2767 5822 nisi
2797 5767 2961 5838 ﬁnito.
2995 5768 3166 5827 Abest
3187 5769 3334 5842 ﬁnito
3380 5787 3410 5828 ι
3459 5786 3592 5832 mss.
