4094 6180
358 262 464 320 375
1554 262 1796 320 SANC'I'I
1835 261 2089 320 BILARII
2131 262 2436 323 EPISCOPI
3549 278 3656 334 576

358 382 609 456 angelum
678 380 755 455 (a)
818 381 1091 439 adstitisse
1158 379 1552 435 confortantem
1630 395 1789 447 eum;
1858 393 1964 451 quo
1992 383 2309 454 Apolestas
2334 387 2409 459 (e)
2463 401 2568 442 non
2622 387 2918 445 secundum
2972 397 3181 445 naturae
3206 391 3655 450 consuetudinem

356 477 655 533 assistente
687 489 846 530 orare
869 473 1130 543 prolixius
1158 472 1385 541 coeperit
1404 513 1420 539 ,
1446 473 1515 527 ita
1544 480 1605 527 ut
1630 473 1797 543 guttis
1835 488 1960 529 san-

358 571 582 643 guinnm
614 569 859 635 corporis
887 566 1053 622 sudor
1075 565 1325 621 efflueret
1345 565 1500 639 (Luc.
1520 581 1667 633 xxu,
1695 565 1765 621 45
1795 576 1843 620 et
1869 567 1960 637 44)

360 663 524 719 Misso
554 661 697 716 enim
730 660 795 713 ad
828 659 1107 714 tuitionem
1136 659 1506 728 apostolorum
1546 659 1756 730 angelo,
1787 666 1842 715 et
1869 675 1964 729 per

364 769 489 811 eum
520 752 823 807 confortato
855 751 1115 817 Domino,
1146 766 1214 805 ne
1238 765 1337 820 pro
1364 750 1445 804 bis
1466 751 1639 807 tristis
1666 761 1841 819 esset,
1882 752 1961 825 (1)

363 846 474 916 jam
504 845 621 899 sine
646 841 721 915 (b)
756 843 997 897 tristitia:
1016 851 1160 898 metu
1188 842 1296 897 ait:
1329 842 1563 897 Dormite
1582 846 1728 916 jam,
1786 852 1831 896 et
1878 859 1964 897 re-

367 941 631 1014 quiescite.
656 941 737 995 De
764 939 956 1009 angelo
984 938 1202 1009 quidem
1238 937 1522 993 Matthzrus
1552 946 1607 993 et
1652 938 1861 994 Marcus
1911 946 1967 993 et

366 1039 435 1095 de
456 1040 790 1107 expetitione
815 1037 1014 1092 diaboli
1063 1036 1196 1090 nihil
1244 1036 1410 1091 locuti
1464 1043 1590 1089 sunt
1637 1052 1650 1088 :
1698 1034 1793 1089 sed
1847 1041 1968 1105 post

367 1132 648 1187 tristitiam
675 1131 867 1185 animm
885 1171 899 1196 ,
931 1138 1057 1200 post
1080 1128 1464 1183 dormientium
1495 1127 1925 1197 obiurgationem
1950 1168 1965 1193 ,

366 1234 492 1294 post
517 1222 1084 1278 trausferendicalicis
1110 1221 1577 1291 deprecationem,
1631 1235 1737 1274 non
1771 1235 1837 1274 ex
1888 1219 1969 1272 ui-

367 1316 484 1371 hilo
499 1315 884 1371 dormieutium
909 1314 1220 1369 adhortatio
1247 1314 1532 1368 subsecuta
1555 1320 1641 1367 est
1660 1355 1672 1373 ,
1698 1312 1797 1366 nisi
1826 1310 1968 1381 quod

369 1425 493 1466 cum
520 1412 769 1464 afuturus
793 1409 860 1463 ab
888 1408 971 1462 his
1012 1416 1190 1474 esset,
1221 1415 1276 1461 et
1304 1405 1495 1461 indulti
1524 1404 1718 1475 Augeli
1753 1404 1968 1459 confor-

371 1511 519 1557 tatus
548 1501 785 1567 auxilio,
813 1500 1109 1555 securitate
1158 1498 1229 1573 (c)
1279 1497 1541 1553 custodia:
1587 1495 1971 1553 custodiendos

371 1594 725 1667 permittebat
750 1592 803 1646 in
836 1605 1108 1647 somnum.

443 1688 533 1745 41.
576 1690 657 1743 De
698 1689 886 1743 sudore
922 1688 1193 1758 sanguinis
1235 1695 1281 1741 et
1326 1687 1546 1742 adventu
1588 1685 1760 1758 angeli
1796 1685 1870 1739 nil
1916 1685 1970 1738 in

2060 479 2267 549 gessit:
2324 494 2501 551 neque
2529 481 2596 536 ad
2623 482 2874 538 haeresim
2906 480 2977 556 (f)
3018 470 3350 540 inﬁrmitatis
3390 488 3663 557 pertinere

2063 569 2174 623 uno
2226 570 2386 626 modo
2428 573 2667 641 poterit,
2743 574 2884 645 quod
2932 573 3218 631 adversum
3266 574 3520 632 haeresim
3578 577 3657 651 (g)

2063 661 2385 734 phantasma
2414 665 2761 721 mentientem
2795 665 3075 737 proficiat,
3135 683 3232 738 per
3257 666 3510 723 sudorem
3540 683 3666 725 san-

2064 754 2268 824 guinis,
2313 757 2380 809 ad
2404 758 2651 826 corporis
2686 757 2993 813 veritatem.
3017 758 3332 825 lgitur'cum
3358 770 3411 814 et
3445 760 3661 815 tristitia

2067 846 2137 902 de
2165 846 2324 901 nobis
2348 858 2453 913 est,
2519 858 2574 903 et
2604 850 2777 905 oratio
2807 866 2905 920 pro
2928 850 3090 906 nobis
3111 860 3227 918 est,
3275 867 3386 906 non
3436 862 3665 923 possunt

2066 954 2173 994 non
2202 939 2383 994 omnia
2418 950 2640 1010 propter
2665 956 2764 996 nos
2790 950 2940 1012 gesta
2963 956 3084 998 esse
3108 942 3358 1013 intelligi,
3406 958 3528 999 cum
3553 958 3671 999 om-

2067 1030 2153 1084 nia
2187 1045 2284 1099 pro
2314 1030 2493 1094 nobis,
2525 1032 2721 1102 quibus
2752 1033 3063 1099 timebatur,
3102 1044 3252 1089 orata
3283 1034 3412 1091 sint.

2137 1121 2228 1176 42.
2284 1119 2329 1177 Τ
2332 1123 2590 1188 ristitiam,
2624 1124 2799 1180 calicis
2843 1127 3275 1198 deprecationem,
3305 1137 3416 1184 etc.
3440 1128 3673 1201 Aposto-

2069 1215 2147 1269 los
2172 1225 2422 1285 spectare.
2459 1245 2530 1256 —
2558 1216 2822 1272 Prwstant
2847 1232 3028 1273 autem
3069 1219 3171 1275 sibi
3218 1228 3458 1276 mutuam
3489 1221 3671 1277 Evan-

2067 1309 2204 1378 gelia
2232 1309 2653 1378 plenitudinem:
2710 1310 2835 1365 dum
2863 1311 2971 1366 alia
3011 1328 3077 1367 ex
3110 1311 3253 1375 aliis,
3301 1313 3425 1384 quia
3475 1315 3659 1369 omnia

2072 1401 2231 1455 unius
2259 1400 2496 1471 Spiritus
2547 1401 2862 1471 praedicatio
2907 1403 3009 1469 sit,
3064 1402 3462 1474 intelliguntur.
3520 1404 3675 1461 Hanc

2071 1492 2215 1546 enim
2248 1494 2466 1548 tacitam
2496 1493 2565 1549 ab
2587 1493 2840 1548 omnibus
2871 1509 2973 1564 pro
2995 1493 3277 1564 Apostolis
3301 1494 3518 1550 Domini
3553 1510 3676 1550 ora-

2075 1586 2278 1641 tionem
2319 1584 2561 1642 Joannes
2598 1587 2834 1641 maxime
2867 1585 3193 1655 spiritalium
3215 1601 3502 1643 causarum
3532 1603 3649 1660 pra:

2075 1680 2283 1737 dicator
2334 1680 2595 1746 ostendit,
2648 1679 2934 1734 Dominum
2967 1678 3038 1734 ita
3072 1687 3348 1749 precatum
3374 1693 3499 1734 esse
3523 1720 3539 1745 ,
3593 1678 3680 1734 di-

372 1782 606 1853 pluribus
655 1780 820 1835 libris.
913 1778 1207 1846 Inﬁrtnitas
1266 1776 1459 1833 Christi
1523 1793 1789 1848 perperam
1857 1776 1978 1831 inde
2006 1761 2053 1820 B
2081 1788 2212 1828 cens
2238 1791 2251 1826 :
2282 1771 2441 1827 Pater
2470 1781 2663 1838 sancte,
2702 1787 2947 1826 conserva
2976 1788 3061 1826 eos
3092 1774 3145 1826 in
3170 1773 3502 1827 nominetuo.
3535 1769 3669 1826 Cum

374 1874 657 1943 colligitur.
706 1903 778 1912 —
828 1870 938 1927 Nec
968 1885 1101 1925 sane
1131 1870 1485 1940 ignorantium
1516 1883 1545 1922 a
1576 1868 1732 1924 nobis
1770 1876 1873 1933 est,
1922 1876 1979 1922 et

374 1967 429 2021 in
457 1965 649 2035 graecis
692 1973 749 2019 et
789 1965 845 2019 in
883 1964 1069 2018 latinis
1103 1962 1382 2017 codicibus
1425 1961 1837 2031 complurimis,
1894 1961 1979 2017 vel

374 2060 446 2116 de
472 2059 794 2115 adveniente
819 2059 1016 2129 angelo
1046 2100 1059 2124 ,
1126 2058 1211 2113 vel
1245 2056 1314 2112 de
1358 2056 1559 2111 sudore
1591 2057 1868 2126 sanguinis
1903 2054 1980 2110 nil

376 2152 641 2222 scriptum
673 2151 921 2220 reperiri.
971 2147 1383 2220 Ambigentibus
1413 2149 1595 2221 igitur,
1651 2159 1829 2204 utrum
1879 2148 1982 2203 hoc

377 2245 435 2299 in
484 2243 641 2299 libris
685 2244 853 2297 variis
886 2252 972 2296 aut
1025 2241 1185 2307 desit,
1242 2250 1336 2296 aut
1369 2240 1713 2310 superfluum
1760 2242 1831 2297 sit
1876 2242 1983 2312 (iu-

380 2344 591 2391 certum
618 2335 763 2391 enim
796 2335 899 2390 hoc
928 2334 1084 2390 nobis
1117 2334 1441 2404 relinquitur
1465 2334 1534 2389 de
1581 2333 1893 2390 diversitate
1920 2335 1984 2389 li-

380 2428 649 2497 brorum),
702 2436 851 2484 certe
876 2427 1073 2498 siquid
1123 2428 1228 2484 sibi
1270 2444 1336 2484 ex
1367 2432 1470 2484 boc
1496 2427 1722 2485 hzeresis
1762 2429 1972 2486 blandi-

382 2529 492 2587 tur,
524 2531 581 2575 ut
606 2520 884 2575 infirmum
909 2519 1179 2585 affirmet,
1228 2520 1319 2575 cui
1347 2535 1482 2591 opus
1505 2520 1664 2576 fuerit
1693 2521 1876 2592 angeli
1905 2521 1983 2594 (2)

382 2610 745 2670 confortantis
774 2611 1010 2678 auxilio;
1068 2612 1376 2667 meminerit
1405 2610 1723 2669 Creatorem
1763 2614 1985 2684 angelo-

383 2721 505 2761 rum
534 2704 827 2759 creationis
851 2719 964 2759 sua:
994 2721 1101 2759 nou
1131 2705 1344 2775 eguisse
1369 2706 1660 2775 praesidio;
1690 2716 1801 2761 tum
1832 2706 1987 2761 deiu-

385 2797 456 2853 de
483 2797 796 2853 necessario
823 2812 891 2853 eo
917 2798 1080 2852 modo
1102 2814 1223 2852 eum
1252 2797 1641 2865 confortatum,
1693 2813 1800 2869 quo
1828 2798 1988 2854 modo

384 2899 441 2946 et
465 2890 673 2944 tristem
695 2903 836 2943 esse.
870 2886 954 2959 (ά)
1031 2888 1164 2943 Nam
1190 2890 1234 2943 si
1264 2889 1422 2944 nobis
1453 2890 1623 2945 tristis
1655 2899 1758 2955 est,
1804 2890 1855 2945 id
1881 2898 1986 2957 est,

388 2991 612 3054 propter
640 2982 803 3054 350
831 2998 930 3037 nos
958 2983 1126 3038 tristis
1164 2991 1271 3049 est,
1316 2998 1545 3040 necesse
1573 2995 1657 3040 est
1686 2994 1743 3039 ιιι
1771 2994 1989 3057 propter

389 3088 491 3129 nos
523 3076 593 3129 sit
621 3075 961 3131 confortatus
989 3087 1043 3130 et
1072 3077 1263 3131 nobis:
1320 3077 1445 3147 quia
1475 3077 1567 3148 qui
1587 3076 1653 3131 de
1688 3077 1846 3132 uobis
1893 3078 1988 3133 tri-

2081 1881 2241 1919 essem
2286 1881 2402 1918 cum
2427 1865 2499 1918 eis
2521 1906 2535 1930 ,
2582 1879 2677 1934 ego
2713 1862 3057 1917 custodiebam
3095 1880 3180 1916 eos
3211 1863 3263 1916 in
3298 1864 3503 1917 nomine
3551 1872 3678 1918 tuo:

2082 1973 2207 2028 quos
2235 1957 2423 2011 dedisti
2451 1956 2599 2021 mitti,
2657 1965 2703 2011 et
2732 1957 2986 2010 custodiri
3009 1954 3066 2027 (1
3072 1972 3193 2009 οαη.
3224 1971 3357 2023 xvtt,
3388 1956 3450 2010 ll
3480 1965 3535 2012 et
3562 1954 3678 2027 12).

2085 2049 2201 2105 Νοιι
2243 2048 2345 2104 sibi
2374 2048 2558 2119 itaque
2589 2030 2692 2103 fuit
2719 2048 2893 2102 oratio
2925 2046 3038 2114 illa,
3087 2045 3184 2102 sed
3213 2046 3479 2116 apostolis
3508 2064 3521 2100 :
3580 2060 3682 2100 nec

2090 2142 2190 2198 sibi
2216 2142 2388 2196 tristis
2416 2152 2536 2207 est,
2594 2142 2686 2211 qui
2736 2155 2895 2196 orare
2921 2154 3018 2195 eos
3066 2155 3136 2195 ne
3159 2147 3435 2195 tententur
3462 2148 3681 2194 monet:

2085 2249 2185 2291 nec
2211 2232 2314 2289 sibi
2345 2234 2574 2303 angelus
2606 2230 2871 2299 ttiittitur,
2923 2232 3015 2303 qui
3056 2232 3102 2287 si
3129 2231 3311 2298 vellet,
3336 2231 3416 2303 (h)
3468 2230 3677 2287 duode-

2084 2325 2190 2382 cim
2240 2326 2410 2381 millia
2464 2324 2739 2396 legionum
2789 2324 2859 2381 de
2910 2324 3065 2380 emlis
3104 2323 3433 2381 deduceret:
3470 2323 3534 2397 (i)
3584 2323 3685 2379 nec

2086 2428 2307 2489 propter
2336 2424 2563 2473 mortem
2591 2417 2767 2483 timet,
2820 2416 2909 2487 qui
2932 2431 3103 2488 usque
3125 2416 3191 2472 ad
3223 2423 3455 2471 mortem
3485 2415 3687 2471 anxius

2086 2519 2206 2566 est:
2257 2523 2356 2566 nec
2384 2517 2441 2564 ut
2467 2523 2527 2565 se
2555 2517 2793 2564 transeat
2821 2509 2985 2574 calix,
3019 2517 3207 2579 rogat;
3243 2507 3335 2563 sed
3367 2522 3397 2562 a
3428 2521 3488 2563 se
3510 2516 3687 2563 trans-

2088 2605 2168 2661 ire
2205 2604 2427 2660 calicem
2458 2614 2638 2675 rogat,
2669 2603 2758 2671 qui
2786 2611 2966 2658 tamen
3016 2600 3245 2658 transire
3263 2602 3280 2673 (
3285 2600 3336 2674 j)
3359 2616 3464 2656 non
3489 2599 3683 2671 possit,

2088 2697 2191 2752 nisi
2220 2711 2345 2753 eum
2375 2695 2589 2753 biberit.
2665 2694 2924 2749 Transire
2961 2703 3141 2749 autem
3178 2690 3258 2765 (ὅ)
3307 2709 3413 2748 non
3441 2696 3560 2749 loco
3584 2691 3685 2748 de-

2089 2791 2285 2847 cedere
2313 2800 2419 2857 est,
2477 2790 2572 2846 sed
2600 2790 2823 2844 omnino
2847 2804 2954 2843 non
2988 2798 3240 2843 exstare:
3286 2786 3428 2859 quod
3462 2787 3687 2854 quidem

2090 2884 2265 2953 ipsum
2297 2891 2350 2937 et
2376 2882 2722 2953 evangelicus
2750 2890 2806 2936 et
2829 2881 3163 2954 apostolicus
3184 2895 3365 2937 sermo
3395 2879 3687 2950 significat,

2090 2991 2214 3033 cum
2241 2977 2455 3042 dicitur,
2484 2974 2680 3031 Caelum
2705 2986 2752 3030 et
2781 2986 2921 3031 terra
2950 2976 3239 3031 transibunt
3263 3017 3278 3043 ,
3325 2976 3473 3030 verba
3513 2984 3689 3030 autem

2091 3089 2204 3127 mea
2224 3089 2327 3127 non
2371 3069 2704 3140 prwteribunt
2729 3068 2925 3142 (Marc.
2960 3084 3080 3136 xm,
3109 3067 3225 3141 51).
3305 3067 3412 3125 Sed
3450 3075 3506 3123 et
3535 3070 3686 3136 Apo-

386 3168 490 3223 stis
516 3177 599 3223 est
628 3175 684 3224 et
708 3168 777 3223 de
806 3169 961 3223 nobis
1004 3140 1353 3224 confortatus
1372 3180 1455 3225 est
1480 3140 1508 3235 ξ
1540 3185 1603 3224 ea
1653 3169 1989 3227 confortatus
2016 3140 2064 3205 δ
2095 3167 2267 3223 stolus
2294 3183 2309 3221 :
2345 3163 2481 3219 Ecce
2509 3174 2676 3220 vetera
2702 3140 3035 3229 transierunt,
3068 3172 3119 3217 et
3141 3140 3282 3233 facta
3303 3171 3420 3216 sunt
3450 3160 3526 3235 (lt)
3558 3176 3693 3215 nova

389 3264 476 3313 est
501 3257 817 3313 conditione
855 3275 959 3330 qua
987 3259 1160 3313 tristis
1181 3268 1285 3314 est.
1341 3259 1605 3316 Sudorem
1651 3276 1783 3316 vero
1829 3279 1989 3319 nemo

393 3347 694 3403 infirmitati
723 3349 1257 3420 audebitdeputare:
1305 3352 1429 3422 quia
1478 3362 1533 3406 et
1587 3364 1777 3408 contra
1827 3368 1991 3411 natu-

391 3454 510 3496 ram
538 3450 625 3497 est
650 3440 848 3498 sudare
875 3444 1216 3514 sanguinem.
1268 3444 1380 3499 Nec
1401 3444 1689 3502 infirmitas
1713 3457 1815 3518 est,
1846 3450 1990 3520 quod

472 3581 555 3652 (1)
590 3583 713 3637 Jam
738 3583 848 3638 sine
874 3584 1094 3638 tristitia:
1120 3593 1253 3638 metu
1272 3594 1460 3648 essent,
1487 3585 1582 3638 ait.

469 3653 553 3727 (2)
591 3654 771 3711 Codex
831 3655 1026 3710 Veron.
1059 3656 1419 3725 confortiantis
1480 3671 1579 3725 pro
1634 3657 1989 3728 confortantis,

475 3771 554 3844 (a)
585 3771 772 3844 Plures
799 3785 931 3824 mss.
958 3771 1230 3844 exstitisse.

472 3841 550 3909 ('b)
590 3842 665 3896 Ita
697 3843 1103 3908 prtestautiores
1143 3855 1274 3895 mss.
1299 3841 1472 3896 Vatic.
1513 3841 1654 3904 bas.,
1688 3843 1842 3898 Colb.
1887 3853 1993 3898 etc.

402 3913 557 3969 Alter
583 3910 740 3985 (1011)ἐ
788 3928 909 3985 cum
941 3912 1197 3985 Sorbou.,
1244 3912 1519 3985 jamisine
1565 3914 1773 3968 tristitia
1821 3925 1870 3968 et
1891 3916 2000 3968 sine

403 3995 542 4038 metu
568 3984 660 4037 ait.
701 3981 863 4038 Corb.
890 3998 1011 4037 cum
1042 3983 1163 4037 aliis
1193 3981 1486 4048 nonnullis,
1515 3986 1628 4052 jam
1652 3986 1760 4038 sine
1779 3987 2000 4039 tristitia:

407 4066 543 4109 metu
583 4064 767 4119 essent,
813 4054 903 4107 ait.
940 4054 1079 4108 Editi
1113 4070 1260 4118 vero,
1310 4058 1425 4119 jam
1477 4056 1588 4109 sine
1614 4056 1836 4109 tristitia:
1862 4066 1999 4109 metu

405 4126 627 4198 existens
653 4126 747 4179 ait.
814 4126 967 4189 Quod
994 4124 1191 4198 deinde
1248 4124 1553 4198 subjicitur,
1604 4126 1836 4181 Dortnite
1856 4130 1995 4198 jam,

408 4197 574 4249 modo
605 4211 709 4248 non
741 4205 920 4249 exstat
961 4197 1099 4302 apud
1139 4196 1338 4250 Lucam
1363 4237 1378 4260 ,
1404 4196 1511 4249 imo
1562 4212 1781 4266 prorsus
1829 4196 1997 4263 aliud,

408 4277 533 4302 nullo
588 4266 713 4302 ηιιὸΛ
739 4266 971 4302 Αηνηιὸοὸε
1050 4267 1240 4302 ειη-ηενρ
1292 4277 1432 4302 ηνηιο
1451 4275 1533 4302 nln

407 4277 559 4336 puta,
587 4266 713 4336 quid
739 4266 971 4336 dormitis
994 4266 1018 4319 ?
1047 4267 1263 4336 surgite,
1292 4277 1432 4320 orate
1451 4275 1553 4321 etc.

483 4335 556 4459 (t2
600 4335 716 4388 Vat.
741 4335 858 4389 bas.
891 4353 991 4389 ms.
1022 4335 1268 4390 custOdis.

485 4409 503 4459 f
548 4406 565 4459 l
594 4406 813 4459 Excusi.
846 4423 963 4459 nam
988 4408 1073 4459 aui
1100 4408 1268 4459 nobis.

485 4406 565 4476 (ά)
586 4406 813 4479 Excusi,
846 4408 1073 4479 numqui
1100 4408 1244 4460 nobis
1264 4423 1282 4460 :
1323 4416 1377 4461 et
1407 4421 1533 4479 mox
1556 4449 1569 4469 ,
1618 4409 1741 4479 quia
1767 4424 1885 4479 ergo
1910 4409 1999 4479 qui

412 4477 477 4531 de
505 4477 674 4541 nobis,
706 4486 814 4531 etc.
846 4478 1178 4545 castigantur
1215 4478 1532 4532 auctoritate
1570 4477 1699 4534 mss.
1751 4477 1863 4533 Duo
1915 4477 1999 4533 hic

2098 3258 2167 3332 (ll
2187 3258 2307 3315 Car.
2343 3273 2400 3325 v,
2435 3258 2549 3328 l7).
2579 3257 2686 3313 Sed
2715 3267 2768 3312 et
2795 3271 2919 3312 cum
2941 3257 3038 3323 ait,
3069 3257 3231 3330 351
3258 3254 3325 3309 Et
3345 3255 3513 3325 ﬁgura
3531 3253 3693 3327 hujus

2099 3354 2278 3409 mundi
2328 3352 2565 3407 transibit
2595 3349 2638 3422 (Ι
2664 3348 2785 3405 Cor.
2818 3365 2912 3415 vn,
2947 3349 3060 3421 51).
3104 3349 3257 3405 Calix
3286 3364 3417 3420 ergo
3437 3389 3453 3415 ,
3485 3346 3554 3404 de
3581 3361 3694 3419 quo

2100 3451 2317 3506 Patrem
2342 3454 2462 3502 orat
2492 3454 2550 3501 ut
2577 3453 2836 3509 transeat,
2883 3458 2990 3499 non
3021 3452 3201 3514 potest
3229 3444 3460 3500 transire
3480 3440 3585 3499 nisi
3613 3440 3698 3496 bi-

2094 3586 2235 3644 sicut
2260 3592 2451 3656 postea
2473 3582 2777 3656 confortiari
2805 3594 2909 3636 non
2933 3583 3303 3654 confortatum.

2170 3657 2251 3732 (ὅ)
2269 3655 2277 3656 “
2296 3655 2420 3711 Non
2450 3655 2512 3709 de
2538 3655 2670 3709 loco.

2105 3772 2365 3835 claratur,
2396 3769 2489 3823 lib.
2523 3784 2561 3833 ι,
2595 3783 2647 3819 n.
2680 3766 2773 3831 52,
2815 3780 3021 3821 necnon
3054 3765 3148 3822 lib.
3181 3782 3238 3834 tt,
3266 3781 3321 3821 n.
3352 3765 3407 3821 6.

2179 3842 2256 3916 (g)
2283 3840 2554 3916 valentiui
2583 3837 2808 3900 scilicet,
2834 3836 3109 3916 ligauigluni
3132 3853 3194 3916 a_c
3225 3837 3504 3916 similium.
3535 3838 3692 3893 Eam-

2106 3907 2420 3980 det'u'hujus
2442 3910 2519 3965 rei
2540 3923 2757 3980 causam
2799 3907 2956 3962 affert
2982 3908 3023 3962 Τ
3029 3908 3354 3980 heodoretus
3389 3911 3693 3966 Demonstr.

2107 3983 2249 4055 quod
2278 3978 2499 4037 unio-sit
2523 3979 2800 4055 inconfusa
2826 3981 2959 4055 n._8,
2986 3980 3074 4055 ubi
3105 3980 3207 4034 hoc
3228 3978 3428 4055 factum
3457 3995 3576 4035 esse
3592 3981 3697 4036 do-

2108 4051 2217 4122 cet,
2264 4065 2320 4109 ut
2350 4062 2667 4123 posterorum
2706 4052 2745 4104 ii
2768 4092 2783 4114 ,
2816 4052 2904 4120 qui
2933 4051 3116 4105 anima:
3139 4052 3465 4122 corporisque
3487 4068 3697 4106 assum-

2107 4131 2329 4200 ptionem
2352 4122 2617 4200 crederent
2636 4164 2649 4185 ,
2700 4122 3212 4200 demonstrationibus
3241 4124 3694 4200 conﬁrmarentur;

2107 4194 2195 4265 qui
2222 4212 2339 4250 vero
2367 4194 2796 4265 contrradicerent,
2818 4194 3147 4265 evidentibus
3177 4194 3478 4249 testimoniis
3504 4197 3695 4265 confu-

2108 4263 2356 4329 tarentur,
2404 4264 2594 4335 quibus
2646 4264 2957 4330 przrmitlit:
3022 4263 3133 4318 Etsi
3178 4267 3313 4319 enim
3354 4263 3618 4319 divinitas
3652 4277 3698 4320 et

2108 4340 2317 4409 spiritus
2337 4334 2549 4409 aderant
2574 4334 2707 4388 velut
2731 4335 2944 4399 unctio;
2990 4345 3157 4409 tamen
3212 4353 3301 4390 nec
3341 4338 3484 4390 unita
3505 4337 3697 4391 divini-

2106 4407 2183 4463 tas
2206 4425 2295 4462 nec
2320 4407 2531 4477 spiritus
2559 4421 2745 4476 corpus
2776 4413 2895 4459 tunc
2944 4417 3032 4461 aut
3063 4407 3291 4460 animum
3317 4418 3695 4473 sustentarunt,

2106 4480 2196 4533 sed
2217 4482 2313 4534 hoc
2338 4477 2673 4532 ministerium
2696 4478 2876 4543 angelo
2904 4477 3346 4542 commendarunt,
3365 4486 3420 4533 ut
3440 4489 3485 4532 et
3506 4481 3701 4535 animi:

415 4549 592 4604 obiter
622 4545 855 4620 notanda
877 4566 888 4600 :
912 4548 1167 4620 primum
1194 4563 1301 4602 non
1323 4547 1601 4620 hominem
1630 4592 1645 4612 ,
1684 4550 1777 4604 sed
1808 4560 1998 4603 creato.
2028 4550 2075 4609 D
2100 4562 2147 4604 et
2175 4550 2405 4620 corporis
2430 4547 2779 4619 inﬁrmitatem
2797 4548 3137 4620 ostenderent,
3166 4549 3699 4620 etperinfirtnilatem

410 4635 516 4673 rem
549 4619 850 4688 angelorum
874 4616 1277 4672 abinfirmitate
1305 4616 1559 4686 defendi;
1592 4621 1840 4681 alterum.
1874 4622 1994 4674 unl-

412 4690 520 4744 lam
550 4689 616 4743 de
637 4689 863 4743 veritate
894 4688 1126 4744 tristitia:
1149 4688 1348 4744 Christi
1392 4690 1687 4745 secundum
1723 4691 1996 4746 botuiuem

410 4760 834 4814 controversiam
862 4760 1106 4823 moveri,
1155 4761 1278 4830 quia
1326 4758 1394 4814 de
1439 4761 1529 4816 illa
1559 4762 1736 4816 nullus
1760 4763 2001 4829 ambige-

409 4830 533 4897 bat;
566 4830 662 4885 sed
704 4830 802 4883 hac
828 4830 989 4885 veluti
1018 4832 1139 4884 data
1167 4872 1182 4893 ,
1210 4832 1388 4885 statim
1418 4831 1484 4885 de
1514 4848 1675 4887 causa
1709 4841 1763 4887 et
1808 4833 1994 4887 condi-

412 4903 562 4956 tione
592 4901 736 4955 illius
763 4900 1065 4970 disputari:
1123 4911 1178 4955 ιιι
1213 4916 1274 4956 ea
1322 4902 1570 4956 nimirum
1620 4902 1786 4958 fuisse
1814 4913 2000 4958 osten-

412 4971 591 5035 datur,
620 4989 741 5037 quze
770 4989 872 5026 non
902 4973 1187 5027 detleceret
1218 4973 1488 5027 hominem
1522 4974 1633 5029 Deo
1660 4975 1888 5028 unitmn.

490 5039 562 5115 (e)
608 5042 927 5111 Hippolytus
957 5042 1527 5115 apudr'l‘beodoretum
1560 5045 1626 5097 ad
1655 5046 1861 5099 calcem
1888 5045 2009 5099 Dia-

414 5112 525 5183 logi
544 5112 626 5179 tu,
656 5112 1025 5183 argumentum
1071 5114 1246 5167 simile
1291 5113 1509 5169 conficit
1535 5131 1599 5169 ex
1631 5130 1768 5182 aqua
1800 5125 1854 5171 et
1884 5131 2009 5170 san-

413 5183 576 5308 guine
606 5198 726 5254 quae
754 5194 873 5253 post
902 5194 1131 5240 mortem
1158 5184 1354 5238 Christi
1405 5201 1468 5238 ex
1510 5188 1674 5241 latere
1700 5186 1846 5240 illius
1877 5202 2005 5252 pro-

459 5263 723 5308 uxerunt:
770 5254 993 5308 Cornus.
1047 5257 1274 5308 quamvis
1303 5256 1523 5308 humano
1552 5272 1694 5308 more
1721 5267 2002 5308 mortuum-

459 5263 723 5309 uxerunt:
770 5254 993 5322 Corpus,
1047 5257 1274 5323 quamvis
1303 5256 1523 5310 humano
1552 5272 1694 5311 more
1721 5267 2002 5325 mortuum,

414 5342 657 5396 magnam
681 5325 734 5379 in
760 5342 815 5380 se
839 5327 954 5381 vita:
977 5327 1078 5378 vim
1103 5326 1269 5379 habet.
1336 5328 1461 5391 Quae
1499 5328 1633 5381 enim
1689 5344 1752 5383 ea:
1779 5330 1995 5383 mortuis

416 5395 713 5469 corporibus
741 5412 841 5450 non
874 5398 1154 5466 proﬂuunt,
1185 5413 1247 5450 ea:
1274 5396 1365 5451 illo
1392 5407 1686 5469 manarunt,
1718 5399 1927 5469 sanguis
1947 5409 1998 5453 et

418 5483 593 5542 aqua;
645 5475 703 5522 ut
731 5470 1248 5542 sciremusquantum
1278 5472 1347 5523 ad
1373 5468 1529 5522 vitant
1560 5470 1723 5525 valeat
1751 5468 1998 5542 potestas,

416 5539 611 5609 quatit;
638 5555 850 5609 corpore
875 5538 1136 5593 habitavit.

493 5607 561 5683 (ζ)
592 5607 840 5683 Heresis
875 5609 1202 5683 infirmitatis
1242 5611 1546 5680 appellatur
1590 5610 1820 5667 Ariana:
1875 5612 2000 5683 quia

418 5676 618 5733 Christi
642 5680 936 5735 seetmtlum
971 5680 1257 5736 humanam
1281 5676 1532 5737 naturam
1578 5676 1913 5738 infirmitates
1936 5682 2004 5738 ad

419 5748 657 5805 divinam
688 5749 979 5819 referebat,
1005 5752 1136 5811 utin
1168 5763 1488 5823 argumento
1512 5752 1736 5826 hujusce
1763 5755 1882 5813 libri
1912 5755 2007 5812 de-

2103 4618 2493 4675 ostenderentur
2547 4630 2746 4672 natura:
2807 4618 3155 4687 inﬁrmorum.
3201 4619 3265 4675 Si
3291 4618 3458 4683 enim,
3523 4621 3699 4687 inquit

2104 4693 2525 4763 Cbrysostotuus
2575 4689 2734 4744 'l‘om.
2770 4704 2809 4754 t,
2844 4689 3006 4763 Hom.
3038 4706 3215 4745 xxxu:
3270 4700 3381 4761 post
3409 4707 3562 4761 quam
3587 4693 3702 4761 ipse

2104 4773 2175 4816 tot
2198 4761 2434 4835 tantaque
2455 4761 2659 4825 dixerit,
2685 4776 2886 4835 carnem
2917 4762 3195 4835 illumgtton
3225 4765 3563 4835 assumpsisse
3584 4764 3700 4818 ausi

2105 4843 2222 4887 sunt
2251 4832 2458 4903 quidam
2488 4847 2752 4904 asserere;
2798 4833 2843 4885 si
2885 4832 3016 4886 nihil
3065 4832 3250 4887 horum
3280 4832 3471 4887 dictum
3497 4834 3698 4904 fuisset,

2104 4906 2227 4975 quid
2251 4921 2354 4959 non
2381 4903 2665 4958 dixissent?

2188 4976 2267 5045 (It)
2305 4976 2608 5047 Vetustiore
2651 4986 2783 5027 mss.
2822 4970 2976 5047 Colb.
3010 4989 3135 5047 cum
3178 4974 3457 5047 Gertu.et
3483 4975 3700 5047 Remig.

2112 5043 2287 5100 decent
2312 5045 2477 5098 millia
2502 5045 2779 5116 legionum.
2827 5043 2976 5099 Alter
2998 5043 3251 5116 Colb.ac
3279 5046 3539 5113 Sorbon.,
3570 5043 3704 5101 duo-

2113 5117 2276 5170 decim
2304 5115 2568 5186 legiones:
2627 5125 2912 5186 tumdcum
2949 5118 3138 5172 codice
3168 5115 3290 5172 Vat.
3323 5119 3439 5174 bas.
3473 5118 3536 5172 de
3562 5118 3708 5175 ctelis

2112 5184 2411 5256 angelorum
2434 5185 2722 5240 deduceret.
2751 5184 2961 5241 Videsis
2985 5197 3164 5242 notata
3192 5188 3246 5243 in
3270 5188 3414 5244 Psal.
3437 5205 3546 5256 LIV,
3567 5207 3624 5245 n.
3646 5191 3706 5247 6.

2185 5256 2249 5329 (i)
2282 5257 2334 5312 ltt
2360 5257 2586 5325 vulgatis
2614 5298 2629 5321 ,
2666 5272 2757 5329 nec
2785 5268 2992 5327 prapter
3021 5270 3233 5313 mortem
3261 5262 3503 5316 atuiatus
3524 5303 3541 5328 ,
3580 5275 3637 5315 ut
3674 5281 3711 5319 α

2110 5344 2165 5383 se
2197 5327 2560 5403 transferatur
2606 5327 2746 5382 calix
2772 5341 2916 5400 rogat
2942 5344 2962 5383 :
3011 5330 3160 5385 locus
3186 5331 3407 5389 mutilus
3432 5347 3534 5403 ope
3566 5348 3705 5391 mss.

2102 5400 2414 5455 resareitus.

2178 5469 2245 5540 (i)
2275 5471 2364 5525 Sic
2388 5485 2518 5526 mss.
2554 5470 2621 5524 At
2650 5469 2780 5525 editi
2809 5513 2823 5537 ,
2857 5487 2963 5525 non
2996 5482 3184 5539 posset,
3212 5473 3314 5528 nisi
3338 5490 3456 5528 eum
3487 5476 3703 5531 biberet.

2180 5540 2257 5625 (Ιι)
2291 5541 2444 5625 Apu‘d
2476 5540 2596 5625 lin,
2623 5540 2768 5610 Lips.
2810 5553 2863 5625 et
2901 5541 3066 5625 Par.,_
3113 5546 3287 5625 nuntia
3325 5561 3474 5625 nova.
3532 5545 3709 5625 Abest

2110 5611 2283 5668 omnia
2323 5611 2353 5667 ti
2388 5611 2515 5684 Bad.
2550 5621 2604 5666 et
2628 5627 2756 5667 mss.
2812 5612 2946 5668 Tum
2987 5614 3137 5669 solus
3164 5614 3336 5671 codex
3365 5614 3555 5684 Carn.,
3612 5620 3705 5673 sed

2112 5692 2157 5738 et
2183 5685 2414 5760 cumait,
2447 5681 2730 5737 Prwtcrivit
2755 5684 2887 5760 enim
2909 5683 3078 5753 ﬁgura
3100 5686 3260 5760 hujus
3280 5688 3482 5744 mundi.
3515 5681 3573 5746 lit
3605 5691 3707 5747 ali-

2113 5767 2244 5827 quot
2273 5756 2391 5814 aliis
2419 5764 2597 5813 exstat
2623 5755 2878 5826 transivit,
2910 5763 3020 5813 non
3047 5755 3302 5815 transibit.
