4094 6180
259 258 359 318 577

1462 253 1551 308 DE
1585 250 1956 309 TRINITATE
2004 252 2205 313 LIBER
2249 257 2315 312 Χ.

3434 256 3541 313 578

258 376 440 437 batur:
486 380 542 430 et
566 372 710 446 quod
744 381 863 428 orat
891 372 1193 439 Dominus;
1245 372 1428 444 utique
1456 386 1558 444 pro
1588 372 1672 426 his
1700 380 1839 438 orat,
1870 374 1917 433 A
1948 389 2070 430 nem
2101 382 2206 441 est,
2261 375 2513 429 humana:
2546 372 2927 444 trepidationis
2956 372 3199 431 anxietas
3225 393 3238 431 :
3290 382 3345 432 et
3383 384 3540 431 extra

257 483 386 543 quos
410 481 531 524 cum
562 466 647 521 his
694 481 925 523 manens
948 467 1065 536 ipse
1091 465 1363 531 salvavit,
1413 480 1550 535 quos
1596 473 1652 520 et
1696 464 1840 521 Patri

257 561 533 621 salvandos
557 561 797 631 reliquit.
876 559 1030 615 Nunc
1074 576 1204 616 vero
1226 568 1623 616 sacramentum
1652 559 1842 614 mortis

260 663 583 727 peracturus,
616 652 832 707 Patrem
860 651 944 706 his
972 650 1249 706 custodem
1287 658 1537 721 precatur
1564 667 1575 704 :
1604 658 1659 704 et
1688 648 1843 703 missi

263 750 313 807 in
344 764 409 804 eo
442 747 641 818 angeli,
674 746 718 801 si
751 756 928 801 tamen
958 747 1028 800 ita
1054 756 1160 811 est,
1190 759 1295 800 non
1320 743 1569 814 ambigua
1600 742 1679 816 (α)
1710 757 1846 811 prte-

258 844 419 900 sentia
461 853 579 908 est;
625 851 680 898 et
727 843 963 899 obtenta:
1010 841 1189 913 precis
1242 840 1527 896 manifesta
1572 839 1840 896 securitas

261 949 365 1006 est,
418 953 540 994 cum
589 952 686 994 eos
730 947 1103 994 consummata
1154 937 1403 992 oratione
1432 934 1752 990 adhortatur
1785 932 1840 987 in

262 1048 518 1090 somnum.
621 1031 889 1088 Effectum
920 1042 1098 1086 autem
1133 1031 1434 1099 impetrata:
1463 1028 1751 1091 orationis,
1788 1035 1844 1082 et

265 1127 550 1185 adhortatze
599 1125 945 1181 dormitionis
998 1124 1391 1191 securitatem,
1452 1123 1564 1194 jam
1616 1127 1670 1177 in
1726 1122 1842 1190 ipso

263 1236 409 1292 opere
434 1219 710 1291 passionis
740 1216 1084 1288 Evangelista
1128 1217 1497 1283 demonstrat,
1539 1230 1659 1270 cum
1712 1229 1842 1283 apo-

262 1313 400 1368 stolis
429 1309 705 1373 omnibus.
754 1309 824 1365 de
854 1319 1260 1379 persecutorum
1294 1307 1542 1362 manibus
1571 1306 1841 1379 elapsuris

261 1403 357 1458 ait:
410 1401 478 1459 Ut
507 1401 881 1474 adimpleretur
903 1400 1108 1454 verbum
1137 1400 1276 1470 quod
1306 1399 1545 1466 dixerat,
1599 1399 1844 1470 quoniam

260 1511 371 1567 quos
400 1494 587 1549 dedisti
612 1495 761 1562 mihi,
796 1494 871 1565 (b)
926 1510 1030 1548 non
1059 1493 1261 1563 perdidi
1290 1493 1371 1565 (1)
1403 1509 1467 1548 ea:
1484 1493 1558 1547 eis
1588 1494 1843 1547 neminem

265 1586 428 1659 (Joan.
463 1601 622 1654 xvnt,
647 1583 727 1657 9).
752 1584 1007 1657 lmpletur
1030 1585 1173 1641 enim
1208 1599 1303 1655 per
1328 1599 1388 1639 se
1416 1582 1678 1639 orationis
1721 1599 1841 1654 pre-

261 1688 405 1745 ratio,
461 1689 514 1735 et
568 1679 704 1734 salvi
743 1693 933 1734 omnes
977 1689 1123 1733 sunt.
1165 1671 1275 1733 Sed
1328 1685 1513 1732 oratur
1542 1677 1725 1741 Pater,
1784 1686 1844 1731 ut

1944 467 2147 523 terreni
2178 475 2263 523 est
2300 467 2548 537 corporis
2578 467 2718 522 mala
2750 511 2766 536 ,
2821 482 2927 523 non
2956 467 3190 524 terrenis
3224 466 3535 523 inchoatum

1942 576 2141 629 corpus
2167 562 2474 630 elementis,
2501 561 2604 618 etsi
2625 563 2889 633 originem
2920 559 3001 634 (ά)
3033 562 3129 617 ﬁlii
3162 562 3399 618 hominis
3414 575 3541 617 san-

1942 665 2061 712 ctus
2084 656 2323 727 Spiritus
2348 671 2450 729 per
2479 667 2879 713 sacramentum
2906 656 3279 726 conceptionis
3305 656 3531 713 invexit.

1943 747 2144 821 Nempe
2168 758 2224 805 et
2247 749 2514 807 Altissimi
2546 750 2732 811 virtus,
2762 750 2841 822 (5)
2872 750 3121 806 virtutem
3153 748 3228 822 (ε)
3269 749 3536 820 corporis,

1942 844 2086 912 quod
2112 860 2179 900 ex
2204 844 2563 916 conceptione
2581 842 2814 913 Spiritus
2836 843 2987 915 virgo
3013 842 3267 915 gignebat
3286 885 3300 907 ,
3360 843 3539 898 admi-

1943 937 2104 992 scuit.
2155 935 2289 991 Nam
2340 952 2464 991 cum
2507 951 2604 1007 per
2649 935 2937 991 transfusa:
2984 936 3037 990 in
3086 950 3283 1007 corpus
3339 935 3537 991 animm

1942 1028 2297 1097 consortium,
2318 1044 2512 1086 sensus
2541 1029 2761 1085 animati
2792 1029 3036 1098 corporis
3066 1027 3232 1095 vivat,
3266 1038 3320 1084 et
3351 1030 3527 1100 ipsum

1941 1120 2010 1177 ad
2052 1121 2323 1176 illatornm
2364 1121 2611 1177 dolorem
2661 1136 2863 1193 corpus
2911 1121 3092 1176 anima
3144 1122 3359 1191 corpori
3415 1137 3540 1193 per-

1944 1214 2108 1268 mixta
2136 1212 2377 1269 viviﬁcet
2403 1231 2420 1280 ;
2470 1230 2590 1284 quae
2633 1214 2724 1269 ubi
2767 1214 3008 1271 caelestis
3038 1214 3153 1285 spei
3182 1229 3247 1270 ac
3276 1213 3398 1269 ﬁdei
3426 1228 3539 1270 sua:

1945 1304 2105 1361 beato
2135 1307 2337 1374 calore,
2388 1313 2622 1362 terrente
2643 1306 2694 1361 in
2720 1321 2950 1376 corpore
2974 1321 3073 1360 suo
3093 1305 3318 1377 originis
3346 1305 3541 1375 despe-

1942 1399 2021 1453 xit
2048 1398 2354 1465 exordium,
2405 1401 2487 1454 sui
2522 1415 2739 1471 quoque
2766 1414 2960 1454 sensus
2986 1413 3052 1454 ac
3091 1398 3317 1470 Spiritus
3342 1413 3539 1469 corpus

1945 1489 2179 1545 efﬁcitur
2208 1492 2259 1545 in
2287 1488 2498 1559 dolore,
2533 1498 2591 1544 ut
2644 1489 2756 1560 pati
2795 1503 2855 1544 se
2905 1488 3115 1545 desinat
3164 1490 3369 1546 sentire
3397 1489 3539 1561 quod

1946 1584 2188 1652 patitur:
2237 1590 2291 1638 et
2314 1582 2439 1653 quid
2473 1581 2629 1637 nobis
2656 1581 2725 1637 de
2748 1592 2935 1638 natura
2964 1581 3222 1639 dominici
3270 1582 3539 1653 corporis,

1944 1684 1999 1730 et
2026 1674 2410 1731 descendentis
2457 1674 2525 1730 de
2572 1676 2712 1730 caelo
2761 1672 2857 1729 lilii
2888 1673 3125 1729 hominis
3157 1673 3337 1730 adhuc
3360 1689 3542 1730 sermo

259 1776 483 1832 salvatus
512 1788 611 1844 per
637 1788 720 1841 se,
766 1788 911 1829 nunc
935 1773 988 1828 in
1017 1773 1235 1828 nomine
1264 1786 1363 1826 suo
1389 1772 1561 1827 salvet
1587 1771 1723 1841 ipse.
1776 1772 1844 1827 Et
1871 1757 1918 1818 Β
1947 1772 2059 1826 sit?
2113 1770 2230 1841 Ipsa
2262 1778 2475 1826 terrena
2522 1784 2748 1841 corpora
2791 1769 2982 1825 timere
3025 1782 3091 1823 ac
3130 1768 3322 1825 dolere
3370 1769 3537 1824 inter-

260 1869 384 1926 adeo
407 1869 589 1924 salvat
614 1912 629 1937 ,
673 1878 732 1923 ut
756 1867 901 1922 Petri
940 1867 1073 1923 fides
1115 1867 1433 1939 pmttitentia
1464 1866 1840 1936 subsequente

264 1977 357 2019 non
376 1962 616 2029 deﬁciat,
663 1961 792 2017 licet
815 1960 1021 2016 territa.

322 2056 401 2110 45.
437 2053 711 2128 Epilogus.
742 2083 815 2096 —
844 2056 1218 2108 ltemonstrata
1260 2053 1442 2123 itaque
1474 2060 1529 2107 et
1560 2066 1592 2107 a
1635 2050 1844 2107 Joanne

262 2146 458 2203 Domini
483 2149 659 2204 oratio
689 2188 705 2214 ,
763 2156 817 2201 ει
872 2163 901 2199 a
932 2146 1077 2201 Luca
1106 2145 1306 2200 diaboli
1332 2145 1648 2216 postulatio,
1696 2153 1749 2198 et
1780 2157 1842 2198 ea

263 2256 367 2312 quae
417 2242 474 2296 in
503 2240 759 2296 Matthazo
798 2249 959 2310 atque
985 2239 1184 2305 Marco,
1216 2248 1271 2294 et
1298 2239 1513 2293 tristitia
1557 2252 1727 2309 usque
1776 2237 1845 2293 ad

263 2342 476 2388 mortem
502 2344 608 2395 est.
642 2342 697 2388 et
720 2333 896 2388 somni
941 2331 1268 2402 obiurgatio,
1302 2339 1358 2386 et
1398 2346 1609 2386 rursum
1643 2329 1842 2384 adhor-

265 2425 403 2494 tatio,
431 2424 570 2480 nihil
596 2424 961 2495 ambiguitatis
986 2423 1319 2494 relinquunt:
1351 2437 1471 2476 cum
1500 2421 1715 2491 quando
1765 2419 1843 2493 (ἓ)

264 2531 349 2587 per
375 2532 593 2588 precem
622 2514 697 2592 (c)
729 2516 782 2572 in
810 2515 1044 2583 Joanne,
1074 2531 1176 2586 qua
1207 2515 1356 2571 Patri
1387 2515 1662 2586 apostolos
1695 2530 1845 2571 com-

266 2608 487 2673 mendat,
525 2619 582 2665 ει
624 2607 857 2663 tristitiae
897 2622 1059 2663 causa
1110 2615 1167 2663 et
1193 2607 1506 2663 transeundi
1535 2607 1717 2663 calicis
1745 2607 1843 2662 de-

265 2703 493 2772 precatio
522 2702 769 2758 absoluta
802 2701 913 2766 sit;
949 2716 1055 2756 non
1086 2717 1115 2756 a
1145 2716 1205 2756 se
1252 2702 1558 2771 passionem
1601 2701 1845 2758 amoveri

267 2793 480 2852 Domino
508 2795 860 2867 deprecante,
884 2794 980 2850 sed
1006 2794 1219 2849 Patrem
1250 2803 1305 2849 ut
1334 2794 1614 2866 apostolos
1642 2810 1700 2849 se
1731 2810 1847 2864 pas-

267 2902 381 2945 suro
412 2898 625 2945 tueatur
653 2896 872 2944 orante:
919 2898 971 2943 et
996 2902 1098 2959 per
1119 2887 1319 2943 Lucam
1345 2897 1560 2943 ostensa
1585 2887 1848 2943 adversus

267 2981 529 3039 diabolum
560 2999 747 3056 prece,
793 2982 905 3053 jam
946 2981 1014 3038 de
1042 2981 1235 3037 ﬁducia
1286 2982 1435 3037 vetiti
1468 2990 1625 3037 antea
1672 2983 1848 3038 somni

268 3088 445 3132 secura
474 3076 762 3148 permissio
792 3075 884 3131 sit.

1947 1864 2073 1919 dum
2105 1863 2374 1929 nesciunt,
2420 1863 2560 1933 quod
2588 1872 2642 1916 et
2667 1861 2836 1917 doleri
2868 1876 3089 1917 necesse
3116 1871 3202 1917 est
3228 1871 3283 1917 et
3314 1861 3513 1916 timeri.

2020 1957 2109 2013 d5.
2151 1954 2279 2011 Tres
2330 1956 2477 2026 pueri
2506 1956 2747 2026 flammas
2781 1973 2879 2012 non
2924 1958 3123 2011 timent.
3167 1954 3337 2010 Multo
3377 1955 3543 2026 magis

1948 2047 2203 2103 Christus.
2238 2078 2307 2091 ——-
2333 2050 2528 2119 Qumro
2549 2050 2696 2105 enim
2728 2064 2793 2104 an
2825 2056 3007 2121 pastas
3035 2049 3102 2105 ad
3132 2048 3374 2104 fomenta
3400 2062 3545 2103 exte-

1948 2143 2159 2199 stuandi
2192 2142 2500 2216 Babylonim
2544 2144 2786 2199 fornacis
2818 2143 3067 2199 flammas
3087 2142 3347 2198 lsraelitae
3390 2141 3541 2213 pueri

1951 2237 2249 2304 timuerint,
2282 2246 2336 2292 ει
2359 2248 2535 2292 utrum
2569 2236 2622 2293 in
2655 2236 2783 2292 illud
2817 2235 2885 2311 (f)
2932 2246 3132 2293 nostra;
3171 2236 3543 2308 conceptionis

1950 2344 2148 2400 corpus
2191 2339 2366 2387 metus
2409 2332 2543 2387 tanti
2592 2332 2729 2404 ignis
2784 2332 3071 2389 incesserit
3126 2330 3288 2404 (Dan.
3315 2345 3396 2394 ιιι,
3423 2329 3539 2401 25).

1948 2421 2144 2489 Quer
2173 2427 2355 2491 etiam,
2405 2440 2472 2480 an
2514 2424 2595 2499 (4)
2643 2426 3046 2482 circumamhiri
3093 2426 3173 2501 (g)
3210 2439 3269 2482 se
3304 2423 3542 2481 flammis

1950 2518 2240 2575 doluerint.
2272 2519 2380 2575 Sed
2405 2518 2542 2574 forte
2570 2518 2788 2585 idcirco,
2820 2518 2940 2590 quia
2969 2534 3073 2574 non
3105 2520 3211 2575 usti
3240 2530 3386 2586 sunt,
3412 2519 3546 2576 nihil

1950 2611 2166 2668 doleant
2193 2631 2209 2678 ;
2277 2623 2329 2667 et
2357 2620 2468 2666 tum
2498 2610 2698 2668 afuisse
2728 2612 2940 2682 ignibus
2970 2622 3158 2669 natura
3187 2614 3380 2669 urendi
3424 2615 3543 2670 exi-

1950 2708 2276 2763 Stimabitur.
2316 2707 2477 2763 Certe
2500 2707 2616 2762 haec
2641 2714 2830 2762 natura
2860 2708 3106 2777 corporis
3135 2717 3273 2775 erat,
3298 2719 3359 2761 ut
3383 2717 3437 2763 et
3461 2709 3545 2765 uri

1951 2815 2012 2855 se
2043 2800 2283 2865 timeret,
2315 2808 2370 2855 et
2396 2808 2581 2869 posset
2605 2800 2711 2855 uri.
2750 2799 2903 2869 Quod
2943 2800 2986 2855 si
3017 2814 3113 2870 per
3141 2799 3388 2868 spiritum
3421 2798 3545 2855 fidei

1954 2903 2169 2951 terrena
2200 2909 2450 2964 corpora,
2478 2893 2529 2949 id
2555 2903 2636 2948 est
2663 2935 2678 2960 ,
2725 2894 3019 2950 sectmdum
3051 2894 3323 2949 elementa
3355 2906 3544 2948 causa-

1955 3003 2071 3044 rum
2100 2990 2471 3044 communium
2503 2987 2736 3054 initiata,
2784 3003 2958 3058 neque
2986 2988 3064 3043 uri
3097 2994 3406 3057 potuerunt,
3445 3000 3547 3042 nec

1954 3081 2179 3136 timere:
2225 3095 2343 3151 qua:
2386 3095 2515 3150 ergo
2564 3096 2659 3148 per
2689 3078 2848 3135 ﬁdem
2884 3079 2975 3134 Dei
3023 3081 3075 3134 in
3100 3077 3319 3133 homine
3359 3086 3546 3133 contra

267 3232 271 3239 ι
331 3168 417 3223 44.
447 3168 683 3224 Christus
708 3168 770 3223 ab
795 3168 1032 3223 humanis
1055 3168 1190 3223 vitiis
1214 3168 1359 3222 liber.
1392 3166 1588 3223 Sensus
1612 3168 1847 3224 unde.-—-
1875 3150 1920 3214 Ο
1956 3180 2202 3227 naturam
2234 3180 2379 3239 sunt,
2405 3186 2466 3227 ea
2490 3170 2568 3245 (Ιι)
2592 3173 2643 3226 ἰιι
2668 3171 2779 3227 Deo
2805 3170 3100 3226 secundum
3132 3169 3379 3225 virtutem
3419 3167 3548 3238 Spi-

271 3260 377 3320 Non
395 3273 475 3321 est
512 3259 694 3335 itaque
731 3263 785 3318 in
812 3278 875 3319 ea
898 3271 1110 3331 natura,
1139 3278 1256 3334 qtae
1287 3279 1445 3335 supra
1477 3262 1639 3337 352
1681 3263 1853 3321 homi-

340 3399 414 3545 (IK
448 3399 531 3455 Ea:
557 3402 637 3457 his
664 3400 905 3471 aliquem.
1017 3471 1028 3481 .

340 3471 390 3543 (2
451 3473 551 3527 Per
573 3488 777 3545 precem
808 3470 1028 3526 Iohanni

340 3470 413 3545 (Ξ)
451 3473 551 3527 Per
573 3488 777 3545 precem
808 3470 1078 3526 Iohannis.

342 3586 413 3662 (ιι)
438 3588 495 3645 In
538 3585 861 3660 quibusdam
913 3585 1309 3644 recentioribus
1352 3587 1848 3671 msssprtescientia

284 3804 363 3857 oin:
377 3799 609 3859 ἀπώλεο-ὰ
633 3804 683 3867 ἐξ
710 3803 873 3857 αὐτῶν
901 3799 1179 3869 οὐδένα.ζ1ιι
1200 3799 1426 3869 vulgatis
1444 3810 1708 3868 cxpuncta
1732 3809 1849 3856 erat

319 3875 520 3929 articula
551 3890 654 3928 non
680 3884 867 3927 contra
901 3873 1060 3927 fidem
1087 3885 1213 3924 mss.
1264 3886 1490 3939 quorum
1524 3872 1577 3925 in
1612 3872 1846 3927 nonnul-

309 3945 363 4009 is,
389 3961 479 4012 pro
510 3945 786 4008 neminem,
815 3942 1111 4011 repositum
1141 3951 1223 3996 est
1251 3943 1490 4010 aliquem.

346 4013 412 4088 (c)
474 4016 595 4071 Par.
656 4032 748 4088 per
795 4031 989 4088 precem
1054 4013 1291 4088 Joannis.
1368 4012 1657 4088 _Ed_itiones
1731 4012 1851 4088 alia:

290 4080 364 4156 per
389 4080 574 4156 precem
602 4105 635 4141 a
657 4080 882 4141 Joanne.
938 4086 1153 4139 Rectius
1199 4099 1330 4156 mss.
1361 4084 1414 4156 in
1442 4080 1689 4156 Joanne,
1747 4083 1851 4140 hoc

292 4153 531 4228 est,'qu-.e
570 4167 749 4215 exstat
777 4158 830 4228 in
861 4156 1154 4226 Evangelia
1195 4155 1436 4228 Joannis.
1507 4153 1715 4211 Similis
1767 4166 1850 4212 est

295 4225 514 4297 loquendi
544 4228 737 4284 modus
766 4227 982 4298 Fragm.
1009 4225 1049 4288 ι,
1080 4242 1226 4281 num.
1251 4225 1306 4280 2.

350 4295 416 4371 (ά)
448 4301 586 4357 Editi
616 4316 736 4356 cum
762 4295 1001 4371 uno'ms.
1037 4298 1269 4367 Rcmig.,
1300 4297 1509 4371 duobus
1530 4295 1708 4371 Colbl,
1743 4312 1848 4371 uno

294 4365 492 4426 Sorbon.
526 4373 636 4437 ﬁlio
665 4371 906 4425 hominis.
946 4368 1137 4422 Verius
1161 4365 1424 4422 vetustior
1447 4365 1627 4432 Coll).,
1652 4365 1845 4433 Curb.,

296 4439 450 4511 Yind.,
475 4444 608 4499 alter
636 4443 869 4511 Remig.,
901 4441 1112 4507 Germ,
1147 4439 1289 4511 Prat.
1318 4446 1425 4494 etc.
1453 4438 1550 4507 lilii
1590 4439 1842 4493 hominis:

295 4509 376 4566 hoc
398 4509 475 4569 εει
498 4555 512 4576 ,
565 4514 695 4569 licet
714 4509 963 4566 Christus
992 4526 1187 4579 corpus
1218 4510 1414 4565 haheat
1463 4525 1570 4563 non
1617 4513 1847 4564 terrenis

296 4581 570 4639 inchoatum
601 4584 909 4651 elementis,
939 4592 1123 4651 utporc
1153 4581 1305 4650 cujus
1329 4581 1578 4650 princeps
1604 4589 1688 4634 cst
1719 4596 1846 4651 sau-

345 3700 413 3799 ξι)
441 3730 534 3787 Hic
576 3729 790 3801 phrasis
836 3739 918 3784 est
948 3743 1137 3801 grmca
1174 3728 1240 3782 ad
1273 3727 1518 3801 verbum
1547 3742 1843 3797 expressa;
1886 3752 1897 3765 ε

1956 3267 2092 3322 ritus
2119 3264 2186 3321 ad
2211 3273 2418 3321 natura:
2448 3265 2712 3337 originem
2747 3263 2994 3321 inchoata
3022 3305 3037 3333 ,
3085 3278 3193 3320 non
3220 3271 3348 3319 sunt
3393 3273 3549 3318 natu-

2035 3401 2116 3474 (5)
2166 3401 2418 3474 Virtutem
2440 3401 2664 3474 corpori.

2035 3404 2093 3473 (5
2166 3401 2418 3458 Virtutem
2440 3401 2664 3474 corpori.

2028 3401 2116 3547 (ιζ
2153 3472 2601 3540 Circumamburi;
2656 3475 2706 3528 in
2737 3484 2926 3529 nostro
2955 3473 3164 3530 codice.

1956 3588 2118 3663 uirtus
2141 3588 2393 3663 Altissimi
2422 3588 2667 3663 virginem
2694 3587 3030 3663 obumbravit.
3054 3590 3418 3663 inﬁrmitatem
3439 3594 3551 3663 ejus

1959 3658 2108 3732 (puta
2138 3658 2406 3728 corporis)
2453 3660 2613 3732 veluti
2644 3676 2744 3732 per
2760 3658 3335 3732 umbram_circumfusa
3356 3658 3546 3731 conﬁr-

1956 3730 2122 3802 mans,
2168 3741 2224 3784 ut
2278 3731 2346 3784 ad
2374 3731 2695 3784 sementivam
2729 3731 2953 3785 ineuntis
2974 3730 3224 3802 Spiritus
3262 3730 3547 3802 efficaciam

1955 3801 2291 3855 substantiam
2320 3801 2640 3870 corporalem
2674 3806 2773 3870 (ex
2801 3815 2861 3854 se
2903 3800 3195 3869 inﬁrmam)
3230 3800 3416 3855 diuina:
3440 3803 3545 3855 uir-

1957 3874 2079 3926 tutis
2108 3873 2413 3925 inumbratio
2439 3882 2762 3940 temperaret.
2814 3871 3062 3927 Pressius
3087 3887 3235 3926 num.
3268 3871 3373 3925 27:
3428 3871 3547 3926 Ini-

1960 3945 2031 3997 tia
2060 3944 2300 3997 nascendi
2325 3942 2554 4012 Spiritus
2579 3952 2784 3997 sanctus
2805 3944 3228 4014 supervenienset
3249 3943 3547 3998 inumbrans

1959 4016 2117 4067 virtus
2145 4015 2394 4068 Altissimi
2413 4014 2713 4068 moliuntur.
2752 4015 2808 4068 In
2833 4012 3027 4080 quibus
3044 4012 3274 4082 Spiritus
3305 4022 3542 4081 sanctus,

1960 4084 2009 4137 id
2039 4095 2121 4139 est
2152 4084 2411 4149 Verbum,
2460 4095 2589 4139 etut
2617 4096 2898 4155 susceptor
2917 4089 3161 4151 corporis
3183 4126 3196 4148 ,
3243 4094 3298 4139 et
3343 4094 3396 4137 ut
3428 4101 3546 4139 sus-

1957 4157 2097 4225 cepti
2121 4170 2282 4211 causa
2306 4155 2549 4211 effectrix
2573 4155 2966 4212 consideratur.
2995 4156 3231 4222 Utroque
3253 4155 3413 4210 modo
3433 4157 3547 4211 vir-

1958 4237 2043 4298 tus
2064 4237 2144 4281 est
2167 4229 2430 4295 corporis,
2462 4228 2577 4284 sive
2605 4227 2734 4282 illud
2761 4227 3065 4293 condendo,
3097 4228 3212 4283 sive
3234 4226 3413 4282 divina
3446 4243 3543 4298 per

1957 4297 2083 4352 illud
2115 4298 2411 4360 operando.

2028 4367 2100 4441 (f)
2152 4368 2207 4423 In
2250 4368 2437 4423 codice
2470 4369 2590 4424 Vat.
2642 4369 2757 4426 bas.
2795 4379 2985 4424 nostra:
3020 4370 3210 4424 carnis.
3240 4369 3466 4426 Rectius
3493 4371 3545 4426 in

1950 4438 2318 4512 aliis,rnostraz
2341 4443 2709 4510 conreptionis.
2767 4441 2914 4495 Alias
2965 4457 3070 4497 non
3109 4452 3333 4512 apparet
3353 4442 3540 4512 discri-

1950 4527 2072 4566 men
2106 4510 2637 4583 interlsraelitarum
2669 4520 2724 4567 et
2754 4513 2952 4568 Christi
2982 4510 3211 4583 corpus:
3262 4511 3404 4581 quod
3435 4529 3543 4568 non

1950 4597 2135 4645 carne,
2169 4581 2264 4636 sed
2293 4583 2657 4651 conceptione
2692 4600 2719 4638 a
2752 4584 2911 4639 nobis
2938 4581 3138 4638 distare
3167 4584 3399 4639 Hilarius
3443 4584 3542 4637 du-

296 4629 857 4721 ὲιᾶἷδρὶῖἱὶιέῗῖιέτὲ
894 4629 1078 4708 ’ta—uien
1110 4629 1263 4706 nauis
1309 4629 1390 4705 c'st
1418 4629 1559 4704 lilitis
1588 4650 1841 4719 hominis,
1871 4629 1926 4690 D
1953 4629 2078 4707 cere
2105 4629 2264 4707 solet.
2308 4629 2547 4708 Unde'iii
2571 4629 2719 4709 Psval'.‘
3445 4629 3545 4707 Dei

296 4738 425 4848 {grus
454 4723 683 4848 Yirginis
711 4724 874 4781 ﬁlius.
908 4726 1039 4780 Cum
1066 4723 1149 4778 his
1187 4724 1374 4779 confer
1402 4731 1674 4792 postrema
1697 4738 1844 4778 num.

375 4813 460 4848 VBI‘
481 4814 547 4848 in.

375 4798 547 4852 verba.

350 4866 410 4939 (ε)
438 4868 818 4924 Ριιειιίειοιιιιιι
839 4881 967 4921 mss.
997 4862 1848 4939 auctoritaterestituimus‘uirtu-

294 4935 375 5012 teni
392 4935 631 5012 corporis,
656 4939 955 5012 prmsertim
977 4951 1097 4991 cum
1122 4940 1272 5012 unm.
1298 4935 1391 5012 2'5,
1409 4936 1517 5006 jam
1535 4936 1844 5012 legerimus,

299 5006 452 5064 Virtus
472 5006 721 5078 'corporis
752 5010 865 5064 sine
906 5025 1059 5064 sensu
1091 5010 1253 5076 paena:
1273 5008 1372 5078 vim
1399 5022 1560 5077 poenae
1581 5006 1718 5078 inse
1753 5006 1845 5059 de-

292 5082 514 5136 struentis
538 5076 756 5148 recepit,
798 5095 861 5134 ac
891 5094 1101 5134 rursum
1128 5094 1276 5132 num.
1304 5077 1397 5145 46,
1419 5076 1653 5132 audituri
1679 5077 1847 5132 simus

291 5155 506 5222 corporis
551 5152 721 5207 nostri
762 5150 1041 5222 passiones
1069 5166 1099 5204 a
1131 5149 1345 5206 Christo
1389 5150 1575 5203 uirtute
1613 5149 1847 5219 corporis

291 5224 359 5276 sui
375 5221 667 5293 susceptas.
707 5222 762 5278 In
790 5221 1020 5292 vulgatis
1046 5230 1226 5276 autem
1255 5237 1317 5276 ac
1335 5221 1577 5293 pluribus
1599 5235 1731 5293 mss.
1754 5235 1849 5293 ex_-

292 5302 386 5347 stat
408 5290 632 5349 uirtutem
653 5290 1052 5364 corpori,'quod
1078 5302 1298 5364 propter
1329 5292 1549 5347 verbum
1575 5290 1848 5364 admiscuit

294 5376 387 5434 [ton
407 5366 539 5420 male
568 5361 754 5420 sonat.
796 5364 907 5418 lloc
930 5361 1133 5434 quippe
1162 5362 1365 5434 dictum
1397 5378 1516 5417 esse
1543 5361 1755 5434 videtur
1781 5363 1849 5417 de

295 5430 435 5491 Verbi
462 5452 577 5490 cum
602 5445 794 5490 natura
839 5430 1019 5490 nostra
1032 5430 1431 5499 conjunctione
1452 5473 1467 5497 ,
1518 5448 1640 5503 quae
1670 5433 1758 5485 lib.
1786 5448 1846 5498 ιι,

294 5519 344 5558 n.
369 5506 453 5574 26,
478 5506 648 5562 fusius
677 5507 755 5561 sic
783 5513 1095 5561 enarratur:
1122 5503 1351 5577 Spiritus
1378 5502 1670 5577 sanetusde
1693 5519 1847 5577 super

292 5578 474 5634 ueniens
497 5579 704 5651 virginis
726 5573 1329 5651 interiorasanctiﬁcauit
1353 5619 1367 5640 ,
1405 5585 1451 5629 et
1472 5573 1625 5651 his
1645 5575 1848 5651 spirans

294 5656 473 5704 natura:
499 5666 550 5705 se
571 5645 811 5704 humana:
838 5649 1009 5702 carnis
1035 5645 1308 5702 immiscuit
1336 5688 1351 5713 ,
1401 5655 1448 5701 et
1474 5646 1529 5699 id
1554 5645 1690 5714 qitod
1716 5646 1846 5699 alie-

294 5733 406 5792 num
422 5737 513 5775 ase
537 5732 665 5788 erat,
695 5720 739 5792 ri
767 5736 862 5792 sua
888 5735 947 5773 ac
968 5728 1212 5792 potestate
1234 5718 1601 5792 praesumpsit;
1617 5726 1765 5792 atque
1789 5725 1845 5771 ut

299 5790 356 5842 'n'e
379 5792 490 5861 quid
515 5811 601 5865 per
623 5788 1025 5848 itiibecillitatetit
1056 5788 1269 5846 Itttntaiii
1295 5789 1527 5863 corporis
1552 5788 1838 5859 dissideret,

1955 4724 2099 4793 ﬁlius
2125 4733 2243 4777 ante
2270 4725 2461 4777 stecula
2490 4742 2721 4790 manens,
2753 4728 2991 4779 humana!
3016 4735 3215 4779 natura:
3245 4724 3419 4778 habitu
3442 4767 3454 4785 ,
3488 4726 3542 4778 id

1955 4805 2065 4876 est,
2096 4794 2257 4848 nostri
2296 4797 2527 4864 corporis
2567 4806 2718 4866 atque
2744 4798 2932 4850 animm
2958 4795 3111 4849 homo
3141 4812 3202 4850 ea:
3228 4806 3379 4867 partu
3416 4794 3536 4850 Vir-

1952 4866 2091 4936 ginis
2109 4874 2276 4936 natus.
2941 4935 2944 4936 ν
2971 4935 2981 4936 7
3125 4934 3146 4936 ,7
3264 4912 3277 4923 .

2026 4935 2102 5007 (g)
2136 4934 2266 4989 Bad.
2316 4944 2369 4989 et
2401 4936 2487 5007 Er.
2542 4936 2905 4993 circumaduri.
2935 4935 3063 4991 Mss.
3107 4934 3295 5003 Corh.,
3322 4937 3542 4995 Pratell.

1956 5006 2065 5081 etc.
2100 5047 2139 5081 ,Α
2170 5006 2585 5081 circumamburi.
2646 5008 2784 5081 Tres
2830 5007 3004 5081 Yatic.
3058 5022 3178 5062 cum
3223 5008 3435 5081 Rcmig.
3486 5023 3543 5069 et

1954 5076 2162 5132 Thecd.
2184 5117 2199 5139 ,
2257 5078 2581 5132 circumburi.
2613 5079 2773 5135 Vind.
2806 5078 2871 5133 ad
2901 5079 3062 5142 Silv.,
3092 5076 3537 5139 cireumcom'buri.

1954 5146 2111 5202 Colb.
2145 5163 2208 5202 ac
2254 5148 2434 5206 Germ.
2466 5191 2481 5214 ,
2529 5167 2643 5204 cum
2668 5149 2885 5204 antburi.
2935 5151 3097 5206 Cant.
3129 5154 3349 5206 amburi.
3383 5153 3538 5210 Parvi

1958 5218 2187 5293 interest
2210 5235 2330 5293 qua:
2361 5236 2424 5273 ex
2456 5219 2540 5275 his
2572 5221 2887 5277 lectionibus
2913 5223 3248 5293 prmferatur.
3276 5223 3327 5278 Id
3359 5225 3534 5293 ipsum

1958 5288 2029 5344 ita
2059 5290 2110 5344 in
2144 5290 2288 5345 Psal.
2312 5305 2499 5357 chtv,
2533 5309 2585 5346 ιι.
2618 5294 2684 5348 l5
2710 5334 2722 5355 .
2779 5288 3121 5348 enuntiatur:
3164 5292 3284 5348 Illis
3326 5288 3539 5351 in'roris

1957 5361 2168 5434 {rumore
2197 5362 2333 5433 ignis
2350 5372 2682 5432 temperatur,
2706 5364 2800 5419 hos
2825 5376 3115 5421 excestuans
3134 5365 3265 5434 ignis
3293 5366 3534 5423 amburit.

1950 5430 2092 5515 Ipsa:
2127 5430 2264 5515 intus
2293 5430 2537 5515 extraque
2555 5438 2781 5515 flamma:
2799 5450 2916 5493 sunt
2940 5481 2953 5503 ,
3002 5430 3221 5515 quorum
3253 5457 3343 5515 pro
3372 5441 3538 5515 diuer-

1949 5504 2100 5580 sitate
2118 5504 2415 5559 meritorum
2431 5517 2480 5561 et
2502 5504 2671 5578 deﬁcit
2696 5528 2728 5563 a
2749 5526 2802 5563 se
2823 5504 3028 5577 natura,
3059 5526 3148 5564 nec
3177 5504 3368 5580 deﬁcit.
3397 5510 3535 5566 Nam

1952 5575 2089 5644 quod
2115 5586 2208 5640 est,
2237 5588 2410 5630 manet
2439 5575 2673 5657 erga'eos
2698 5582 2832 5653 ignis
2857 5597 2965 5657 esse
2993 5575 3120 5651 quos
3148 5575 3282 5648 urit;
3324 5592 3369 5637 et
3399 5584 3536 5657 quod

1948 5657 2167 5720 nonest,
2203 5664 2404 5720 necesse
2429 5660 2503 5703 est
2526 5651 2582 5704 in
2605 5652 2684 5705 his
2714 5651 2822 5706 esse
2847 5652 3027 5720 quibus
3056 5668 3140 5707 ros
3168 5662 3260 5707 est.

2020 5717 2098 5792 (Ir)
2127 5720 2283 5792 Apud
2313 5719 2425 5792 lin,
2458 5720 2605 5790 Lips.
2628 5731 2684 5780 et
2713 5717 2868 5792 Pan,
2892 5724 2943 5779 in
2970 5721 3076 5780 Deo
3098 5724 3319 5783 homine.
3370 5726 3535 5784 Abest

1947 5786 2149 5845 homine
2169 5786 2197 5847 ἁ
2221 5789 2353 5847 Bad.
2376 5799 2432 5848 et
2459 5786 2589 5851 mss.
