4094 6180
293 319 387 377 381

1501 322 1587 379 DE
1627 322 1995 380 TRINITATE
2034 277 2240 381 LIBER
2282 325 2347 381 Χ.

3478 329 3580 386 Si?

295 444 491 495 nostra:
519 434 683 493 etiam
714 450 899 493 sermo
929 434 1279 507 propheticus
1309 438 1460 494 testis
1486 450 1587 504 est,
1620 453 1741 497 cum
1767 442 1880 498 ait:
1912 442 1959 502 A
1990 454 2102 512 tus,
2135 456 2189 502 et
2216 446 2405 502 salutis
2429 454 2625 502 nostra:
2655 461 2751 516 per
2783 444 3069 501 hominum
3091 458 3224 516 opus
3244 459 3573 513 memorans,

297 527 394 583 llic
432 536 644 597 peccata
667 537 843 585 nostra
880 538 1069 597 portat,
1094 539 1141 585 et
1181 547 1274 602 pro
1324 531 1469 586 nobis
1499 532 1636 587 dolet
1666 550 1684 588 :
1713 543 1761 588 at
1789 549 1883 588 nos

289 622 688 677 existimavimus
715 638 835 677 eum
860 623 914 678 in
944 622 1208 680 doloribus
1235 642 1364 693 esse,
1393 636 1440 681 et
1467 627 1522 681 in
1550 628 1727 700 plaga,
1759 630 1880 684 etin

289 716 569 773 matiam.
602 714 724 787 Ipse
746 724 916 773 autem
941 718 1238 774 uulneratus
1264 728 1339 774 est
1362 727 1569 790 propter
1588 721 1883 792 iniquitates

286 818 504 873 nostras,
528 817 578 864 at
598 810 932 879 iuﬁrmitatus
956 819 1029 866 est
1046 822 1253 883 propter
1277 826 1483 883 peccata
1507 827 1682 871 nostra
1707 816 1876 890 (Esai.

285 917 403 969 Lm,
433 900 471 956 ι
497 911 551 956 ει
576 899 651 973 5).
686 900 915 958 Fallitur
940 917 1072 973 ergo
1099 903 1352 961 humanae
1368 906 1741 963 :estimalionis
1765 908 1882 978 opi-

286 992 392 1056 nio,
428 1003 625 1062 putans
647 992 787 1049 hunc
807 993 905 1062 (al.
937 993 1085 1064 hinc)
1106 994 1292 1052 dolere
1324 998 1465 1068 quod
1499 998 1717 1066 patitur.
1749 999 1880 1054 Por-

292 1091 407 1139 taus
430 1084 577 1139 enim
606 1095 826 1154 peccata
848 1092 1054 1149 nostra,
1082 1088 1291 1158 peccati
1326 1089 1496 1144 nostri
1528 1090 1732 1145 scilicet
1754 1108 1876 1146 cor-

285 1188 380 1247 pus
404 1189 713 1235 assumens.
747 1184 925 1233 tamcn
958 1176 1072 1245 ipse
1100 1195 1208 1234 non
1240 1191 1446 1248 peccat.
1492 1181 1687 1237 Missus
1726 1198 1878 1239 nam-

282 1282 383 1338 que
409 1269 562 1323 estin
585 1268 787 1338 peccati
807 1269 987 1326 carnis
1011 1271 1396 1338 similitudine;
1419 1284 1639 1343 portans
1656 1275 1873 1345 quidem

282 1358 330 1415 in
356 1374 527 1416 carne
557 1372 794 1429 peccata,
817 1362 912 1419 sed
943 1372 1148 1419 nostra.
1172 1364 1238 1419 Et
1264 1380 1363 1436 pro
1394 1367 1550 1422 nobis
1572 1367 1741 1433 dolet,
1767 1383 1873 1425 non

280 1460 332 1507 et
359 1451 567 1511 doloris
587 1452 757 1509 nostri
780 1452 927 1510 dolet
945 1470 1110 1511 sensu
1138 1475 1150 1511 :
1175 1457 1297 1527 quia
1326 1466 1382 1514 et
1411 1458 1594 1514 habitu
1621 1471 1678 1514 ut
1712 1460 1876 1517 homo

281 1553 531 1615 repertus
554 1584 570 1610 ,
613 1544 819 1603 habens
857 1548 909 1603 in
937 1562 998 1605 se
1025 1547 1229 1605 doloris
1263 1565 1481 1620 corpus,
1524 1551 1618 1607 sed
1646 1567 1750 1607 non
1779 1552 1875 1607 ba-

279 1637 409 1694 beus
429 1647 678 1693 naturam
709 1639 947 1706 dolendi,
971 1640 1097 1696 dum
1127 1644 1189 1696 et‘
1215 1641 1289 1714 (a)
1316 1652 1372 1699 ιιι
1402 1642 1635 1701 hominis
1661 1643 1873 1701 habitus

279 1739 377 1797 est,
406 1741 465 1786 et
489 1731 640 1804 origo
668 1746 775 1787 non
806 1733 1039 1789 hominis
1068 1744 1173 1798 est,
1197 1743 1322 1790 nato
1352 1735 1871 1809 eodeconceptione

1984 547 2214 595 mortem
2241 538 2441 593 Christi
2474 540 2542 592 ita
2588 536 2873 610 signiﬁcat,
2908 547 2966 592 ut
2992 553 3156 593 carne
3184 553 3244 593 se
3274 538 3489 609 spoliet,
3523 546 3578 595 et

1983 640 2277 703 potestates
2305 648 2425 688 cum
2456 633 2649 689 ﬁducia
2688 633 3030 701 dehonestet,
3075 634 3223 688 etde
3259 633 3340 689 his
3388 634 3439 689 in
3486 651 3577 690 εε-

1983 727 2216 795 metipso
2255 726 2551 796 triumphet
2578 726 2644 797 (ll
2677 724 2798 781 Cor.
2830 744 2925 783 xui
2952 770 2965 793 ,
2998 725 3076 800 3).
3126 727 3183 784 Si
3230 728 3282 782 in
3328 729 3577 797 passione

1982 833 2077 874 sua
2110 820 2406 875 necessitas
2429 833 2531 884 εει,
2565 828 2618 875 ει
2649 835 2754 875 non
2785 820 2972 875 salutis
3015 829 3117 874 tua:
3142 819 3343 875 donum
3371 830 3487 887 est;
3530 822 3575 875 si

1981 911 2035 967 in
2066 927 2226 969 cruce
2254 913 2413 969 dolor
2439 911 2835 984 compungendi
2864 920 2976 975 est.
3006 920 3059 966 et
3098 928 3202 967 non
3232 912 3470 980 decreti,
3503 911 3575 985 (ε)

1980 1005 2120 1077 quod
2143 1006 2193 1060 in
2226 1015 2277 1060 te
2309 1021 2455 1060 mors
2478 1012 2560 1061 est
2584 1005 2803 1075 scripta,
2833 1004 3067 1059 conlisio
3107 1012 3223 1069 est;
3249 1005 3289 1058 si
3324 1005 3374 1059 in
3402 1014 3578 1060 morte

1978 1100 2062 1153 vis
2084 1096 2272 1154 mortis
2298 1107 2403 1164 est,
2436 1106 2617 1152 etnon
2649 1113 2741 1167 per
2768 1104 3087 1167 potestatem
3113 1096 3204 1151 Dei
3234 1097 3413 1151 carnis
3439 1112 3574 1151 exu-

1977 1188 2081 1245 viae
2098 1198 2255 1253 sunt;
2286 1189 2330 1244 si
2363 1188 2593 1257 denique
2639 1204 2789 1243 mors
2820 1190 2931 1258 ipsa
2962 1187 3104 1243 aliud
3137 1196 3240 1253 εει,
3282 1204 3442 1259 quam
3478 1205 3574 1256 po.

1978 1293 2183 1340 tentum
2208 1284 2602 1348 dehonestatio,
2628 1298 2786 1354 quam
2809 1282 3024 1346 ﬁducia,
3050 1298 3207 1351 quam
3233 1281 3534 1353 triumphus
3560 1299 3573 1336 :

1976 1377 2224 1432 adscribe
2253 1376 2641 1441 inﬁrmitatem,
2677 1377 2720 1430 si
2749 1376 2819 1431 ibi
2853 1375 3148 1431 necessitas
3174 1382 3257 1430 est
3284 1382 3337 1429 et
3363 1386 3574 1441 natura,

1976 1469 2021 1525 si
2052 1470 2121 1525 ibi
2147 1470 2226 1525 vis
2253 1478 2335 1525 est
2365 1479 2417 1525 et
2446 1468 2745 1525 diffidentia
2769 1478 2821 1524 et
2845 1468 3101 1524 dedecus.
3131 1468 3222 1524 Sin
3244 1476 3421 1523 autem
3448 1467 3566 1521 haec

1976 1579 2008 1618 e
2060 1561 2334 1619 contrario
2385 1563 2436 1617 in
2487 1569 2824 1618 sacramento
2872 1560 3136 1629 passionis
3186 1559 3575 1629 praedicantur;

1976 1656 2118 1727 quis,
2164 1670 2317 1725 rogo,
2354 1653 2501 1709 furor
2520 1664 2623 1717 est,
2650 1651 2925 1723 repudiata
2969 1651 3226 1706 doctrinm
3271 1651 3579 1721 apostolicae

1976 1748 2082 1803 lide
2103 1748 2267 1821 356
2297 1756 2505 1801 mutare
2528 1760 2745 1801 sensum
2778 1742 3075 1814 religionis,
3103 1751 3158 1797 et
3185 1751 3351 1798 totum
3380 1741 3485 1798 hoc
3507 1740 3577 1815 (Γ)

282 1825 516 1895 Spiritus
546 1825 741 1881 sancti.
784 1825 948 1900 355
984 1825 1119 1883 llinc
1149 1827 1331 1899 itaque
1374 1830 1672 1889 testimatus
1697 1840 1781 1887 est
1824 1840 1878 1888 ει
1907 1827 1956 1888 Β
1982 1838 2048 1894 ad
2079 1838 2459 1894 contumeliam
2510 1836 2792 1893 imbecillis
2824 1850 3014 1907 rapere
3047 1842 3282 1896 naturae,
3337 1834 3478 1904 quod
3525 1843 3580 1889 et

280 1918 330 1975 in
350 1917 631 1975 doloribus
657 1929 710 1974 et
741 1919 793 1976 in
821 1921 970 1991 plaga
997 1929 1052 1975 et
1073 1922 1127 1977 in
1145 1924 1430 1979 vexatione
1450 1939 1591 1980 esse.
1624 1922 1874 1983 Formam

284 2011 423 2067 enim
457 2011 603 2068 servi
648 2011 898 2082 accepit:
928 2020 986 2069 et
1022 2023 1179 2075 natus
1206 2030 1271 2075 ex
1302 2016 1510 2085 virgine
1544 2018 1706 2073 homo
1756 2020 1876 2089 cpi-

286 2104 504 2165 nionem
535 2105 692 2163 nobis
728 2108 988 2163 naturalis
1026 2107 1128 2166 sibi
1177 2111 1228 2166 in
1272 2112 1525 2182 passione
1555 2113 1760 2170 doloris
1800 2117 1879 2171 in-

287 2198 455 2254 vexit.
488 2197 615 2272 Ipse
660 2210 831 2255 autem
879 2200 1175 2259 uulneratus
1207 2212 1318 2269 est;
1370 2204 1469 2261 sed
1524 2216 1732 2276 propter
1772 2209 1877 2263 ini-

287 2294 504 2364 quitates
565 2302 785 2351 nosnos.
851 2293 984 2353 Nam
1058 2296 1307 2367 quamvis
1375 2298 1449 2355 sit
1516 2298 1830 2357 vulneratus
1862 2342 1877 2367 ,

289 2400 395 2441 non
442 2394 623 2443 tamen
672 2384 969 2457 iniquitatis
994 2402 1106 2445 suta:
1136 2388 1330 2447 vulnus
1361 2397 1447 2444 est
1476 2407 1489 2443 :
1518 2400 1573 2446 et
1616 2391 1880 2464 quidquid

292 2479 513 2550 patitur,
546 2496 652 2539 non
690 2480 798 2535 sibi
826 2481 1047 2550 patitur.
1085 2481 1202 2539 Non
1230 2482 1373 2539 enim
1404 2483 1504 2539 sibi
1539 2483 1699 2540 homo
1726 2498 1882 2544 natus

292 2579 393 2637 est,
426 2586 527 2631 nec
565 2586 631 2627 ex
663 2587 722 2629 se
752 2573 968 2643 iniquus
993 2584 1098 2629 est.
1141 2574 1395 2633 TeStatur
1432 2580 1724 2649 Apostolus
1751 2596 1881 2637 can-

291 2675 405 2718 sam
452 2662 872 2734 dispensntionis
920 2667 1072 2725 istius
1118 2668 1350 2726 dicens:
1405 2671 1626 2730 Orontes
1676 2675 1748 2747 (ὁ)
1793 2692 1883 2744 ρει·

294 2752 552 2823 Christum
579 2759 898 2819 reconciliari
920 2756 1066 2815 Deo:
1092 2778 1226 2829 euut,
1259 2764 1347 2833 qui
1376 2782 1478 2820 non
1504 2768 1737 2841 coynovit
1754 2785 1884 2841 pec-

294 2856 479 2915 catum,
529 2865 629 2918 pro
669 2849 814 2909 nobis
844 2861 1103 2920 peccatum
1130 2855 1249 2925 fecit
1272 2856 1341 2927 (Il
1367 2854 1488 2913 Cor.
1521 2874 1574 2925 v,
1607 2859 1724 2930 30).
1755 2860 1886 2917 Pec-

293 2947 469 2995 catum
497 2939 641 3011 enim
668 2940 721 2995 in
760 2956 922 3001 carne
951 2958 1048 3013 per
1074 2956 1355 3014 peccatum
1386 2948 1844 3007 condemnaturus
1865 2992 1882 3018 ,

295 3031 494 3100 peccati
523 3031 651 3088 licet
674 3046 896 3104 expers,
930 3033 1098 3093 lactus
1125 3046 1208 3092 est
1228 3037 1342 3107 ipse
1371 3048 1669 3109 peccatum,
1701 3040 1753 3100 id
1780 3052 1883 3111 est,

297 3134 387 3191 per
414 3135 632 3177 carnem
659 3133 938 3194 peccatum
966 3126 1020 3180 in
1050 3140 1215 3183 carne
1235 3129 1630 3199 condemnatis,
1661 3131 1735 3206 (c)
1764 3149 1883 3190 car-

297 3213 380 3270 nis
404 3216 621 3285 quidem
661 3217 898 3285 nescius,
928 3218 1024 3277 sed
1056 3234 1154 3290 pro
1182 3220 1338 3281 nobis
1366 3236 1493 3279 caro
1523 3224 1695 3283 lactus
1742 3237 1826 3283 est
1866 3245 1879 3281 :
1909 3212 1954 3276 C

295 3319 347 3364 ει
400 3310 600 3367 idcirco
654 3319 878 3385 pr0pter
940 3313 1252 3387 iniquitates
1304 3328 1517 3374 neStras
1563 3329 1649 3383 est
1698 3320 1885 3378 vulne-

295 3410 463 3458 ratus.

368 3495 454 3553 ιε.
482 3495 677 3553 Christi
703 3498 866 3553 virtus
892 3499 947 3553 in
971 3501 1210 3570 passione
1231 3501 1435 3557 emicat.
1489 3502 1675 3560 Passio
1696 3503 1887 3561 Christi

299 3589 602 3661 triumphus.
650 3621 722 3633 —
761 3590 1230 3649 Czeterum'nescit
1261 3593 1312 3649 in
1344 3593 1564 3652 Christo
1592 3597 1884 3670 Apostolus

297 3682 701 3754 trepidationem
732 3685 957 3755 doloris.
988 3684 1122 3742 Nam
1161 3686 1615 3756 disnensatiouetn
1643 3689 1723 3763 (ιι)
1760 3705 1885 3760 pas-

298 3779 465 3834 sionis
486 3780 783 3845 locuturus,
831 3782 884 3836 in
910 3790 1247 3838 sacramento
1274 3797 1394 3837 eam
1427 3783 1719 3840 divinitatis
1751 3801 1888 3855 pra:-

296 3868 507 3937 dicavit,
545 3870 736 3929 dicens
769 3888 783 3926 :
818 3871 1029 3928 Danaus
1056 3872 1198 3928 vobis
1233 3874 1406 3928 omnia
1434 3886 1671 3944 peccata,
1713 3877 1888 3934 dolens

301 3964 431 4030 quod
469 3963 740 4018 densum
778 3979 871 4019 nos
917 3965 1017 4036 fuit
1065 3965 1466 4039 chirographum
1491 3968 1545 4021 in
1591 3971 1884 4037 sententiis,

298 4055 429 4122 quod
457 4065 563 4109 erat
605 4055 924 4109 contrarium
949 4054 1117 4122 nobis,
1150 4055 1333 4111 tollens
1360 4056 1492 4111 illud
1524 4056 1589 4111 de
1623 4057 1809 4129 medio,
1837 4068 1888 4115 et

302 4144 493 4221 aﬁgens
521 4147 657 4207 illud
686 4149 847 4213 cruci,
874 4148 1106 4220 spoliant
1143 4166 1197 4204 se
1224 4166 1401 4219 carne,
1421 4159 1467 4207 et
1503 4152 1821 4223 principatus
1840 4161 1890 4209 et

302 4252 560 4309 potestates
599 4243 829 4303 traduxit
855 4259 972 4307 cum
996 4243 1207 4312 ﬁducia,
1249 4245 1571 4314 triumphans
1599 4260 1684 4300 eos
1723 4246 1776 4301 in
1804 4262 1888 4303 u-

304 4335 725 4409 mstipsowotou.
760 4350 831 4402 ιι,
856 4336 924 4391 15
945 4346 993 4390 et
1018 4334 1207 4407 seqq.).
1238 4337 1604 4393 Succumbere
1630 4353 1764 4413 ergo
1794 4341 1887 4399 tibi

307 4425 499 4497 ridetur
524 4427 710 4487 Virtus
748 4428 847 4484 ista
873 4427 1116 4484 vulneris
1142 4428 1325 4497 clavo;
1370 4438 1423 4485 et
1451 4431 1519 4487 ad
1549 4432 1710 4489 ictum
1738 4448 1889 4497 com-

306 4523 571 4594 pungentis
621 4522 877 4579 exterrita
904 4562 920 4590 ,
952 4521 1264 4587 demutasse
1301 4539 1361 4582 se
1401 4524 1457 4583 in
1501 4536 1745 4585 naturam
1792 4527 1891 4585 do-

1980 1934 2232 1990 voluntas
2261 1938 2420 1988 estet
2445 1941 2864 1993 sacramentum,
2892 1928 3034 1999 quod
3063 1938 3116 1983 et
3145 1935 3382 1998 potestas
3412 1936 3497 1982 est
3525 1936 3581 1982 et

1980 2026 2171 2082 fiducia
2202 2034 2257 2081 et
2282 2023 2618 2094 triumphus?
2647 2022 2974 2092 Triumphus
2993 2021 3150 2092 plane
3180 2026 3279 2085 est,
3314 2017 3483 2090 qumri
3513 2018 3577 2074 ad

1979 2134 2219 2181 crucem,
2265 2127 2318 2173 et
2357 2118 2669 2172 olierentcm
2719 2130 2779 2169 se
2827 2130 2933 2169 non
2983 2112 3273 2177 sustineri;
3324 2120 3471 2167 stare
3512 2112 3580 2166 ad

1981 2211 2302 2269 sententiam
2334 2210 2544 2276 mortis,
2576 2207 2670 2264 sed
2712 2206 2837 2263 inde
2879 2219 3258 2263 consessurnm
3302 2218 3331 2257 a
3375 2198 3581 2256 dextris

1980 2304 2228 2369 virtutis;
2276 2301 2471 2372 conligi
2517 2300 2704 2365 clavis,
2737 2299 2833 2355 sed
2864 2313 2960 2369 pro
2990 2294 3429 2368 persecutoribus
3458 2306 3580 2347 ora-

1982 2412 2081 2461 re;
2111 2403 2322 2450 acetum
2354 2404 2573 2464 potare,
2614 2391 2706 2447 sed
2737 2398 3133 2447 sacramentum
3162 2398 3578 2450 consummare;

1984 2488 2241 2559 deputari
2277 2488 2418 2542 inter
2448 2487 2681 2556 iniquos,
2713 2483 2805 2539 sed
2837 2483 3145 2554 paradisum
3176 2479 3416 2535 donare:
3461 2478 3572 2533 ele-

1982 2583 2101 2638 vari
2133 2584 2184 2636 in
2214 2582 2378 2652 ligno,
2411 2580 2506 2635 sed
2529 2588 2723 2633 terram
2753 2584 3024 2641 tremere;
3050 2574 3284 2643 pendere
3312 2572 3364 2626 in
3395 2584 3578 2638 cruce,

1984 2677 2084 2733 sed
2113 2676 2281 2731 solem
2312 2689 2375 2729 ac
2404 2673 2546 2728 diem
2591 2672 2666 2743 (g)
2698 2669 2920 2740 lugere;
2952 2669 3101 2723 exire
3139 2685 3170 2720 ε
3201 2680 3452 2736 corpore,
3483 2663 3578 2719 scd

1985 2785 2243 2827 revocare
2282 2768 2491 2823 animas
2532 2767 2584 2821 in
2621 2779 2886 2835 corpora;
2914 2762 3129 2832 sepeliri
3157 2767 3454 2823 mortuum,
3482 2756 3577 2812 sed

1988 2876 2268 2931 resurgere
2311 2859 2512 2925 Deum;
2539 2856 2833 2915 secundum
2860 2855 3130 2915 hominem
3160 2868 3258 2924 pro
3300 2850 3457 2905 nobis
3499 2850 3580 2905 in-

1989 2956 2141 3011 ﬁrma
2172 2954 2349 3010 omnia
2377 2953 2508 3023 pati,
2540 2949 2636 3007 sed
2662 2949 2957 3006 secundum
2989 2949 3157 3005 Deum
3183 2945 3238 3002 in
3282 2945 3367 3001 his
3398 2944 3580 3001 omni-

1988 3049 2086 3104 bus
2120 3045 2471 3115 triumphare.

2058 3139 2151 3197 49.
2191 3138 2500 3194 Derelictum
2547 3136 2812 3208 objiciunt.
2871 3133 3036 3202 Quam
3076 3130 3208 3186 nihil
3254 3130 3377 3185 inde
3420 3128 3583 3193 confi-

1988 3234 2146 3288 ciant.
2179 3263 2249 3274 —
2290 3230 2480 3286 Restat
2522 3229 2681 3284 nobis
2713 3227 2920 3293 adhuc,
2952 3235 3011 3282 ut
3037 3224 3308 3281 haereticis
3335 3221 3544 3277 videtur
3564 3262 3579 3285 ,

1986 3342 2179 3397 magna
2216 3333 2273 3383 et
2315 3324 2495 3396 gravis
2523 3321 2791 3378 confessa:
2835 3318 3160 3377 inlirmitatis
3203 3315 3499 3389 professio,
3527 3323 3584 3370 et

1987 3419 2219 3482 maxime
2242 3417 2410 3484 ipsius
2438 3414 2648 3471 Domini
2673 3413 2895 3473 vocibus
2926 3413 3089 3478 edita,
3119 3426 3239 3466 cum
3271 3410 3346 3464 ait
3376 3426 3389 3463 :
3420 3406 3580 3470 Deus,

1987 3509 2129 3565 Deus
2154 3524 2325 3575 naeus,
2352 3523 2510 3579 quare
2548 3522 2628 3560 me
2654 3505 2966 3575 dereliquisti
2997 3502 3212 3576 (Matth.
3247 3515 3423 3565 xxv",
3450 3496 3584 3570 Mi)?

1986 3603 2118 3671 Quae
2145 3601 2392 3659 maxima:
2430 3600 2666 3670 querela:
2710 3612 2834 3655 esse
2875 3594 3188 3667 intelligitur
3233 3591 3582 3664 protestatio,

1986 3694 2308 3752 derelictum
2336 3708 2395 3747 se
2423 3706 2549 3747 esse
2588 3689 2878 3760 conqueri,
2920 3686 3328 3754 intirtnitatique
3355 3682 3583 3753 pennis-

1988 3786 2144 3843 sum?
2178 3785 2374 3839 Verum
2424 3782 2540 3843 lucc
2570 3783 2750 3851 impiae
2783 3776 3153 3848 intelligentiae
3182 3776 3417 3830 violenta
3449 3786 3587 3842 prat-

1986 3877 2258 3948 sumptio,
2297 3890 2455 3947 quam
2495 3873 2597 3933 sibi
2629 3872 2854 3927 inomni
2896 3868 3165 3925 dictorum
3192 3865 3583 3920 dominicorutu

1992 3985 2192 4043 genere
2224 3976 2590 4039 compugnat:
2633 3975 2693 4025 ut
2730 3964 2822 4037 qui
2850 3962 2917 4021 ad
2957 3970 3185 4027 mortem
3240 3956 3478 4025 festinat,
3528 3962 3587 4009 ut

1987 4063 2079 4134 qui
2112 4076 2207 4130 per
2234 4075 2353 4115 eant
2396 4056 2837 4115 bonoriiicandus
2882 4061 2985 4117 est,
3017 4061 3075 4108 ut
3120 4052 3210 4123 qui
3253 4057 3375 4122 post
3403 4062 3521 4103 eam
3554 4061 3585 4101 a

1989 4153 2193 4215 dextris
2222 4151 2436 4206 virtutis
2472 4163 2720 4206 sessurus
2750 4154 2854 4214 est,
2886 4147 2939 4202 in
2971 4145 3056 4200 his
3083 4153 3162 4200 tot
3191 4139 3583 4199 beatitudinum

1942 4280 1955 4286 -
1989 4247 2168 4305 causis
2193 4246 2328 4307 mori
2361 4244 2618 4313 timuerit,
2669 4250 2723 4300 et
2763 4243 2834 4297 ob
2865 4240 2915 4296 id
2946 4238 3011 4294 ad
3056 4238 3430 4297 necessitatem
3466 4249 3584 4291 tuo.

1989 4342 2164 4399 riendi
2186 4341 2463 4397 desertum
2484 4353 2543 4394 se
2564 4353 2596 4395 ιι
2638 4338 2757 4393 Deo
2794 4351 2892 4393 suo
2916 4343 3196 4406 queratur,
3226 4347 3347 4392 cum
3375 4333 3427 4391 in
3459 4328 3585 4389 beav

1989 4438 2059 4491 tis
2093 4434 2199 4491 illis
2221 4442 2367 4490 esset
2392 4442 2622 4491 mortem
2651 4428 2900 4493 obeundo
2927 4426 3245 4483 mansurus!

2063 4533 2152 4588 50.
2194 4528 2492 4589 Commenta
2511 4542 2687 4585 eorum
2711 4527 2854 4581 varia
2884 4525 2947 4581 de
2982 4522 3132 4579 Verbi
3154 4531 3199 4577 et
3220 4519 3438 4577 hominis
3464 4533 3590 4572 con-

306 4612 466 4674 tendi?
498 4616 697 4690 Atquin
723 4616 1016 4687 Apostolus
1045 4615 1302 4690 loquente
1330 4618 1384 4675 in
1414 4634 1474 4675 se
1493 4617 1712 4675 Christo
1736 4621 1884 4678 locu-
1912 4602 1960 4663 Ι)
1977 4625 2272 4696 junctione.
2295 4652 2368 4664 —
2392 4620 2533 4690 Quin
2559 4617 2812 4677 etiamad
2833 4613 3247 4688 irreligiositatis
3268 4610 3427 4683 hujus
3449 4617 3587 4665 tam.-

368 4821 530 4896 (a)_ln
583 4822 735 4896 prius
780 4821 1009 4896 vulgatis
1058 4820 1471 4896 desiderabatur
1499 4825 1757 4894 particula
1785 4835 1881 4883 ut:

302 4889 538 4964 de'cujus
560 4889 614 4950 v'i
633 4894 835 4965 ridesis
860 4889 1022 4965 supra
1042 4894 1152 4949 col.
1187 4892 1314 4961 565,
1348 4904 1460 4950 not.
1494 4889 1545 4964 ᾖ.

389 4965 437 5035 ὸ)
457 4963 619 5023 ίεάἰιὶ
640 5007 653 5028 ,
680 4982 773 5035 pro
796 4963 999 5021 Christo
1024 4982 1037 5021 :
1071 4965 1429 5021 emendantur
1449 4963 1515 5020 ex
1545 4980 1678 5023 mss.

389 5035 433 5106 ιε)
497 5035 656 5107 Apud
700 5036 818 5101 Er.,
843 5038 1010 5092 carnis
1067 5035 1270 5107 quidem
1327 5037 1521 5106 peccati
1550 5038 1769 5104 nescius,
1793 5040 1883 5094 sed

309 5107 388 5175 pro
424 5108 564 5165 nobis
617 5123 739 5165 raro
791 5107 955 5176 {actus
982 5109 1165 5180 carnis
1207 5108 1491 5162 similitudo
1522 5110 1716 5180 peccati
1760 5120 1879 5166 est:

308 5187 496 5251 merum
527 5180 819 5251 glossema,
851 5178 995 5248 quod
1039 5189 1215 5233 tamen
1265 5178 1542 5251 arripuerc
1591 5190 1878 5251 sequentes

306 5248 569 5306 editiones.
603 5250 816 5307 Peccati
853 5264 1055 5319 expers
1085 5260 1138 5304 et
1178 5250 1357 5305 carnis
1380 5248 1602 5306 nescius
1629 5248 1876 5307 Christus

308 5320 610 5384 przedicatur
639 5336 703 5376 cx
729 5336 824 5393 sua
846 5331 1035 5375 natura
1062 5328 1117 5374 et
1159 5330 1286 5379 ante
1327 5330 1660 5393 assumptum
1692 5323 1878 5378 homi-

303 5401 435 5509 ἷιῑέιιι,
457 5407 518 5448 ex
554 5391 924 5463 assumptione
948 5402 1130 5448 autem
1157 5399 1212 5447 et
1240 5391 1593 5462 peccatum—et
1617 5408 1744 5449 caro
1767 5393 1880 5450 iac-

330 5474 397 5516 us.

370 5530 446 5613 id)
490 5533 643 5613 Apud
685 5531 807 5613 lin,
831 5531 980 5613 Lips.
1014 5532 1237 5613 etPar.,
1266 5534 1875 5613 dispensationem/tunc.

306 5596 476 5675 genus
502 5596 654 5661 abest
693 5596 827 5659 hanc
854 5596 1055 5660 a'Bad.
1098 5613 1153 5660 et
1182 5596 1477 5675 potioribus
1508 5622 1637 5663 mss.
1670 5605 1880 5667 Clarius

312 5666 390 5726 hic
407 5672 630 5748 Hilarius
650 5690 877 5748 scOpum
909 5691 1065 5731 suum
1089 5666 1342 5743 ostendit,
1368 5692 1427 5735 se
1450 5677 1657 5737 scilicet
1679 5666 1882 5748 passio?

314 5751 448 5827 item.
469 5743 663 5827 Christi
696 5743 994 5827 praedicare
1021 5758 1300 5827 peractam
1326 5747 1378 5803 in
1407 5743 1726 5827 sacramento
1752 5749 1880 5827 dicit

319 5816 502 5877 uitatis:
526 5816 592 5874 de
618 5816 720 5891 qua
764 5826 949 5893 postea
972 5816 1225 5890 subjicit;
1261 5816 1602 5881 Succumbere
1640 5837 1759 5897 ergo
1788 5822 1880 5881 tibi

1989 4828 2189 4885 videtur
2227 4825 2405 4887 Virtus
2448 4824 2549 4881 ista
2587 4823 2809 4883 uulneris
2836 4823 2998 4881 clauo.
3032 4819 3112 4885 Ab
3140 4819 3370 4877 humana
3400 4826 3582 4875 autem

1989 4910 2179 4955 natura
2220 4907 2424 4953 tantum
2454 4904 2601 4950 arcet
2630 4894 2963 4949 necessitatis
2994 4890 3369 4945 contumeliam
3397 4906 3409 4942 :
3441 4889 3502 4944 Si
3530 4890 3582 4943 in

1990 4972 2227 5040 passione
2250 4986 2344 5027 sua
2357 4968 2626 5040 necessitas
2646 4973 2741 5040 est,
2763 4975 2866 5023 etc.
2901 4962 3072 5040 Quam
3091 4963 3461 5040 necessitatem
3490 4976 3584 5015 na-

1989 5032 2123 5097 inrre
2150 5042 2370 5096 nomine
2396 5039 2665 5099 interdum
2703 5032 2870 5093 donat
2902 5053 2913 5089 :
2947 5032 3009 5090 Si
3037 5034 3105 5089 ibi
3126 5033 3395 5091 necessitas
3434 5041 3506 5088 est
3532 5040 3582 5085 et

1986 5123 2193 5176 natura,
2222 5113 2265 5167 si
2295 5112 2363 5167 ibi
2385 5111 2458 5173 vis
2484 5118 2578 5172 est.
2606 5119 2712 5165 etc.

2061 5205 2132 5278 (ε)
2174 5203 2231 5259 ln
2261 5203 2449 5260 codice
2470 5202 2591 5257 Vat.
2623 5201 2776 5269 bas.,
2804 5216 2905 5266 quo
2926 5201 2983 5255 in
3010 5208 3076 5254 te.

2058 5298 2134 5370 (ll
2179 5296 2346 5361 Εάῖιί.
2378 5303 2606 5365 execpto
2629 5293 2750 5348 Par.
2770 5334 2785 5359 ,
2815 5294 2883 5347 ad
2912 5291 3305 5349 imbecillitatem
3328 5299 3373 5347 et
3397 5300 3578 5346 contu-

1984 5372 2189 5424 meliam
2216 5384 2393 5438 rapere
2427 5375 2645 5421 naturw.

2059 5462 2135 5537 (g)
2182 5463 2270 5517 Er.
2310 5458 2572 5537 _et_Lips.
2627 5461 2810 5537 fugare
2836 5475 2854 5513 :
2883 5466 2937 5524 et
2976 5472 3098 5537 mgx
3128 5496 3143 5529 ,
3177 5471 3274 5537 pro
3313 5469 3580 5537 resurgere

1989 5527 2187 5598 Deam,
2240 5527 2638 5601 substituerant'
2672 5527 2957 5601 resurgere.
3018 5528 3268 5599 Demu‘m,
3317 5527 3493 5601 qutul__
3525 5535 3579 5591 ct

1987 5597 2259 5683 postrema
2301 5602 2536 5683 editione
2568 5598 2688 5683 Par.
2733 5597 3127 5683 prailatuuLest
3164 5617 3174 5654 :
3226 5597 3579 5683 renitentibus

1986 5669 2106 5732 aliis
2135 5675 2306 5732 libris.
2340 5676 2423 5737 Ait
2456 5671 2685 5746 Hilarius
2714 5669 2973 5746 resurgere
2990 5669 3157 5743 Deum
3184 5671 3413 5746 adeum
3466 5684 3578 5724 mo-

1985 5746 2525 5825 dum,_quo_superius
2543 5740 2978 5825 docelChris'tum
3006 5740 3193 5808 totum,
3210 5745 3369 5825 etiam
3387 5754 3583 5821 secuti:

1984 5810 2435 5887 dum'ltbmine'm,
2465 5823 2585 5890 post
2614 5812 3062 5891 resurrectionem
3094 5828 3215 5873 esse
3241 5810 3431 5891 Deum.
3534 5818 3539 5821 ‘
