4094 6180
473 275 582 335 585

1659 265 1904 324 SANCTI
1966 265 2223 323 lllLARll
2263 263 2570 324 EPISCOPl

3664 266 3770 323 58‘

470 406 634 466 quam
661 389 731 449 ad
759 399 1118 465 prteparatam
1149 389 1250 446 sibi
1289 389 1453 460 viam,
1500 402 1600 460 per
1629 387 1683 444 id
1714 388 1924 460 ingenia
1957 387 2069 444 hre-
2095 389 2150 452 Α
2174 387 2360 456 homo,
2388 387 2492 443 hoc
2512 386 2709 443 habeat
2734 387 2851 457 sui,
2873 384 2939 461 (i)
2966 400 3072 458 quo
3093 401 3214 445 esse
3239 387 3404 445 homo
3432 390 3594 461 coepit
3617 406 3779 450 exor-

472 485 642 542 retica
671 481 1024 549 contendunt,
1055 480 1199 553 quod
1224 489 1317 536 aut
1354 480 1620 537 defecisse
1649 481 1874 536 omnino
1892 481 2069 536 Deum
2173 480 2321 537 dium
2344 522 2359 549 ,
2389 496 2549 552 quem
2577 480 2918 537 extrinsecus
2966 482 3207 552 protensi
3234 485 3506 541 sermonis
3534 495 3779 558 potestas

472 574 712 632 Verbum
731 575 782 629 in
799 574 1030 628 animam
1049 572 1293 644 corporis
1313 572 1521 639 volunt,
1548 579 1608 627 ut
1630 586 1736 628 non
1757 571 1897 627 idem
1916 570 2074 627 fuerit

474 669 632 727 Jesus
660 666 905 723 Christus
927 664 1159 721 hominis
1185 665 1343 733 tilius,
1373 665 1463 736 qui
1488 673 1544 722 et
1582 664 1676 721 Dei
1702 664 1871 732 filius;
1903 672 1955 720 et
1981 671 2075 719 aut

472 760 544 818 de
563 774 624 815 se
645 757 720 831 (a)
751 756 1009 815 defecerit
1034 757 1175 814 Deus
1203 755 1474 823 Verbum,‘
1495 755 1624 810 dum
1670 769 1869 825 corpus
1897 751 2075 810 officio

476 853 675 909 anima:
703 852 972 917 viviticat;
999 862 1093 905 aut
1132 851 1353 905 omnino
1380 848 1455 922 (ὁ)
1484 865 1585 905 nec
1628 847 1791 904 fuerit
1828 847 2076 902 Christus

478 946 644 1001 homo
689 951 869 1005 natus.
900 942 1025 1012 quia
1056 942 1109 996 in
1140 956 1205 998 eo
1238 941 1333 997 Dei
1364 941 1601 997 Verbum
1648 940 1810 996 modo
1854 939 2078 1011 spiritus

474 1034 807 1109 prophetalis
832 1033 1174 1090 habitaverit.
1203 1033 1308 1090 Sed
1342 1033 1587 1089 ridiculae
1618 1032 1780 1103 hujus
1809 1030 2080 1099 perversi-

478 1130 603 1185 tatis
631 1142 789 1184 error
825 1128 878 1182 in
922 1127 1187 1195 majorem
1229 1141 1291 1182 se
1321 1127 1614 1198 impietatis
1641 1125 1885 1182 extendit
1912 1123 2080 1180 auda-

473 1222 636 1289 ciam,
667 1235 735 1275 ne
763 1219 919 1275 Jesus
946 1217 1197 1275 Christus
1217 1258 1232 1285 ,
1278 1226 1405 1274 ante
1432 1233 1593 1289 quam
1622 1233 1688 1273 ex
1728 1216 1894 1272 Maria
1922 1224 2079 1271 natus

474 1322 583 1381 est,
624 1310 871 1367 Christus
900 1311 1014 1366 sit:
1047 1310 1175 1366 dum
1206 1326 1313 1365 non
1345 1312 1435 1381 qui
1473 1320 1589 1365 erat
1633 1317 1793 1365 natus
1845 1318 1952 1375 est,
1982 1308 2078 1364 sed

477 1405 547 1462 ad
576 1405 628 1463 id
657 1415 768 1460 tum
790 1404 1024 1478 primum
1057 1404 1200 1476 quod
1229 1404 1389 1478 357
1430 1414 1585 1459 natus
1611 1414 1692 1459 est
1727 1401 1801 1474 (c)
1827 1402 2075 1473 cceperit.

477 1499 585 1556 Per
618 1499 773 1570 quod
823 1499 986 1554 etiam
1029 1498 1162 1554 illud
1211 1499 1327 1553 vitii
1369 1497 1696 1569 adjungitur,
1738 1505 1799 1553 ut
1825 1496 1907 1569 (ά)
1938 1497 2080 1552 Deus

481 1590 721 1648 Verbum
751 1602 1021 1662 tamquam
1059 1606 1187 1662 pars
1226 1591 1407 1661 aliqua
1434 1591 1695 1645 virtutum
1727 1590 1819 1644 Dei
1845 1589 2079 1660 quodam

482 1696 553 1742 se‘
582 1692 757 1740 tractu
799 1682 1223 1739 continuationis
1265 1681 1584 1748 extendens,
1617 1680 1889 1738 hominem
1930 1681 2078 1738 illum

2177 573 2245 629 ad
2269 575 2523 628 virtutem
2553 574 2930 644 Operationum
2955 574 3398 643 confirmaverit;
3450 578 3540 649 qui
3574 595 3717 636 nunc
3744 595 3777 636 a

2178 666 2272 721 Dei
2312 664 2490 721 Verbo
2517 672 2794 721 contracta
2844 681 3060 722 rursum
3114 669 3458 738 protentione
3482 670 3733 727 desertus
3756 713 3773 740 ,

2177 758 2380 814 clamet
2408 775 2422 812 :
2458 757 2621 824 Deus,
2650 758 2789 813 Deus
2819 775 2960 814 meus
2980 800 2996 825 ,
3025 775 3183 828 quare
3208 777 3289 815 me
3316 761 3673 832 dereliquisti?
3692 765 3775 821 vel

2177 860 2326 909 certe
2350 861 2485 917 tum,
2514 869 2635 909 cum
2665 853 2719 908 in
2764 853 3000 908 animam
3027 854 3270 924 corporis
3293 870 3321 908 a
3351 854 3448 910 Dei
3492 854 3657 912 Verbi
3679 873 3777 913 na-

2180 954 2297 1001 tura
2321 946 2628 1002 demutatus
2649 956 2752 1013 est,
2784 954 3011 1017 paterno
3035 947 3086 1002 in
3122 948 3373 1004 omnibus
3397 963 3529 1004 usus
3552 950 3773 1019 auxilio,

2180 1054 2321 1094 nunc
2350 1040 2505 1108 inops
2553 1038 2670 1110 ejus
2722 1040 2995 1111 mortique
3046 1039 3379 1110 permissus,
3428 1039 3776 1098 solitudinem

2180 1146 2330 1187 suam
2360 1141 2746 1203 conqueratur,
2771 1133 3280 1203 relinquentemque
3315 1148 3375 1187 se
3400 1142 3620 1204 arguat:
3650 1150 3775 1190 om-

2182 1225 2342 1296 nique
2369 1223 2531 1280 modo
2555 1224 2829 1280 exitiabile
2849 1224 3093 1293 decepta:
3138 1224 3265 1278 tidei
3294 1217 3594 1296 periculum
3625 1241 3781 1282 com-

2182 1325 2401 1388 paretur
2423 1358 2439 1384 ,
2470 1316 2514 1370 si
2545 1326 2639 1371 aut
2669 1317 2721 1371 in
2751 1316 2865 1372 Deo
2898 1316 3076 1373 Verbo
3108 1315 3397 1387 signiﬁcari
3439 1319 3780 1373 existimetur

2182 1416 2388 1463 naturae
2435 1407 2723 1465 infirmitas
2773 1424 2868 1479 per
2919 1408 3229 1478 querelam;
3281 1416 3374 1463 aut
3416 1410 3636 1464 omnino
3679 1424 3782 1466 nec

2181 1504 2346 1560 fuerit
2368 1504 2513 1560 Deus
2540 1503 2802 1572 Verbum,
2846 1503 2973 1559 dum
2999 1502 3215 1559 Christo
3248 1502 3376 1559 Jesu
3400 1501 3580 1560 Maria:
3601 1504 3781 1561 solum

2184 1611 2372 1672 partus
2394 1600 2678 1656 exordium
2705 1609 2808 1655 est.

2257 1694 2423 1769 358
2451 1695 2541 1751 52.
2572 1694 2732 1749 Fides
2751 1711 2868 1750 vera
2889 1694 3142 1751 haeretij
3173 1694 3407 1750 adversa.
3422 1725 3493 1736 —
3508 1692 3615 1751 Sed
3641 1695 3785 1751 inter

479 1780 573 1851 (ιιιί
608 1794 640 1834 ³
667 1777 829 1835 nam
860 1793 982 1834 esse
1009 1779 1177 1849 εωβίι
1202 1776 1526 1833 habitaverit
1544 1819 1560 1845 r
1597 1785 1652 1833 θι
1680 1776 1971 1832 Virtutibus
1996 1776 2081 1832 (Ῑίο
2114 1782 2162 1843 Β
2191 1788 2853 1860 hasimpiasintirmasque
2870 1790 3191 1855 sententias,
3211 1788 3469 1844 Ecclesia:
3497 1787 3629 1844 fides
3650 1804 3787 1860 apo-

484 1872 622 1928 vinaz
645 1873 977 1943 Operationis
1004 1872 1353 1938 instruxerit;
1382 1869 1578 1926 animae
1610 1878 1789 1926 tamen
1819 1884 1932 1926 sum
1962 1884 2081 1926 mo-

481 1973 540 2022 tu
566 1972 868 2036 naturaque
897 1966 1190 2020 viventem.

464 2068 469 2074 ‘
555 2059 649 2116 51.
678 2057 894 2114 Errores
922 2058 1041 2114 inde
1067 2057 1389 2113 consectarii.
1420 2086 1492 2097 —-
1535 2055 1640 2111 Per
1683 2054 1822 2110 hanc
1850 2052 1924 2127 (ε)
1951 2068 2082 2126 ergo

487 2154 741 2212 subtilem
772 2153 1195 2224 pestiferamque
1219 2150 1524 2208 doctrinam
1552 2148 1893 2205 deducuntur
1919 2149 1975 2204 in
2005 2151 2084 2204 vi-

483 2249 641 2316 tium,
671 2256 734 2305 ut
772 2256 866 2304 aut
894 2249 1039 2304 Deus
1068 2246 1307 2304 Verbum
1351 2246 1531 2301 anima
1562 2244 1805 2314 corporis
1853 2258 1948 2312 per
1989 2242 2085 2299 de-

486 2342 841 2400 mutationem
894 2341 964 2415 (f)
1008 2350 1218 2397 natura:
1254 2355 1313 2395 se
1354 2338 1682 2395 intirmantis
1710 2335 2007 2401 exstiterit,
2030 2343 2086 2391 et

485 2434 722 2493 Verbum
747 2434 826 2509 (g)
856 2435 998 2491 Deus
1026 2448 1151 2490 esse
1179 2431 1445 2489 defecerit
1472 2449 1486 2486 :
1509 2437 1604 2485 aut
1629 2443 1842 2484 rursum
1874 2442 1970 2497 per
1992 2443 2086 2484 ex-

486 2530 741 2587 teriorem
790 2529 1099 2600 nudamque
1136 2538 1384 2583 naturam
1434 2525 1708 2581 hominem
1758 2523 1911 2578 illum
1969 2524 2085 2579 sola

485 2621 592 2676 vita
619 2622 815 2677 animae
855 2621 1131 2677 moventis
1159 2620 1479 2684 animatum,
1521 2617 1600 2690 (It)
1631 2618 1684 2672 in
1715 2629 1823 2686 quo
1851 2614 2084 2671 Verbum

488 2713 610 2780 Dei,
660 2713 712 2769 id
742 2723 850 2783 est,
881 2713 1131 2786 quaedam
1178 2712 1330 2783 quasi
1378 2719 1619 2782 potestas
1644 2719 1890 2766 extensae
1939 2710 2087 2765 vocis

496 2806 839 2876 habitaverit,
872 2816 1036 2878 atque
1060 2807 1136 2864 ita
1157 2807 1304 2864 omni
1328 2804 1490 2861 modo
1522 2803 1859 2875 impiissimte
1891 2803 2087 2859 intelli-

490 2905 689 2974 gentiae
715 2902 896 2958 aditus
921 2902 1208 2974 pandatur,
1239 2910 1296 2955 ut
1333 2910 1425 2956 aut
1453 2900 1597 2955 Deus
1623 2897 1861 2955 Vcrbttm
1888 2899 1941 2953 in
1972 2898 2088 2953 ani-

495 3008 638 3050 mam
663 2993 962 3061 defecerit,
993 3009 1093 3052 nec
1123 2991 1482 3065 permanserit
1511 2992 1654 3047 Deus
1696 2990 1966 3057 Verbum;
1995 2999 2089 3046 aut

490 3085 715 3141 omnino
743 3085 990 3143 Christus
1017 3095 1143 3142 ante
1175 3093 1385 3157 partum
1410 3083 1592 3139 Mariae
1613 3098 1721 3138 non
1753 3082 2088 3155 fuerit;quia

2183 1881 2408 1938 stolocis
2436 1880 2637 1936 imbuta
2655 1881 2917 1937 doctrinis
2938 1882 3087 1937 novit
3108 1882 3162 1937 in
3183 1879 3400 1936 Christo
3425 1883 3783 1952 nativitatem,

2188 1972 2281 2030 sed
2312 1958 2524 2045 igriorat
2549 1973 2850 2028 exordium.
2886 1972 2998 2030 Scit
3024 1972 3509 2043 dispensationem,
3553 1974 3648 2029 sed
3690 1989 3789 2030 ne-

2184 2067 2289 2123 scit
2313 2066 2659 2123 divisionem.
2690 2064 2807 2121 Non
2836 2064 2914 2141 (j)
2950 2066 3149 2136 patitur
3188 2063 3462 2121 Christum
3493 2064 3702 2132 Jesum,
3728 2075 3789 2121 ut

2184 2159 2344 2216 Jesus
2370 2175 2476 2214 non
2509 2159 2625 2230 ipse
2667 2159 2736 2213 sit
2762 2156 3011 2213 Christus
3039 2175 3053 2212 :
3086 2172 3184 2213 nec
3222 2157 3392 2213 tilium
3432 2157 3668 2214 hominis
3699 2158 3786 2232 (Is)

2184 2253 2445 2309 discernit
2467 2268 2497 2308 a
2523 2252 2619 2308 Dei
2646 2250 2775 2316 tilio,
2807 2266 2874 2306 ne
2923 2250 3074 2306 filius
3108 2250 3168 2323 (ι)
3204 2251 3300 2307 Dei
3334 2252 3469 2308 forte
3495 2266 3603 2308 non
3628 2262 3684 2308 et
3716 2253 3789 2307 ti-

2185 2348 2290 2403 lius
2317 2345 2555 2402 hominis
2591 2344 2945 2417 intelligatur.
2978 2343 3095 2399 Non
3123 2344 3358 2400 absumit
3400 2344 3566 2400 tilium
3599 2345 3692 2401 Dei
3731 2346 3789 2400 in

2186 2440 2356 2498 ﬁlium
2425 2437 2675 2495 hominis.
2749 2437 2938 2509 Neque
3003 2437 3267 2508 tripartita
3329 2428 3605 2493 Christum
3680 2437 3793 2495 fide

2188 2535 2409 2603 scindit,
2432 2534 2584 2607 cujus
2609 2534 2676 2590 de
2696 2549 2859 2605 super
2879 2543 3021 2588 texta
3042 2533 3210 2588 vestis
3225 2532 3453 2588 inscissa
3475 2542 3560 2588 est
3577 2531 3789 2606 (loan.,

2189 2646 2301 2695 xix,
2327 2629 2424 2697 25)
2473 2645 2486 2684 :
2539 2638 2595 2683 ttt
2634 2626 2823 2683 Jesum
2848 2624 3123 2682 Christum
3174 2634 3229 2682 et
3268 2625 3323 2681 in
3370 2624 3608 2682 Verbum
3646 2635 3702 2682 et
3730 2628 3790 2683 in

2188 2722 2421 2777 animam
2452 2728 2506 2775 et
2536 2721 2589 2774 in
2628 2732 2828 2789 corpus
2862 2717 3086 2784 incidat,
3141 2732 3314 2789 neque
3354 2733 3569 2773 rursum
3614 2718 3792 2775 Deum

2190 2812 2427 2868 Verbum
2442 2811 2564 2868 etin
2581 2811 2817 2866 animam
2838 2819 2892 2867 et
2914 2810 2965 2865 in
2980 2824 3179 2881 corpus
3202 2808 3668 2865 absumatJ‘otum
3688 2808 3787 2883 (ut)

2190 2908 2238 2961 ei
2269 2906 2412 2962 Deus
2442 2906 2680 2962 Verbum
2711 2914 2795 2961 est
2816 2947 2830 2972 ,
2862 2914 3032 2961 totum
3078 2904 3128 2960 ei
3175 2902 3340 2961 homo
3367 2903 3616 2961 Christus
3660 2914 3745 2961 est
3770 2922 3791 2973 ;

2190 2998 2435 3054 retinens
2463 2998 2565 3053 hoc
2595 2997 2647 3052 in
2680 3005 3025 3053 sacramento
3053 2996 3412 3052 confessionis
3440 3011 3549 3051 suae
3577 3012 3743 3051 unum
3768 3039 3794 3066 ,

2192 3105 2293 3144 nec
2318 3087 2592 3145 Christum
2624 3087 2768 3143 aliud
2798 3087 3025 3144 credere
3054 3102 3213 3158 quam
3241 3086 3449 3156 Jesum,
3478 3102 3579 3143 nec
3603 3087 3797 3145 Jesum

488 3172 646 3233 Jesus
674 3176 943 3245 Christus,
977 3177 1174 3235 animm
1210 3176 1386 3231 solum
1408 3175 1712 3231 communis
1742 3186 1797 3230 et
1834 3175 2085 3246 corporis
2110 3172 2156 3235 C
2187 3181 2334 3237 aliud
2376 3180 2669 3252 praedicare
2694 3197 2855 3252 quam
2879 3180 3150 3237 Christum
3184 3180 3287 3254 ‘(n).

564 3299 643 3375 (a)
711 3301 896 3375 Pravae
946 3303 1100 3372 hujus
1139 3300 1410 3375 opinionis
1432 3305 1747 3375 auctorem,
1784 3312 1888 3375 non
1916 3296 2089 3375 Eat):—

488 3366 652 3438 clten',
684 3388 792 3428 non
835 3366 1249 3444 Apollinarium,
1295 3370 1390 3427 sed
1416 3366 1920 3444 Ariumuessejam
1951 3366 2088 3444 dixi-

489 3458 632 3511 mus,
660 3459 724 3500 ac
752 3439 908 3501 testis
935 3457 1016 3502 est
1042 3444 1372 3502 Theodoret.
1417 3440 1509 3493 lib.
1535 3454 1567 3493 v
1597 3439 1740 3511 liter.
1775 3440 1879 3494 fab.
1909 3455 1959 3495 c.
1995 3442 2083 3497 lt.

494 3513 728 3585 Explosa
750 3526 834 3572 est
858 3532 886 3570 a
911 3516 1142 3573 concilio
1162 3516 1320 3570 Rom.
1344 3518 1668 3585 procurante
1700 3510 2088 3585 DamasoPapa

490 3579 752 3662 adversum
778 3589 1173 3662 Apollinarium
1196 3579 1385 3642 coacto
1402 3580 1544 3653 apud
1572 3579 1908 3662 Theodore}.
1931 3579 2036 3638 lib.
2053 3600 2085 3640 v

490 3655 630 3715 Hist.
665 3650 906 3714 Ecclfc.
943 3660 1011 3716 10
1040 3669 1096 3716 et
1125 3662 1214 3721 tt,
1254 3670 1309 3713 et
1337 3650 1496 3712 antea
1523 3667 1554 3705 a
1589 3651 1821 3706 concilio
1846 3650 2083 3710 Alexan-

494 3729 682 3794 drino,
719 3747 809 3784 an.
843 3730 981 3799 562,
1013 3731 1156 3799 apud
1190 3728 1449 3785 Athenas.
1478 3724 1637 3799 epist.
1662 3722 1729 3777 ad
1759 3722 2010 3780 Antioch.

570 3801 647 3873 (b)
689 3801 815 3857 llaec
843 3794 1108 3858 sententia
1139 3802 1263 3858 licet
1294 3814 1417 3873 cum
1448 3794 1728 3873 superiore
1755 3806 1974 3873 pugnet,
2020 3796 2088 3873 ab

495 3864 894 3946 iisdemjtamen
928 3868 1505 3946 propngnatur.l§t_de
1531 3864 1930 3946 Apollinaristis
1968 3868 2087 3939 qui-

495 3941 618 3999 dem
663 3938 1250 4019 observat'Gr'egorius
1302 3938 1699 4019 N_t1_zi:tliz..U‘l:._
1740 3951 1844 4019 ut,
1901 3938 2084 4019 secum

494 4028 591 4069 eos
623 4031 881 4086 pugnare,
913 4033 1013 4073 nec
1054 4007 1254 4071 audere
1293 4015 1395 4071 nisi
1440 4008 1582 4082 apud
1629 4007 1768 4063 ﬁdos
1795 4009 2087 4080 discipulos

496 4087 565 4141 de
583 4087 865 4159 divinitate
891 4089 1184 4159 disputare.

571 4156 646 4284 ξ)
678 4160 734 4213 In
764 4151 1018 4231 vulgatis,
1051 4176 1159 4216 esse
1187 4154 1608 4238 cmperit._A_best
1625 4166 1732 4206 esse
1759 4167 1791 4204 a
1818 4166 1951 4207 mss.
1976 4151 2091 4235 iloc

571 4246 579 4279 ε
623 4230 783 4284 tonis.
811 4247 875 4284 ac
908 4232 1250 4284 postmodum
1279 4229 1494 4282 Phottnt
1525 4231 1893 4280 commentum
1922 4221 2091 4281 fuisse

500 4221 783 4301 llehionis,
811 4221 887 4285 at?
908 4221 1250 4301 postmodum
1279 4228 1893 4301 Photinicommentum
1922 4221 2091 4281 fuisse

499 4295 661 4354 docet
687 4300 828 4355 liber
855 4295 948 4367 vti,
981 4319 1036 4356 ιι.
1071 4304 1126 4367 7,
1154 4316 1210 4356 et
1237 4314 1398 4355 nemo
1427 4296 1655 4367 dubitat.

572 4369 652 4441 (ά)
682 4364 970 4426 Plautinum
996 4375 1070 4428 ita
1097 4364 1334 4427 Sensisse
1355 4369 1523 4441 liquet
1536 4382 1622 4441 _ex
1643 4366 1740 4441 _lih.
1771 4364 1841 4420 de
1885 4366 2089 4438 Synod.

500 4456 556 4496 ιι.
582 4437 829 4504 It5,sicut
853 4457 921 4497 ex
943 4444 1036 4499 lib.
1069 4443 1172 4498 Ide
1199 4442 1379 4503 Trin.,
1409 4437 1464 4493 ιι.
1492 4438 1577 4501 16,
1604 4437 1822 4506 planum
1838 4437 1941 4506 est,
1969 4453 2091 4492 eum

502 4526 533 4566 a
564 4512 799 4569 Sabellio
825 4513 963 4570 hanc
989 4516 1286 4571 doctrinam
1320 4525 1441 4565 esse
1465 4504 1788 4562 mutuatum.
1825 4504 1923 4561 Cui
1970 4510 2087 4577 qui-

502 4583 919 4660 dem_Damasus
947 4586 1086 4660 Papa
1103 4584 1243 4660 apud
1270 4580 1697 4660 Theodoretum,
1731 4577 1824 4632 lib.
1848 4593 1900 4644 ν,
1934 4579 2090 4660 c.ll,

499 4655 788 4711 anathema
818 4657 951 4712 dicit
972 4651 1055 4713 his
1076 4651 1257 4712 verbis
1289 4672 1301 4706 :
1335 4651 1838 4706 Anatltematizamus
1859 4664 1947 4703 eos
1970 4690 1985 4714 ,
2007 4653 2093 4716 qui

515 4726 732 4783 Verbum
763 4727 859 4782 Dei
880 4731 1169 4784 extensione
1194 4738 1241 4782 et
1271 4725 1614 4780 contractione
1633 4737 1665 4774 α
1692 4721 1852 4774 Patre
1878 4736 2092 4790 separa—

501 4808 610 4923 :ium
636 4809 682 4853 et
707 4800 1138 4856 insubstantivum
1163 4810 1213 4856 et
1240 4801 1394 4870 linem
1424 4793 1719 4849 habiturum
1748 4808 1858 4846 esse
1885 4802 2095 4848 conten-

541 4883 649 4923 ιιηι.

541 4883 649 4927 unt.

570 4944 640 5017 (re)
681 4944 851 5001 Abest
876 4962 994 5017 ergo
1019 4961 1046 4999 a
1076 4945 1232 5009 Bad.,
1257 4943 1354 4999 Er.
1386 4955 1449 4997 ac
1476 4953 1606 5017 mss.
1648 4934 1803 4991 Colb.
1828 4942 1885 4989 et
1904 4934 2089 4992 Germ.

500 5012 714 5092 "aberit
743 5012 985 5092 nonnulli
1017 5017 1132 5080 alii.
1166 5019 1276 5071 Iure
1302 5031 1421 5092 ergo
1449 5027 1537 5092 per
1563 5012 1741 5092 Ιιειηει,
1863 5085 1874 5092 _
1921 5077 1940 5092 ,
1965 5078 1978 5091 ,

571 5086 639 5160 (Ῑ)
673 5087 828 5152 Bad.,
856 5089 912 5143 in
935 5077 1171 5142 naturam
1192 5102 1300 5142 sum
1325 5077 1661 5155 inﬁrmitatis.
1702 5078 1795 5161 Er.
1824 5085 1882 5161 et
1920 5077 2095 5161 [ripsﬂ

501 5148 606 5232 per.
618 5148 1028 5232 demutationem
1041 5170 1369 5232 naturw‘sute
1383 5148 1450 5232 :in
1475 5164 1718 5209 naturam
1736 5148 2093 5232 fitfirntitatis.

574 5230 654 5304 (9)
697 5230 753 5285 Ιη
784 5230 917 5304 Solis
947 5230 1197 5304 vulgatis,
1238 5230 1350 5304 Dei.
1379 5227 1498 5304 iam
1540 5238 1689 5304 nunt.
1722 5219 1791 5277 49
1833 5220 2057 5304 legimus
2078 5262 2094 5288 ,

499 5292 680 5358 autwde
704 5320 758 5357 se
783 5292 1203 5373 defecerit'Deus
1235 5301 1365 5373 (non
1391 5298 1508 5373 Dei)
1546 5294 1771 5351 Verbum
1798 5307 1812 5358 ;
1845 5292 2098 5362 idemque

501 5374 951 5448 infrahAabetttr.‘
1010 5445 1048 5448 Η
1202 5446 1207 5448 Α
1282 5443 1323 5448 _-
1387 5443 1398 5448 _
1532 5440 1544 5448 _
1602 5439 1652 5448 ,,
1943 5435 1956 5448 .

574 5448 655 5517 lli)
681 5445 905 5518 Supple,
930 5444 1251 5501 habitaverit.
1282 5439 1803 5518 Verbumhabitavit
1814 5434 2087 5518 hominem

502 5534 604 5591 per
628 5513 825 5593 nudam
852 5517 1269 5593 naturam,_hoc
1288 5526 1373 5593 est
1391 5558 1405 5579 .
1460 5514 1564 5571 sibi
1595 5529 1700 5568 non
1723 5513 2088 5593 cohaerentem

504 5589 603 5647 nec
621 5590 1046 5647 substantialiter
1062 5589 1286 5654 unitum,
1310 5589 1555 5655 adeoque
1572 5601 1722 5642 mere
1743 5589 2088 5648 exteriorem,

502 5661 551 5719 si
578 5671 784 5717 tantum
816 5662 869 5716 in
896 5662 1133 5727 Christo,
1163 5670 1224 5716 ut
1247 5661 1301 5716 in
1334 5658 1611 5731 prophetis
1643 5657 1821 5731 fuerit.

576 5732 639 5805 (ὅ)
668 5731 823 5805 Bad.,
851 5732 1006 5805 quod!
1032 5725 1139 5786 esse
1177 5725 1349 5786 homo:
1385 5725 1668 5805 Editiones
1693 5726 1847 5797 aliae,
1877 5725 2015 5797 quod
2033 5731 2090 5778 ut

504 5801 630 5862 esset
659 5801 831 5858 Itonia.
864 5801 1206 5872 Castigantur
1234 5810 1300 5857 ex
1332 5803 1463 5857 mss:

2273 3303 2348 3378 (j)
2388 3303 2670 3378 Mallemus
2713 3304 2957 3374 partitur.
2989 3304 3143 3360 Hunc
3176 3304 3352 3378 locum
3383 3304 3667 3378 attendant
3695 3321 3799 3363 ve-

2196 3375 2435 3445 lini,qui
2465 3375 2725 3430 ltilarium
2769 3377 3061 3445 cpinantur
3095 3376 3356 3441 sensisse,
3389 3392 3420 3430 ιι
3447 3377 3660 3445 Christo
3706 3393 3803 3434 se-

2194 3444 2425 3503 cessisse
2456 3446 2614 3500 Verbi
2641 3444 2998 3511 divinitatem,
3015 3462 3139 3502 cum
3165 3447 3441 3514 clamavit,
3468 3444 3630 3514 Deus,
3649 3447 3799 3503 Deus

2196 3535 2361 3583 meus,
2387 3515 2648 3575 etc..Cum
2664 3519 2806 3573 enim
2831 3517 2947 3573 iltRC
2965 3535 3031 3574 ex
3049 3520 3363 3574 earumdem
3388 3517 3676 3574 verborum
3700 3535 3802 3575 oc—

2195 3589 2416 3645 casione
2441 3589 2584 3660 dicat
2613 3589 2873 3645 adversus
2900 3604 3015 3656 eos,
3044 3591 3137 3660 qui
3171 3589 3307 3645 duas
3327 3587 3529 3645 Christi
3570 3600 3799 3647 naturas

2195 3669 2289 3714 aut
2323 3659 2680 3728 confundunt,
2714 3670 2807 3715 aut
2825 3659 3106 3728 separant;
3132 3660 3347 3728 iniquus
3372 3664 3593 3716 omnino
3620 3673 3791 3730 esset,

2192 3732 2238 3786 si
2269 3746 2362 3786 eas
2385 3732 2500 3801 ipse
2534 3740 2814 3803 separatas
2841 3747 2907 3788 ex
2933 3731 3126 3788 iisdem
3166 3733 3348 3787 verbis
3370 3732 3753 3788 intellexisset.

2264 3822 2342 3897 (k)
2377 3822 2614 3880 Verbum
2644 3824 2879 3880 discerno
2916 3823 3005 3897 hic
3044 3825 3440 3897 separationetn
3492 3834 3648 3880 sonat
3688 3842 3703 3881 :
3736 3833 3798 3881 at

2190 3895 2284 3952 lib.
2322 3895 2396 3957 ix,
2427 3912 2484 3951 ιι.
2515 3898 2567 3950 6.
2603 3904 2918 3951 naturarum
2949 3896 3230 3952 dumtaxat
3251 3895 3670 3952 distinctionem.

2265 3967 2328 4041 (ι)
2360 3967 2417 4022 1η
2444 3976 2627 4023 vetere
2655 3983 2757 4023 ms.
2790 3968 2938 4032 Colb.
2969 3965 3132 4023 Deus.
3184 4034 3185 4037 η

2264 4058 2364 4130 (m)
2392 4059 2448 4114 Id
2480 4068 2592 4125 est,
2625 4059 2866 4115 Ecclesia
2897 4059 2951 4114 in
2979 4058 3192 4114 Christo
3213 4059 3309 4115 Dei
3332 4058 3494 4115 Verbi
3527 4059 3800 4116 hominis-

2192 4147 2297 4200 que
2328 4140 2548 4186 naturas
2576 4135 2646 4185 ita
2669 4134 2845 4185 unitas
2866 4130 3073 4196 credit,
3104 4140 3164 4187 ut
3182 4133 3232 4187 ei
3266 4141 3409 4199 totus
3430 4130 3667 4187 Verbum
3695 4133 3795 4196 sit,

2195 4209 2342 4257 totus
2371 4202 2552 4256 homo.
2585 4202 2739 4268 Quod
2770 4203 2849 4256 sic
2876 4202 3123 4272 declarat
3146 4203 3255 4258 Leo
3277 4203 3443 4272 Papa,
3471 4204 3628 4270 epist.
3649 4219 3799 4259 nunc

2194 4288 2357 4343 xcvu,
2385 4273 2452 4327 ad
2496 4273 2790 4329 monachos
2824 4271 3125 4329 Palasstinte
3153 4291 3167 4328 :
3212 4271 3321 4329 Nec
3358 4271 3569 4329 interest
3593 4291 3661 4329 ea:
3690 4291 3799 4343 qua

2196 4342 2433 4399 Christus
2471 4344 2753 4398 substantia
2804 4344 3136 4412 nominetur;
3190 4342 3747 4413 cuminseparabiliter
3773 4388 3793 4412 ,

2196 4424 2432 4487 manente
2452 4417 2647 4470 unitate
2689 4432 2940 4485 personw,
2968 4415 3103 4469 idem
3131 4418 3197 4470 sit
3243 4427 3293 4470 et
3321 4428 3454 4470 tatus
3478 4415 3702 4471 hominis
3730 4417 3799 4487 fi-

2199 4485 2299 4540 lius
2323 4496 2531 4559 propter
2565 4503 2790 4559 carnem,
2839 4498 2886 4541 et
2906 4496 3068 4559 "totus
3100 4487 3193 4542 Dei
3217 4488 3356 4556 filius
3376 4499 3605 4559 propter
3630 4485 3797 4542 unam

2201 4505 2299 4540 nus
2323 4505 2531 4558 propter
2565 4505 2790 4551 carnem,
2839 4505 2886 4541 et
2931 4505 3068 4541 totus
3100 4505 3192 4542 uet
3217 4505 3356 4556 [mus
3434 4505 3605 4559 raptor
3630 4505 3797 4542 unam

2201 4573 2316 4611 cum
2357 4557 2518 4612 Patre
2573 4558 2834 4612 deitatem.
2887 4558 3144 4626 Quamvis
3181 4560 3325 4614 enim
3375 4505 3703 4628 'lyheologis,
3736 4568 3799 4613 ut

2200 4629 2543 4684 observatum
2574 4637 2680 4691 est,
2713 4644 2833 4701 pag.
2883 4631 2974 4701 41,
3025 4629 3369 4698 postmodum
3420 4630 3705 4701 placuerit,
3735 4641 3799 4685 ttt

2199 4715 2301 4754 vox
2328 4710 2486 4754 totum
2517 4701 2568 4755 in
2601 4709 2819 4756 naturas
2846 4700 3098 4764 eaderct,
3147 4710 3203 4756 et
3242 4710 3378 4755 totus
3406 4700 3472 4755 ad
3504 4716 3795 4769 personam

2200 4769 2496 4826 referretur
2520 4811 2535 4837 ,
2566 4774 2840 4840 quomodo
2865 4771 2935 4826 ab
2971 4770 3090 4840 ipso
3118 4771 3322 4827 Hilario
3361 4772 3593 4826 refertur
3624 4773 3678 4825 in
3710 4772 3798 4827 his

2200 4857 2348 4913 num.
2390 4841 2484 4910 22,
2517 4843 2639 4913 quin
2661 4853 2795 4898 totus
2821 4842 3041 4896 hominis
3066 4841 3208 4912 ﬁlius
3239 4851 3374 4897 totus
3400 4840 3496 4898 Dei
3522 4842 3663 4912 ﬁlius
3682 4844 3750 4897 sit
3779 4860 3795 4902 :

2201 4912 2341 4985 hanc
2389 4912 2565 4968 tamen
2605 4915 2842 4985 regulam
2888 4914 3055 4984 ipsius
3105 4928 3222 4985 aevo
3264 4913 3501 4968 nondum
3560 4914 3795 4984 positam

2198 4982 2370 5040 fuisse
2391 4985 2559 5054 liquet
2600 4982 2688 5040 vel
2731 5001 2797 5041 ex
2826 4982 2929 5040 hoc
2955 4984 3095 5040 loco.
3142 4984 3244 5050 Qui
3294 4999 3426 5041 sane
3455 4982 3796 5054 non‘pugnat

2199 5071 2322 5111 cum
2346 5056 2520 5110 altero
2559 5057 2790 5122 libritx,
2819 5071 2875 5110 n.
2911 5056 2967 5122 6,
3001 5055 3091 5110 ubi
3117 5069 3223 5115 non
3248 5056 3359 5125 jam
3400 5069 3646 5125 personte
3672 5057 3798 5111 uni-

2201 5135 2387 5198 tatem,
2417 5127 2513 5181 sed
2553 5138 2864 5182 naturarum
2893 5126 3297 5182 distinctionem
3329 5137 3602 5198 spectans,
3644 5137 3797 5182 recte

2199 5197 2358 5253 docet
2386 5198 2656 5253 hominem
2686 5215 2716 5252 a
2747 5198 2858 5254 Deo
2880 5197 3300 5253 discernendum
3333 5197 3515 5253 {sicut
3538 5212 3661 5252 cum
3690 5197 3795 5253 ltu-

2201 5270 2384 5324 milem
2418 5268 2559 5324 illius
2601 5281 2842 5336 statum,
2894 5268 3296 5339 gloriosumqne
3338 5270 3633 5335 discernit;
3683 5284 3792 5325 non

2200 5341 2341 5395 male
2371 5340 2626 5410 prazdicat
2670 5340 2736 5413 id
2753 5356 2876 5395 eum
2907 5349 3114 5413 tantum
3144 5355 3238 5411 per
3267 5350 3599 5413 postremum
3654 5341 3795 5397 obti.

2200 5426 2353 5478 nere,
2388 5421 2444 5466 ut
2465 5414 2532 5466 sit
2562 5420 2697 5467 totus
2716 5410 2868 5467 homo
2890 5422 3022 5468 totus
3043 5410 3204 5467 Deus.

2270 5508 2346 5580 (η)
2370 5508 2517 5564 Editi
2560 5517 2680 5580 post
2706 5508 2988 5563 Erasmum
3013 5508 3099 5565 hic
3125 5507 3452 5580 subjiciunt,_
3464 5516 3513 5560 et
3537 5502 3795 5580 Deiml’er-

2197 5574 2316 5637 tuan
2329 5574 2638 5652 {glossema
2653 5580 2796 5652 quod
2812 5580 2962 5636 abest
2984 5598 3015 5636 a
3044 5580 3174 5635 Bad.
3197 5574 3252 5634 et
3278 5593 3411 5652 mss.
3428 5578 3601 5652 P_urro
3612 5574 3791 5633 Chris-

2198 5661 2306 5707 tum
2326 5648 2584 5714 Verhum.
2602 5648 2781 5708 Iesum
2801 5660 2979 5706 autem
3009 5652 3281 5707 hominem
3298 5665 3328 5704 a
3346 5648 3525 5705 Verbo
3543 5663 3790 5718 assump-

2199 5732 2310 5781 tum
2336 5723 2571 5794 llilarius
2599 5722 2883 5794 intelligit;
2910 5722 3001 5794 qui
3030 5735 3091 5781 ut
3119 5736 3281 5794 supra
3312 5729 3507 5791 totum,
3544 5721 3617 5776 ita
3645 5730 3786 5777 nunc

2199 5737 2310 5781 tum
2336 5737 2571 5778 tmartus
2599 5737 2845 5793 intelligit
2870 5740 2883 5775 :
2910 5737 2963 5846 qi

2197 5794 2342 5852 illiut!
2369 5793 2433 5851 ad
2462 5795 2750 5863 personam
2779 5790 2921 5852 refer
2942 5829 2963 5845 η.
