4094 6180
483 202 591 269 δατ
676 282 681 289 λ

1659 194 1903 266 SANCTI
1941 194 2197 265 uiuum
2237 201 2537 266 EPISCOPI

3674 204 3781 265 588

488 330 683 391 ninms,
713 333 768 382 et
788 338 979 381 causas
1022 338 1132 380 non
1160 320 1522 393 intelligimus.
1560 320 1668 379 Sed
1690 321 1963 378 Christum
1986 320 2076 377 Je—
2105 322 2152 382 Α
2179 337 2351 393 usque
2371 321 2438 376 ad
2473 328 2703 378 mortem
2731 329 2834 389 est,
2864 329 2917 377 et
2946 335 3044 392 pro
3072 320 3167 378 Del
3198 318 3367 391 gloria
3396 324 3498 374 est.
3526 318 3788 372 Dominus

487 438 607 475 sum
636 419 708 493 (a)
740 431 795 476 et
823 420 894 475 ita
917 419 1316 489 iutelligentes,
1341 418 1611 484 sciemus;
1659 427 1714 473 et
1764 416 1938 487 magis
1981 432 2079 488 pu-

489 522 666 568 tantes
696 527 795 567 nos
817 510 1143 579 intelligere,
1172 509 1503 564 nescietuus.

555 602 645 658 55.
699 601 1070 673 Lacrymarum
1098 598 1288 655 Christi
1321 600 1640 671 mysterium.
1684 626 1757 642 --
1802 597 1920 655 Jam
1952 612 2084 653 vero

485 704 742 764 quantum
788 691 919 747 illud
951 700 1036 746 est
1064 691 1332 747 dictorum
1363 700 1420 747 et
1443 700 1723 763 gesturum
1773 705 2086 746 sacramen—

485 797 596 841 tum
623 825 639 851 ,
671 783 804 840 ﬂere
837 782 1135 850 Christum,
1169 792 1224 837 et
1255 799 1351 852 per
1378 782 1546 838 animi
1593 781 1670 856 (1)
1702 796 1959 852 angorem
1992 780 2075 835 la-

485 890 700 949 crymas
739 874 908 931 oculis
963 873 1191 931 efﬂuere
1236 873 1390 944 (Luc.
1440 889 1554 942 ιιι,
1583 876 1714 944 bl)!
1768 873 1921 930 Unde
1965 872 2083 943 ejus

483 968 676 1024 animat
706 968 822 1024 ιιςιεθ
849 966 973 1022 vitia
1001 1008 1017 1035 ,
1044 974 1104 1023 ut
1129 965 1311 1023 ﬂetum
1361 968 1575 1038 corpori
1618 966 1852 1022 tristitiae
1882 979 2086 1020 mteror

484 1063 701 1119 eliciat?
731 1061 800 1117 Et
828 1077 948 1132 qua:
978 1075 1162 1116 rerum
1194 1059 1486 1124 acerbitas,
1517 1068 1572 1114 et
1615 1058 1958 1114 intolerantia
1988 1058 2085 1113 do-

474 1158 617 1223 loris
643 1156 1068 1214 descendentem
1098 1155 1167 1213 de
1195 1155 1351 1211 caelis
1377 1155 1544 1209 lilium
1574 1152 1809 1207 hominis
1833 1152 1886 1206 in
1921 1150 2088 1221 lacry-

484 1268 602 1307 mas
632 1251 919 1307 dissolvit?
956 1249 1093 1318 Quid
1132 1250 1204 1305 sit
1239 1248 1459 1311 deinde,
1486 1245 1630 1317 quod
1660 1246 1715 1301 in
1743 1260 1809 1301 eo
1832 1242 2081 1299 ﬂeverit?

485 1344 701 1400 Deusue
727 1343 994 1409 Verbum,
1031 1357 1099 1397 an
1145 1342 1388 1411 corporis
1421 1337 1497 1412 (ὁ)
1545 1339 1626 1393 sui
1681 1337 1907 1393 anima?
1951 1334 2084 1391 Nam

485 1437 729 1509 quamvis
759 1437 1120 1508 lacrymarum
1148 1433 1387 1489 cilicium
1435 1433 1488 1487 in
1537 1445 1770 1502 corpore
1822 1429 1929 1494 sit;
1967 1427 2086 1483 ani-

412 1572 417 1577 .
486 1531 559 1585 mi
582 1530 657 1603 (c)
688 1539 868 1584 tamen
894 1543 986 1582 eas
1006 1570 1020 1595 ,
1065 1527 1116 1580 iu
1149 1525 1449 1580 ministerio
1482 1522 1750 1593 corporis,
1776 1520 1932 1591 quasi
1960 1518 2085 1590 qui-

488 1622 611 1677 dam
645 1635 847 1676 mmror
869 1619 1115 1675 exsudat.
1149 1617 1283 1672 Tum
1322 1614 1517 1672 deinde
1543 1629 1665 1685 qum
1681 1615 1729 1669 ei
1759 1611 1827 1668 ad
1848 1610 2084 1667 ﬂendum

2187 414 2330 468 enim
2355 414 2428 468 ait
2458 431 2472 468 :
2501 412 2786 485 luﬁrmitas
2807 415 2906 468 ista
2930 430 3038 468 non
3063 422 3140 468 est
3171 428 3332 483 usque
3355 412 3423 466 ad
3444 420 3673 476 mortem,
3701 412 3791 466 sed

2185 522 2280 577 pro
2329 505 2496 579 gloria
2543 504 2674 573 Dei,
2705 514 2762 560 ut
2792 507 3160 575 honori/ierim
3190 503 3335 574 ﬁlius
3385 501 3488 557 Dei
3531 519 3624 573 per
3671 519 3790 559 eum

2185 595 2351 669 (Ibid.
2384 597 2464 657 5i.
2488 597 2632 653 Mors
2656 612 2809 669 ergo,
2837 612 2960 669 quae
2986 596 3327 668 glorificandi
3372 596 3467 652 Dei
3495 610 3657 650 causa
3682 604 3788 664 est,

2186 690 2352 746 ﬂendi
2392 691 2665 747 tristitiam
2714 706 2819 747 non
2850 691 3136 747 alferebat.
3164 688 3271 747 Sed
3303 704 3372 746 ne
3400 689 3451 743 iu
3485 704 3551 744 eo
3570 689 3788 760 quidem

2185 779 2349 838 ﬂendi
2381 784 2676 839 necessitas
2720 783 3037 846 exsistebat,
3070 783 3214 852 quod
3253 781 3465 837 Lazaro
3516 784 3789 837 moriente

2186 878 2430 934 afuisset.
2481 878 2610 933 Nam
2658 879 2773 949 ipse
2802 879 2877 933 ait
2928 876 3258 933 manifeste:
3290 874 3525 931 Lazarus
3552 885 3785 930 ntortuus

2188 979 2283 1034 est,
2312 979 2360 1024 et
2391 971 2588 1041 gaudeo
2610 980 2819 1041 prapter
2848 985 2957 1035 vos,
3006 977 3059 1023 ut
3086 967 3328 1035 credatis,
3357 966 3495 1038 quod
3521 983 3622 1022 nou
3651 983 3789 1025 eram

2184 1061 2253 1115 ibi
2277 1058 2441 1132 (Ibid.
2469 1059 2537 1117 M
2565 1070 2621 1116 et
2653 1060 2767 1129 15).
2798 1058 3059 1119 Absentia
3084 1059 3266 1129 itaque
3310 1057 3429 1130 ejus
3456 1073 3562 1115 non
3602 1058 3789 1115 habuit

2186 1167 2404 1209 causam
2436 1151 2792 1225 lacrymandi,
2821 1167 2942 1223 qute
2972 1149 3041 1207 ad
3068 1150 3449 1223 Apostolorum
3475 1149 3634 1205 fidem
3665 1165 3788 1219 νιο-

2190 1246 2405 1303 liriebat
2436 1260 2596 1302 :cum
2643 1243 2775 1315 tegri
2804 1252 3054 1327 ‘morlem
3100 1241 3434 1298 conscientia
3469 1241 3665 1296 divina:
3694 1256 3789 1298 co-

2186 1337 2446 1411 gnitionis
2474 1338 2671 1395 absens
2701 1336 2781 1410 (2)
2811 1336 3235 1409 pronuntiasset.
3275 1334 3431 1391 Nulla
3462 1349 3592 1405 ergo
3620 1342 3792 1391 restat

2189 1434 2488 1490 necessitas
2529 1433 2732 1489 ﬂeudl:
2771 1441 2827 1487 et
2857 1441 3038 1487 tamen
3092 1430 3279 1486 ﬂetum
3330 1439 3437 1486 est.
3492 1431 3561 1486 Et
3609 1440 3787 1487 tamen

2187 1542 2396 1598 qumro,
2425 1526 2507 1580 cui
2540 1522 2891 1595 imputabitur
2919 1524 3095 1582 ﬂletus
3123 1525 3251 1580 ille?
3282 1525 3419 1593 Deo,
3449 1539 3516 1579 an
3546 1526 3746 1581 animae
3767 1564 3785 1591 ,

2187 1636 2255 1676 an
2280 1620 2534 1690 corpori?
2560 1618 2668 1675 Sed
2691 1633 2888 1689 corpus
2918 1633 3013 1688 per
3037 1634 3096 1675 se
3122 1627 3334 1674 tantum
3374 1634 3479 1675 non
3520 1617 3684 1674 habet
3715 1618 3792 1673 la-

484 1726 647 1767 causa
677 1711 786 1765 sit?
820 1713 972 1764 Anne
999 1709 1216 1778 impiam
1243 1706 1724 1774 parricidalemque
1752 1702 2076 1769 Jerusalem,

2187 1728 2417 1784 crymas,
2450 1726 2583 1782 quas
2612 1710 2678 1767 ad
2710 1710 2951 1768 dolorem
2981 1712 3174 1767 animae
3213 1710 3497 1767 mmrcutis
3544 1708 3616 1783 (f)
3663 1724 3790 1780 pws

485 1804 619 1860 nihil
645 1804 863 1874 dignum
893 1812 1162 1856 tantorum
1191 1799 1581 1868 Prophetarum
1596 1795 1756 1869 361
1777 1806 1830 1851 et
1855 1797 2085 1865 Aposto-

486 1900 663 1954 lorum
681 1896 831 1953 ctede
841 1906 894 1951 et
909 1895 1078 1963 ipsius
1094 1893 1301 1950 Domini
1316 1892 1399 1947 sui
1412 1901 1584 1948 morte
1603 1890 2086 1962 passuram,debito

484 1990 843 2063 lacrymarum
887 1990 1093 2043 honore
1122 1985 1497 2056 prosequitur?
1547 1995 1601 2040 et
1646 1992 1702 2039 ut
1728 1982 2083 2038 humanarqu

485 2084 738 2137 mortium
786 2080 1055 2135 deﬂentur
1101 2079 1472 2142 cal-.uuitates,
1533 2074 1603 2131 ita
1659 2075 1881 2144 perdita:
1923 2074 2082 2143 hujus

484 2175 890 2245 desperatmque
935 2173 1114 2242 gentis
1159 2185 1317 2225 casus
1348 2167 1611 2223 doletur?
1655 2167 1719 2222 Et
1777 2167 1922 2237 quod
1948 2165 2079 2231 hoc,

484 2284 636 2339 rogo,
671 2267 833 2322 ﬂendi
873 2272 1270 2321 sacramentum
1313 2263 1430 2317 est?
1460 2260 1651 2317 Anima
1680 2300 1694 2325 ,
1751 2275 1871 2330 quae
1916 2259 2086 2314 tristis

484 2369 603 2428 est,
648 2361 758 2415 ﬂet.
794 2358 900 2415 Sed
957 2354 1214 2427 numquid
1270 2356 1385 2409 lucc
1436 2351 1517 2423 (ά)
1562 2352 1855 2422 prophetas
1898 2351 2084 2407 misit?

482 2450 750 2520 Numquid
776 2449 894 2506 haec
934 2448 1136 2503 totiens
1169 2447 1335 2502 voluit
1372 2451 1729 2516 congregatos
1756 2444 1933 2515 pullos
1963 2444 2082 2514 ejus

486 2560 787 2615 pennarum
815 2541 891 2615 (ο)
928 2542 1280 2612 integimento
1306 2539 1635 2594 obumbrare
1653 2535 1897 2609 (Matth.,
1916 2551 2077 2603 χχιιι,

483 2638 576 2707 57)
603 2652 616 2691 ς
656 2637 772 2692 Non
801 2637 944 2693 cadit
974 2645 1153 2690 autem
1184 2634 1236 2689 in
1265 2632 1498 2689 Verbum
1529 2632 1695 2688 Deum
1719 2647 1952 2699 mmror,
1982 2646 2082 2687 ue-

483 2745 587 2799 que
640 2729 694 2784 in
745 2728 1002 2795 Spiritum
1045 2726 1321 2797 lacrymte.
1370 2724 1476 2781 Sed
1518 2738 1698 2794 neque
1747 2723 1801 2779 in
1846 2723 2081 2779 animam

483 2822 758 2886 convenit,
784 2819 987 2891 aliquid
1015 2826 1141 2874 ante
1176 2832 1373 2887 corpus
1403 2817 1601 2887 egisse.
1638 2816 1707 2872 Et
1751 2824 1929 2871 tamen
1951 2831 2082 2872 vere

483 2915 666 2971 Jesum
696 2912 971 2969 Christum
1003 2911 1162 2966 ﬂesse
1201 2925 1307 2966 non
1340 2909 1561 2965 dubium
1591 2918 1695 2965 est.

555 3005 729 3064 56.19:
752 3005 952 3061 Lazaro
964 3003 1085 3075 quid
1103 3003 1319 3074 ﬂeverit.
1342 3001 1521 3056 Fletus
1548 3002 1635 3055 ille
1650 3018 1715 3055 an
1731 2999 1846 3067 Dei,
1873 3000 2087 3055 animm-

2190 1803 2383 1859 fundit.
2422 1804 2604 1874 Longe
2633 1811 2812 1858 autem
2844 1803 3022 1859 minus
3045 1809 3149 1871 est,
3181 1812 3237 1859 ut
3270 1802 3411 1859 Deus
3439 1802 3669 1869 ﬂeverit,
3694 1803 3789 1873 qui

2187 1892 2568 1968 glorificandus
2599 1897 2650 1950 in
2682 1896 2892 1952 Lazaro
2915 1905 3021 1951 est.
3056 1894 3170 1950 Non
3195 1896 3448 1951 convenit
3471 1894 3553 1968 (g)
3573 1904 3781 1961 autem,

2188 1998 2247 2045 ut
2272 1989 2449 2045 anima
2477 1988 2545 2044 de
2570 1988 2822 2058 sepulcro
2851 1987 3114 2043 Lazarum
3144 1996 3338 2055 vocet,
3382 1995 3439 2043 et
3483 1986 3548 2042 ad
3596 1986 3792 2042 anitum

2188 2085 2401 2139 innexae
2430 2081 2642 2151 corpori
2673 2087 3003 2151 praeceptum
3035 2089 3195 2146 atque
3225 2079 3478 2137 virtutem
3502 2117 3519 2142 ,
3552 2077 3608 2133 in
3641 2092 3790 2133 mor-

2187 2185 2336 2233 tuum
2364 2188 2522 2230 suum
2552 2171 2758 2247 (supple
2783 2172 3004 2248 corpus)
3017 2172 3179 2244 362
3193 2172 3375 2228 anima
3384 2171 3497 2241 jam
3511 2186 3577 2226 ex
3598 2185 3664 2227 eo
3678 2169 3795 2225 dis-

2187 2269 2359 2323 soluta
2390 2277 2694 2322 revocetur.
2728 2264 2918 2329 Dolet,
2950 2266 3038 2336 qui
3060 2262 3445 2335 giurilicandus
3470 2261 3596 2319 est?
3641 2261 3683 2318 F
3689 2264 3790 2328 let,

2186 2359 2277 2428 qui
2311 2357 2677 2412 viviﬁcaturus
2705 2356 2824 2413 est?
2853 2356 2969 2412 Non
3016 2363 3101 2412 est
3137 2355 3457 2412 vivilicaturi
3502 2354 3654 2422 ﬂere,
3690 2371 3797 2411 nec

2186 2448 2519 2521 gloriﬁcandi
2552 2448 2736 2504 dolere
2761 2468 2773 2502 :
2799 2456 2853 2504 et
2893 2457 3072 2504 tamen
3114 2446 3372 2514 vivificat,
3394 2447 3485 2519 qui
3513 2460 3569 2504 et
3598 2446 3745 2506 ﬂevit
3775 2486 3794 2513 ,

2188 2540 2272 2616 (It)
2304 2542 2567 2598 etdoluit.
3238 2539 3246 2548 '

2257 2633 2347 2689 57.
2382 2633 2507 2702 Quis
2536 2634 2589 2689 in
2619 2632 2825 2690 Christo
2850 2634 3079 2688 animam
3120 2643 3277 2703 ponat
3305 2650 3368 2688 ac
3393 2644 3638 2689 resuutat.‘
3660 2632 3796 2688 Cor-

2187 2743 2369 2798 pusue,
2384 2744 2452 2781 an
2482 2725 2919 2784 Verbum—Non
2938 2726 3132 2797 iuopite
3146 2727 3489 2796 necessitate,
3508 2728 3594 2784 vel
3620 2726 3798 2784 dicto-

2189 2836 2308 2875 rum
2356 2820 2695 2891 ignoratione
2734 2820 2802 2876 de
2846 2821 3028 2875 multis
3057 2835 3227 2892 pauca
3258 2834 3657 2887 memoramus;
3690 2819 3791 2874 sed

2186 2921 2247 2965 ut
2298 2911 2598 2966 absolutam
2640 2910 3037 2978 expositionem
3081 2910 3219 2965 ratio
3247 2926 3355 2966 non
3396 2924 3614 2967 morosa
3638 2925 3799 2967 com-

2188 3003 2427 3058 mandet.
2481 3002 2635 3059 Gerit
2680 3002 2941 3059 Dominus
2990 3012 3152 3074 atque
3181 3002 3246 3076 (ἱ)
3290 3005 3438 3077 agit,
3486 3003 3631 3076 quod
3662 3020 3793 3061 cum

484 3115 565 3169 ne,
590 3117 656 3155 an
683 3097 930 3169 corporis.
952 3095 1156 3150 —-Pari
1189 3108 1404 3164 quoque
1443 3093 1803 3163 iacrymarum
1848 3090 2080 3147 veritate
2105 3091 2151 3155 C
2182 3094 2514 3150 conscientia
2544 3097 2803 3160 uescitur,
2836 3094 2980 3166 quod
3031 3110 3131 3150 nec
3178 3096 3459 3167 ignoratur
3486 3108 3539 3153 et
3572 3097 3795 3168 ignora-

483 3203 538 3251 et
559 3193 793 3249 Lazarus
815 3189 972 3245 ﬂetus
992 3198 1074 3243 est
1091 3184 1269 3259 (Joan.
1293 3201 1370 3249 ιι,
1395 3185 1512 3253 '55).
1532 3184 1596 3239 Et
1612 3199 1796 3254 quaero
1822 3184 2072 3255 primum,

484 3285 611 3356 quid
660 3283 852 3339 ﬂcatur
879 3282 934 3337 in
965 3277 1210 3337 Lazaro?
1259 3276 1375 3332 Non
1405 3277 1589 3347 utique
1619 3290 1786 3342 mors,
1818 3292 1939 3347 qua:
1969 3292 2076 3333 non

556 3398 637 3470 (i)
668 3398 784 3454 Non
804 3411 1100 3468 nugatorem,
1125 3394 1268 3447 sicut
1292 3392 1346 3447 in
1381 3391 1672 3461 superiori.

557 3487 636 3561 (a)
665 3488 756 3545 Sic
792 3502 921 3561 mss.
950 3486 1093 3561 Ed_i_ti
1125 3498 1278 3561 vero,
1306 3480 1486 3561 Iesum
1511 3483 1582 3561 ita
1609 3481 1947 3561 intelligentes
1974 3484 2077 3561 ειεξ-
2178 3483 2811 3561 confunde_bant.Contra
2832 3494 3088 3561 utrosque
3108 3488 3208 3545 sibi
3232 3503 3348 3547 rem
3374 3504 3517 3561 esse,
3542 3493 3675 3550 satis
3694 3493 3803 3552 de—

486 3552 671 3616 ηιιὶεἶ..
704 3560 977 3614 nescimus.
1025 3557 1138 3611 lloc
1182 3556 1281 3611 sibi
1314 3555 1451 3609 velle
1496 3554 1654 3609 nobis
1682 3552 1894 3609 videtur
1922 3571 1935 3607 :
1967 3552 2074 3608 Ca-

487 3629 741 3696 tholicos,
772 3632 862 3701 qui
903 3627 1339 3701 Christum__esse
1374 3623 1583 3701 lesum,
1618 3627 1720 3701 hoc
1748 3634 1851 3701 est,
1906 3624 2073 3701 Deum

483 3704 641 3757 simul
669 3694 1021 3757 etltotninem
1048 3696 1373 3765 intelligunt,
1434 3697 1487 3749 in
1521 3694 1792 3763 praedictis
1822 3698 2078 3764 qumstio-

485 3774 642 3830 nibus
668 3788 773 3828 non
803 3772 1080 3833 laborare;
1126 3767 1267 3823 sicut
1293 3781 1392 3821 nec
1417 3766 1624 3820 laborat
1662 3766 1896 3821 Hilarius
1928 3783 2075 3821 num.

487 3846 576 3911 i6,
602 3846 651 3899 iu
678 3845 977 3914 quzestique
1001 3841 1070 3896 de
1096 3838 1362 3914 adscensu
1385 3852 1449 3893 ac
1489 3838 1753 3914 descensu
1780 3836 1872 3914 lilii
1903 3837 2081 3914 homi-

484 3906 611 3971 nis:
645 3906 928 3970 hscretico's
958 3925 1087 3968 vero
1118 3952 1133 3976 ,
1162 3910 1249 3981 qui
1289 3910 1447 3963 aliter
1477 3906 1751 3977 sapientes
1778 3908 1899 3980 plus
1919 3911 2079 3964 sein-

485 3989 726 4058 telligere
754 3993 961 4058 putant,
996 3982 1119 4058 inde
1157 3995 1216 4058 se
1245 3981 1511 4058 extricare
1538 3994 1646 4058 non
1676 3993 1854 4058 posse.

557 4052 779 4132 (ιῆγγοὶι
804 4056 975 4132 suiin
1001 4054 1235 4132 vulgatis
1264 4052 1462 4132 omissa
1507 4052 1900 4132 restituitureu
1941 4063 2072 4104 mss.

483 4120 721 4198 qm‘e'hic
750 4128 1022 4195 adjicitur,
1054 4120 1136 4178 vel
1170 4139 1238 4178 ne
1264 4129 1485 4198 putetur
1510 4124 1688 4198 anima
1719 4120 2034 4198 Verbi__pars
2058 4162 2072 4198 ε

484 4192 605 4270 qtae
643 4192 833 4267 Opinio
857 4199 1092 4264 tangitur
1121 4211 1269 4249 num.
1306 4194 1373 4248 57
1399 4232 1413 4259 ,
1440 4193 1523 4248 vel
1568 4203 1624 4247 ut
1650 4208 1846 4262 corpus
1873 4192 2075 4247 Christi

487 4266 579 4326 Dei
607 4266 878 4339 preprium
907 4282 1028 4339 esse
1055 4274 1347 4339 asseratur.

555 4332 629 4409 (ε)
662 4332 807 4407 Lips.
848 4346 901 4393 et
947 4337 1070 4391 Par.
1096 4337 1294 4409 “animo
1323 4342 1510 4409 tanien.
1557 4332 1780 4409 Rectius
1826 4332 2073 4403 plerique

485 4403 622 4464 mss.
640 4403 1000 4471 animitamen,
1033 4407 1151 4460 scil.
1174 4419 1381 4458 mmor.
1403 4403 1585 4472 Neque
1605 4404 1778 4471 placet
1798 4418 1917 4457 cum
1939 4420 2069 4457 mss.

492 4483 604 4535 Vat.
633 4483 748 4535 bas.
772 4491 826 4533 et
846 4479 1056 4532 Martin.
1085 4478 1258 4530 anima
1278 4484 1544 4528 tamen....
1569 4490 1653 4527 eas
1681 4476 1827 4544 quasi
1847 4474 2073 4544 quodam

482 4568 696 4607 ntwrore
726 4548 961 4605 exsudat.

2192 3188 2299 3243 bile
2324 3196 2429 3255 est,
2461 3187 2587 3243 dum
2613 3196 2669 3243 et
2687 3187 2887 3243 veritas
2911 3188 2963 3243 in
2993 3188 3155 3245 rebus
3185 3200 3291 3256 est,
3311 3198 3367 3246 et
3395 3189 3449 3244 in
3480 3187 3562 3264 (j)
3593 3189 3802 3246 virtute

2186 3289 2585 3335 sacramentum
2613 3287 2717 3345 est,
2743 3279 2979 3336 utetiam
3009 3295 3077 3336 ex
3112 3279 3196 3336 his
3221 3295 3342 3353 quze
3372 3281 3470 3348 ait,
3501 3280 3797 3337 manifeste

2255 3394 2335 3465 (2}
2374 3392 2793 3450 Praanuutiasset.
3374 3394 3383 3401 “

2180 3558 2351 3611 clarat
2378 3556 2607 3611 Hilarius
2632 3572 2782 3611 num.
2831 3555 2903 3613 48
2929 3569 2983 3613 et
3000 3555 3102 3615 ⁷49.

2256 3626 2327 3703 (e)_
2359 3627 2448 3682 Sic
2476 3629 2526 3681 in
2556 3642 2685 3682 mss.
2720 3643 2918 3703 magno
2941 3644 3229 3703 consensu.
3262 3632 3332 3686 At
3379 3634 3519 3703 apud
3565 3634 3700 3692 Bad.
3727 3647 3793 3695 et

2182 3698 2276 3775 Er.
2297 3699 2618 3775 Δξηεεςιηιεηεο
2651 3713 2673 3775 ι
2698 3698 2839 3769 apud
2862 3699 3010 3775 Lips.
3044 3712 3097 3755 et
3124 3702 3246 3758 Par.
3265 3698 3652 3775 integumento.

2257 3766 2331 3845 (fi
2375 3766 2613 3845 namss.
2648 3766 2947 3845 At'escusi
2975 3811 2991 3836 ,
3047 3766 3573 3845 profundutfiuinus
3617 3779 3792 3835 bene.

2185 3838 2360 3895 Habet
2386 3839 2583 3915 quippe
2628 3854 2844 3915 corpus
2869 3838 3306 3915 lacrymas'quas’
3337 3846 3658 3915 profundat,
3691 3850 3796 3906 sed

2187 3928 2292 3965 non
2324 3908 2602 3982 profundit
2624 3926 2717 3983 eas
2734 3908 2849 3966 nisi
2868 3908 3046 3968 anima
3078 3908 3315 3971 dolente.
3337 3908 3480 3983 Ὠιιὶιί
3507 3908 3794 3977 ειιίπιέανο

2185 3998 2278 4057 per
2316 3996 2370 4057 se
2400 3982 2563 4057 ipsam
2590 3982 2900 4057 sineauima
2919 3985 2997 4057 uel
3016 3984 3170 4057 dolet,
3203 3985 3281 4041 vel
3311 3991 3675 4057 concupiscit?
3704 3993 3793 4046 iu-

2183 4056 2299 4123 quit
2324 4053 2778 4178 Aulgustinuslib.
2803 4070 2889 4108 xiv
2913 4054 2984 4110 de
3003 4053 3121 4110 Civ.
3158 4056 3246 4112 Dei
3276 4099 3288 4121 ,
3341 4072 3390 4113 c.
3428 4053 3514 4116 15.
3546 4059 3793 4118 Rursum

2184 4135 2365 4178 uoster
2447 4126 2629 4178 ilartus
2658 4140 2712 4178 tu
2756 4127 2894 4178 usui.
2939 4141 3136 4178 uvm.
3181 4145 3238 4178 n.
3277 4128 3364 4178 12.
3418 4130 3787 4178 lﬂCerllnl’llln

2184 4124 2629 4203 nosterﬂilarius
2658 4124 2712 4179 in
2756 4127 2905 4203 psal.
2939 4141 3136 4191 uvm,
3181 4145 3238 4183 n.
3277 4128 3364 4203 12,
3417 4130 3787 4203 lacrymarum

2181 4192 2380 4269 Christi
2396 4196 2677 4269 veritatem
2706 4192 2956 4269 adstruit,
2981 4212 3179 4269 easque
3204 4200 3450 4269 profusas
3472 4192 3595 4258 esse
3621 4220 3795 4260 enar-

2183 4274 2266 4318 rat
2298 4265 2367 4318 oh
2395 4265 2611 4320 immani
2634 4267 2847 4334 generis
2880 4265 3274 4326 inﬁdelitatem.

2258 4335 2337 4414 lg)
2369 4336 2549 4414 Quare
2580 4338 3134 4414 trottconveuit,__nisi
3162 4342 3283 4414 quia
3315 4341 3513 4399 divinae
3534 4359 3672 4414 opus
3700 4357 3793 4403 est

2179 4407 2625 4488 omnipotentiae?
2669 4407 2968 4488 Simileest
2996 4410 3121 4488 illud
3150 4407 3397 4488 Gregorii
3426 4407 3653 4488 Nysseni
3682 4419 3786 4474 Or.

2180 4492 2230 4530 tv
2252 4486 2437 4532 contra
2458 4477 2713 4544 Eunom.,
2742 4495 2795 4545 p.
2820 4479 2947 4545 589,
2972 4481 3196 4536 relatum
3226 4477 3611 4543 a‘Theodoreto
3638 4488 3787 4545 Dial.

2182 4495 2230 4530 IV
2252 4495 2437 4532 contra
2458 4495 2713 4544 nunom.,
2783 4520 2795 4532 .
2820 4495 2947 4545 seu,
2972 4495 3196 4536 relatum
3226 4501 3253 4536 a
3270 4495 3611 4543 'l'heodoreto
3638 4495 3787 4545 Dial.

2182 4561 2241 4629 tu
2275 4565 2287 4601 :
2326 4548 2436 4602 Nec
2461 4495 2984 4629 mitiﬁcet-“tasumst:
3012 4552 3234 4629 humana
3258 4566 3464 4620 natura,
3496 4572 3590 4612 nec
3626 4561 3789 4629 deﬂet

552 4622 823 4700 (diQuagi
852 4621 1073 4700 diceret,
1113 4616 1239 4700 Ipse
1257 4615 1432 4700 ﬂevit,
1465 4613 1554 4684 qui
1585 4614 1873 4700 prophetas
1898 4616 2070 4700 misit,
2099 4612 2154 4674 D
2170 4619 2426 4700 ja_ce_ntem
2455 4620 2748 4700 impatibilis
2770 4624 2993 4700 potentia
3018 4639 3035 4678 :
3062 4625 3151 4679 sed
3173 4626 3411 4700 lacryma
3439 4612 3647 4700 quid”.
3674 4612 3787 4686 ἱίάζ

418 4720 425 4727 -
480 4684 569 4766 qui
598 4684 736 4749 liiios
764 4684 1065 4766 Jerusalem
1092 4729 1109 4766 ,
1137 4684 1229 4766 'ad
1274 4684 1488 4742 modum
1517 4684 1733 4766 galliam
1760 4726 1776 4753 ,
1830 4687 1930 4766 sub
1960 4689 2072 4742 alas

478 4756 808 4837 coitgregare
852 4762 1036 4837 voluit.
1086 4762 1277 4837 Anima
1323 4766 1501 4813 autem
1529 4756 1727 4837 Christi
1768 4760 2071 4837 prophetas

480 4827 782 4899 tioii'misit,
812 4834 1046 4890 uetulum
1070 4833 1267 4902 quippe
1291 4837 1438 4893 erat;
1460 4839 1517 4884 ut
1534 4827 1676 4883 enim
1704 4828 1842 4883 infra
1874 4830 2064 4902 habet:

479 4908 587 4962 Sed
617 4924 775 4975 neque
817 4905 874 4959 in
900 4900 1125 4959 animum
1151 4902 1381 4975 convenit
1412 4911 1531 4954 aute
1550 4916 1762 4975 corpus
1793 4941 1807 4964 ,
1866 4900 1916 4954 id
1962 4910 2064 4965 est,

477 4989 602 5033 ante
621 4971 778 5046 quam
802 4976 1010 5046 corpori
1039 4974 1453 5046 immisceretur,
1479 4972 1642 5046 egisse
1659 4986 1679 5025 :
1711 4971 1939 5046 ideoque
1959 4986 2064 5026 non

477 5048 590 5119 ipsa
620 5041 785 5103 flevit.
821 5041 938 5103 Non
980 5046 1125 5100 ﬂevit
1153 5050 1331 5119 autem
1365 5041 1600 5119 Verbum
1637 5058 1650 5094 :
1682 5056 1781 5095 nec
1807 5041 2066 5119 lacryma‘.

476 5112 514 5175 ἐ
528 5135 755 5189 corpore
784 5119 1075 5188 prodeunt,
1109 5114 1219 5189 pisi
1250 5113 1460 5189 tristitia
1506 5112 1847 5189 praecesserit
1877 5114 1928 5189 in
1957 5115 2074 5189 ani-

477 5206 583 5246 ma.
619 5182 689 5246 Et
734 5182 912 5245 tamen
946 5200 1072 5243 vere
1102 5184 1251 5240 ﬂevit
1289 5183 1551 5239 Christus.
1589 5182 1881 5254 Stupeudze
1908 5183 2072 5253 igitur

476 5262 559 5317 hac
589 5263 859 5334 lacrymm.
890 5258 1034 5313 [dem
1062 5257 1129 5311 de
1152 5255 1351 5334 Christi
1389 5252 1716 5334 cruciatibus
1745 5252 1946 5334 conﬁci
1970 5270 2068 5334 po-

477 5341 583 5388 test
604 5326 976 5401 argumentum
1013 5327 1196 5401 {quod
1225 5326 1814 5401 sanepefllcacissimum
1841 5332 1929 5381 est
1964 5327 2067 5380 ad-

474 5396 831 5485 Συνδιιδῖθυδ-ε
883 5402 975 5485 qui
1005 5396 1278 5485 Cblistum
1323 5396 1635 5485 dividebant
1666 5415 1679 5480 ξ
1709 5408 2064 5485 coutralquos

473 5475 763 5546 Gregorius
787 5467 1037 5546 Νιηὶιιιιῑζ
1067 5468 1163 5525 0r.
1199 5484 1287 5546 ιιι,
1316 5484 1370 5522 n.
1399 5468 1430 5522 7
1464 5485 1477 5521 :
1515 5468 1574 5522 Si
1593 5469 1707 5538 quis
1737 5469 1868 5522 duas
1889 5467 2067 5533 ﬁlios;

473 5539 693 5601 alterum
711 5562 773 5601 ea:
794 5544 903 5600 Deo
928 5553 975 5598 et
995 5539 1173 5604 Patre,
1206 5540 1426 5593 alterum
1456 5555 1520 5594 ea:
1538 5551 1724 5607 matre,
1762 5556 1867 5593 non
1894 5548 2066 5594 autem

473 5631 631 5669 unum
659 5626 810 5686 atque
836 5615 1069 5686 eumdem
1118 5609 1377 5686 induxerit
1402 5652 1417 5677 ,
1464 5626 1498 5662 a
1543 5611 1769 5686 ﬁliorum
1794 5610 2066 5686 adoptione

474 5687 676 5742 excidat
695 5680 736 5754 ,’
767 5696 872 5742 etc.
907 5685 1092 5755 Neque
1122 5684 1301 5739 minus
1324 5689 1481 5753 urget
1502 5695 1599 5737 eos
1619 5722 1634 5750 ,
1664 5680 2062 5754 qui'uhristum

2178 4691 2328 4768 ruinis
2378 4700 2462 4768 est.
2497 4690 2709 4768 propria
2734 4690 2902 4768 ,‘ieita
2932 4704 3100 4748 autem
3133 4698 3244 4768 ejus
3271 4690 3385 4765 (irae
3411 4690 3524 4755 rere
3553 4703 3656 4756 vita
3680 4713 3785 4758 est.

2176 4759 2231 4813 Ν
2232 4778 2304 4838 ou
2321 4762 2481 4830 pascit
2498 4759 2663 4838 multa
2690 4762 2857 4818 millia
2883 4764 3108 4838 humana
3128 4759 3404 4838 paupertas
3435 4787 3454 4825 :
3481 4789 3583 4826 uou
3614 4776 3789 4831 currit

2173 4831 2242 4885 ad
2269 4832 2421 4912 ﬁcum
2449 4835 2770 4912 omnipotens
2799 4844 3038 4912 potestas.
3068 4831 3197 4912 Quis
3226 4831 3475 4912 fatigatur
3500 4843 3785 4900 laboraui-

2172 4905 2350 4984 {tetst
2362 4913 2406 4984 et
2435 4905 2548 4984 guis
2581 4915 2746 4984 totum
2770 4905 3019 4984 mundam
3046 4911 3157 4962 sine
3181 4905 3354 4984 labore
3385 4925 3635 4970 sustentat
3663 4931 3787 4971 ver-

2172 4973 2277 5055 bo?
2308 4972 2447 5056 Quid
2467 4986 2540 5029 est
2562 4976 2806 5056 splendor
2835 4977 3036 5056 glorier,
3062 4992 3106 5056 et
3129 4981 3251 5049 quid
3272 4986 3409 5056 quod
3428 4987 3589 5040 clavis
3613 4990 3785 5056 cauli-

2168 5042 2342 5114 gimr?
2374 5042 2619 5126 Quisnam
2646 5049 2811 5126 forma
2836 5042 2907 5126 ἰιι
2951 5042 3190 5126 passioue
3232 5042 3397 5126 alapis
3448 5042 3786 5126 raditum}!

2168 5130 2403 5187 quianam
2425 5116 2488 5170 ab
2517 5127 2706 5171 artemo
2734 5116 3080 5187 glorificatur?
3238 5146 3248 5155 -

2244 5186 2433 5267 (h)_lf3n
2467 5187 2681 5267 tandem
2712 5186 2873 5267 dolor
2893 5191 2961 5245 de
2985 5191 3204 5248 Christo
3234 5196 3532 5254 afﬁrmatur
3563 5218 3578 5254 :
3611 5198 3785 5259 adeo-

2171 5271 2276 5339 que
2301 5258 2388 5339 uhi
2411 5265 2633 5339 negatus
2663 5267 2763 5339 est,
2788 5260 2889 5315 hoc
2911 5271 3116 5317 tantum
3140 5272 3407 5339 tentatum
3438 5284 3561 5326 esse
3585 5270 3778 5337 liquet.

2170 5338 2227 5381 ut
2254 5328 2427 5396 posita
2456 5328 2889 5385 adversariorum
2917 5337 3186 5390 sententia
3221 5337 3466 5395 dolorem
3496 5341 3550 5396 in
3583 5328 3778 5399 Chris;

2170 5405 2283 5452 tum
2314 5414 2419 5453 non
2450 5402 2742 5456 convenire
2764 5402 3251 5463 demonstraretur.

2244 5467 2305 5540 (ἱ)
2326 5469 2389 5553 in
2424 5472 2673 5553 vulgatis,
2698 5474 2793 5553 ait.
2830 5473 3020 5553 Melius
3050 5479 3101 5532 in
3129 5495 3267 5553 mss.
3289 5482 3417 5553 agit.
3450 5482 3601 5539 Nunc
3627 5486 3775 5540 enim

2171 5545 2395 5626 ag’esti‘s'
2425 5545 2682 5626 traitsitur
2726 5545 2792 5599 ad
2824 5547 2988 5612 dicta,
3020 5558 3074 5604 et
3102 5565 3176 5626 es
3221 5550 3304 5606 his
3323 5545 3423 5607 illa
3450 5556 3772 5623 probantur.

2245 5610 2473 5698 (ji‘vva‘t.
2654 5610 3001 5698 supremum
3026 5659 3042 5685 ,
3086 5632 3132 5674 et
3160 5623 3215 5676 in
3234 5610 3489 5698 veritate}
3519 5610 3777 5698 nonpla-

2171 5683 2281 5739 eet.
2313 5683 2442 5740 Vult
2463 5684 2665 5756 quippe
2697 5687 2955 5761 Hilarius,
2989 5683 3171 5748 rorum
3199 5708 3232 5749 ι
3254 5694 3476 5753 etiam
3494 5683 3771 5769 σαωὲυηι
