4094 6180
505 238 606 297 591

1649 248 1655 277 i
1700 236 1950 295 SANCTI
1986 236 2243 297 lllLARll
2281 240 2590 300 EPISCOPI

3696 241 3805 301 592

505 354 833 412 contrahunt.
864 354 1178 424 Quaestiones
1198 353 1355 411 variis
1382 353 1449 409 de
1472 353 1667 411 Christi
1696 365 1876 411 morte.
1899 385 1971 397 —
1989 354 2101 412 Vos
2125 360 2174 420 Α
2203 371 2384 413 sermo
2412 367 2513 422 est,
2546 371 2607 412 se
2625 354 2948 412 derelictum
2975 356 3385 429 conquerentis,
3412 365 3469 414 et
3488 373 3548 415 se
3575 374 3807 431 regnare

505 466 649 506 nunc
689 449 775 506 vel
819 450 1182 519 tripertientes
1207 445 1481 503 Christum
1533 448 1588 503 in
1626 448 1861 504 Verbum
1891 457 1947 504 et
1985 449 2105 503 ani—

506 558 648 598 mam
689 553 745 599 et
788 557 1005 613 corpus,
1051 541 1137 597 vel
1171 548 1337 599 totum
1366 540 1638 597 Christum
1670 542 1836 597 Deum
1862 542 2100 599 Verbum

504 636 561 692 in
587 635 759 691 solum
792 634 1094 691 communis
1142 633 1356 705 generis
1384 634 1658 691 hominem
1686 635 2101 702 contrahentes,

506 729 612 784 hoc
654 726 812 782 nobis
863 741 1071 798 magna:
1113 725 1327 796 pietatis
1376 735 1771 783 sacramentum
1797 770 1812 793 ,
1858 726 2001 798 quod
2046 726 2103 782 iu

506 835 669 876 carne
699 817 777 892 (a)
805 818 1201 875 manifestatum
1233 827 1338 886 est,
1364 820 1598 875 revelate
1626 819 1666 893 (Ι
1694 819 1830 874 Tim.
1864 835 1945 887 Ill,
1976 817 2101 888 l6):

506 928 664 983 quem
690 910 974 967 tradiderit
1002 912 1250 982 Spiritum
1282 912 1553 979 Christus,
1583 921 1638 969 et
1667 913 1787 984 quis
1827 913 1884 968 in
1914 925 2107 968 manus

506 1003 682 1061 Patris
707 1003 1174 1061 c‘ommendaverit
1204 1019 1360 1060 suum
1390 1005 1661 1075 spiritum,
1694 1012 1749 1060 et
1777 1005 1898 1075 quis
1919 1005 1973 1060 in
2008 1018 2105 1074 pa-

506 1096 687 1154 radiso
716 1096 805 1153 die
831 1095 1022 1153 eadem
1055 1095 1234 1163 fuerit,
1263 1104 1320 1152 et
1344 1097 1464 1168 quis
1489 1096 1789 1167 derelinqui
1832 1111 1892 1152 se
1937 1111 1967 1150 a
1995 1095 2109 1151 Deo

508 1200 730 1263 questus
746 1190 834 1246 sit.
858 1188 991 1245 Nam
1021 1189 1242 1261 querela
1266 1188 1514 1245 derelieti
1566 1189 1847 1245 morientis
1879 1186 2113 1243 inﬁrmi-

511 1296 592 1340 tas
620 1293 741 1340 est:
778 1284 1065 1355 promissio
1091 1291 1268 1338 autem
1302 1282 1556 1353 paradisi,
1588 1281 1823 1338 viventis
1849 1279 1947 1336 Dei
1988 1295 2113 1352 reg-

513 1396 647 1436 num
670 1388 773 1435 est.
796 1376 1210 1434 Commendatio
1238 1377 1489 1448 spiritus,
1514 1375 1946 1434 commendantis
1981 1390 2114 1432 con-

512 1472 734 1530 ﬁdentia
754 1480 841 1529 est
865 1491 879 1529 :
910 1472 1127 1527 traditio
1152 1471 1398 1542 spiritus,
1425 1470 1709 1527 morientis
1736 1470 1981 1527 excessio
2005 1478 2111 1526 est.

514 1554 711 1635 Quaero
741 1565 940 1636 itaque,
971 1566 1090 1635 quis
1113 1565 1376 1619 moritur?
1412 1564 1616 1634 Nempe
1644 1566 1732 1634 qui
1761 1563 1921 1619 tradit
1946 1562 2112 1634 Spiri-

514 1664 651 1712 tum.
683 1655 890 1712 Deinde
930 1656 1051 1727 quis
1080 1654 1247 1710 tradit
1276 1656 1563 1726 spiritum?
1594 1654 1794 1725 Utique
1840 1655 1931 1725 qui
1966 1652 2112 1708 Patri

2206 449 2506 519 profitentis
2536 464 2550 503 :
2583 464 2686 520 qua
2732 446 2897 504 ﬁdem
2926 460 3166 505 nostram
3212 447 3550 506 inlidelitatis
3590 452 3805 508 ratione

2202 539 2512 607 dividimus,
2547 546 2606 595 ut
2644 554 2751 595 non
2781 538 2924 595 idem
2957 540 3010 595 in
3056 548 3301 612 tempore
3330 540 3523 597 eodem
3549 542 3620 596 sit
3647 558 3799 598 mor-

2205 640 2349 699 tuus,
2382 633 2470 703 qui
2493 640 2550 687 et
2568 641 2789 703 regnet;
2846 646 2969 688 cum
3008 631 3152 688 idem
3193 633 3311 703 ipse
3336 632 3406 689 de
3431 647 3492 690 se
3521 644 3810 706 utrumque

2207 735 2434 783 teSIatuS
2458 727 2549 793 sit,
2581 735 2637 783 et
2672 726 3064 783 commendans
3089 726 3357 798 spiritum,
3386 736 3438 784 et
3482 728 3809 800 exspirans?

2206 819 2362 887 Quod
2393 820 2436 875 si
2465 819 2607 876 idem
2637 819 3024 876 commendans
3063 820 3310 891 Spiritum
3360 828 3522 892 atque
3570 820 3808 887 tradens,

2205 922 2262 969 et
2327 927 2557 983 regnans
2627 913 2854 969 moritur
2929 923 2985 969 et
3059 924 3303 969 mortuus
3385 924 3620 985 regnat;
3713 913 3812 968 ha-

2207 1008 2401 1064 bemus
2448 1006 2502 1063 in
2553 1016 2897 1064 sacramento
2947 1006 3042 1063 ﬁlii
3094 1006 3327 1064 hominis
3364 1017 3419 1063 et
3462 1006 3557 1062 ﬁlii
3588 1007 3725 1074 Dei,
3757 1017 3815 1064 et

2208 1100 2348 1156 mori
2377 1109 2712 1171 regnantem,
2740 1107 2796 1156 et
2820 1114 3048 1171 regnare
3077 1099 3423 1156 morientem.
3608 1085 3612 1088 ﬁ

2283 1191 2374 1248 65.
2417 1191 2689 1264 Epilogus.
2720 1220 2792 1232 -—
2816 1191 3059 1247 Absistat
3098 1190 3282 1261 itaque
3313 1190 3490 1247 omnis
3513 1190 3817 1262 irreligiosa

2210 1290 2267 1341 et
2294 1284 2459 1340 divini
2491 1283 2815 1340 sacramenti
2845 1284 3075 1355 incapax
3106 1283 3398 1340 inﬁdelitas
3424 1282 3659 1356 (Confer.
3691 1285 3822 1339 Am-

2210 1376 2375 1444 bros.,
2403 1374 2495 1431 lib.
2528 1391 2587 1441 ι,
2633 1376 2687 1429 in
2729 1374 2888 1443 Luc.,
2920 1392 2976 1430 n.
3009 1373 3102 1447 56)
3139 1394 3153 1431 :
3185 1391 3306 1446 qua:
3337 1376 3512 1431 nescit
3539 1373 3820 1432 Christum

2214 1483 2323 1524 non
2353 1467 2457 1524 sibi
2483 1468 2637 1535 ﬁere,
2666 1468 2763 1524 sed
2795 1468 2974 1536 nobis,
3019 1475 3080 1522 ut
3113 1469 3376 1539 assumpti
3406 1467 3640 1523 hominis
3670 1467 3823 1525 veri-

2213 1570 2379 1617 tatem
2414 1563 2529 1632 ipse
2567 1576 2782 1633 quoque
2829 1560 3058 1618 affectus
3109 1561 3360 1618 humana:
3407 1562 3823 1620 consuetudinis

2214 1663 2498 1725 susceptus
2542 1662 3115 1726 protestaretur:qu:e
3148 1654 3363 1726 ignorat
3407 1654 3682 1712 Christum
3710 1670 3826 1714 non

512 1748 915 1806 commendavit
934 1747 1183 1819 spiritum
1207 1748 1464 1803 suum.Et
1493 1748 1538 1802 si
1557 1747 1697 1802 idem
1727 1747 1820 1817 qui
1840 1761 2116 1802 common.
2143 1745 2191 1807 B
2218 1749 2320 1805 sibi
2353 1750 2515 1814 mori,
2552 1749 2648 1805 sed
2694 1751 2817 1805 vitae
2860 1756 3084 1816 nostra},
3127 1758 3188 1805 ut
3231 1765 3329 1821 per
3369 1749 3691 1807 immortalis
3726 1750 3828 1807 Dei

514 1845 682 1913 davit,
712 1844 854 1900 idem
894 1843 1112 1899 tradens
1140 1842 1389 1914 spiritum
1417 1852 1664 1897 mortuus
1686 1850 1806 1897 est:
1840 1841 2114 1911 interrogo

517 1944 698 1998 utrum
727 1955 923 2009 corpus
955 1938 1190 1993 animam
1218 1934 1586 2002 commendet,
1620 1932 1696 2007 (ὁ)
1725 1949 1791 1990 an
1820 1933 1963 1990 Deus
1989 1948 2114 1989 cor-

516 2033 667 2108 poris
715 2030 984 2089 animam?
1028 2030 1160 2087 Nam
1211 2029 1402 2101 spiritu
1456 2027 1768 2099 frequenter
1821 2025 2116 2099 signiﬁcari

517 2125 751 2181 animam
785 2140 890 2180 non
917 2122 1223 2193 ambiguum
1242 2132 1326 2177 est
1357 2138 1369 2175 :
1401 2120 1555 2176 etvel
1576 2136 1640 2204 ex
1676 2120 1778 2176 hoc
1805 2118 1945 2190 ipso,
1969 2118 2115 2190 quod

517 2219 674 2277 Jesus
696 2219 989 2275 moriturus
1014 2215 1232 2271 tradidit
1256 2214 1526 2287 spiritum.
1553 2213 1611 2270 Si
1638 2213 1798 2285 igitur
1823 2214 2110 2285 quisquam

517 2312 932 2373 existimandum
951 2309 1176 2381 putabit,
1193 2307 1559 2364 commendari
1574 2308 1808 2362 animam
1823 2321 1849 2359 a
1863 2320 2113 2375 corpore,

517 2424 550 2466 a
566 2404 910 2465 dissolvendo
925 2394 1192 2458 viventem
1205 2444 1218 2467 ,
1238 2399 1398 2472 365
1416 2399 1485 2472 (ο)
1503 2415 1531 2454 a
1549 2398 1944 2469 corrumpendo
1957 2407 2117 2455 ceter-

518 2517 665 2570 nam,
692 2515 747 2553 a'
774 2494 1148 2554 resuscitaudo
1198 2502 1540 2558 manentem;
1584 2502 1640 2549 et
1690 2508 1796 2548 non
1825 2489 2116 2560 ambigitur

515 2595 645 2667 quin
674 2591 815 2648 idem
841 2586 1305 2647 commendaverit
1332 2585 1579 2656 Spiritum
1619 2585 1798 2652 Patri,
1829 2585 1919 2656 qui
1947 2593 2003 2639 et
2028 2583 2117 2640 die

517 2685 707 2742 eadem
751 2684 805 2738 in
835 2678 1087 2753 paradiso
1116 2677 1280 2734 fuerit
1302 2692 1423 2733 cum
1470 2676 1683 2732 latrone
1712 2694 1726 2730 :
1754 2687 1810 2731 et
1835 2690 2020 2746 quacro
2046 2690 2115 2729 an

518 2777 770 2849 sepulcro
796 2784 1069 2845 receptus,
1103 2773 1155 2826 in
1186 2770 1438 2842 paradiso
1467 2767 1759 2835 manserit;
1808 2784 1875 2823 an
1905 2782 2034 2824 vero
2062 2767 2116 2822 in

521 2868 772 2942 paradiso
798 2880 1045 2933 manens,
1069 2862 1384 2919 derelictum
1413 2875 1473 2916 se
1503 2876 1534 2916 a
1559 2861 1670 2917 Deo
1698 2869 1921 2931 questus
1949 2859 2040 2915 sit.

590 2963 680 3019 δὲ.
723 2960 952 3018 Solutio.
973 2988 1045 3000 —
1073 2957 1223 3014 linus
1245 2954 1325 3028 (ά)
1355 2955 1497 3010 enim
1530 2962 1689 3025 atque
1716 2953 1861 3010 idem
1894 2960 1978 3009 est
2013 2953 2118 3009 Do-

520 3055 700 3112 minus
727 3053 886 3110 Jesus
915 3051 1194 3117 Christus,
1220 3048 1462 3105 Verbum
1501 3062 1628 3103 caro
1670 3047 1892 3117 factum,
1937 3062 1998 3102 se
2034 3047 2116 3118 ip-

2216 1849 2471 1906 mortem,
2504 1840 2815 1896 mortalium
2853 1841 2960 1896 vita
3007 1850 3301 1897 renovetur
3330 1861 3344 1898 :
3373 1858 3492 1913 qua:
3523 1859 3632 1898 non
3663 1842 3830 1899 intel-

2217 1934 2335 2007 ligit
2361 1937 2639 2007 querelam
2665 1934 2931 2005 derelicti,
2977 1945 3031 1992 et
3073 1937 3349 2006 regnantis
3396 1936 3826 2006 conﬁdentiam;

2218 2037 2276 2083 ut
2322 2029 2464 2099 quod
2523 2029 2663 2084 Deus
2701 2039 2908 2100 regnat,
2959 2039 3015 2085 et
3067 2029 3214 2101 quod
3268 2045 3328 2086 se
3373 2031 3509 2085 mori
3554 2031 3828 2102 queritur,

2217 2118 2288 2174 sit
2316 2118 2392 2192 (1)
2426 2120 2479 2174 in
2504 2117 2580 2192 (ι’)
2615 2120 2968 2190 intelligentia
2999 2127 3184 2176 nostra
3210 2163 3223 2187 ,
3257 2130 3311 2177 et
3349 2121 3511 2177 homo
3555 2130 3831 2191 mortuus,

2217 2222 2272 2270 et
2297 2214 2435 2269 Deus
2463 2228 2716 2285 regnans.
2762 2213 2879 2270 Non
2929 2214 3072 2270 enim
3114 2214 3254 2271 alius
3280 2222 3366 2271 est
3394 2214 3633 2272 moriens
3658 2225 3712 2272 et
3732 2231 3835 2273 re-

2216 2320 2427 2377 gnans,
2476 2322 2654 2376 neque
2707 2307 2845 2362 alius
2894 2318 2977 2362 est
3026 2309 3413 2366 commendans
3468 2309 3716 2381 Spiritum
3766 2318 3836 2367 et

2220 2401 2525 2470 exspirans,
2555 2416 2732 2473 neque
2758 2401 2896 2456 alius
2923 2410 3007 2458 est
3032 2403 3274 2475 sepultus
3301 2413 3356 2459 et
3384 2418 3695 2476 resurgens,
3724 2420 3837 2461 ne-

2217 2508 2322 2564 que
2354 2508 2460 2549 non
2487 2510 2625 2549 unus
2654 2502 2739 2549 est
2763 2493 3103 2551 descendens
3129 2506 3184 2552 et
3209 2496 3567 2553 adscendens.

2289 2586 2781 2659 36664.6hristus
2795 2589 3186 2645 indiuisusﬂoc
3197 2591 3329 2662 fugit
3342 2593 3517 2647 seaculi
3527 2592 3840 2664 prudentes.

2217 2680 2430 2736 --Audi
2451 2682 2504 2736 in
2524 2681 2625 2737 hoc
2645 2682 2953 2753 apostolica:
2971 2683 3230 2741 doctrina:
3248 2686 3510 2742 eruditam
3527 2701 3630 2744 non
3645 2689 3839 2748 carnis

2219 2790 2403 2842 sensu,
2420 2774 2515 2831 sed
2532 2774 2675 2832 dono
2691 2776 2925 2846 Spiritus
2944 2776 3129 2844 ﬁdem,
3145 2793 3266 2834 cum
3281 2780 3484 2837 Graecis
3499 2781 3835 2852 sapientiam

2218 2876 2272 2922 et
2286 2866 2487 2923 Judaeis
2501 2867 2650 2938 signa
2665 2867 3011 2938 poscentibus
3025 2869 3291 2940 loquitur:
3317 2869 3426 2926 Nos
3446 2880 3616 2926 autem
3633 2872 3841 2944 pradi-

2219 2976 2393 3014 camus
2407 2957 2667 3013 Christum
2685 2958 2863 3014 Jesum
2885 2961 3023 3015 cruci
3027 2962 3212 3030 ﬁmum,
3224 2961 3425 3017 ludatis
3440 2964 3647 3034 quidem
3668 2980 3836 3019 scan-

2219 3053 2414 3115 dolum,
2433 3052 2665 3126 gentibus
2686 3063 2855 3107 autem
2867 3055 3135 3109 stultitiam
3152 3073 3172 3123 ;
3192 3056 3316 3128 ipsis
3327 3066 3497 3112 autem
3513 3058 3705 3112 vocatis
3723 3056 3841 3113 Ju-

521 3163 640 3204 sum
669 3162 767 3219 per
797 3145 917 3200 hare
938 3147 1191 3200 universa
1217 3140 1526 3211 signiﬁcans
1551 3157 1563 3193 :
1596 3140 1686 3211 qui
1709 3139 1837 3195 dum
1867 3139 1934 3194 ad
1962 3154 2113 3195 mor-
2142 3140 2189 3205 C
2222 3146 2346 3201 dwis
2370 3155 2523 3216 atque
2548 3144 2742 3202 ercis
2779 3146 3037 3202 Christum
3062 3146 3245 3202 Iesum
3269 3148 3365 3203 Dei
3389 3150 3624 3204 uirtutem
3648 3158 3695 3203 et
3723 3149 3841 3206 Dei

520 3247 631 3297 tem
673 3238 970 3308 derelinqui
1020 3251 1080 3292 se
1127 3233 1412 3305 signiﬁcat,
1445 3233 1607 3288 homo
1653 3242 1774 3300 est;
1815 3232 1942 3288 dum
1984 3249 2116 3289 vero

520 3331 686 3387 homo
714 3339 820 3395 est,
851 3329 904 3382 in
935 3326 1184 3397 paradiso
1212 3326 1351 3382 Deus
1377 3334 1587 3396 regnet,
1619 3340 1854 3396 regnans
1883 3341 2044 3396 porro
2066 3327 2119 3383 in

525 3423 796 3495 paradiso,
830 3420 978 3477 Patri
1001 3418 1346 3477 commendet
1375 3419 1621 3490 spiritum
1653 3418 1747 3474 Dei
1774 3418 1948 3487 ﬁlius;
1975 3434 2122 3475 com-

525 3518 837 3575 mendatum
865 3530 995 3574 vero
1021 3516 1166 3571 Patri
1198 3513 1468 3586 Spiritum,
1497 3514 1736 3570 hominis
1777 3515 1920 3571 ﬁlius
1949 3515 2125 3571 tradat

523 3612 589 3669 ad
612 3622 861 3668 mortem.
889 3608 1029 3679 Quid
1058 3621 1202 3663 nunc
1227 3606 1297 3663 de
1321 3617 1661 3663 sacramento
1688 3607 1912 3662 facimus
1932 3617 2122 3663 contu-

526 3705 784 3763 meliam?
813 3703 886 3777 (e)
916 3701 1092 3758 Habes
1114 3701 1168 3756 in
1198 3707 1569 3771 conquerente
1603 3697 1671 3754 ad
1704 3710 1933 3756 mortem
1963 3700 2122 3756 relic-

526 3810 637 3859 tum
659 3815 718 3857 se
747 3812 891 3867 esse,
914 3797 1038 3869 quia
1052 3794 1217 3852 homo
1233 3803 1318 3851 est
1344 3812 1357 3848 :
1382 3794 1550 3850 habes
1576 3808 1722 3860 eum,
1755 3794 1846 3865 qui
1868 3794 2119 3863 moritur,

526 3895 868 3968 proﬁtentem
898 3905 958 3948 se
983 3891 1036 3946 in
1076 3887 1326 3961 paradiso
1365 3902 1617 3959 regnare,
1664 3887 1790 3959 quia
1836 3887 1977 3944 Deus
2012 3894 2117 3944 est.

525 3987 636 4044 Cur
658 3989 759 4043 hoc
788 3983 932 4057 quod
961 3982 1117 4040 nobis
1145 3981 1212 4037 ad
1240 3979 1652 4051 intelligentiam
1684 3980 1875 4036 mortis
1902 3995 2013 4037 sua:
2040 3980 2124 4036 lo-

526 4088 684 4137 cutus
713 4085 816 4143 est,
848 4076 1021 4132 solum
1070 4073 1139 4130 ad
1185 4072 1515 4143 impietatem
1565 4072 1903 4139 retinemus;
1944 4080 2001 4129 et
2042 4071 2117 4138 id,

528 4172 673 4242 quod
704 4170 845 4227 idem
874 4168 940 4225 ad
966 4166 1485 4224 demonstrationem
1534 4164 1957 4219 immortalitatis
2010 4179 2124 4221 sua:

528 4276 611 4323 est
640 4263 936 4337 professus,
976 4262 1250 4319 tacemus?
1302 4260 1361 4318 Si
1400 4258 1644 4331 ejusdem
1675 4274 1780 4316 vox
1806 4259 1921 4317 haec
1963 4270 2125 4332 atque

603 4404 684 4479 (l)
713 4405 877 4461 Abest
902 4403 957 4458 in
985 4416 1018 4457 a
1040 4415 1144 4457 ms.
1177 4406 1387 4456 nostro.

2222 3239 2526 3310 sapientiam
2553 3237 2597 3309 (l
2626 3238 2770 3307 Cor.,
2799 3256 2840 3307 ι,
2879 3241 2951 3296 2'5
2990 3251 3035 3295 et
3069 3240 3187 3314 24).
3218 3240 3487 3314 Numquid
3515 3243 3722 3299 divisus
3741 3250 3843 3300 est

2224 3334 2491 3401 Christus,
2524 3343 2582 3390 ut
2601 3334 2739 3391 alius
2766 3337 2835 3391 sit
2861 3335 3018 3393 Jesus
3063 3336 3375 3405 cruciﬁxus,
3406 3337 3545 3393 alius
3572 3336 3843 3394 Christus

2223 3428 2395 3485 virtus
2421 3437 2476 3485 et
2503 3430 2767 3500 sapientia
2811 3430 2943 3486 Dei?
2982 3430 3089 3486 Sed
3136 3431 3237 3488 hoc
3277 3440 3332 3487 et
3377 3432 3692 3488 scandalum
3731 3430 3844 3489 Ju-

2225 3520 2383 3589 da‘is,
2410 3532 2464 3577 et
2493 3522 2715 3578 stultitia
2754 3523 3003 3595 gentibus
3047 3531 3132 3579 est
3164 3541 3178 3578 :
3212 3523 3369 3580 nobis
3424 3539 3553 3580 vero
3576 3522 3845 3580 Christus

2218 3614 2379 3672 Jesus
2411 3615 2504 3670 Dei
2532 3616 2726 3682 virtus,
2754 3616 2956 3686 Deique
2982 3616 3276 3685 sapientia;
3303 3616 3398 3673 sed
3419 3616 3688 3687 sapientia
3716 3631 3844 3675 non

2225 3691 2427 3763 mundo
2457 3706 2691 3779 cognita,
2739 3722 2841 3764 nec
2888 3708 3158 3764 intellecta
3216 3708 3570 3778 prudentibus
3616 3709 3845 3768 saaculi.

2225 3802 2290 3857 Et
2316 3817 2476 3874 quam
2516 3817 2623 3857 non
2672 3803 2942 3859 intellecta
2964 3803 3054 3872 sit,
3099 3802 3249 3859 disce
3277 3802 3468 3860 eodem
3497 3803 3658 3859 beato
3683 3804 3850 3875 Apo-

2222 3894 2366 3950 stolo
2394 3893 2613 3951 dicente
2643 3911 2656 3949 :
2690 3895 2796 3952 Sed
2823 3896 3080 3966 loquimur
3110 3894 3207 3949 Dei
3244 3897 3574 3967 sapientiam,
3620 3912 3737 3965 quia
3778 3897 3851 3952 in

2222 3999 2543 4044 sacramento
2564 3989 2812 4044 absconsa
2834 4000 2928 4057 est,
2955 4005 3111 4061 quam
3129 3988 3398 4058 praeﬁnioit
3427 3986 3565 4043 Deus
3589 3998 3711 4043 ante
3732 4004 3852 4043 sa:-

2223 4081 2343 4136 cula
2368 4081 2422 4135 in
2450 4081 2670 4153 gloriam
2696 4092 2924 4137 nostram
2951 4122 2965 4147 ,
3003 4097 3154 4152 quant
3183 4079 3264 4153 (g)
3292 4096 3439 4135 nemo
3475 4094 3540 4135 ea:
3568 4079 3851 4153 principi-

2226 4172 2319 4227 bus
2349 4173 2503 4241 hujus
2532 4174 2705 4229 swculi
2734 4174 2967 4245 cognovit
2996 4173 3080 4228 :si
3112 4173 3249 4227 enim
3275 4172 3646 4246 cognovissent,
3681 4188 3857 4226 num-

2226 4281 2380 4335 quam
2407 4265 2689 4322 Dominum
2708 4267 2889 4338 gloria:
2911 4267 3283 4337 cruciﬁxissent
3313 4266 3356 4337 (Ι
3375 4263 3519 4333 Con,
3544 4282 3604 4333 ll,
3628 4267 3661 4321 7
3686 4277 3735 4321 et
3748 4265 3854 4339 8).

602 4523 681 4594 (a)
708 4519 857 4594 Lips.
879 4530 936 4594 et
951 4516 1075 4594 Par.
1106 4530 1228 4572 cum
1261 4520 1471 4568 vetusto
1496 4509 1683 4594 codice
1703 4510 1858 4567 Colb.
1887 4511 2128 4594 manifesf
2153 4510 2207 4572 D
2235 4516 2416 4594 nasius
2446 4517 2539 4594 lib.
2569 4518 2637 4594 de
2664 4516 2875 4594 Incarn.
2906 4516 3126 4589 Christi,
3160 4536 3281 4592 pag.
3310 4498 3449 4590 630.,
3481 4521 3855 4594 traditionem

532 4584 639 4652 tum
664 4584 882 4650 estfllic
907 4590 1068 4646 iidem
1092 4594 1417 4656 arguuntur,
1459 4585 1549 4654 qui
1596 4598 1758 4652 supra
1800 4600 1948 4656 num.
1974 4584 2043 4641 49
2070 4593 2127 4640 et

530 4664 930 4725 convincuntur
962 4678 1066 4717 nou
1100 4654 1261 4729 posse
1291 4658 1343 4711 in
1374 4671 1469 4711 sua
1504 4659 1775 4712 sententia
1805 4654 2080 4727 explicare
2106 4696 2122 4726 ,

533 4736 752 4812 quaide
777 4732 994 4812 Christo
1021 4728 1219 4812 scripta
1244 4737 1391 4785 sunt.

606 4810 683 4893 (Pl
710 4806 861 4893 All"?
885 4804 1016 4893 BE“!-
1040 4798 1216 4893 εί.Εῇ
1240 4816 1313 4893 ¹Ξ¹Ξ
1333 4798 2021 4893 ῗέἷὲἕῖῗηξφῗέίέλὲῗὲδξῖ
2033 4814 2125 4893 Ῐῗῖ

532 4871 1000 4953 peiitio.'l.ipsius
1027 4873 1222 4953 deinde
1250 4888 1317 4928 ex
1349 4871 1556 4953 lirasmi
1586 4872 1829 4953 margine
1854 4884 2127 4953 reponens

534 4941 605 5009 an
630 4949 770 5006 Deus
794 4941 1045 5021 corporis,
1069 4944 1250 5001 omisit
1273 4942 1522 5021 animum,
1548 4956 1651 5021 nec
1682 4942 1826 5021 apud
1854 4941 1979 5021 Par.
2012 4958 2129 4996 res-

535 5027 749 5081 titutum
776 5012 999 5077 est.'Hic
1027 5012 1081 5073 et
1107 5032 1260 5072 num.
1293 5015 1363 5071 55
1397 5029 1503 5067 uou
1539 5013 1855 5081 simpliciter
1877 5012 2123 5078 animam,

533 5097 631 5152 sed
666 5109 786 5150 cum
818 5091 1071 5162 adjuncto
1096 5087 1325 5160 corporis
1346 5085 1498 5156 ponit
1522 5083 1914 5162 Hilarius,_guo
1940 5083 2130 5162 absur-

535 5167 658 5222 dam
678 5172 863 5221 eaveat
883 5155 1215 5235 opinionem,
1229 5155 1569 5235 φιλίη-ηοω
1589 5171 1738 5235 num.
1761 5155 1852 5221 57,
1870 5170 1939 5235 ne
1961 5155 2122 5235 videi.

535 5236 700 5294 Verbi
728 5226 1366 5302 anima-INWW‘:4'“!m
1399 5227 1454 5302 l"
1482 5226 1712 5296 “malis
1741 5240 1811 5302 9c
1840 5227 2128 5302 Plerique

534 5325 669 5365 mss.
714 5305 858 5377 Nam
883 5297 1147 5377 spiritum;
1174 5298 1542 5377 Magisplacet
1568 5312 1705 5377 telum
1731 5297 1894 5377 Corp:
1927 5305 1983 5377 et
2023 5298 2129 5352 ne-

534 5381 663 5449 mig.
700 5376 840 5453 Nam
875 5367 1081 5453 spiritu.
1108 5371 1244 5453 Cum
1271 5367 1762 5453 :spiritumChristi
1790 5368 2126 5423 divinitatem

533 5439 675 5508 illius
701 5448 875 5506 soleat
900 5439 1135 5504 lltlarius
1157 5439 1480 5510 intelligere,
1510 5439 1557 5511 Si
1583 5440 1814 5496 Verbum
1835 5455 1865 5494 a
1895 5453 2126 5511 corpore

533 5532 748 5580 mortuo
772 5527 1078 5591 separatum
1104 5509 1383 5591 sensisset,
1405 5510 1751 5591 traditionem
1789 5509 2126 5591 spiritus’ﬂfa:

533 5595 635 5652 cile
661 5581 1047 5666 interpretatus
1070 5594 1218 5666 esset
1254 5582 1551 5666 divinitatis
1577 5581 2124 5666 discessionemLSed

533 5651 992 5735 opinionis'hujus
1017 5656 1310 5735 suspicioni
1358 5655 1559 5735 locum.
1574 5655 1777 5735 nullum
1805 5651 2125 5735 pertiiittuiit

529 5723 639 5810 ja'm
669 5735 833 5802 dicta,
862 5723 925 5790 ac
951 5723 1197 5804 proxime
1219 5725 1467 5787 dicenda.
1519 5724 1725 5783 Eodem
1760 5723 1924 5783 modo
1952 5723 2126 5782 Atha-

2228 4590 2447 4661 Spiritus
2463 4590 2531 4647 de
2545 4592 2740 4646 animm
2761 4591 3092 4648 discessione
3110 4590 3330 4661 exponit
3359 4613 3373 4648 :
3399 4610 3462 4649 ac
3486 4593 3686 4650 deinde
3706 4610 3861 4651 sen-

2230 4662 2452 4720 tentiam
2478 4699 2498 4729 ,
2537 4677 2695 4732 quam
2730 4662 2932 4734 Hilario
2972 4664 3190 4733 quidam
3225 4680 3329 4720 non
3377 4665 3509 4720 satis
3537 4669 3864 4734 prudenter

2228 4735 2514 4806 aflingunt,
2544 4733 2786 4803 explodit
2813 4751 2827 4787 :
2855 4734 2983 4789 adeo
3016 4746 3070 4788 ut
3095 4736 3498 4806 aspirationem
3514 4752 3663 4790 nemo
3689 4738 3865 4792 dixe-

2229 4807 2295 4860 rit
2312 4803 2514 4860 deitatis
2538 4806 2911 4876 traductionem
2934 4803 3516 4876 transmigrationemve,
3538 4809 3630 4862 sed
3646 4809 3863 4864 animo:

2230 4878 2507 4932 discessum
2533 4891 2659 4932 esse.
2696 4874 2836 4930 Nam
2858 4876 2902 4931 si
2927 4887 3040 4947 post
3060 4874 3444 4948 entigrationem
3467 4879 3675 4934 deitatis
3699 4897 3865 4935 more

2232 4948 2613 5021 superuenit,...
2667 4948 2928 5016 propriam
2972 4948 3217 5004 nimirum
3244 4962 3460 5005 mortem
3495 4949 3686 5019 obivit,
3732 4967 3870 5007 non

2233 5030 2407 5074 nostra
2433 5022 2733 5090 perfunctus
2754 5027 2850 5074 est.

2307 5111 2380 5181 (ο)
2421 5110 2898 5184 ίῖοττιιιηρθηίίιιηι-
2914 5120 2974 5166 ιιι
2999 5122 3054 5168 et
3077 5111 3480 5170 dissolvendum
3507 5112 3677 5182 dicit,
3707 5116 3870 5184 quia

2236 5198 2358 5259 mox
2387 5183 2493 5237 vita
2524 5183 2840 5259 cariturum.
2872 5181 3043 5238 Porro
3083 5195 3329 5259 sanctum
3355 5185 3582 5259 Domini,
3604 5181 3868 5259 corrup-

2235 5253 2434 5309 tionem
2462 5269 2568 5308 non
2597 5255 2833 5308 visurum
2876 5268 2998 5311 esse
3029 5255 3260 5311 adstruit
3287 5271 3448 5328 supra
3473 5273 3527 5311 u.
3563 5257 3654 5311 12.

2330 5346 2385 5416 d)
2411 5346 2536 5402 Par.
2566 5361 2689 5402 cum
2717 5348 2939 5416 antiquo
2961 5346 3148 5404 codice
3173 5346 3324 5403 Colh.
3349 5365 3511 5403 unum
3531 5349 3688 5404 enim.

2330 5345 2385 5489 αξ
2411 5346 2536 5402 Par.
2566 5361 2689 5402 cum
2717 5348 2939 5416 antiquo
2961 5346 3148 5404 codice
3173 5346 3324 5403 Colh.
3349 5365 3511 5403 unum
3531 5349 3688 5404 enim.
3926 5393 3945 5406 .

2307 5345 2699 5544 gimllguplures
2729 5433 2862 5476 mss.
2894 5417 3153 5475 Nonnulli
3179 5434 3300 5475 cum
3319 5419 3501 5490 editis,
3525 5421 3681 5476 habes
3710 5435 3881 5478 con-

2233 5505 2542 5560 querentem.

2305 5581 2385 5655 (Γ)
2422 5581 2691 5655 ξετιίευίδ
2715 5582 2772 5655 in
2794 5596 2861 5638 ex
2887 5597 3020 5638 mss.
3052 5582 3157 5639 huc
3187 5592 3495 5640 revocatur.

2302 5651 2384 5724 (g)
2421 5651 2643 5726 Carnut.
2675 5653 2868 5726 codex,
2900 5669 3047 5708 nemo
3089 5655 3382 5726 principum
3415 5674 3427 5710 :
3460 5663 3517 5711 et
3552 5669 3680 5712 mox
3729 5652 3885 5714 Do-

2230 5723 2425 5780 minum
2454 5724 2755 5796 majestatis,
2786 5740 2889 5782 non
2910 5723 3112 5797 glorise.
