4094 6180
301 210 404 267 595

300 329 448 384 Anne
483 329 770 399 Apostolus
810 334 1038 406 ignorat,
1073 341 1212 399 hanc
1245 345 1334 402 Dei
1375 351 1693 420 sapientiam
1720 359 1769 414 in
1800 375 1886 414 sa-

299 431 560 474 cramento
585 439 702 479 esse
732 427 1071 498 absconsum,
1098 445 1151 489 et
1178 454 1300 494 esse
1333 442 1664 513 principibus
1694 453 1876 506 smculi

298 509 674 581 ignorabilcm?
703 519 856 576 Anne
879 521 1066 578 dividit
1088 509 1380 596 Christum,
1416 546 1472 588 ιιι
1504 509 1642 592 alius
1677 541 1744 594 sit
1775 542 1879 598 Do—

297 600 465 656 minus
489 603 806 672 majestatis,
833 609 970 666 alius
998 612 1153 672 Jesus
1175 621 1516 679 cruciﬁxus?
1547 627 1650 683 Sed
1673 634 1879 690 stultis-

296 691 437 746 simae
475 692 596 749 huic
649 707 811 769 atque
856 703 1188 773 impiissima:
1239 715 1481 783 opinioni
1534 725 1875 794 contradicit,

296 781 470 840 dicens
512 803 524 841 :
580 785 702 843 Non
743 794 877 858 enim
918 797 1154 866 judicari
1201 820 1278 859 me
1325 809 1605 880 quidquam
1651 817 1782 871 scire
1823 819 1877 873 in

296 874 572 940 eobis,nisi
587 879 850 938 Christum
865 885 1129 957 Jesum,et
1154 894 1292 950 hunc
1321 874 1622 968 cruciﬁxum
1652 907 1762 975 (Ib.
1795 909 1873 982 2).

359 969 442 1024 65.
486 969 676 1027 Contra
697 974 887 1032 Christi
917 982 1197 1052 divisores;
1225 1005 1341 1060 qua!
1365 991 1416 1046 in
1443 1010 1500 1048 eo
1525 969 1760 1052 videntur
1786 969 1878 1072 op—

295 1066 445 1132 posita
474 1068 832 1127 conciliantur.
868 1106 940 1116 —
969 1078 1128 1134 Aliud
1161 1084 1452 1154 Apostolus
1483 1093 1673 1158 nescit,
1703 1111 1877 1168 neque

292 1157 420 1211 aliud
467 1161 606 1216 scire
655 1178 714 1218 se
745 1164 950 1234 jndicat
987 1189 1000 1223 :
1036 1189 1132 1228 nos
1173 1189 1349 1233 autem
1384 1194 1434 1236 et
1469 1185 1697 1242 inﬁrmis
1729 1191 1876 1262 iugc-

291 1247 374 1312 nii,
407 1259 459 1304 et
490 1251 802 1311 inﬁrmioris
833 1258 978 1326 ﬁdei,
1013 1260 1285 1321 Christum
1333 1270 1516 1328 Jesum
1556 1279 1871 1349 scindimus,

289 1339 586 1406 dividimus,
618 1346 975 1418 duplicamus,
1023 1357 1208 1413 arbitri
1254 1368 1634 1434 mysteriorum
1685 1383 1740 1428 et
1785 1392 1876 1433 oc-

287 1430 401 1485 culti
431 1438 757 1492 sacramenti
789 1441 1229 1504 calumniatores.
1264 1430 1417 1508 Alius
1439 1458 1581 1512 enim
1610 1462 1762 1517 nobis
1795 1474 1877 1522 est

284 1521 521 1581 Christus
548 1530 859 1599 crucifixus,
892 1537 1032 1592 alius
1062 1539 1154 1596 Dei
1187 1545 1483 1614 sapientia;
1519 1551 1656 1607 alius
1694 1559 1875 1627 sepul-

282 1621 380 1681 tus,
431 1619 568 1675 alius
620 1622 991 1695 descendens;
1048 1630 1121 1705 (ιι)
1155 1644 1208 1688 et
1246 1636 1382 1693 alius
1428 1641 1569 1697 ﬁlius
1616 1645 1871 1718 hominis,

280 1709 404 1765 alius
456 1711 598 1769 ﬁlius
650 1715 764 1772 Dei.
814 1718 928 1775 Non
979 1723 1342 1798 iutelligentes
1382 1732 1660 1803 docemus,
1692 1750 1867 1798 ctne-
1900 1760 1945 1820 Β

279 1805 505 1862 scientes
523 1811 814 1878 arguimus,
838 1825 891 1871 et
917 1816 1058 1872 dicta
1086 1820 1176 1875 Dei
1203 1823 1450 1883 homines
1479 1833 1830 1892 emendamus
1856 1858 1868 1892 :

277 1906 451 1955 etnon
480 1901 766 1974 dignamur
811 1912 1107 1968 secundum
1142 1917 1462 1987 Apostolum
1496 1922 1566 1978 ita
1601 1928 1824 1986 credere
1856 1949 1870 1985 :

279 1989 348 2062 (b)
379 1991 509 2059 Quis
535 1996 886 2054 criminabitur
919 2004 1100 2060 electos
1133 2005 1266 2064 Dei?
1297 2009 1434 2068 Deus
1461 2025 1535 2069 est
1565 2020 1654 2087 qui
1678 2021 1870 2092 justiﬁ-
1909 2036 1912 2040 '

277 2093 346 2136 cat
367 2100 385 2138 :
409 2088 529 2155 quis
556 2099 628 2142 est
652 2091 740 2159 qui
768 2094 1112 2152 condemnat?
1134 2099 1366 2158 Christus
1396 2107 1486 2174 qui
1514 2088 1745 2166 mortuus
1775 2088 1869 2179 est,

277 2174 368 2230 imo
421 2180 576 2234 etiam
625 2184 713 2253 qui
738 2193 1040 2253 resurrexit,
1087 2195 1174 2260 qui
1213 2204 1284 2250 est
1314 2197 1366 2251 in
1395 2199 1607 2255 dextera
1636 2200 1752 2269 Dei,
1787 2208 1873 2276 qui

269 2277 316 2322 et
342 2273 568 2339 postulat
622 2293 719 2346 pro
764 2281 911 2335 nobis
963 2282 1142 2355 (Rom.
1190 2303 1305 2356 vni,
1361 2290 1432 2345 55
1460 2303 1507 2346 et
1543 2293 1660 2364 54).
1715 2273 1874 2354 Anne

275 2360 403 2417 alius
433 2379 531 2434 pro
563 2368 720 2425 nobis
750 2373 988 2441 posmlat
1011 2416 1026 2442 ,
1056 2392 1218 2447 quam
1265 2380 1356 2452 qui
1413 2383 1464 2439 in
1515 2360 1736 2444 dextera
1778 2391 1873 2448 Dei

276 2456 381 2509 est?
441 2458 518 2529 (Ι)
569 2460 650 2516 vel
708 2464 797 2531 qui
854 2465 906 2520 in
947 2466 1167 2525 dextera
1237 2473 1327 2528 Dei
1391 2486 1495 2543 est,
1572 2496 1678 2535 non
1757 2483 1874 2553 ipse

275 2555 347 2602 est
384 2548 477 2618 qui
527 2555 864 2609 resurrexit?
910 2559 994 2614 vel
1050 2560 1141 2630 qui
1190 2571 1507 2633 resurrexit,
1565 2585 1673 2626 non
1731 2573 1872 2630 idem

276 2643 510 2692 mortuus
562 2639 681 2694 est?
749 2643 827 2699 vel
896 2646 989 2717 qui
1063 2659 1307 2708 mortuus
1371 2665 1476 2730 est,
1550 2673 1659 2714 non
1730 2661 1872 2721 idem

275 2723 628 2781 condemnat?
658 2731 742 2785 vel
769 2733 856 2800 qui
891 2735 1240 2806 condemnat,
1300 2725 1404 2799 non
1456 2746 1598 2802 idem
1649 2759 1735 2806 est
1782 2753 1874 2823 qui

273 2817 525 2889 jnstiﬁcat
558 2821 739 2877 Dens?
766 2824 1094 2895 Separemus
1123 2848 1271 2904 ergo,
1305 2836 1349 2891 si
1394 2838 1541 2904 licet,
1596 2858 1625 2896 a
1672 2817 1867 2913 justiﬁ.

277 2915 424 2960 caute
474 2907 587 2965 Deo
633 2911 1091 2974 condemnantem
1137 2922 1299 2994 367
1339 2907 1696 2998 ChriStum,a
1745 2950 1875 2992 con-

278 2995 562 3056 demnante
615 3001 836 3060 Christo
883 3018 1156 3066 mortuum
1210 3015 1526 3088 Christum,
1579 3036 1608 3074 a
1655 3033 1872 3082 mortuo

279 3084 483 3147 Christo
505 3092 782 3151 Christum
827 3097 880 3153 in
921 3099 1130 3158 dextris
1159 3104 1462 3176 sedentem,
1510 3126 1868 3188 orantemque
1895 3139 1941 3202 ο

279 3191 369 3202 κ--
399 3181 549 3202 μυ-
617 3181 673 3202 ο,
873 3187 932 3202 κ.
1189 3194 1201 3202 .
1289 3194 1340 3202 ,.-
1397 3199 1407 3202 ,

279 3191 372 3246 pro
399 3181 571 3236 nobis.
617 3181 673 3239 Si
711 3189 893 3257 itaque
917 3187 1034 3245 haec
1058 3194 1236 3249 omnia
1281 3194 1529 3256 Christus
1580 3218 1718 3260 unus
1745 3181 1824 3262 est
1851 3226 1865 3276 ;

281 3283 450 3344 neque
494 3273 636 3330 alius
678 3287 762 3332 est
807 3277 1058 3340 Chrisms
1105 3295 1370 3354 mortuus,
1403 3292 1539 3349 alius
1588 3299 1866 3369 sepultus;

281 3372 370 3417 aut
390 3364 520 3422 alius
549 3367 889 3427 descendens
915 3373 980 3430 ad
1008 3375 1238 3446 inferna,
1269 3389 1322 3436 et
1348 3383 1485 3439 alius
1533 3387 1869 3448 adscendens

284 3453 334 3509 in
358 3458 548 3528 caelos,
580 3462 874 3519 secundum
917 3467 1046 3524 illud
1089 3473 1331 3540 Apostoli
1358 3492 1370 3528 :
1396 3476 1675 3536 Adscendit
1703 3492 1870 3540 autent

283 3550 396 3619 quid
437 3563 528 3617 est,
585 3557 688 3610 nisi
726 3559 816 3628 qui
857 3561 1116 3617 descendit
1158 3567 1212 3620 in
1251 3569 1502 3639 inferiora
1549 3577 1736 3631 terrae?
1767 3579 1870 3647 Qui

285 3642 547 3715 descendit,
578 3649 658 3722 (2)
708 3653 818 3720 ipse
858 3664 930 3709 est
968 3666 1016 3711 et
1058 3660 1146 3727 qui
1187 3661 1450 3718 adscendit
1498 3685 1650 3741 super
1693 3642 1869 3727 omnes

287 3738 444 3808 celos,
472 3751 526 3795 ut
568 3743 846 3815 adimpleat
872 3749 1041 3803 omnia
1072 3749 1292 3821 (Ep/tes.
1329 3771 1404 3823 Iv,
1437 3756 1470 3812 9
1508 3738 1677 3832 etilli)
1713 3783 1725 3818 :
1763 3779 1871 3834 quo

289 3845 442 3903 usque
500 3834 795 3904 impietatis
851 3850 1050 3897 nostra:
1105 3846 1444 3904 extendimus
1496 3854 1866 3927 stnltiloquam

291 3922 688 3996 ignorationem,
711 3941 768 3986 ut
792 3931 931 4002 quod
963 3935 1015 3990 in
1045 3949 1389 3994 sacramento
1417 3942 1511 3998 Dei
1541 3945 1866 4006 absconsum

293 4023 383 4082 est,
422 4019 471 4073 id
517 4021 775 4092 explicari
833 4040 862 4079 a
916 4027 1072 4084 nobis
1123 4045 1283 4101 posse
1324 4035 1710 4105 proﬁteamur?
1766 4041 1868 4109 Qui

295 4107 553 4180 descendit,
602 4115 712 4185 ipse
750 4128 821 4173 est
859 4130 906 4175 et
940 4123 1026 4192 qui
1073 4125 1358 4182 adscendit.
1399 4128 1668 4205 Numquid
1697 4107 1867 4193 ambis

355 4225 426 4307 (_
452 4231 645 4307 A_utea.
673 4235 750 4288 vel
776 4237 860 4307 qui
891 4237 1072 4293 dextra
1098 4239 1150 4294 in
1175 4241 1292 4298 Dei.

357 4299 428 4379 (ξ)
471 4300 591 4379 ipse
610 4317 683 4359 est
704 4299 799 4379 qui
814 4317 860 4361 et
885 4312 1166 4379 adscendit,
1200 4325 1253 4370 et
1280 4316 1348 4370 ita
1373 4316 1615 4378 inferius.

357 4375 428 4442 (5)
466 4373 588 4444 Ipse
608 4386 654 4430 et
677 4377 962 4434 adscendit.

1521 234 1606 289 DE
1649 235 2266 319 ΤιιιΝιτΑΤιςμΑιιιςιι
2307 252 2376 308 x.

3487 284 3593 342 594

1913 365 1962 422 Α
1990 367 2153 436 gitur,
2197 373 2326 440 quin
2367 373 2522 430 Jcsus
2542 376 2789 434 Christus
2837 381 2999 439 homo
3043 400 3108 442 ex
3152 392 3378 449 mortuis
3409 410 3592 453 resuro

1982 473 2136 527 gens,
2170 479 2334 533 super
2355 481 2544 522 omnes
2575 470 2745 525 caelos
2767 473 3128 544 adscendens,
3171 495 3201 535 a
3249 483 3454 540 dextris
3498 489 3590 544 Dei
3645 531 3648 535 .

1982 553 2088 606 sit?
2116 553 2384 626 Numquid
2417 559 2766 620 descendisse
2794 566 2858 620 ad
2889 567 3093 625 inferos
3118 587 3336 645 corpus,
3363 581 3505 649 quod
3533 582 3588 637 in

1981 646 2229 713 sepulcro
2253 650 2458 719 jacuit,
2494 653 2567 725 (c)
2600 655 2850 712 dicetur?
2897 658 2952 715 Si
3001 663 3179 735 itaque
3221 670 3311 737 qui
3362 646 3591 729 descen-

1981 734 2080 803 dit,
2112 739 2188 809 (5)
2237 741 2352 811 ipse
2391 755 2555 801 estet
2585 749 2673 818 qui
2714 750 3018 820 adscendit,
3064 734 3118 812 et
3168 734 3344 833 neque
3389 781 3590 838 corpus

1981 826 2326 889 descendisse
2342 835 2406 889 ad
2430 836 2631 896 inferos
2652 843 2911 911 creditur,
2952 856 3003 902 et
3030 864 3319 922 resurgens
3345 872 3412 912 ex
3443 874 3591 915 mor-

1982 920 2086 978 tuis
2115 939 2313 996 corpus
2340 929 2658 988 adcendisse
2687 935 2736 989 in
2769 938 2940 993 caelos
2965 957 3069 996 non
3098 945 3388 1016 ambigitur
3418 967 3432 1004 :
3463 966 3586 1020 qua:

1981 1012 2069 1070 hic
2096 1027 2295 1086 prmter
2323 1020 2547 1093 (supple,
2583 1027 2768 1098 quam)
2810 1032 3006 1087 occulti
3037 1012 3386 1107 sacramenti,
3419 1012 3585 1098 ett-iu-

1979 1110 2175 1179 cogniti
2235 1113 2436 1168 mundo
2487 1132 2549 1171 ac
2609 1120 2941 1191 principibus
2981 1129 3162 1182 saeculi
3213 1130 3346 1186 lides
3392 1134 3584 1191 relicta

1979 1210 2100 1268 cst,
2154 1214 2209 1255 ut
2254 1218 2374 1258 cum
2420 1223 2558 1262 unus
2605 1219 2766 1280 atque
2813 1213 2953 1268 idem
3007 1218 3078 1270 sit
3127 1219 3468 1279 descendens
3526 1235 3585 1282 et.

1978 1293 2309 1361 ascendens,
2339 1313 2715 1372 imusquoque
2759 1304 2916 1360 nobis
2943 1307 3102 1364 .lesus
3136 1309 3383 1371 Christus
3410 1317 3502 1384 sit,
3530 1327 3587 1374 et

1983 1385 2074 1441 Dei
2103 1386 2266 1454 ﬁlius,
2293 1399 2340 1445 et
2367 1392 2603 1450 hominis
2627 1396 2789 1464 ﬁlius,
2817 1408 2872 1454 et
2905 1399 3135 1458 Verbum
3158 1406 3319 1474 Deus,
3347 1420 3398 1465 et
3421 1411 3586 1468 homo

1979 1492 2130 1544 caro,
2161 1492 2216 1536 et
2238 1499 2451 1553 passus,
2484 1497 2539 1544 et
2577 1501 2846 1563 mortuus,
2897 1505 2951 1550 et
2996 1500 3264 1568 sepultus,
3298 1512 3354 1559 et
3406 1520 3586 1563 resur-

1976 1587 2130 1643 gens,
2159 1584 2214 1630 et
2240 1579 2290 1631 in
2324 1582 2491 1636 caelos
2521 1595 2771 1654 receptus
2791 1629 2804 1653 ,
2832 1600 2886 1644 et
2916 1590 3114 1648 sedens
3166 1593 3247 1666 (4)
3283 1596 3350 1652 ad
3393 1598 3584 1657 dexte-

1978 1679 2093 1720 ram
2123 1667 2251 1723 Dei:
2281 1669 2486 1728 habens
2517 1677 2566 1729 in
2592 1692 2652 1733 se
2676 1694 2782 1733 uno
2809 1682 3140 1753 eodemque,
3169 1701 3266 1754 per
3294 1688 3584 1758 dispensa-

1974 1757 2171 1814 tionem
2216 1771 2376 1829 atque
2422 1776 2691 1835 naturam,
2746 1771 2797 1826 in
2848 1773 2941 1827 Dei
2982 1775 3152 1831 forma
3195 1788 3248 1834 et
3291 1781 3342 1835 in
3384 1757 3583 1840 iforma

1976 1853 2154 1919 servi,
2189 1855 2308 1911 sine
2355 1858 2531 1931 aliqua
2564 1861 2643 1936 (rt)
2684 1864 2769 1919 sui
2813 1875 2868 1922 et
2903 1869 3192 1936 partitione
3234 1875 3376 1944 quod
3422 1879 3584 1938 homo

1977 1954 2080 2009 est,
2111 1959 2166 2003 et
2194 1949 2456 2008 divisione
2482 1956 2626 2026 quod
2654 1958 2947 2016 Deus.est?

2047 2039 2134 2096 66.
2179 2041 2245 2098 In
2287 2061 2386 2100 uno
2438 2048 2642 2105 Christo
2681 2063 2736 2107 ut
2783 2055 2987 2113 homine
3015 2061 3315 2133 inﬁrmitas,
3370 2077 3424 2121 ut
3471 2067 3586 2126 Deo

1976 2137 2157 2192 virtus.
2201 2171 2273 2180 —
2310 2141 2544 2200 lncautte
2586 2148 2748 2217 igitur
2777 2161 2940 2222 atque
2975 2155 3270 2226 ignorantis
3301 2163 3578 2232 opinionis

1977 2242 2178 2288 nostra:
2229 2236 2389 2292 ﬁdem
2445 2239 2744 2311 Apostolus
2788 2244 3051 2315 formans,
3112 2254 3181 2307 ita
3227 2255 3586 2318 confessionis

1976 2326 2137 2396 hujus
2158 2342 2558 2390 sacramentum
2589 2337 2800 2394 locutus
2829 2350 2913 2397 est
2938 2361 2950 2396 :
2984 2344 3122 2400 Nam
3151 2351 3243 2403 etsi
3299 2354 3582 2422 cruciﬁxus

1975 2429 2049 2472 est
2073 2420 2154 2493 (5)
2177 2419 2249 2493 (ε)
2273 2426 2671 2493 exinfirmitate,
2690 2433 2781 2486 sed
2804 2435 2920 2489 vivit
2944 2453 3007 2491 ea:
3031 2440 3217 2496 uirtute
3244 2441 3343 2498 Dei
3387 2419 3577 2517 (lCor.

1976 2523 2090 2577 xm,
2121 2509 2201 2583 4).
2232 2513 2542 2571 Priedicans
2566 2519 2710 2573 enim
2743 2522 2909 2577 ﬁlium
2957 2523 3192 2583 hominis
3245 2531 3336 2585 Dei
3383 2509 3576 2603 tilium,

1975 2600 2064 2668 qui
2098 2614 2219 2654 cum
2250 2617 2312 2655 ex
2343 2601 2751 2672 dispensatione
2794 2608 2956 2663 homo
3009 2625 3189 2678 esset,
3223 2630 3469 2677 maneret
3498 2631 3583 2677 ta-

1976 2706 2099 2745 men
2129 2708 2194 2746 ex
2228 2704 2419 2748 natura
2453 2696 2628 2763 Deus;
2660 2701 2908 2755 eumdem
2951 2719 3016 2758 ex
3063 2706 3376 2767 inﬁrmitate
3396 2716 3581 2770 cruci-

1976 2782 2140 2838 ﬁxum
2173 2785 2270 2847 ait,
2301 2785 2478 2856 quiex
2512 2787 2710 2845 virtute
2744 2792 2834 2848 Dei
2863 2793 3071 2851 viveret
3108 2819 3121 2854 :
3163 2809 3220 2855 ut
3259 2817 3381 2856 cum
3431 2807 3581 2862 inﬁr-

1975 2871 2136 2926 mitas
2159 2883 2306 2927 esset
2344 2889 2412 2929 ex
2457 2874 2624 2931 forma
2657 2881 2843 2946 servi,
2886 2893 2941 2937 et
2988 2894 3175 2942 natura
3224 2901 3470 2948 maneret
3514 2911 3584 2952 ex

1977 2963 2071 3020 Dei
2096 2965 2362 3030 forma,ct
2387 2969 2477 3040 qui
2502 2985 2622 3025 cum
2655 2983 2802 3029 esset
2849 2975 2899 3030 in
2941 2977 3108 3034 forma
3149 2982 3316 3055 368
3360 2987 3453 3042 Dei
3489 3005 3582 3044 as-

1976 3060 2299 3128 sumpsisset
2326 3061 2554 3118 formam
2582 3067 2762 3131 servi;
2796 3083 2899 3122 non
2950 3073 3258 3143 ambiguum
3302 3089 3467 3147 esset,
3518 3082 3577 3137 in

1974 3163 2080 3218 quo
2101 3160 2443 3206 sacramento
2472 3161 2527 3208 et
2555 3169 2746 3221 passus
2783 3168 2948 3221 esset,
2989 3171 3042 3215 et
3081 3161 3293 3220 viveret
3323 3183 3337 3220 :
3369 3177 3425 3221 ut
3457 3183 3580 3226 cum

1975 3238 2026 3291 in
2060 3237 2251 3293 eodem
2283 3248 2451 3305 esset,
2482 3249 2534 3294 ct
2554 3240 2838 3299 inﬁrmitas
2866 3243 2933 3299 ad
2963 3247 3302 3318 passionem,
3327 3262 3381 3309 et
3408 3254 3472 3308 ad
3501 3256 3582 3311 vi-

1975 3333 2082 3378 tam
2120 3327 2210 3382 Dei
2234 3328 2439 3394 virtus;
2470 3344 2573 3384 non
2619 3330 2756 3386 alius
2784 3347 2847 3386 ac
2873 3331 3078 3390 divisus
3114 3336 3184 3408 (ι’)
3226 3353 3254 3393 a
3303 3354 3364 3397 se
3403 3353 3574 3414 esset,

1973 3416 2064 3486 qui
2087 3425 2140 3472 et
2163 3424 2460 3487 pateretur,
2483 3425 2539 3472 et
2568 3417 2790 3473 viveret.

2049 3511 2137 3566 67.
2199 3510 2565 3579 Mysteriorum
2603 3509 2795 3566 Christi
2849 3515 3213 3586 capiendorum
3267 3524 3464 3592 regula.
3507 3555 3579 3565 ~—

1974 3597 2172 3654 Passus
2194 3597 2413 3667 quidem
2429 3607 2512 3652 est
2535 3595 2842 3669 unigenitus
2873 3599 3014 3656 Deus
3031 3619 3152 3673 qum
3184 3603 3430 3663 homines
3469 3611 3581 3680 pati

1977 3699 2200 3759 possunt
2222 3688 2342 3743 :scd
2365 3699 2578 3743 utamur
2602 3690 2844 3758 Apestoli
2870 3690 2972 3746 ﬁde
2986 3703 3145 3762 atque
3159 3695 3303 3751 dicto
3331 3698 3584 3755 :Tradidi

1977 3778 2114 3831 enim
2148 3778 2286 3831 vobis
2330 3778 2384 3830 in
2429 3777 2626 3847 primis,
2673 3778 2793 3848 quia
2824 3776 3060 3834 Christus
3091 3795 3322 3840 mortuus
3360 3798 3436 3842 est
3485 3807 3582 3860 pro

1977 3869 2197 3938 peccatis
2222 3868 2412 3922 nostris
2438 3868 2716 3924 secundum
2753 3869 3052 3939 Scripturas
3076 3914 3090 3938 ,
3122 3885 3170 3929 et
3199 3878 3321 3947 quia
3347 3881 3581 3950 sepultus

1975 3971 2068 4021 est,
2093 3970 2138 4014 et
2159 3961 2278 4031 quia
2303 3960 2578 4014 resurrexit
2628 3959 2712 4013 die
2752 3962 2901 4015 tertio
2950 3966 3230 4020 secundum
3277 3969 3580 4041 Scripturas

1979 4051 2019 4124 (l
2044 4050 2162 4106 Cor.
2189 4067 2286 4118 xv,
2320 4051 2354 4105 5
2381 4059 2426 4104 et
2453 4047 2531 4119 4).
2566 4050 2680 4105 Νοη
2710 4053 2865 4107 nudis
2895 4070 3022 4111 usus
3048 4066 3131 4111 est
3163 4059 3228 4112 ad
3255 4062 3458 4118 erroris
3485 4080 3579 4120 oc-

1971 4142 2243 4197 casioncm
2261 4139 2527 4196 dictorum
2550 4139 2970 4212 deﬁnitionibus,
2995 4145 3088 4200 sed
3107 4147 3298 4205 mortis
3315 4159 3368 4206 et
3390 4166 3576 4209 resur—

2168 4255 2214 4338 ,ξ
2241 4256 2431 4338 dextris
2447 4254 2568 4338 Dei,

2047 4327 2126 4400 (5)
2170 4327 2252 4382 Ea:
2273 4328 2568 4397 inﬁrmitate
2593 4338 2787 4383 nostra.

358 4486 426 4592 (ιι)
462 4490 607 4592 Unus
652 4509 754 4592 ms.
785 4492 938 4592 Colb.
987 4505 1069 4592 et‘r
1091 4499 1228 4582 alter
1257 4502 1488 4592 Sorbon.
1535 4507 1622 4564 hic
1641 4510 1863 4592 addunt,
1895 4515 1950 4577 Ι)
1974 4504 2543 4592 ζὶιιιοέὶρνςμηιυΙωιᾶξιι
2604 4505 2888 4592 concilium
2927 4508 3205 4592 .Spnleﬂﬁe
3251 4530 3288 4570 11
3307 4533 3443 4592 ’,βε
3473 4520 3576 4592 12»

304 4569 339 4613 et
361 4563 479 4616 alius
505 4564 834 4644 adscendens.
869 4567 1002 4644 Tres
1027 4569 1196 4644 Yatie.
1231 4589 1295 4630 ac
1324 4577 1565 4644 plerique
1596 4563 1864 4638 recentio:

304 4645 371 4685 res
393 4649 490 4700 prae
510 4651 566 4690 se
597 4635 797 4699 ferunt,
837 4639 968 4691 alius
999 4640 1066 4692 ad
1095 4642 1298 4711 inferna
1324 4635 1678 4704 descendens.
1704 4655 1869 4709 Abest

304 4703 358 4754 ad
379 4705 566 4773 inferna
611 4723 639 4761 a
692 4711 1094 4776 vetusﬁoribus,
1147 4703 1390 4782 quamvis
1433 4721 1518 4775 hic
1557 4723 1625 4776 de
1671 4724 1868 4781 Chriin

381 4775 572 4832 inferos
601 4780 862 4834 descensu
891 4774 1187 4864 sermo-sit:
1210 4774 1543 4864 _H:ereticos,
1580 4797 1647 4848 de
1675 4798 1870 4864 quibus

254 4873 262 4882 -
305 4843 376 4900 hic
397 4849 692 4915 disseritur,
727 4853 1064 4934 tripertientes
1097 4854 1357 4936 Christum
1393 4843 1553 4936 supra
1594 4843 1870 4936 cogiiomi-

303 4930 412 4971 nare
436 4920 576 4975 licuit
604 4920 860 5002 inaxinie_
887 4939 1135 5002 reSpectu
1177 4931 1366 5002 inertis
1391 4920 1622 5000 Clit-isti;
1654 4920 1868 5002 «inaudo

301 4988 527 5078 animum
579 5007 814 5078 carnem.
849 4996 898 5048 in
949 4988 1198 5078 sepulcro
1225 5040 1241 5063 ,
1284 5000 1334 5055 in
1369 5003 1578 5060 inferno
1611 4988 1867 5078 animam,

301 5055 509 5117 Verbum
542 5065 594 5118 in
630 5065 880 5135 paradiso
905 5055 1262 5124 collimabaul.

360 5151 436 5234 (bl.
469 5155 520 5210 In
554 5155 912 5234 mf._Carnut.
951 5159 1100 5227 Quis,
1149 5162 1341 5234 inquit,
1385 5169 1645 5223 accusabit
1687 5173 1871 5226 adver-

296 5239 372 5277 sus
389 5225 567 5281 electos
590 5226 688 5281 Dei
713 5243 730 5282 :
752 5239 806 5284 et
828 5225 1298 5302 mox,'interpell'at,
1320 5225 1438 5293 loco
1457 5242 1601 5296 verbi
1627 5225 1871 5312 postulat.

358 5314 426 5389 (c)
459 5319 603 5395 idem
633 5320 802 5395 codex
832 5325 1017 5395 potuit,
1046 5341 1153 5381 non
1180 5327 1400 5385 dicetur.
1432 5332 1634 5390 Eadem
1665 5337 1874 5392 ratiOue

296 5386 376 5480 ξδ’
394 5386 690 5480 ιᾼιιιιιιιιιειίο
732 5386 889 5464 epist.
935 5386 1014 5480 ad
1043 5397 1342 5480 Epictetum
1392 5386 1875 5480 reiéllbhtdﬁnqu-i

295 5454 515 5517 Verbum
541 5477 662 5518 cum
686 5454 850 5521 carne
879 5454 1303 5528 confundebant.

361 5552 432 5629 (ιι)
458 5554 577 5629 Vat.
609 5557 724 5613 bas.
759 5569 860 5616 ms.
886 5567 941 5617 et
973 5561 1114 5618 alius
1145 5563 1316 5621 Vatic.
1366 5583 1487 5622 cum
1533 5569 1747 5629 Martiu.
1792 5575 1874 5628 sui

328 5627 529 5704 ortione.
552 5627 763 5701 Remig.
785 5633 867 5686 sui
886 5643 934 5686 et
959 5635 1211 5704 partione.
1242 5637 1392 5695 Unus
1416 5638 1568 5696 Colb.
1600 5658 1720 5696 cum
1738 5627 1873 5698 'Sor-r-

328 5640 529 5682 oruone.
553 5640 763 5701 tiemig.
785 5640 866 5686 sui
886 5643 934 5686 et
959 5640 1211 5704 partione.
1242 5640 1392 5695 Unus
1416 5640 1568 5696 Colb.
1600 5658 1720 5696 cum
1745 5644 1870 5698 Sor-

293 5640 412 5750 [ιοιι.
437 5701 521 5781 sui
559 5705 900 5787 excerptione.
940 5705 1424 5787 Opportunus__hie_
1438 5712 1587 5768 locus
1615 5723 1698 5787 est
1727 5713 1870 5787 frag—

295 5771 471 5839 menti,
492 5773 632 5845 quod
659 5771 830 5831 sancti
859 5771 1080 5834 nomine
1102 5780 1155 5834 in
1183 5783 1523 5854 explicatione
1543 5785 1774 5858 epistola:
1801 5771 1870 5843 (id

803 5872 1082 5935 PATBOL.
1143 5872 1226 5937 Χ.

1976 4580 2096 4634 Erue
2120 4578 2256 4633 657:
2293 4575 2431 4660 Nam
2455 4587 2500 4632 et
2531 4595 2644 4632 cum
2671 4580 2795 4637 dicit
2820 4575 3111 4652 Scriptura,
3132 4575 3571 4660 llomoiC/tristus;

1975 4663 2158 4704 etcum
2186 4649 2328 4710 dicit,
2371 4649 2603 4703 Christus
2643 4664 2876 4707 mortuus
2905 4649 2995 4717 est,
3029 4665 3075 4706 et
3112 4672 3226 4707 cum
3256 4659 3378 4711 dicit
3399 4701 3410 4719 ,
3452 4649 3578 4715 Ver;

1975 4722 2093 4775 bum
2125 4737 2244 4774 caro
2275 4722 2463 4798 factum
2486 4731 2558 4773 est
2589 4738 2607 4774 :
2637 4738 2738 4798 non
2764 4735 2861 4798 __est
2903 4726 3202 4798 spoliandus
3238 4732 3576 4798 perfraudu-

1975 4793 2184 4847 lentiam
2215 4791 2425 4860 legentis
2471 4793 2868 4859 expositionibus
2913 4796 3018 4846 suis
3062 4791 3250 4850 sermo.
3301 4791 3439 4854 Nam
3487 4804 3576 4859 ubi

1975 4867 2126 4917 homo
2157 4861 2410 4926 Christus,
2443 4871 2519 4914 est
2550 4865 2809 4940 praecedit,
2842 4863 3096 4940 illediator
3127 4865 3242 4940 ADei
3277 4879 3432 4940 atque
3476 4875 3571 4928 ho-

1975 4936 2291 4988 minum:nt
2322 4947 2384 4984 ea:
2435 4941 2680 4999 utroque,
2733 4933 2842 4987 Deo
2889 4945 2934 4986 et
2997 4937 3228 4995 homine.
3286 4933 3417 4995 unus
3455 4947 3576 5000 sub-

1974 5005 2340 5076 sistat;sitque
2383 5002 2514 5084 inter
2537 5006 2790 5057 hominem
2825 5005 3076 5084 etnDeum
3119 5007 3572 5084 mediustconfes-

1976 5077 2118 5131 sione
2143 5079 2195 5129 in
2223 5074 2274 5129 se
2303 5074 2567 5153 utriusque
2612 5086 2825 5153 naturae.
2867 5074 2966 5130 Ubi
3003 5092 3118 5153 uero
3160 5079 3284 5153 (ait)
3328 5074 3574 5144 Christus

1978 5158 2210 5202 mortuus
2225 5155 2317 5207 est,
2336 5146 2626 5213 subjicitur:
2643 5145 2743 5219 Qui
2769 5145 3339 5219 resurrexit,qui‘est'in
3364 5156 3577 5213 dextera

1980 5219 2096 5273 Dei.
2127 5217 2195 5272 In
2221 5227 2379 5272 morte
2404 5218 2514 5284 ejus
2539 5218 2710 5293 carnis
2743 5229 2928 5274 nostra:
2955 5217 3229 5293 infirmitas
3265 5234 3358 5293 est,
3394 5228 3448 5280 in
3485 5245 3574 5284 re-

1980 5291 2291 5346 surrectione
2311 5289 2470 5382 virtus
2501 5289 2632 5360 ejus,
2661 5290 2712 5343 in
2738 5294 2973 5374 confessu
3016 5290 3115 5382 D‘ei
3153 5289 3394 5382 dignitas:
3440 5299 3576 5382 llinc

1982 5377 2144 5431 porro
2173 5377 2276 5415 non
2311 5359 2540 5438 obscure
2577 5371 2800 5430 apparet
2828 5359 3026 5417 veritas
3048 5359 3338 5438 _l'ragnieuti
3372 5369 3528 5438 hujus
3557 5389 3574 5427 :

1980 5447 2048 5488 ex
2075 5447 2182 5504 quo
2205 5431 2436 5486 vici5sim
2465 5432 2764 5510 illustratur
2791 5443 2951 5504 atque
2981 5431 3269 5491 roboratur
3293 5431 3576 5510 argumen-

1981 5501 2116 5568 tum',
2149 5504 2215 5558 de
2239 5517 2344 5573 quo
2375 5501 2533 5555 modo
2560 5503 2866 5560 disseritur.

2051 5576 2120 5647 (ε)
2153 5574 2212 5630 1η
2244 5575 2637 5651 pluribusmss.
2661 5577 3046 5651 exinﬁrmitute
3069 5590 3264 5648 nostra,
3303 5585 3576 5651 quomodo

1975 5647 2027 5702 in
2060 5645 2208 5718 prius
2233 5645 2458 5714 vulgatis
2488 5646 2764 5715 legebatur
2793 5662 2950 5714 supra
2985 5647 3077 5704 lib.
3110 5665 3184 5716 lx,
3211 5645 3264 5707 ιι.
3299 5645 3386 5711 13.
3414 5657 3574 5714 Utro-

1974 5717 2136 5786 hique
2154 5718 2312 5797 abest
2339 5729 2513 5797 nostra
2541 5732 2568 5769 a
2599 5717 2900 5797 potioribus
2930 5735 3060 5797 mss.
3086 5732 3149 5797 ut
3167 5739 3197 5779 a
3224 5740 3422 5797 graeco.

2046 5788 2113 5863 (f)
2154 5788 2316 5846 Deest
2337 5805 2368 5843 a
2396 5803 2450 5845 se
2472 5787 2527 5844 in
2554 5789 2848 5848 vestutiore
2875 5803 2976 5846 ms.
3008 5789 3163 5850 Colb.

3086 5890 3163 5954 13
