4094 6180
476 255 584 322 395

1672 239 1921 302 SANCTI
1957 230 2212 294 unum]
2249 211 2557 288 EPISCOPi

3653 206 3746 285 sas

475 368 732 428 rectionis
773 366 1026 430 modum,
1090 374 1198 417 non
1253 363 1458 413 tantum
1509 369 1692 410 rerum
1743 351 2070 417 nominibus,
2102 348 2150 408 A
2177 345 2248 400 uit
2291 359 2324 398 a
2353 341 2586 408 mortuis,
2617 337 2893 394 salvaberis
2923 335 3100 409 (Rom.
3123 351 3181 400 ι,
3213 333 3247 391 6
3270 341 3314 389 et
3339 334 3519 409 seqq.).
3552 337 3744 398 iustum

478 470 742 533 quantum
771 467 828 514 et
849 457 1250 525 Scripturarum
1275 449 1563 504 virtutibus
1591 446 1887 501 admonens
1910 443 2078 498 conﬁ-

481 555 701 611 tendum
736 569 749 605 :
783 559 842 605 ut
868 549 984 603 haec
1019 553 1203 600 nostra
1243 551 1390 598 esset
1421 541 1476 596 in
1508 539 1625 610 ejus
1663 546 1836 593 morte
1881 535 2080 592 intelli-

479 647 682 718 gentia,
711 657 829 712 qua»
857 647 1004 695 esset
1037 637 1092 692 in
1123 632 1521 706 signiﬁcatione
1541 629 1962 701 Scripturarum.
1995 626 2082 681 ln-

480 738 664 792 ﬁrmas
690 732 836 790 enim
863 731 1241 803 cogitationes,
1271 735 1326 782 et
1350 724 1695 794 scrupulosas
1719 720 1842 776 ﬁdei
1871 719 2082 774 calum-

478 829 598 886 nias
641 842 748 882 non
791 825 1125 894 relinquens,
1165 823 1325 875 linem
1366 819 1508 873 hunc
1552 823 1758 871 tantum
1801 811 2083 869 secundum

485 920 784 991 Scripturas
816 912 1174 986 praedicanda:
1217 911 1408 966 mortis
1452 917 1505 963 et
1544 905 1957 962 resurrectionis
1987 901 2083 958 ad-

485 1009 656 1082 jecit:
693 1024 760 1064 ne
791 1007 1030 1063 inanium
1069 1002 1493 1074 disputationum
1543 1009 1704 1053 vento
1744 991 2080 1058 circumacti,

491 1101 575 1158 vel
619 1099 889 1155 lallacium
921 1095 1280 1168 quaestionum
1328 1092 1526 1164 ineptis
1573 1087 1799 1160 argutiis
1840 1085 2085 1158 impediti

493 1193 899 1250 inlirmaremur
930 1207 944 1243 :
979 1187 1074 1243 sed
1100 1188 1152 1242 in
1185 1186 1328 1241 hunc
1345 1199 1404 1240 se
1434 1197 1648 1252 semper
1676 1179 1952 1250 religionis
1976 1193 2087 1232 sua:

482 1297 697 1359 portum
740 1284 874 1338 lides
923 1282 1089 1336 illaesa
1139 1284 1438 1342 revocaret,
1475 1285 1532 1330 ut
1559 1282 1786 1330 mortem
1820 1280 1874 1326 et
1901 1282 2087 1326 resur-

483 1377 780 1434 rectionem
824 1373 1058 1429 hominis
1086 1371 1180 1426 lilii
1211 1380 1264 1425 et
1298 1369 1387 1424 Dei
1439 1366 1534 1421 ﬁlii
1579 1365 1707 1422 Jesu
1750 1362 1949 1418 Christi
1999 1378 2085 1416 se-

483 1476 708 1529 cundum
743 1473 1043 1541 Scripturas
1070 1467 1317 1523 crederet
1345 1473 1399 1520 et
1429 1461 1780 1518 conﬁteretur
1808 1475 1822 1523 ;
1863 1458 1953 1528 pia
1988 1455 2086 1510 ad-

486 1581 678 1622 versus
733 1562 1059 1618 calumniam
1108 1557 1396 1614 resistendi
1435 1555 1728 1609 securitate
1775 1551 2085 1621 proposita,

481 1675 605 1715 eum
627 1658 701 1712 ita
729 1656 803 1729 (α)
832 1656 967 1710 mori
1000 1667 1063 1708 ac
1092 1664 1374 1721 resurgere
1416 1645 1666 1702 Christus
1692 1642 1848 1698 Iesus
1886 1639 2090 1696 intelli-

2185 436 2318 492 ﬁdes
2346 442 2716 500 consummat,
2751 432 3048 488 secundum
3078 428 3222 500 quod
3251 427 3449 484 dictum
3478 442 3558 486 est
3587 451 3600 488 :
3629 431 3742 489 Cre-

2182 529 2312 583 didit
2339 528 2597 582 Abraham
2625 523 2749 593 Dea,
2795 533 2841 578 et
2876 523 3180 594 deputatum
3221 529 3295 575 est
3332 523 3378 576 ei
3416 523 3482 576 ad
3510 525 3752 596 justitiam

2183 621 2338 697 (Gen.
2377 638 2464 688 xv,
2517 621 2584 686 6;
2631 619 2783 674 Rom.
2815 633 2894 684 tv,
2939 616 3018 689 5).
3069 613 3336 685 Numquid
3381 613 3636 672 Abraham
3673 633 3754 675 ca-

2187 717 2481 772 lumniatus
2512 717 2598 770 est
2625 714 2772 781 Deo,
2801 728 2922 768 cum
2951 712 3001 766 ei
3034 709 3402 766 [nereditatem
3429 711 3679 782 gentium,
3705 722 3754 770 et

2187 809 2485 866 secundum
2514 806 2790 863 stellarum
2823 813 2984 876 atque
3005 819 3184 860 arenae
3208 803 3595 860 multitudinem
3616 821 3756 862 man-

2187 916 2328 958 surae
2365 915 2430 956 ex
2471 915 2530 958 se
2574 899 2775 954 sobolis
2805 896 3248 953 numerositatem
3288 895 3751 966 pollicebatur?De

2189 993 2581 1065 omnipotentia
2621 992 2764 1048 enim
2807 989 2906 1045 Dei
2950 988 3111 1045 Fides
3151 988 3417 1060 Religiosa
3462 1005 3564 1045 non
3602 991 3756 1046 ambi-

2187 1103 2342 1161 gens,
2377 1089 2623 1143 humante
2665 1084 2993 1140 inlirmitatis
3024 1099 3128 1137 non
3167 1092 3249 1137 est
3282 1080 3497 1137 detenta
3534 1085 3754 1150 naturis;

2190 1179 2285 1236 sed
2317 1179 2368 1235 id
2399 1177 2541 1250 quod
2566 1179 2618 1233 in
2649 1192 2706 1232 se
2732 1183 2851 1232 erat
2885 1174 3145 1232 caducum
3184 1181 3565 1244 terrenumque
3593 1175 3756 1246 despi-

2190 1273 2364 1339 ciens,
2397 1272 2595 1328 divinae
2626 1269 2936 1341 sponsionis
2969 1267 3126 1324 lidem
3160 1265 3299 1322 ultra
3328 1267 3544 1323 modum
3580 1283 3758 1338 corpo-

2190 1380 2298 1421 reae
2328 1361 2729 1420 constitutionis
2783 1362 2996 1430 excepit
3045 1378 3059 1415 :
3115 1358 3240 1430 quia
3292 1374 3617 1428 nequaquam
3672 1359 3757 1416 Dei

2191 1458 2420 1513 virtutes
2451 1456 2542 1512 lex
2575 1455 2747 1526 possit
2773 1453 3005 1508 humana
3051 1451 3346 1520 moderari,
3374 1460 3575 1506 tantum
3607 1453 3657 1506 in
3691 1450 3763 1507 el-

2195 1546 2432 1604 liciendo
2461 1545 2529 1620 (Ῑ)
2561 1545 2898 1601 liberalitatis
2924 1544 3006 1615 (ἓ)
3036 1544 3147 1600 Deo
3177 1554 3495 1615 promente,
3524 1552 3766 1615 quantum

2195 1638 2248 1693 in
2300 1637 2618 1710 Spondendo
2673 1637 2989 1693 OStendcret
3046 1636 3362 1692 voluntatis.
3420 1635 3558 1691 Nihil
3621 1637 3766 1707 igitur

481 1750 687 1824 gendus
717 1757 883 1813 esset,
915 1746 1145 1818 qualiter
1174 1743 1408 1813 scriptus
1435 1747 1536 1794 est.
1581 1736 1701 1792 Non
1739 1735 1882 1790 enim
1925 1732 2089 1788 habet
2117 1737 2165 1803 Β
2188 1732 2386 1803 justius
2416 1732 2518 1786 ﬁde
2545 1735 2630 1787 est
2661 1749 2674 1784 :
2704 1731 2827 1802 quia
2864 1745 2987 1786 cum
3016 1731 3241 1801 aequitas
3283 1739 3448 1802 atque
3490 1731 3768 1787 moderatio

483 1844 618 1898 lides
647 1840 943 1912 periculum
971 1855 985 1892 :
1015 1845 1072 1892 et
1091 1835 1268 1891 omnis
1292 1835 1375 1905 pia
1402 1831 1668 1903 professio
1694 1829 1746 1884 in
1773 1826 1987 1883 occulto
2009 1825 2085 1896 (ὁ)

486 1941 828 1991 sacramento
864 1933 954 1987 Dei
983 1939 1096 1985 tuta
1135 1939 1238 1984 est.
1279 1927 1448 1981 Natus
1498 1939 1564 1980 ex
1594 1919 1818 1992 Virgine
1842 1918 2090 1974 Christus

484 2037 569 2085 est
599 2046 610 2080 :
643 2027 736 2082 sed
763 2025 1046 2081 secundum
1075 2023 1372 2092 Scripturas
1423 2024 1716 2085 conceptus
1763 2011 1832 2068 de
1885 2010 2091 2080 Spiritu

485 2128 676 2176 sancto
693 2125 797 2172 est.
822 2116 997 2170 Flevit
1013 2114 1263 2170 Christus
1289 2129 1302 2165 :
1327 2109 1425 2166 sed
1453 2108 1730 2163 secundum
1750 2103 2090 2173 Scripturas;

487 2224 546 2270 ιιι
571 2214 702 2268 ineo
722 2209 864 2281 quod
885 2207 1051 2273 licvit,
1085 2205 1157 2278 (c)
1172 2204 1468 2276 gratulatus
1494 2201 1582 2255 sit.
1611 2199 1678 2254 Et
1699 2193 2092 2253 esurivitChri-

485 2317 624 2362 stus:
640 2303 736 2360 sed
749 2303 1027 2358 secundum
1040 2298 1338 2368 Scripturas
1353 2295 1467 2351 sine
1479 2293 1599 2349 cibo
1613 2293 1664 2346 in
1684 2305 1788 2344 non
1805 2287 2090 2342 habentem

486 2398 691 2454 fructus
730 2397 976 2452 arborem
1016 2394 1158 2448 Deus
1188 2398 1444 2461 operatus
1482 2398 1585 2443 est.
1619 2386 1816 2440 Passus
1844 2381 2092 2438 Christus

487 2503 572 2550 est
602 2511 615 2546 :
646 2489 742 2547 sed
768 2487 1050 2544 secundum
1075 2483 1375 2554 Scripturas
1404 2491 1529 2536 tunc
1555 2495 1583 2532 a
1624 2477 1832 2534 dextris
1867 2472 2090 2528 Virtutis

483 2600 734 2642 sessurus
773 2592 876 2638 est.
915 2577 1224 2646 Derelinqui
1263 2592 1324 2632 se
1355 2575 1420 2629 ad
1454 2582 1684 2628 mortem
1715 2579 1938 2641 questus
1966 2575 2090 2622 est:

483 2677 580 2734 sed
607 2675 890 2732 secundum
922 2673 1222 2742 Scripturas
1254 2678 1382 2724 tunc
1407 2666 1776 2723 confessorem
1817 2675 1974 2717 suum
2005 2671 2093 2714 se-

483 2785 604 2826 cum
630 2771 681 2824 in
706 2753 874 2840 regno
898 2764 1129 2837 paradisi
1170 2763 1393 2833 recepit.
1437 2762 1680 2816 Mortuus
1723 2767 1806 2814 est
1839 2773 1852 2811 :
1881 2754 1980 2810 sed
2011 2767 2092 2808 se-

484 2863 709 2917 cundum
736 2859 1034 2929 Scripturas
1061 2857 1226 2928 369
1254 2869 1538 2925 resurgens
1575 2867 1604 2906 a
1642 2849 1848 2907 dextris
1879 2847 2088 2903 Domini

488 2954 751 3008 Dominus
771 2951 996 3007 assedit.
1030 2950 1088 3004 ln
1121 2950 1279 3019 hujus
1312 2948 1474 3018 igitur
1499 2943 1824 3000 sacramenti
1855 2941 1958 2996 Ilde
1985 2940 2090 2994 vita

486 3056 604 3101 est:
637 3045 718 3117 (ά)
757 3044 1082 3098 calumniam
1103 3040 1373 3097 confessio
1401 3040 1502 3094 ista
1531 3053 1638 3093 non
1668 3034 1879 3106 recipit.

2194 1832 2537 1880 terrenorum
2566 1834 2780 1879 actuum
2819 1819 2891 1879 sit
2923 1822 3250 1893 probabilis,
3285 1819 3417 1876 nihil
3456 1829 3628 1878 tamen
3660 1823 3767 1892 jus-

2196 1915 2297 1972 tius
2328 1916 2533 1971 homini
2566 1915 2658 1982 sit,
2693 1931 2851 1987 quam
2881 1915 3335 1984 omnipotentiam
3375 1914 3466 1970 Dei
3490 1909 3569 1986 (g)
3598 1914 3770 1971 indeli-

2193 2009 2320 2064 uitae
2348 2008 2629 2080 potestatis
2659 2008 3010 2079 intelligentia
3041 2005 3366 2063 credidisse.

2267 2103 2356 2158 69.
2386 2101 2674 2158 Descensus
2703 2111 2749 2157 et
2779 2102 3054 2156 adscensus
3073 2098 3262 2157 Christi
3292 2101 3422 2171 ﬁdes
3451 2100 3685 2170 exigitur.
3711 2129 3775 2145 —-

2196 2191 2344 2252 Hanc
2388 2193 2571 2268 itaque
2614 2196 2668 2250 in
2718 2195 2895 2260 nobis,
2945 2207 3066 2266 quae
3110 2209 3177 2250 ex
3229 2193 3336 2250 lide
3381 2203 3483 2258 est,
3527 2194 3774 2266 justitiam

2195 2291 2483 2362 Apostolus
2530 2299 2873 2360 exspectans,
2915 2287 3140 2344 incertae
3185 2297 3349 2359 atque
3397 2288 3572 2343 inﬁda:
3617 2287 3775 2343 ambi-

2192 2384 2409 2455 guitatis
2441 2381 2896 2454 irreligiositatem
2926 2381 3174 2450 removit,
3208 2391 3398 2436 vetans
3424 2396 3602 2436 curam
3639 2381 3776 2436 solli-

2193 2476 2313 2530 citae
2343 2475 2397 2530 in
2423 2489 2518 2530 cor
2547 2473 2888 2546 cogitationis
2921 2472 3166 2541 admitti,
3201 2472 3336 2528 dicti
3365 2473 3527 2529 etiam
3557 2474 3777 2544 prephe-

2194 2568 2283 2624 tlci
2315 2568 2393 2640 (Ιι)
2425 2569 2745 2624 auctoritate
2787 2579 3104 2622 monstrata.
3135 2567 3226 2621 Ait
3260 2567 3409 2623 enim
3440 2584 3451 2623 :
3487 2566 3568 2620 Ne
3605 2567 3780 2621 dixeris

2192 2663 2247 2718 in
2277 2662 2430 2718 corde
2475 2671 2582 2729 tuo,
2623 2663 2734 2732 quis
2776 2660 3043 2715 adscendit
3082 2662 3134 2714 in
3178 2661 3365 2714 cretum
3398 2661 3573 2733 (liam.
3605 2676 3658 2727 x,
3693 2659 3780 2731 6)?

2197 2755 2324 2812 Haec
2346 2773 2376 2811 a
2398 2753 2668 2828 PrOpheta
2697 2755 2765 2810 ita
2793 2755 2958 2823 dicta,
2986 2754 3244 2824 subjectae
3271 2756 3559 2810 sementim
3579 2754 3779 2809 absolu—

2193 2852 2339 2908 tione
2359 2853 2726 2924 prosequitur,
2747 2849 2932 2905 dicens
2963 2867 2976 2902 :
3001 2848 3118 2904 Hoc
3146 2859 3217 2903 est
3247 2848 3514 2904 Christum
3525 2848 3683 2921 37o
3698 2849 3782 2902 de-

2195 2946 2395 3001 ducere.
2422 2945 2536 3001 Non
2567 2941 2711 3000 enim
2741 2958 2798 2999 se
2826 2941 2876 2998 in
2901 2942 3179 2998 cmlestem
3209 2941 3498 3015 (divinam)
3521 2940 3785 2998 scientiam

2196 3029 2442 3096 humanae
2465 3039 2661 3094 mentis
2689 3051 2882 3094 sensus
2911 3036 3157 3092 extendit
3188 3054 3202 3091 :
3230 3036 3330 3092 sed
3364 3050 3540 3108 neque
3563 3034 3630 3091 de
3647 3032 3776 3089 divi-

559 3137 648 3193 68.
675 3134 830 3192 Fidei
854 3135 1251 3190 commendatio.
1275 3131 1526 3189 —-Certe
1551 3130 1842 3200 Apostolus
1868 3143 1974 3184 non
2003 3143 2088 3184 re-
2118 3125 2164 3190 C
2199 3133 2282 3189 nis
2350 3132 2606 3204 operibus
2667 3130 2919 3202 religiosa
2980 3129 3114 3185 ﬁdes
3169 3130 3418 3202 ambigit.
3483 3129 3598 3185 Non
3653 3127 3788 3198 eguit

499 3227 715 3299 linquit,
764 3235 819 3283 ut
849 3226 1050 3297 ambigi
1090 3225 1305 3295 dicique
1352 3224 1512 3280 liceat
1561 3241 1573 3278 :
1619 3222 1866 3278 Christus
1908 3229 2086 3290 natus,

487 3335 716 3392 passus,
747 3329 1018 3381 mortuas,
1056 3331 1347 3387 resurgens
1377 3331 1485 3387 quo
1523 3315 1707 3381 modo,
1738 3330 1840 3386 qua
1870 3314 2085 3382 virtute,

491 3429 596 3482 qua
625 3411 893 3466 divisione
913 3452 928 3478 ,
959 3410 1153 3479 quibus
1182 3407 1460 3478 partibus?
1486 3408 1604 3478 quis
1638 3407 1942 3480 lacrymans
1971 3413 2074 3472 est,

489 3507 611 3577 quis
659 3503 924 3576 gaudens,
967 3503 1086 3574 quis
1130 3511 1504 3573 conquerens,
1551 3500 1672 3572 quis
1711 3499 2082 3568 descendens,

495 3597 617 3669 quis
642 3593 1018 3651 adscendens?
1045 3594 1150 3651 Sed
1181 3593 1302 3649 ﬁdei
1340 3594 1395 3649 in
1428 3594 1529 3648 hoc
1558 3593 1806 3649 meritum
1839 3591 1932 3664 per
1959 3607 2092 3648 con-

489 3688 783 3746 fessionem
816 3686 1175 3742 iucunctantis
1219 3693 1422 3741 tantum
1455 3683 1738 3756 religionis
1767 3683 2085 3750 ostendens,

485 3784 580 3848 ait,
647 3781 730 3838 Ea:
767 3781 869 3852 ﬁde
912 3789 1078 3834 autem
1109 3778 1319 3850 justitia
1357 3779 1429 3832 sic
1466 3779 1590 3832 dicit
1625 3793 1643 3832 :
1677 3775 1758 3832 Ne
1796 3776 1991 3831 dixeris
2035 3777 2090 3830 in

489 3877 642 3931 corde
665 3889 770 3940 tuo,
803 3875 916 3941 quis
955 3872 1220 3928 adscendit
1262 3872 1316 3925 in
1345 3871 1572 3926 caelum?
1604 3870 1699 3925 hoc
1729 3880 1800 3925 est
1826 3868 2091 3925 Christum

491 3968 759 4023 deducere.
825 3967 916 4021 Vel
969 3968 1080 4037 quis
1133 3965 1395 4019 descendit
1442 3965 1491 4017 in
1541 3963 1826 4034 abyssum?
1876 3963 1969 4017 hoc
2015 3971 2091 4016 est

495 4061 755 4115 Christum
806 4077 838 4112 a
877 4059 1092 4112 mortuis
1137 4057 1392 4112 reducere.
1428 4055 1533 4110 Sed
1571 4055 1696 4124 quid
1740 4056 1862 4108 dicit
1908 4053 2095 4125 Scrip-

497 4152 654 4206 tura?
681 4153 756 4221 (l)
789 4151 859 4224 (ε)
890 4149 1052 4205 Juxta
1091 4157 1165 4203 est
1196 4151 1400 4204 verbum
1432 4158 1574 4202 tuum
1611 4150 1663 4204 in
1695 4166 1782 4204 ore
1828 4159 1914 4202 tuo
1951 4158 1996 4202 et
2036 4148 2094 4201 in

491 4244 644 4296 corde
684 4253 790 4306 tuo,
835 4243 930 4295 hoc
973 4252 1066 4307 est,
1115 4241 1320 4295 verbum
1359 4241 1482 4311 ﬁdei
1517 4241 1652 4308 quod
1695 4241 2032 4307 praedicamus
2061 4259 2080 4296 :

494 4334 617 4402 quia
646 4335 689 4387 si
720 4335 984 4402 confessus
1011 4334 1168 4402 [ueris
1195 4333 1247 4385 in
1277 4349 1363 4386 ore
1387 4343 1493 4394 tuo,
1525 4332 1643 4401 quia
1668 4330 1917 4387 Dominus
1936 4331 2094 4386 Iesus

2199 3223 2445 3281 Christus
2473 3227 2724 3281 humana:
2746 3224 2961 3280 virtutis
2988 3224 3217 3290 auxilio,
3252 3233 3311 3278 nt
3347 3240 3415 3280 ex
3443 3223 3535 3280 illa
3568 3221 3786 3279 beatitu-

2207 3319 2346 3374 dinis
2379 3333 2489 3374 suae
2518 3318 2579 3389 (i)
2608 3317 2736 3373 sede
2761 3316 3143 3372 adscendentis
3172 3315 3497 3388 cujusquam
3525 3315 3582 3370 in
3604 3315 3789 3369 celum

2198 3426 2301 3482 cpe
2346 3410 2705 3466 deduceretur
2752 3409 2805 3464 in
2850 3423 3093 3479 corpus:
3132 3423 3238 3462 non
3281 3407 3526 3465 exterior
3572 3409 3792 3477 potestas

2197 3518 2318 3559 eum
2345 3505 2453 3574 egit
2484 3503 2551 3557 ad
2591 3513 2782 3559 terras.
2814 3501 3132 3558 Credendus
3170 3510 3256 3557 est
3285 3503 3504 3558 venisse
3541 3499 3710 3570 qualis
3736 3503 3791 3553 et

2205 3596 2346 3650 venit
2385 3613 2397 3648 :
2431 3606 2485 3650 et
2511 3610 2639 3650 vera
2677 3597 2849 3665 pietas
2887 3603 2991 3657 est,
3033 3592 3308 3648 Christum
3343 3608 3456 3649 non
3494 3591 3796 3655 deductum.

2203 3687 2296 3744 sed
2320 3686 2738 3744 descendentem
2768 3686 3036 3742 conﬁteri.
3068 3685 3491 3741 Sacramentum
3517 3699 3671 3741 suum
3696 3689 3796 3748 est,

2204 3793 2258 3837 et
2286 3784 2339 3836 in
2373 3793 2634 3852 tempore,
2669 3789 2724 3836 et
2760 3781 2812 3836 in
2844 3795 3031 3852 opere.
3059 3779 3243 3850 Neque
3279 3780 3409 3851 quia
3443 3777 3604 3834 modo
3638 3775 3795 3841 venit,

2204 3874 2470 3932 deductus
2507 3889 2604 3945 per
2627 3873 2860 3929 alterum
2888 3887 3011 3930 esse
3042 3873 3350 3928 credendus
3387 3882 3474 3929 est
3507 3891 3520 3927 :
3547 3885 3644 3927 nec
3673 3877 3800 3925 ten-

2207 3967 2406 4038 poralis
2449 3966 2565 4037 ejus
2609 3965 2871 4020 adventus
2907 3965 3159 4035 potestati
3205 3963 3533 4020 deducentis
3567 3960 3800 4019 subditus

2207 4057 2589 4128 intelligendus
2629 4065 2730 4113 est.
2767 4057 2874 4112 Sed
2919 4072 2986 4113 ne
3029 4058 3254 4112 alterius
3285 4057 3510 4127 quidem
3553 4052 3802 4124 ambigui-

2206 4152 2332 4204 tatis
2364 4150 2654 4205 inlidelitas
2685 4151 2902 4206 sinitur.
2945 4149 3078 4204 Nam
3121 4150 3386 4206 continuo
3427 4166 3493 4206 ex
3523 4148 3664 4204 dicto
3693 4159 3805 4216 pro-

2205 4241 2420 4311 phetico
2471 4242 2733 4306 subditur,
2803 4239 2895 4294 Vel
2948 4241 3062 4313 quis
3115 4240 3377 4296 descendit
3431 4241 3484 4295 in
3529 4235 3801 4312 abyssum?

2201 4337 2283 4390 Ac
2328 4350 2452 4390 mox
2493 4333 2634 4389 dicta
2677 4335 2814 4389 ratio
2851 4334 3093 4404 subjecta
3137 4344 3253 4400 est,
3285 4333 3386 4389 hoc
3423 4345 3502 4390 est
3540 4331 3794 4390 Christum

493 4437 587 4494 est,
621 4437 666 4482 et
693 4425 968 4480 credideris
999 4426 1052 4479 in
1075 4426 1226 4480 corde
1255 4435 1342 4480 tuo
1363 4426 1485 4496 quia
1523 4423 1665 4479 Deus
1691 4425 1840 4479 illum
1870 4429 2092 4482 suscita-
2120 4415 2172 4477 Ι)
2199 4443 2230 4480 a
2260 4429 2476 4482 mortuis
2504 4426 2743 4482 reducere
2775 4423 2952 4498 (Rom.
2984 4443 3040 4494 χ,
3068 4425 3148 4498 7).
3182 4425 3440 4483 Libertas
3467 4423 3725 4484 redeundi
3746 4421 3798 4477 in

569 4589 647 4665 (l)
677 4587 843 4646 Juxta
871 4599 918 4644 te
947 4597 1039 4643 est.

569 4743 894 4820 ((2)77Martin.
944 4761 1044 4800 ms.
1091 4747 1312 4820 moriens
1355 4762 1415 4800 ac
1454 4762 1722 4819 resurgens
1752 4765 1770 4804 :
1799 4756 1853 4804 et
1906 4759 2093 4820 postea

494 4821 614 4875 Cum
647 4819 764 4894 Vat.
800 4819 1302 4894 has._uuo,)Colb.et
1325 4819 1555 4894 sorbon.
1576 4821 1824 4894 qualiter,
1842 4819 2093 4894 scriptum

495 4903 566 4945 est
589 4907 608 4966 _:
634 4891 720 4944 ubi
751 4892 1008 4946 vetustior
1053 4891 1208 4945 Colb.
1238 4907 1301 4946 ac
1334 4892 1513 4960 plures
1542 4891 1630 4944 alii
1659 4891 1877 4960 habent,
1921 4891 2092 4966 quatis

496 4963 716 5029 scriptus
743 4972 834 5014 est.
1437 5021 1441 5028 ί

568 5033 643 5103 (b)
664 5033 842 5114 .Elilli,
893 5034 945 5087 in
971 5034 1173 5089 occulto
1198 5035 1502 5088 sacramenti
1529 5051 1548 5089 :
1580 5035 1935 5092 renitentibus
1972 5054 2091 5096 mae

493 5117 805 5170 nuscrtptts.

571 5175 640 5243 (ι’)
684 5174 829 5245 Lips.
875 5184 932 5230 et
973 5175 1093 5228 Par.
1119 5192 1241 5231 cum
1272 5192 1373 5230 ms.
1414 5176 1626 5231 Martin.
1669 5187 1724 5233 et
1772 5196 1876 5233 uno
1913 5180 2088 5236 Vatica

494 5245 811 5314 gloriﬁcatus
840 5247 947 5300 sit:
976 5247 1060 5300 cui
1111 5248 1322 5301 lectioni
1367 5248 1546 5304 lavent
1592 5252 1751 5303 verba
1800 5267 1947 5306 num.
1991 5252 2086 5308 56.

492 5315 661 5391 Magis
693 5328 866 5372 tamen
899 5319 1209 5391 placetcum
1233 5319 1396 5391 _Bad.,
1434 5322 1522 5374 Er.
1555 5336 1619 5375 ac
1659 5322 1932 5391 plerisque
1957 5340 2086 5378 mss.

491 5389 780 5457 gratulatus
809 5391 874 5443 sit
908 5389 1093 5456 :quod
1115 5389 1397 5444 conﬁrmat
1425 5391 1556 5446 illud
1606 5389 1792 5447 n.724:
1829 5389 1975 5448 Sciat
1999 5411 2095 5450 nec

493 5470 702 5536 mortem
722 5457 908 5536 Lasari
939 5462 1092 5528 ﬂere,
1112 5478 1261 5536 quam
1283 5462 1522 5536 gaudent.
1553 5463 1614 5518 Et
1641 5467 1814 5531 major
1842 5466 2092 5536 quaedam

491 5541 583 5604 est
602 5531 784 5604 ﬂetum
816 5533 958 5604 inter
983 5542 1037 5586 et
1063 5533 1480 5604 gratulationem
1510 5537 1797 5604 oppositio.

566 5600 642 5666 (τι)
674 5602 831 5656 Solus
862 5603 1033 5658 codex
1064 5603 1182 5658 Vat.
1215 5605 1330 5658 has.
1362 5600 1741 5661 contumeliam.

561 5670 635 5742 (ε)
668 5672 725 5748 In
755 5674 961 5742 aliquot
986 5675 1239 5748 mss.ihic
1263 5684 1319 5730 et
1348 5676 1510 5743 infra,
1533 5679 1690 5748 juxta
1712 5690 1756 5734 te
1778 5689 1855 5734 est
1877 5680 2086 5734 verbum

488 5751 648 5797 tuum.
687 5743 762 5798 Ex
792 5760 987 5812 grmco,
1020 5747 1171 5817 ἐγγύς
1197 5767 1291 5802 σου
1331 5750 1390 5805 τὸ
1427 5743 1568 5825 puniit
1596 5751 1733 5810 ἔστιν
1760 5753 1808 5808 ἐν
1847 5759 1921 5829 τῷ
1967 5752 2091 5811 trs-0'-

2272 4586 2355 4662 (2)
2380 4585 2490 4642 Deo
2522 4597 2778 4659 prompte,
2807 4585 3085 4642 mendose.

2205 4775 2353 4825 ματι,
2387 4758 2600 4874 νθὶιρτθ
2628 4750 2754 4806 licet.
2770 4753 2926 4822 juxta
2952 4756 3016 4816 te,
3051 4748 3094 4803 si
3136 4746 3296 4802 modo
3337 4747 3626 4802 omittatur
3665 4755 3803 4801 tuum

2211 4836 2332 4874 0031
2361 4839 2446 4874 νει·
2483 4839 2588 4874 um.

2248 4836 2332 4878 ost
2361 4836 2588 4876 verbum.

2248 4839 2332 4878 om
2361 4839 2588 4876 cervum.

2211 4839 2245 4894 ν
2285 4893 2353 4966 (f)
2387 4893 2477 4948 Sic
2507 4891 3044 4966 prmalantiorgcodex
3084 4888 3240 4966 Colb.
3273 4906 3396 4966 cum
3431 4889 3638 4966 aliquot
3667 4887 3802 4940 aliis.

2202 4962 2397 5022 Czt-teri
2448 4962 2598 5028 vero,
2643 4964 2908 5018 libertatis.
2951 4962 3087 5018 Tum
3136 4965 3186 5016 in
3228 4963 3488 5017 omnibus
3534 4963 3648 5016 fere
3677 4973 3804 5014 mss.

2209 5036 2317 5091 Deo
2343 5047 2610 5108 prompta},
2642 5037 2718 5089 vel
2744 5044 3134 5108 prompte,non
3165 5043 3452 5108 premente.

2282 5103 2358 5179 (g)
2401 5103 2858 5179 Antiquiorntss.
2897 5103 3067 5179 Coll),
3108 5104 3492 5179 cnm_ltemig.
3561 5118 3592 5157 a
3642 5103 3805 5172 prima

2206 5175 2388 5236 manu,
2416 5175 2649 5246 iit/initur.
2676 5177 2886 5230 Martia.
2914 5176 3202 5246 inde/inita.
3233 5175 3552 5230 Lectionem
3577 5185 3813 5230 nostram

2206 5246 2531 5317 Conlittnant
2559 5259 2826 5317 postrema
2856 5264 3005 5302 num.
3037 5249 3107 5302 48
3139 5247 3230 5301 lib.
3262 5261 3355 5300 vut
3380 5246 3572 5301 verba.

2283 5319 2360 5391 (ἡ)
2396 5315 2644 5373 Nonnulli
2674 5333 2803 5373 mss.
2833 5331 2953 5372 cum
2981 5317 3236 5391 vulgatis,
3265 5319 3811 5391 ratione‘monstrala:

2202 5385 2550 5461 corriguntur
2613 5406 2678 5445 cx
2733 5391 3039 5446 veterrimis
3077 5385 3226 5444 "Vat.
3273 5385 3420 5455 ιω,
3456 5387 3644 5455 Colb.,
3682 5387 3815 5442 Mar-

2207 5464 2330 5528 (iu.,
2362 5475 2464 5518 etc.

2282 5527 2345 5604 (ἱ)
2379 5535 2431 5587 lu
2475 5533 2724 5604 vulgatis,
2767 5533 2885 5587 sede
2925 5533 3237 5604 descendens
3272 5533 3594 5604 cujusquam
3639 5547 3666 5584 e
3697 5527 3817 5604 ratio

2282 5552 2345 5604 (ι)
2379 5552 2431 5587 Ill
2475 5552 2724 5604 Vlllgatls,
2767 5552 2885 5587 sede
2925 5552 3237 5588 aescenaens
3272 5552 3334 5585 cu
3361 5552 3594 5602 usquam
3639 5552 3666 5584 e
3697 5552 3812 5583 nm

2206 5624 2304 5674 ope
2347 5605 2704 5660 deduceretur.
2735 5605 2871 5660 Cum
2917 5603 3097 5659 allatis
3129 5552 3375 5673 Apostui’i
3421 5591 3606 5658 verbis
3648 5599 3812 5671 magis

2209 5679 2464 5732 convenit
2487 5677 2668 5739 lectio.
2706 5691 2863 5746 quam
2900 5676 3219 5731 elthibetnus
3249 5691 3278 5729 e
3306 5685 3441 5731 mss.
3488 5675 3543 5730 in
3589 5681 3816 5746 quorum

2209 5748 2483 5806 nonnullis
2503 5749 2790 5815 duceretur,
2826 5761 2932 5805 non
2962 5747 3314 5804 deduceretur.
