4094 6180
355 266 442 325 397

1578 256 1668 321 DE
1708 260 2082 323 TRINITATE
2112 260 2319 323 LIBER
2357 264 2450 325 XI.

3525 290 3632 348 593

351 382 551 445 ratium.
577 394 641 438 ex
672 378 1033 438 descendendi
1062 380 1115 437 in
1147 380 1345 436 terram
1379 380 1633 438 libertate
1661 388 1767 439 est.
1798 384 1927 438 Am-
1955 385 1999 445 Α
2031 382 2272 453 firmitas.
2296 416 2368 427 —
2396 384 2453 442 Si
2500 378 2679 458 itaque
2722 388 2790 446 ad
2833 390 3239 467 intelligentiam
3284 401 3471 456 mortis
3517 419 3627 461 sua;

350 474 546 547 bigendi
576 480 753 529 autem
778 470 992 528 sublata
1022 474 1295 530 cunctatio
1336 483 1415 530 est
1450 492 1463 529 :
1493 474 1567 548 (a)
1596 474 1822 531 scientia
1873 476 1925 530 iu

348 568 440 624 ﬁde
467 579 573 637 est,
605 570 745 624 ratio
787 568 841 624 in
885 567 1087 625 virtute
1127 577 1231 638 est,
1264 566 1486 625 eﬁectns
1525 569 1577 624 in
1619 570 1781 627 rebus
1819 563 1935 634 est,’

345 676 491 719 causa
520 659 573 717 in
602 665 869 732 potestate
897 668 1001 717 est.
1416 682 1421 686 ο

402 752 488 809 70.
522 752 707 809 Cordis'
736 753 892 808 simul
935 758 981 807 et
1019 753 1121 808 oris
1157 748 1303 808 debet
1332 770 1440 809 esse
1478 752 1626 823 ﬁdes.
1661 744 1840 808 Brevis
1880 761 1927 809 et

342 848 498 924 facilis
523 851 591 905 ad
619 846 834 905 salutent
856 849 961 917 via,
991 846 1138 919 ﬁdes.
1167 878 1240 889 -—
1264 847 1373 905 Sed
1403 862 1506 903 non
1539 856 1760 905 nutante
1782 840 1847 903 ad
1875 845 1926 901 id

340 960 465 1017 Opus
488 952 571 1002 est
599 942 953 1000 conscientia.
989 940 1279 1014 Apostolus
1309 943 1451 1000 enim
1483 950 1650 999 totum
1678 942 1925 1014 Scriptu-

339 1048 405 1099 ra?
458 1040 773 1114 mysterium
830 1050 1154 1110 exsequens,
1208 1041 1280 1095 ait
1336 1057 1348 1093 :
1394 1038 1558 1096 Juxta
1603 1050 1676 1095 est
1722 1039 1929 1095 verbum

338 1144 474 1190 tuum
500 1134 552 1188 in
584 1144 668 1188 ore
688 1141 774 1188 tuo
796 1132 841 1187 et
864 1133 918 1187 in
938 1129 1089 1188 corde
1111 1140 1198 1186 tuo
1229 1128 1404 1203 (Rom.
1435 1148 1486 1198 κ,
1511 1131 1580 1198 8;
1606 1129 1763 1186 Deut.
1790 1144 1925 1199 xxx,

337 1220 441 1302 li).
472 1227 590 1283 Non
624 1224 777 1282 tardo
805 1238 941 1297 opus
984 1232 1067 1282 est
1104 1225 1382 1298 petitaque
1417 1226 1572 1297 longe
1601 1226 1770 1281 verbo
1799 1241 1929 1281 con-

332 1321 604 1387 fessionis,
630 1332 729 1376 nec
757 1317 1044 1374 intervallo
1071 1319 1249 1390 aliquo
1277 1317 1418 1374 inter
1442 1333 1539 1374 cor
1569 1324 1731 1389 atque
1758 1333 1821 1373 os
1845 1333 1930 1374 re-

329 1413 476 1480 licto‘,
510 1418 567 1467 ut
592 1402 737 1484 quod
779 1412 845 1467 ait
895 1410 1343 1482 proteSIatiottcm
1386 1409 1664 1482 religionis
1705 1408 1927 1479 loquen-

329 1504 454 1565 dum
483 1509 573 1574 sit,
610 1510 706 1578 pel‘
744 1496 1023 1562 inﬁdelem
1062 1503 1466 1575 ambiguitatem
1508 1498 1795 1574 cogitetur.
1819 1496 1925 1558 Sed

329 1600 380 1656 et
433 1600 581 1671 juxta
616 1604 714 1654 nos
743 1600 866 1654 εεεε
911 1600 1157 1667 oportet,
1210 1600 1260 1651 et
1313 1596 1362 1649 iu
1402 1593 1557 1650 nobis
1585 1613 1597 1649 :
1630 1606 1698 1649 ne
1748 1586 1922 1664 aliqua

328 1691 404 1765 (b)
428 1693 570 1747 inter
596 1690 871 1761 regionem
903 1688 1082 1745 cordis
1108 1692 1271 1759 atque
1295 1684 1406 1741 oris
1434 1700 1608 1754 mora,
1634 1680 1767 1742 ﬁdes
1787 1684 1927 1742 forte

2028 475 2103 530 ait
2129 475 2323 545 :Deus,
2344 477 2486 535 Deus
2503 497 2667 547 meus,
2694 496 2851 552 quare
2873 503 2951 541 me
2972 488 3287 560 dereliquisti
3302 491 3328 545 .9
3347 502 3420 563 et,
3448 493 3627 563 Pater,

2030 574 2330 661 commendo
2370 574 2424 629 in
2460 592 2643 632 atauus
2681 589 2794 633 tuas
2821 580 3062 648 spiritum
3098 600 3269 640 meum
3299 571 3492 661 (Marc.
3532 607 3622 656 xv,

2030 660 2133 730 δὴ
2178 662 2305 719 Luc.
2352 682 2506 735 χχιιι,
2551 667 2695 742 46);
2744 672 3003 744 numquid
3052 676 3382 733 confessioni
3428 688 3628 738 nostrae

2029 756 2347 823 consulens,
2388 757 2658 814 inﬁrmum
2706 775 2766 817 se
2810 777 2929 818 esse
2973 764 3152 835 potius
3200 768 3482 826 confessus
3525 782 3627 837 est,

2030 860 2191 921 quam
2226 866 2325 906 nos
2350 852 2631 925 ambiguos
2664 869 2769 911 non
2801 856 3060 929 reliquit?
3090 859 3438 919 Excitaturus
3471 880 3625 921 nam-

2030 952 2133 1014 Que
2174 936 2436 1001 Lazarum
2484 955 2603 1001 orat
2637 947 2703 1002 ad
2753 944 2965 1006 Patrem
3001 968 3013 1004 :
3046 948 3124 1025 (1)
3158 955 3417 1026 numquid
3468 974 3628 1027 prece

2029 1036 2177 1107 eguit
2224 1037 2411 1095 dicens
2446 1054 2459 1092 :
2501 1036 2680 1108 Pater,
2718 1040 2914 1114 gratias
2952 1050 3050 1117 ago
3085 1044 3176 1099 tibi
3214 1046 3336 1114 quia
3372 1051 3629 1105 exaudiin

2029 1145 2111 1185 me
2158 1146 2177 1185 :
2219 1136 2266 1186 et
2306 1146 2399 1203 ego
2448 1132 2665 1187 sciebam
2710 1136 2831 1204 quia
2876 1153 3077 1207 semper
3124 1154 3202 1193 me
3244 1140 3478 1204 exaudis,
3538 1143 3629 1197 sed

2030 1226 2236 1295 propter
2285 1223 2485 1277 turbam
2523 1222 2602 1298 (f)
2632 1224 2764 1293 dixi,
2801 1233 2856 1280 ut
2890 1226 3096 1282 credant
3136 1230 3257 1298 quia
3300 1239 3356 1285 tu
3406 1250 3483 1287 me
3533 1234 3627 1287 mi-
3692 1276 3703 1287 .

2028 1316 2136 1370 sisti
2161 1315 2339 1387 (Joan.
2362 1324 2438 1385 st,
2460 1310 2528 1372 41
2554 1326 2599 1372 et
2619 1316 2752 1388 42)?
2778 1317 2943 1374 Nobis
2968 1321 3148 1391 itaque
3174 1323 3368 1389 oravit,
3397 1340 3463 1380 ne
3487 1324 3629 1380 ﬁlius

2026 1410 2369 1483 ignoraretur
2407 1428 2421 1469 :
2467 1422 2520 1469 et
2555 1428 2675 1469 cum
2717 1413 2818 1470 sibi
2863 1428 2971 1470 non
3014 1414 3306 1486 proﬁceret
3332 1417 3495 1491 372
3530 1418 3627 1474 de-

2027 1502 2355 1575 precationis
2383 1518 2584 1571 sermo,
2626 1500 2690 1561 ad
2734 1502 3032 1575 profectum
3066 1514 3247 1564 tamen
3273 1521 3473 1565 nostra:
3504 1509 3627 1566 ﬁdei

2027 1597 2366 1667 loqﬂebatur.
2398 1595 2509 1652 Νοιι
2540 1599 2695 1666 inops
2719 1605 2851 1669 ergo
2881 1604 2990 1653 tuin
3019 1600 3205 1655 auxilii
3232 1611 3316 1656 est
3349 1621 3362 1655 :
3389 1603 3482 1657 sed
3523 1618 3621 1658 nos

2028 1702 2213 1744 sumus
2246 1690 2433 1759 inapes
2460 1688 2743 1744 doctrinas.
2767 1689 3068 1745 Clarillcari
3100 1705 3159 1746 se
3190 1708 3403 1763 quoque
3434 1693 3628 1763 depre-

327 1794 510 1842 nuStra
550 1794 656 1841 non
702 1784 773 1839 ita
805 1782 858 1838 in
890 1786 1051 1838 sensu
1084 1782 1174 1848 sit,
1220 1790 1275 1835 ut
1320 1780 1373 1835 in
1411 1778 1625 1847 verbis;
1665 1776 1759 1834 sed
1791 1794 1920 1833 con-
1956 1752 2004 1830 Β
2031 1790 2201 1849 catur,
2226 1796 2286 1837 ac
2315 1790 2437 1836 mox
2462 1781 2531 1837 de
2555 1783 2696 1837 coelo
2726 1796 2826 1837 vox
2853 1783 2946 1838 Dei
2970 1782 3140 1855 patris
3166 1752 3629 1842 ciarilicantislau-

326 1886 462 1933 nexa
502 1877 585 1932 ori
614 1880 778 1947 auiae
816 1874 989 1943 cordi,
1021 1868 1423 1929 incunctantem
1468 1871 1663 1925 habeat
1703 1879 1758 1927 et
1792 1885 1918 1927 sen—

329 1968 496 2026 tlendi
521 1974 576 2025 et
604 1966 856 2040 loquendi
891 1966 1231 2038 religionem.
1257 1965 1323 2020 Et
1349 1963 1508 2035 lutde
1537 1962 1755 2033 quidem
1791 1962 1922 2019 dicti

330 2062 647 2136 prophetici.
675 2070 731 2117 ut
759 2062 812 2115 in
841 2060 1073 2124 czeteris,
1105 2060 1370 2113 ratiunetn
1408 2055 1703 2127 Apostolus
1742 2055 1924 2125 subje-

328 2157 438 2214 cit:
478 2152 589 2210 Hoc
618 2164 695 2210 est
733 2153 938 2209 verbum
976 2152 1099 2223 ﬁdei
1134 2149 1271 2224 quod
1313 2146 1657 2223 prmdicamus
1680 2148 1843 2210 :quia
1881 2146 1926 2202 si

331 2246 586 2318 Confessus
615 2247 781 2318 fueris
801 2246 854 2298 itt
885 2260 972 2299 ore
1010 2253 1098 2298 tuo
1120 2242 1241 2316 quia
1272 2241 1528 2296 Dominus
1566 2248 1640 2295 est
1672 2237 1849 2305 Jesus,
1879 2249 1926 2294 et

335 2341 610 2397 tredideris
650 2341 705 2394 in
743 2338 896 2393 corda
936 2346 1023 2392 tuo
1069 2337 1191 2406 quia
1229 2335 1368 2391 Deus
1404 2333 1557 2390 illum
1595 2332 1855 2390 suscitavit
1897 2349 1929 2386 a

338 2438 586 2502 mortuis,
626 2430 906 2491 salvaberis
946 2428 1121 2505 (Rem.
1156 2444 1213 2498 x,
1254 2430 1287 2487 8
1317 2436 1365 2485 et
1413 2427 1600 2501 seqq.).
1636 2422 1710 2501 (ε)
1749 2425 1927 2483 Pietas

342 2542 415 2588 est
449 2548 556 2586 non
583 2527 891 2599 ambigere,
924 2535 978 2581 et
999 2525 1207 2596 justitia
1232 2531 1316 2581 est
1334 2522 1578 2589 credere,
1600 2531 1656 2577 et
1671 2521 1816 2577 salus
1846 2529 1929 2575 est

335 2622 595 2680 solamen.
626 2619 742 2677 Neu
771 2620 823 2675 in
844 2619 1048 2674 incerta
1080 2617 1357 2685 difﬂuere,
1385 2632 1560 2688 tteque
1587 2615 1654 2671 ad
1694 2614 1930 2669 stultilo-

336 2716 451 2788 quia
502 2713 800 2777 edervere,
853 2726 1032 2781 neque
1078 2710 1285 2767 ratione
1339 2708 1514 2779 aliqua
1560 2708 1789 2763 virtutes
1833 2704 1929 2762 Dei

335 2808 618 2873 ventilare,
666 2808 842 2877 neque
883 2804 1045 2860 modo
1088 2802 1538 2859 circumscribere
1579 2806 1929 2870 potestatem,

336 2904 504 2976 neque
520 2904 713 2958 causas
731 2897 811 2976 (ti)
828 2900 879 2955 in
895 2896 1347 2970 investigabilium
1366 2898 1826 2950 sacramentorum
1848 2905 1932 2945 re-

336 3002 581 3066 tractare,
616 2994 901 3053 liominunt
941 2992 1122 3049 Jesnm
1163 2986 1323 3062 371
1367 2986 1638 3053 conﬁteri,
1669 2995 1724 3041 et
1758 3000 1787 3039 a
1820 2983 1932 3039 Deo

338 3094 649 3152 Suscitatum
670 3106 698 3146 a
719 3088 945 3147 mortuis
967 3084 1192 3144 credere
1209 3086 1354 3139 salus
1373 3082 1620 3149 est.Qu:e
1638 3093 1768 3134 vero
1785 3072 1953 3133 insa-‘

2025 1875 2188 1931 ditur.
2226 1873 2335 1931 Sed
2380 1875 2444 1930 ad
2487 1876 2684 1931 audita:
2723 1878 2870 1931 Vocis
2912 1877 3325 1935 admirationem
3355 1880 3428 1935 ait
3460 1898 3472 1934 :
3510 1878 3631 1935 Non

2028 1978 2237 2040 propter
2266 1987 2344 2025 me
2374 1972 2510 2025 venit
2538 1984 2636 2027 vox
2662 1972 2782 2039 ista,
2816 1971 2906 2027 sed
2929 1982 3137 2045 promer
3177 1989 3275 2029 vox
3312 1970 3494 2047 (Joan.
3530 1990 3627 2041 xu,

2026 2064 2140 2138 30).
2164 2063 2332 2121 Nobis
2364 2064 2523 2122 Pater
2553 2075 2792 2137 rogatur,
2828 2050 2984 2121 nobis
3020 2063 3181 2122 Pater
3221 2066 3459 2137 loquitur
3496 2085 3509 2121 :
3543 2074 3631 2121 tu-

2027 2165 2143 2213 tum
2172 2156 2238 2213 ad
2261 2157 2512 2213 cliectum
2537 2152 2607 2213 sit
2634 2166 2833 2213 nostra
2860 2156 3246 2213 confessionis.
3281 2156 3345 2213 Et
3371 2174 3493 2214 cum
3516 2158 3626 2215 cla-

2028 2249 2352 2306 riﬁcationis
2385 2248 2670 2322 reSponsio
2728 2266 2837 2306 non
2876 2249 3242 2307 obsecrationi
3274 2251 3535 2307 claritatis
3564 2253 3634 2307 sit

2030 2343 2297 2413 impensa,
2332 2343 2425 2400 sed
2448 2343 2777 2415 ignorationi
2802 2343 3135 2401 audientium
3160 2387 3175 2412 ,
3203 2344 3476 2417 quomodo
3503 2362 3635 2418 que-

2032 2432 2147 2492 rela
2179 2434 2471 2507 passionis,
2511 2439 2563 2493 in
2595 2453 2805 2494 summa
2836 2438 3203 2494 exsultatione
3232 2437 3490 2509 patiendi,
3528 2454 3634 2495 non

2031 2528 2394 2586 confessionis
2438 2540 2640 2586 nostrae
2673 2531 2965 2587 eruditioni
2996 2531 3236 2602 praestita
3266 2532 3638 2603 intelligetur?

2032 2620 2281 2679 Christus
2312 2637 2410 2693 pro
2447 2623 2896 2693 persequentibus
2939 2608 3113 2693 rogat,
3144 2623 3269 2694 quia
3300 2623 3443 2695 quod
3476 2634 3641 2696 agunt

2033 2716 2302 2772 nesciunt.
2360 2716 2610 2772 Christus
2662 2717 2731 2773 de
2780 2732 2943 2773 cruce
3003 2716 3313 2786 paradisum
3379 2717 3641 2787 promittit

2037 2808 2216 2884 (Luca:
2245 2826 2404 2877 mu,
2435 2808 2525 2877 54,
2550 2806 2670 2882 45),
2702 2810 2785 2882 (‘2)
2819 2812 2943 2881 quia
2974 2810 3116 2865 Deus
3148 2820 3355 2879 regnat.
3392 2808 3640 2866 Christus

2034 2905 2091 2960 in
2116 2919 2278 2959 cruce
2300 2919 2714 2959 consummasse
2736 2901 2918 2957 omnia
2950 2898 3092 2957 aceti
3117 2903 3308 2972 poculo
3337 2901 3642 2974 gratulatur

2035 2994 2214 3069 (Joan.
2253 3012 2360 3063 xix,
2408 2993 2520 3068 ‘50),
2551 2992 2675 3066 quia
2722 2996 3017 3051 moriturus
3062 2994 3365 3065 impleverit
3409 2993 3644 3065 prophe-

2037 3090 2189 3144 tiam.
2223 3087 2391 3145 Nobis
2428 3097 2589 3143 natus
2614 3096 2720 3155 est,
2748 3086 2905 3143 nobis
2931 3101 3129 3158 passus
3169 3097 3274 3151 est,
3307 3084 3466 3141 nobis
3492 3102 3637 3142 mor-

338 3186 420 3244 it'ltl
446 3194 551 3253 εει,
580 3184 755 3257 qualis
786 3190 840 3239 et
867 3176 1167 3253 cbjustttodl
1191 3180 1261 3233 sit
1283 3175 1353 3250 (e)
1371 3174 1529 3232 Jcsus
1559 3172 1879 3232 calumniari
1912 3187 1926 3224 :

2037 3190 2160 3238 tuus
2182 3194 2286 3249 est,
2318 3180 2475 3237 nobis
2504 3181 2824 3237 resurrexit.
2859 3180 2925 3235 Et
2953 3196 3075 3234 cum
3108 3178 3260 3235 nobis
3289 3179 3404 3235 haec
3431 3179 3544 3234 sola
3573 3178 3644 3236 sit

339 3288 453 3338 cum
484 3276 632 3336 Salus
659 3277 773 3334 sola
810 3277 902 3344 sit,
933 3273 1036 3329 huc
1065 3271 1241 3328 solum
1284 3269 1446 3333 scire,
1479 3266 1621 3339 quod
1664 3264 1928 3321 Dominus

340 3372 442 3430 Sit?
464 3372 602 3429 Tum
633 3380 797 3442 porro
834 3369 924 3440 qui
958 3366 1209 3421 humana:
1234 3361 1508 3418 inanitatis
1542 3372 1697 3416 error
1729 3366 1833 3425 est,
1863 3356 1932 3412 de

340 3465 733 3524 reSurt-ectinne
759 3462 876 3533 ejus
904 3460 1027 3515 lites
1056 3470 1276 3513 movere
1306 3473 1318 3509 :
1352 3468 1472 3510 cum
1505 3452 1735 3509 sufﬁciat
1760 3450 1827 3506 ad
1855 3450 1934 3505 vi-

342 3562 469 3627 tam,
499 3556 642 3631 quod
677 3572 706 3612 a
742 3556 856 3612 Deo
896 3553 1187 3609 suScitatus
1228 3551 1301 3606 sit
1342 3544 1675 3604 credidisse?
1705 3544 1761 3600 ln
1804 3543 1934 3599 sim-

340 3650 578 3727 plicitate
611 3653 791 3720 itaque
821 3646 956 3705 ﬁdes
984 3653 1086 3713 est,
1123 3645 1176 3700 in
1208 3643 1314 3699 ﬁde
1345 3641 1554 3713 iustitia
1586 3649 1688 3706 est,
1719 3639 1771 3692 in
1800 3653 1935 3693 con-

342 3746 573 3804 fessione
612 3745 784 3817 pietas
820 3750 922 3798 est.
964 3740 1079 3797 Non
1127 3754 1222 3809 per
1260 3735 1513 3792 diftlciles
1554 3744 1654 3789 nos
1686 3730 1829 3787 Deus
1864 3727 1932 3785 ad

342 3840 549 3899 beatam
582 3836 747 3895 vitam
774 3837 1103 3909 qumstlnncs
1142 3838 1321 3896 vocat,
1349 3838 1452 3885 nec
1493 3823 1779 3896 multiplici
1816 3823 1935 3878 elo-

344 3934 553 4007 qttehtis
578 3924 845 3988 facundia:
873 3940 1070 4000 genere
1108 3923 1384 3982 sollicitat.
1416 3918 1472 3975 In
1503 3918 1751 3975 absoluto
1779 3914 1936 3971 nobis

346 4034 405 4085 ne
432 4024 579 4084 facili
607 4036 691 4083 εει
731 4026 1007 4080 aeternitas
1030 4064 1043 4087 ,
1074 4019 1259 4077 Jesum
1294 4029 1349 4073 et
1382 4015 1698 4072 suscitatam
1728 4027 1758 4067 a
1791 4023 1937 4067 mor-

346 4120 447 4179 ints
481 4124 576 4192 per
609 4114 775 4175 Detun
798 4116 1044 4182 credere,
1079 4120 1132 4170 et
1158 4113 1331 4183 ipsum
1355 4126 1475 4167 esse
1501 4106 1784 4164 Dominum
1804 4118 1937 4161 cono

347 4212 505 4272 ιιιετι.
553 4202 724 4271 item
773 4212 953 4283 itaque
986 4220 1223 4287 ea,_qutc
1267 4207 1336 4261 ob
1372 4205 1763 4275 ignorationem
1812 4210 1939 4279 nes-

351 4312 481 4366 train
507 4304 648 4365 dicta
681 4315 826 4372 Sunt,
859 4307 923 4362 ad
956 4301 1297 4361 occasionem
1337 4294 1752 4370 irreligiositatis
1779 4311 1939 4352 usur-

350 4416 455 4475 pet.
508 4401 929 4474 Cognoscendus
982 4398 1124 4454 enim
1174 4395 1333 4451 Jesus
1380 4393 1634 4448 Christus
1680 4402 1931 4447 mortuus

352 4507 482 4565 erat,
517 4495 651 4551 utin
684 4508 748 4549 eo
772 4492 1101 4548 viveremus.

2037 3278 2341 3349 proprietas
2368 3275 2436 3333 ad
2465 3274 2717 3344 salutem,
2753 3286 2813 3330 ut
2857 3273 2955 3329 Dei
2993 3273 3156 3328 ﬁlium
3185 3272 3545 3329 conﬁteamur
3576 3286 3645 3329 ex

2036 3371 2302 3433 mortuis;
2344 3386 2460 3439 cur,
2494 3384 2647 3435 rogo,
2690 3368 2742 3422 in
2780 3364 2882 3423 hac
2910 3366 3310 3437 irreligiositate
3337 3364 3413 3439 (g)
3449 3366 3644 3421 moria-

2034 3478 2179 3529 mur,
2213 3474 2270 3519 ut
2300 3480 2422 3519 cum
2450 3461 2706 3518 Christus
2734 3462 2873 3515 intra
2917 3459 3169 3515 ﬁduciam
3201 3459 3504 3515 divinitatis
3528 3475 3643 3516 suae

2037 3572 2283 3621 manens,
2314 3559 2451 3613 mori
2483 3572 2543 3612 se
2571 3572 2669 3628 per
2691 3554 3145 3627 significationem
3173 3556 3438 3627 assumpti
3470 3556 3647 3612 homi-

2037 3651 2122 3716 nis
2143 3666 2265 3706 cum
2292 3647 2584 3705 securitate
2612 3645 2900 3704 morientis
2930 3646 3251 3714 ostenderit,
3279 3646 3384 3704 hoc
3409 3647 3641 3704 maxime

2034 3743 2101 3799 ad
2123 3742 2502 3815 abuegandum
2519 3757 2641 3799 eum
2664 3742 2828 3797 Deum
2848 3740 3114 3811 proﬁciat,
3132 3740 3273 3811 quod
3292 3755 3350 3795 se
3368 3740 3521 3796 nobis
3542 3739 3640 3796 Dei

2036 3837 2178 3893 ﬁlius
2209 3846 2264 3893 et
2305 3836 2540 3891 hominis
2579 3833 2752 3890 lilium
2797 3843 2881 3890 est
2923 3834 3204 3906 professus
3237 3842 3291 3888 et
3332 3831 3643 3888 mortuum?

2316 3967 2672 4044 373-375
2709 3967 2920 4025 LIBER
2961 3967 3370 4027 UNDECIMUS.

2043 4107 2111 4163 In
2138 4108 2287 4179 cujus
2313 4106 2525 4162 exordio
2549 4098 2788 4160 Hilarius
2814 4103 3043 4174 exponit,
3081 4102 3239 4173 [idem
3263 4101 3403 4177 apud
3423 4101 3647 4158 Arianos

2114 4218 2269 4257 unam
2303 4217 2403 4254 non
2437 4215 2585 4263 csse;
2626 4208 2673 4253 et
2713 4214 2831 4252 cum
2863 4195 3097 4251 Christus
3126 4212 3276 4250 verus
3295 4196 3438 4251 Deus
3457 4213 3519 4251 ac
3550 4194 3646 4250 Dei

2116 4292 2254 4366 ﬁlius
2273 4292 2504 4367 ignorari
2530 4294 2639 4358 iam
2662 4308 2760 4345 non
2799 4290 2962 4363 possit
2988 4331 3001 4355 ,
3040 4306 3157 4345 eum
3185 4296 3352 4343 tamen
3376 4299 3603 4345 creatum
3627 4330 3642 4356 ,

2120 4398 2164 4443 et
2186 4388 2391 4442 nomine
2419 4396 2565 4440 tenus
2597 4383 2764 4439 Deum
2788 4387 2850 4439 ab
2874 4384 2982 4438 illis
3005 4383 3255 4456 defendi,
3278 4384 3400 4438 dum
3429 4384 3646 4455 dispen-

2119 4482 2389 4537 sationem
2421 4479 2684 4550 assumpti
2714 4479 2960 4548 corporis
3004 4478 3218 4547 rapiunt
3248 4476 3313 4533 ad
3360 4488 3646 4533 contume-

420 4548 698 4646 7l.—l"idei
717 4596 906 4641 nostra:
934 4582 1158 4639 eruditio
1185 4589 1258 4636 est
1286 4595 1402 4652 qua:
1422 4577 1614 4635 Christi
1636 4577 1835 4633 videtur
1860 4576 1940 4631 in-
2119 4576 2247 4631 liam
2276 4548 2619 4629 divinitatis;
2648 4570 2861 4645 Objecta
2886 4569 3070 4626 deinde
3099 4568 3254 4626 diluit
3283 4586 3347 4626 ex
3381 4570 3447 4625 iis
3487 4570 3650 4641 petita

418 4726 501 4801 (ι)
527 4723 792 4795 Numquid
821 4736 1021 4794 prerem
1044 4718 1204 4791 eguit.

420 4868 498 4944 (et)
513 4869 606 4927 Sic
627 4881 758 4944 mss.
780 4865 926 4944 Editi
941 4879 1070 4944 vero
1087 4861 1375 4944 sapientia...
1387 4856 1683 4944 Scieutiam
1701 4866 1940 4944 nostram

349 4928 503 4998 ducet
531 4954 652 4996 esse
678 4938 834 4993 sitam
868 4939 917 4991 in
944 4936 1068 5001 ﬁde,
1095 4928 1250 5004 cujus
1274 4930 1415 4985 ratio
1441 4944 1514 5004 ac
1532 4928 1941 5004 fundamentum

346 5010 420 5070 sit
441 5013 536 5069 Dei
568 5014 761 5075 virtus,
792 5009 952 5064 rebus
992 5000 1063 5062 se
1083 5000 1315 5076 prodens
1343 5012 1398 5076 et
1436 5000 1668 5066 etfectis,
1710 5012 1942 5071 quorum

347 5094 510 5141 causa
539 5084 656 5139 sola
686 5073 805 5137 εεεε
828 5080 999 5150 possit
1028 5073 1442 5150 omgnipntentia.

420 5156 498 5228 (θ)
522 5155 579 5228 lu
606 5154 753 5223 prius
775 5142 989 5228 esensis
1008 5160 1061 5205 et
1077 5142 1441 5228 gliqﬁotnmss,
1469 5145 1602 5228 inter
1621 5142 1942 5228 religionem.

350 5212 698 5287 Ρὼξεθὴιίιιι
717 5234 837 5279 cum
864 5223 1048 5285 Cnlb.,
1070 5212 1260 5284 Curb.,
1285 5216 1520 5287 Remig.,
1553 5212 1790 5277 Martia"
1820 5212 1949 5287 Pra-

354 5286 470 5355 teli.
540 5312 605 5353 ac
664 5296 908 5358 pluribus
952 5290 1072 5347 aiiis
1131 5292 1270 5344 inter
1305 5286 1601 5358 regionem;
1651 5286 1948 5354 prmsertim

355 5368 561 5425 ettmde
573 5357 723 5424 verbi
748 5366 857 5423 situ
882 5376 1067 5421 sermo
1089 5363 1180 5429 sit,
1208 5364 1271 5415 ac
1299 5357 1500 5414 debeo
1522 5359 1633 5425 jam
1660 5357 1950 5429 legerimus

357 5440 452 5498 ιιιις
480 5456 539 5511 ιι,
585 5450 733 5496 num.
765 5440 798 5493 6
820 5455 847 5511 ε
872 5434 957 5489 Ita
976 5426 1233 5511 regionem
1257 5430 1606 5511 intelligentia:
1628 5426 1846 5511 excedit.

430 5496 683 5583 (οξίἡρε.
725 5517 783 5563 ct.
818 5508 943 5583 Dur.
997 5496 1118 5583 post
1172 5496 1454 5583 Erasmum
1507 5499 1594 5583 hic
1635 5496 1949 5583 subjiciunt,

356 5568 681 5640 Baitt'een'im
710 5581 932 5635 creditur
967 5568 1036 5633 a'd
1065 5576 1347 5650 justitiam,
1383 5587 1471 5626 ore
1497 5568 1952 5650 autetttconfessio

360 5657 420 5727 ﬁt
447 5657 513 5709 ad
541 5656 761 5727 salutent
796 5650 983 5727 :_nulla
1011 5640 1334 5727 auctoritate
1359 5653 1600 5727 veterum
1633 5640 1915 5727 librarium.

432 5708 512 5797 (α)
539 5708 628 5782 ειη
653 5724 777 5780 eum
804 5724 897 5779 Er.
924 5735 1029 5777 πη.
1056 5719 1211 5775 Colb.
1235 5717 1306 5772 At
1343 5712 1530 5773 caeteri
1559 5726 1679 5768 cum
1710 5708 1839 5765 εδει.
1875 5710 1956 5763 in-

360 5797 750 5871 uestigabilium.

2115 4711 2196 4784 (9)
2228 4709 2390 4776 Olim,
2416 4710 2537 4781 quia
2565 4708 2707 4764 Deus
2729 4718 2926 4781 regnet.

2122 4855 2196 4925 (e)
2229 4850 2394 4919 Editi,
2422 4852 2608 4907 Jesum
2631 4866 2649 4904 :
2675 4846 3021 4925 corriguntur
3046 4860 3113 4925 εξ
3138 4859 3268 4902 mss.

2126 4918 2195 5001 (Ι)
2230 4918 2438 5001 Martia.
2469 4930 2808 5001 ms._propter
2832 4918 3033 4974 turbam
3061 4918 3474 4973 circumstantem
3503 4918 3643 4988 diti,

2048 5008 2105 5054 ut
2134 4994 2347 5053 credant
2374 5012 2478 5061 me,
2510 4994 2650 5065 quia,
2687 5003 2791 5047 etc.

2128 5071 2204 5142 (g)
2236 5071 2293 5125 ln
2323 5060 2575 5142 vulgatis,
2612 5077 2896 5142 moramur.
2933 5060 3168 5142 Rectius.
3200 5060 3430 5142 in__mss.
3461 5064 3653 5118 moria-

2052 5132 2214 5196 mur}
2241 5141 2392 5209 quasi
2415 5132 2645 5209 diceret,
2680 5137 2748 5209 Si
2773 5137 2919 5190 salus
2959 5143 3041 5188 est
3078 5132 3169 5186 Dei
3208 5133 3377 5209 lilium
3410 5149 3476 5209 εις
3506 5149 3649 5188 mor—

2056 5213 2164 5270 tuis
2188 5203 2475 5266 exéitatnm
2504 5206 2775 5271 eonllteri,
2805 5218 2950 5259 mors
2976 5212 3061 5260 est
3094 5220 3199 5258 non
3230 5203 3478 5258 conﬁteri
3515 5220 3528 5258 :
3555 5218 3652 5260 cur

2055 5300 2186 5354 ergo
2218 5284 2528 5354 moriamur,
2566 5289 2671 5354 etc.
2702 5277 2833 5333 Cum
2860 5286 3007 5354 totus
3047 5275 3312 5354 hic_liber
3343 5276 3392 5328 in
3426 5290 3518 5329 eos
3559 5276 3650 5342 sit,

2061 5346 2150 5427 qui
2183 5354 2456 5427 Christum
2500 5349 2771 5405 inﬁrmum
2814 5347 3043 5427 probare
3079 5346 3282 5413 \olunt,
3314 5356 3370 5402 ut
3410 5362 3531 5427 eum
3550 5359 3654 5427 γε..

2060 5416 2179 5483 rum
2227 5420 2321 5479 Dei
2372 5425 2541 5478 tilium
2587 5416 2826 5491 urgenti
2862 5416 3206 5491 perspicuum
3245 5418 3522 5491 estquod
3541 5418 3655 5491 jam

2060 5494 2504 5572 prtemonuimus,
2526 5508 2630 5572 non
2654 5487 2706 5546 in
2738 5490 2830 5545 illo
2853 5487 3069 5572 confligi
3091 5487 3652 5572 c‘tthpolliuaristis,

2062 5560 2157 5625 sed
2197 5582 2323 5623 cum
2367 5566 2580 5621 Arianis
2631 5581 2644 5616 :
2686 5576 2915 5630 quorum
2962 5560 3223 5630 principia
3273 5570 3544 5615 mutuatus
3587 5562 3658 5616 sit

2062 5578 2157 5625 sed
2197 5582 2323 5623 cum
2367 5578 2580 5621 Al‘lallls
2631 5581 2644 5616 τ
2727 5578 2915 5617 uorum
2962 5578 3223 5630 principia
3273 5578 3544 5615 "tumulus
3587 5578 3655 5616 Sil

2061 5636 2539 5714 Apollinariusﬁd
2558 5706 2574 5714 _
2596 5578 2974 5714 0§tglqandllﬂl
3005 5631 3403 5714 incarnationis
3457 5641 3655 5706 myste-

2062 5696 2228 5778 rium,
2259 5722 2367 5765 non
2396 5708 2461 5764 ad
2488 5696 2865 5764 debellandum
2891 5696 3092 5760 Christi
3120 5701 3475 5761 divinitatem.
