4094 6180
376 236 482 294 599
1583 222 1830 285 ssnon
1857 217 2115 279 HlLARIl
2154 215 2459 277 EPISCOPI
3552 222 3649 281 ιοο

456 351 619 406 verbis
647 391 660 417 ,
690 364 804 418 qute
824 349 879 403 in
905 346 1159 405 Christum
1178 352 1290 419 post
1322 342 1718 399 resurrectionis
1761 337 1981 412 gloriam
2007 339 2054 396 A
2086 333 2404 405 praedicans,
2437 346 2598 389 unam
2624 330 2781 388 ﬁdem
2811 336 3112 396 memorat;
3168 328 3365 388 deinde
3387 332 3535 390 unius
3554 336 3655 392 Do-

457 442 945 510 conveniuatﬂuod
962 442 1099 496 enim
1124 448 1233 493 tum
1255 439 1327 491 ait
1350 435 1666 493 :Adscendo
1685 435 1750 490 ad
1777 442 1980 505 patrem
2086 425 2213 480 mini
2242 441 2403 481 unam
2436 424 2594 480 ﬁdem
2628 438 2955 490 memorans,
2986 438 3150 478 unum
3179 423 3338 478 etiam
3372 423 3449 497 (2)
3477 425 3658 496 baptis-

461 551 642 592 meum
673 545 728 592 et
753 534 817 589 ad
847 541 1050 604 patrem
1070 540 1332 597 vestrum,
1365 530 1429 584 ad
1447 530 1619 584 Deum
1644 543 1846 590 meum,
1877 537 1975 580 etc.
2087 533 2171 571 ma
2202 517 2569 572 demonstrat:
2618 526 2676 571 ut
2701 531 2823 572 cum
2860 516 3016 572 unius
3047 514 3263 570 Dontini
3296 532 3395 571 una
3437 516 3559 574 ﬁdes
3583 536 3660 576 ρει

466 630 636 701 ipsum
673 624 901 682 ostendet
921 624 1111 678 dixisse
1141 623 1203 678 de
1227 639 1287 678 ea
1313 631 1653 693 natura,qua
1678 623 1864 691 fratres
1892 620 1986 672 Ita-
2085 617 2204 677 δεῖν
2258 610 2415 664 “nius
2463 624 2560 681 Per
2611 607 2714 664 “0°
2757 608 2883 664 ﬁdei
2936 606 3008 680 (ε)
3058 608 3111 662 in
3158 607 3439 664 Dominum
3486 626 3656 680 υηιιηι,

460 720 570 785 bet;
593 720 725 774 sicut
750 720 814 771 de
841 733 920 780 ea,
951 732 1052 782 qua
1074 714 1350 787 participes
1391 713 1470 768 illi
1509 722 1658 777 sunt,
1690 711 1821 765 dixit
1850 708 1986 764 I’ro-
2088 719 2252 759 unum
2275 713 2420 759 esset
2438 712 2487 758 et
2513 702 2799 772 baptisma.
2843 703 2909 758 Et
2946 701 3074 773 quia
3093 712 3484 758 sacramentum
3516 721 3664 762 omne

461 815 648 885 pheta:
678 812 844 868 Unxit
870 821 945 877 te,
974 810 1135 877 Deus,
1175 799 1316 865 Deus
1347 818 1470 863 tuus
1495 822 1604 878 prae
1638 804 1987 877 participibus

2089 806 2145 851 et
2171 794 2420 864 baptismi
2458 802 2513 850 et
2541 793 2688 859 ﬁdei,
2716 804 2773 849 ut
2801 794 2855 850 in
2881 808 2988 848 uno
3007 793 3239 849 Domino
3266 834 3283 861 ,
3315 794 3385 848 ita
3414 802 3469 850 et
3490 795 3539 850 in
3567 796 3665 852 Deo

461 907 588 962 tuis.
644 905 899 974 Deinceps
937 902 1167 974 Apostoli
1207 901 1357 957 verba
1398 901 1664 971 explicat,
1706 915 1769 954 ea:
1808 899 1991 970 quibus
2092 905 2200 946 uno
2243 898 2363 955 est;
2413 889 2940 945 consummationem
2987 887 3102 959 spei
3152 896 3352 942 nostra:
3397 888 3548 943 unius
3579 889 3669 946 Dei

464 999 683 1070 probare
725 1013 779 1052 se
803 978 1014 1068 putant,
1045 992 1306 1050 Christum
1330 1001 1388 1047 ut
1413 1008 1615 1047 servum
1641 990 1794 1046 Patri
1828 991 1993 1064 subji-
2096 980 2435 1052 professione
2459 980 2759 1036 conclusit:
2793 990 2850 1035 ut
2877 995 3041 1035 unum
3071 978 3335 1050 baptisma
3359 988 3412 1034 et
3431 978 3558 1036 ﬁdes
3577 996 3670 1036 una

471 1091 731 1158 ciendum,
762 1106 975 1158 eumque
999 1089 1151 1160 regni
1177 1088 1257 1142 sui
1285 1103 1544 1143 cessurum
1571 1103 1679 1142 esse
1705 1095 1952 1158 potestate
1974 1125 1990 1153 ,

2094 1074 2233 1130 sicut
2256 1074 2417 1129 unius
2446 1073 2683 1140 Domini,
2711 1073 2785 1128 ita
2815 1082 2868 1127 et
2891 1072 2985 1128 Dei
3008 1080 3154 1128 esset
3176 1071 3354 1126 unius.
3379 1069 3524 1128 Unus
3542 1072 3670 1128 enim

466 1201 527 1238 ac
556 1194 754 1238 natura:
787 1182 1116 1237 abolitionem
1151 1196 1423 1251 passurum
1461 1196 1480 1233 :
1520 1195 1638 1233 cum
1678 1178 1819 1249 apud
1846 1179 1992 1248 Apo-

2099 1174 2324 1237 uterqoe
2349 1174 2472 1232 est,
2516 1180 2623 1220 non
2659 1164 2858 1220 unione
2886 1206 2901 1230 ,
2948 1163 3041 1219 sed
3083 1163 3447 1235 proprietate:
3488 1162 3606 1218 dum
3629 1173 3677 1221 et

468 1276 658 1331 stolum
710 1274 828 1344 ﬁnis
873 1274 1237 1344 perfectionem
1274 1282 1318 1328 et
1360 1271 1779 1327 iudemutabilem
1806 1281 1996 1327 statum

2099 1258 2387 1329 unicuique
2418 1258 2695 1329 proprium
2727 1265 2812 1312 est
2860 1265 2917 1310 ut
2957 1270 3095 1311 unus
3137 1256 3210 1310 sit
3232 1296 3248 1321 ,
3299 1253 3383 1310 vel
3412 1254 3548 1310 Patri
3570 1270 3678 1312 esse

469 1381 634 1437 sonet,
665 1388 768 1426 non
807 1369 1167 1435 abolitionem;
1207 1385 1297 1424 nec
1315 1369 1461 1439 regni
1493 1367 1698 1421 traditio
1722 1365 1862 1420 Filio
1882 1381 1997 1419 ma-
2100 1352 2244 1426 quod
2274 1362 2423 1423 P3187
2451 1361 2535 1409 θδῑ
2560 1393 2576 1419 ν
2604 1351 2691 1407 νει
2716 1349 2854 1442 ΡΠὶο
2882 1364 3006 1406 esse
3035 1347 3179 1421 (ιιιοά
3208 1348 3354 1404 ﬁlius
3377 1358 3493 1415 est;
3538 1357 3590 1403 ει
3617 1349 3681 1418 id,

470 1469 547 1539 gis
571 1466 765 1519 adimat
787 1463 1038 1534 regnandi
1066 1473 1396 1533 potestatem,
1426 1478 1580 1534 quam
1610 1460 1758 1515 Patri
1788 1460 2000 1530 eripitur
2100 1448 2244 1522 Quod
2271 1459 2498 1519 uterque
2528 1448 2581 1502 in
2606 1440 2941 1517 proprietate
2968 1460 3062 1499 sua
3090 1457 3231 1499 unus
3261 1450 3369 1511 est,
3396 1456 3685 1498 sacramen-
3714 1446 3725 1505 Κ
3761 1440 3775 1447 ”

469 1536 760 1626 proprietas
787 1571 964 1610 eorum
993 1570 1110 1626 qua
1139 1553 1281 1607 Filio
1306 1552 1551 1617 tradidit;
1572 1568 1632 1606 ac
1654 1552 1859 1606 demum
1879 1549 2001 1605 sub-
2104 1551 2216 1598 tum
2245 1540 2467 1598 unitatis
2496 1539 2563 1596 ad
2594 1548 2888 1609 utrumque
2914 1547 3026 1593 est:
3053 1536 3176 1608 quia
3200 1545 3257 1593 et
3281 1552 3421 1591 unus
3450 1536 3690 1592 Dominus

457 1649 616 1721 jectio
644 1648 1040 1717 dispensationis
1068 1648 1155 1714 sit,
1181 1663 1282 1700 non
1309 1647 1592 1700 servitutis.
1640 1643 1772 1700 Tum
1801 1644 2002 1718 subjec-

2104 1636 2355 1693 Cltristus
2384 1634 2499 1690 Deo
2528 1634 2669 1705 patri
2693 1647 2801 1688 non
2833 1641 3009 1702 potest
3033 1630 3250 1687 auferre
3277 1628 3420 1699 quod
3452 1629 3691 1686 Dominus

473 1743 626 1797 tionis
664 1742 809 1797 illius
835 1742 1048 1795 modum
1074 1757 1135 1794 ac
1157 1756 1342 1794 causas
1364 1740 1606 1813 exponit,
1651 1754 1865 1809 eamque
1899 1753 2003 1792 non
2032 1722 2084 1784 Β

2078 1730 2084 1776 ι
2111 1738 2215 1794 est.
2243 1737 2299 1785 et
2325 1741 2462 1782 unus
2492 1726 2634 1783 Deus
2666 1735 2818 1796 pater
2848 1723 2940 1779 uni
2969 1724 3196 1780 Domino
3223 1722 3445 1779 Christo
3476 1737 3577 1777 non
3617 1721 3695 1777 in-

470 1833 603 1899 Deo,
632 1833 716 1888 cui
740 1833 870 1887 nihil
894 1833 1051 1899 deest,
1084 1831 1215 1887 nihil
1240 1832 1459 1899 accedit,
1482 1848 1585 1887 non
1609 1829 1749 1886 Filia
1772 1830 2003 1903 unigeni-
2107 1821 2367 1894 lclligitnr
2397 1839 2598 1895 negare
2622 1823 2764 1896 quod
2796 1823 2942 1879 Deus
2969 1833 3051 1878 est
3078 1839 3090 1875 :
3118 1836 3245 1878 cum
3269 1821 3314 1877 si
3344 1835 3440 1892 per
3464 1819 3537 1887 id,
3565 1818 3696 1891 quod

475 1938 548 1993 to,
591 1929 680 1996 qui
703 1943 844 1994 (eque
866 1925 1245 1981 {immutabilis
1267 1936 1359 1991 εει,
1397 1927 1487 1981 sed
1527 1924 1671 1979 nobis
1700 1908 1815 1980 nni;
1843 1925 2003 1996 proﬁ-
2106 1915 2248 1971 Deus
2276 1931 2412 1971 unus
2436 1927 2539 1986 est,
2569 1932 2675 1973 non
2704 1927 2760 1973 et
2786 1916 3001 1972 Christo
3033 1914 3317 1986 proprium
3360 1928 3481 1971 esse
3507 1913 3702 1969 videtur

479 2037 592 2077 cere
631 2021 877 2076 declarat.
938 2019 1062 2075 Non
1088 2029 1162 2076 est
1192 2020 1445 2075 silendum
1470 2020 1607 2092 quod
1635 2020 2001 2091 Hieronymus,
2106 2023 2165 2067 ut
2195 2013 2335 2069 Deus
2373 2013 2481 2079 sit;
2516 2027 2738 2069 necesse
2757 2021 2843 2068 est
2868 2028 2963 2081 per
2993 2010 3043 2066 id
3072 2052 3087 2077 ,
3113 2009 3265 2082 quod
3295 2025 3432 2065 unus
3456 2006 3700 2064 Dominus

474 2114 538 2169 ab
581 2113 817 2169 Amando
872 2113 1160 2185 presbytero
1208 2123 1417 2185 rogatus
1446 2114 1571 2185 quid
1600 2119 1744 2185 apud
1780 2114 2005 2169 Paulum
2107 2102 2354 2160 Christus
2372 2114 2477 2173 est,
2509 2121 2615 2160 non
2647 2113 2702 2160 et
2726 2104 2839 2161 Deo
2862 2101 2945 2175 (ά)
2973 2103 3212 2158 debitum
3240 2117 3367 2159 esse
3392 2101 3704 2172 intelligatur

476 2205 574 2259 sibi
610 2206 729 2260 uelit
755 2204 888 2259 illud
911 2221 930 2258 :
970 2203 1198 2274 Oportet
1223 2205 1366 2261 enim
1398 2220 1522 2261 eum
1562 2220 1789 2276 regnare
1832 2206 2008 2263 donec

2111 2207 2165 2251 ut
2199 2197 2462 2252 Dominus
2487 2197 2591 2264 sit;
2618 2198 2663 2251 si
2694 2196 2745 2251 id
2776 2238 2791 2263 ,
2819 2195 2961 2263 quod
2993 2209 3130 2250 unus
3157 2202 3279 2261 est,
3308 2192 3381 2267 (e)
3413 2208 3517 2250 non
3544 2206 3708 2248 sacra-

481 2304 850 2367 ponatomnes
871 2290 1116 2352 inimicos
1140 2312 1289 2366 suos,
1309 2308 1428 2363 elc.,
1451 2299 1681 2353 rescribit
1704 2301 1852 2370 epist.
1881 2300 2004 2356 H7:

2110 2288 2278 2343 menti
2309 2289 2377 2343 sit
2402 2287 2767 2358 signiﬁcatio,
2822 2286 2915 2343 sed
2969 2286 3185 2341 unionis
3230 2285 3508 2356 exceptio.
3554 2284 3710 2341 Unius

476 2388 641 2445 Miror
672 2398 725 2444 te
748 2388 850 2445 hoc
870 2404 900 2443 a
931 2404 1016 2445 me
1044 2405 1288 2461 quarrere
1314 2389 1547 2446 voluisse
1573 2430 1588 2453 .
1622 2406 1743 2447 cum
1787 2402 2008 2447 sanctus
2111 2381 2292 2453 itaque
2317 2382 2480 2456 375
2513 2381 2746 2447 Domini.
2775 2382 2916 2437 Sicut
2939 2380 3097 2436 ιιηῖυε
3123 2380 3217 2436 Dei
3256 2381 3447 2452 Ρεδῑΐίει
3489 2388 3708 2436 almum

478 2480 712 2537 llilarius
743 2481 1074 2537 Pictavensis
1104 2481 1399 2552 Episcopus
1422 2481 1765 2537 undecimum
1808 2482 2007 2539 librum
2111 2473 2376 2545 baplisilla
2408 2485 2463 2530 ει
2490 2473 2626 2530 ﬁdes
2652 2489 2757 2529 “na
2789 2485 2889 2530 est-

470 2584 664 2629 eontra
692 2572 922 2630 Arianos
951 2574 1051 2630 hac
1078 2576 1375 2649 qumstione
1396 2584 1451 2631 et
1475 2575 1746 2632 solutione
1771 2578 2012 2648 comple-
2182 2566 2237 2620 2-
2291 2566 2446 2621 Fides
2483 2583 2588 2621 una
2635 2582 2737 2621 ηοη
2778 2576 2852 2621 εει
2897 2565 2961 2621 de
2988 2563 3192 2622 Christo
3220 2564 3615 2622 dissidentibus.
3650 2586 3716 2607 ·-·

478 2666 640 2723 verit.
2113 2659 2274 2716 Fides
2302 2670 2478 2715 autem
2506 2674 2612 2714 una
2635 2660 2747 2729 jam
2782 2672 2893 2714 non
2921 2667 3001 2714 est
3028 2699 3047 2726 ,
3090 2658 3136 2713 si
3170 2673 3288 2714 non
3335 2673 3503 2714 unum
3549 2655 3720 2713 Domi-

2116 2771 2242 2810 num
2271 2763 2327 2810 et
2353 2769 2524 2810 unum
2556 2753 2726 2809 Deum
2753 2764 2959 2823 patrem
2984 2752 3036 2807 in
3059 2752 3423 2810 conscientiae
3442 2750 3719 2823 professio—

482 2848 535 2901 Ι.
573 2844 691 2902 Una
718 2856 773 2901 ut
808 2845 1037 2913 Domini,
1069 2847 1142 2899 ita
1163 2855 1211 2902 et
1237 2843 1333 2901 Dei
1361 2846 1514 2901 unius
1543 2856 1619 2902 est
1659 2845 1809 2917 ﬁdes.
1851 2842 2013 2899 Pater
2115 2864 2183 2906 nc
2213 2848 2483 2905 retinebit.
2533 2846 2713 2904 Unum
2746 2863 2877 2903 vero
2908 2847 3198 2902 Dominum
3260 2854 3319 2903 ct
3368 2861 3533 2903 unum
3561 2844 3722 2901 Deum

420 2949 471 2994 et
500 2935 672 2992 Filius
710 2954 844 2993 unus
878 2937 1037 2992 Deus.
1064 2968 1134 2978 -—
1162 2937 1356 2993 Totum
1382 2945 1542 3008 atque
1563 2937 1866 2992 absolutum
1892 2936 2011 2993 ﬁdei
2117 2953 2321 3014 patrem
2355 2942 2624 3015 quomodo
2654 2941 2790 2998 ﬁdes
2828 2956 2949 3013 quae
2979 2955 3087 2995 non
3118 2956 3221 2996 una
3280 2949 3368 2997 est
3406 2936 3722 2995 conﬁtetur?

417 3029 742 3102 evangelicae
770 3038 1166 3085 sacramentum
1217 3028 1506 3084 multifario
1532 3028 1823 3097 Apostolus
1867 3038 2009 3082 trac'
2118 3037 2234 3094 Una
2263 3046 2441 3092 autem
2490 3037 2541 3092 in
2593 3045 2743 3091 tanta
2789 3034 3234 3106 prmdicationum
3285 3034 3603 3091 diversitate
3621 3030 3724 3103 jam

413 3133 535 3179 lﬂIIS
560 3164 575 3188 ν
624 3122 739 3179 “me
765 3138 980 3195 quoque
1028 3123 1168 3179 ἱιιιθι·
1206 3131 1401 3177 εωίθη
1445 3121 1643 3177 ditium
1686 3120 2012 3193 cogniliODiS
2044 3107 2090 3170 Ο
2128 3145 2235 3185 non
2263 3130 2368 3185 erit
2391 3169 2405 3193 ,
2452 3129 2497 3183 si
2523 3128 2666 3183 alius
2694 3126 2978 3182 Dominum
3005 3125 3190 3183 Jesnm
3212 3126 3499 3182 Christum
3528 3165 3544 3189 ,
3575 3136 3726 3194 pene-

412 3225 679 3286 praecepta
709 3215 773 3270 ad
808 3215 1072 3285 Ephesios
1094 3225 1179 3271 est
1206 3215 1416 3269 locutus
1441 3232 1454 3267 :
1488 3213 1634 3269 Sicut
1661 3224 1711 3270 et
1736 3231 1820 3268 vos
1846 3214 2011 3268 vocati
2124 3232 2299 3278 trante
2322 3222 2527 3292 palmas
2548 3222 2722 3285 clavo,
2753 3219 3081 3275 inﬁrmitatis
3103 3228 3316 3275 nostra:
3339 3217 3532 3275 credet
3551 3215 3729 3272 dolore

413 3312 533 3363 estis
554 3309 605 3363 in
632 3325 736 3363 una
761 3325 851 3379 spe
882 3308 1164 3363 uocationis
1192 3318 1386 3362 vestrae.
1436 3306 1582 3362 Unus
1609 3306 1879 3374 Dominus,
1908 3324 2013 3361 una
2120 3315 2388 3386 gemuisse
2412 3355 2427 3379 ,
2499 3323 2552 3369 ct
2600 3323 2846 3384 egentem
2894 3320 3100 3367 natura:
3141 3328 3267 3369 sua:
3345 3309 3729 3383 potestatisque

415 3404 566 3473 fides,
602 3403 681 3476 (Ι)
709 3417 866 3456 unum
891 3401 1163 3473 baptisma.
1188 3418 1320 3455 unus
1346 3399 1483 3456 Deus
1503 3411 1551 3456 et
1582 3412 1728 3472 pater
1757 3401 2010 3469 omnium,
2122 3408 2317 3461 virtute
2341 3446 2355 3469 ,
2388 3404 2715 3461 imminentis
2737 3404 2844 3475 jam
2885 3404 2987 3462 sibi
3017 3404 3209 3460 mortis
3251 3405 3503 3460 timuisse
3528 3402 3605 3476 ('5)
3629 3410 3727 3458 ter-

414 3496 494 3567 (a)
516 3505 562 3550 et
584 3512 674 3568 per
690 3511 863 3551 omnes
884 3506 930 3549 et
953 3494 1006 3548 in
1028 3494 1261 3548 omnibus
1282 3492 1427 3548 nobis
1451 3491 1669 3566 (Ep/tes.
1692 3510 1763 3561 tv,
1784 3493 1840 3560 4,
1862 3493 2007 3567 etc.).
2128 3516 2251 3555 rore
2278 3498 2392 3572 (f):
2434 3499 2479 3554 si
2503 3500 2663 3554 etiam
2687 3498 2762 3565 id,
2792 3498 2935 3568 quod
2962 3497 3267 3568 principale
3295 3507 3405 3564 est,
3431 3506 3611 3552 natum
3643 3509 3735 3549 ne-

415 3590 533 3646 Non
563 3590 705 3645 enim
737 3588 1001 3660 ambiguis
1052 3604 1150 3643 nos
1195 3596 1249 3643 et
1275 3588 1520 3643 erraticis
1552 3587 1842 3644 inde-ﬁnita:
1883 3588 2011 3644 doc-
2127 3590 2275 3661 gabit
2298 3631 2312 3655 ,
2345 3599 2401 3646 et
2432 3601 2671 3646 creatum
2701 3590 2879 3660 potius
2909 3589 3231 3660 prasdicabit
3257 3607 3272 3644 :
3315 3591 3361 3644 si
3392 3589 3565 3645 Deum
3603 3584 3738 3643 dicet

416 3683 573 3739 trime
603 3682 796 3738 studiis
822 3682 1109 3752 dereliquit
1137 3724 1151 3747 ,
1183 3682 1264 3737 vel
1311 3681 1528 3737 incertis
1558 3682 1900 3753 opinionibus
1930 3681 2017 3738 in-
2122 3684 2312 3756 magis,
2343 3699 2504 3769 quam
2534 3684 2792 3755 intelliget
2817 3700 2832 3750 ;
2874 3683 2998 3755 quia
3023 3693 3077 3739 et
3103 3682 3182 3755 (g)
3211 3683 3357 3740 deos
3386 3684 3494 3740 dici
3525 3681 3735 3749 religio.

416 3779 573 3852 genia
601 3778 838 3834 humana
867 3776 943 3850 (b)
977 3776 1264 3848 permisit,
1313 3778 1525 3833 statutis
1553 3793 1651 3849 per
1677 3794 1738 3834 se
1765 3788 1819 3833 et
1842 3791 2014 3849 oppo-
2121 3794 2241 3835 sum
2269 3791 2371 3846 est,
2413 3790 2466 3835 et
2493 3780 2661 3835 Deum
2688 3778 2908 3849 intelligi
2930 3777 3123 3834 divina:
3149 3787 3368 3835 natura:
3396 3775 3728 3835 conscientia

421 3872 549 3927 silis
568 3870 811 3927 obicibus
859 3869 1163 3924 libertatem
1216 3867 1583 3940 intelligentia:
1618 3871 2015 3941 voluptatisque
2122 3883 2226 3930 est.
2263 3872 2381 3930 Jam
2407 3888 2537 3946 ergo
2569 3888 2675 3930 non
2715 3889 2853 3929 unus
2882 3883 2965 3930 est
2993 3873 3260 3929 Dominus
3280 3873 3545 3931 Christus
3574 3871 3652 3943 (ι)
3694 3869 3736 3926 si

419 3965 788 4023 concludens:
820 3972 881 4020 ut
920 3979 1113 4035 sapere
1143 3977 1243 4019 nos
1264 4004 1278 4030 ,
1311 3963 1417 4018 nisi
1458 3963 1523 4019 ad
1559 3963 1611 4019 id
1640 3972 1842 4020 tantum
1873 3965 2017 4036 quod
2121 3964 2201 4040 (lt)
2226 3966 2406 4043 alii‘llt
2430 3968 2573 4024 Deus
2604 3982 2709 4023 non
2740 3966 2907 4032 dolet,
2939 3966 3028 4021 alii
3056 3975 3112 4022 ut
3135 3966 3397 4022 inﬁrmus
3424 3967 3618 4031 timet;
3650 3959 3740 4017 alii

418 4058 770 4130 praedicatum
796 4073 827 4111 a
853 4072 910 4112 se
939 4057 1134 4124 fuerat,
1162 4071 1268 4113 non
1292 4056 1514 4122 sineret,
1546 4070 1667 4112 cum
1702 4071 1797 4128 per
1821 4057 2015 4113 deﬁni-
2121 4063 2190 4117 sit
2214 4076 2282 4117 ex
2318 4069 2527 4127 ttatura,
2562 4061 2649 4116 alii
2679 4075 2744 4116 ex
2770 4060 3091 4131 cognomine
3117 4061 3300 4116 Deus:
3349 4072 3407 4117 et
3438 4060 3531 4116 alii
3556 4074 3620 4115 ex
3645 4071 3737 4128 ge-

419 4160 528 4205 tam
577 4149 697 4205 ﬁdei
753 4148 1153 4204 indentutabilis
1195 4146 1637 4202 constitutionem
1686 4148 1832 4205 credi
1860 4149 2019 4207 aliter
2124 4154 2426 4222 neratione,
2454 4154 2542 4209 alii
2570 4169 2638 4210 ex
2664 4154 3023 4226 appellatione
3053 4153 3123 4209 sit
3153 4153 3321 4209 lilius.
3347 4153 3422 4210 Et
3443 4168 3542 4225 per
3568 4149 3620 4206 id
3648 4162 3735 4204 ne-

420 4251 584 4313 atque
606 4241 765 4296 aliter
787 4257 892 4295 non
917 4240 1119 4296 liceret.
1148 4238 1326 4296 Unum
1349 4239 1530 4310 itaque
1548 4239 1703 4296 nobis
1727 4240 2017 4299 Dominum
2124 4263 2228 4321 que
2253 4249 2397 4305 Dens
2422 4258 2576 4320 pater
2602 4263 2740 4306 unus
2784 4248 2839 4304 in
2873 4246 2978 4304 ﬁde
3003 4255 3124 4316 est,
3165 4248 3213 4304 si
3261 4247 3395 4305 aliis
3425 4252 3694 4319 potestate
3713 4280 3734 4310 ,
3820 4311 3826 4315 ⁴

496 4381 582 4455 (ς)
616 4377 790 4455 linum
811 4375 1136 4455 baptismum.
1192 4454 1198 4455 γ
1251 4445 1264 4455 _
1313 4443 1334 4455 _
1582 4454 1585 4455 ν
1777 4448 1790 4455 _
2197 4384 2276 4455 (5)
2310 4385 2600 4441 Ten-orem.

497 4443 608 4557 (φη
625 4443 947 4519 Baptismum
1007 4446 1094 4501 hic
1151 4454 1206 4502 et
1250 4443 1388 4501 infra
1437 4448 1828 4505 constanterin
1877 4450 2100 4557 libroD
2305 4458 2540 4514 sialiud
2559 4458 2720 4515 Deus,

419 4535 539 4582 11051
548 4537 630 4578 ro.

494 4615 571 4703 ta)
600 4614 951 4703 semovimus
974 4613 1134 4703 ιιίειςν
1165 4613 1437 4703 now
1466 4623 1521 4703 et
1548 4615 1757 4703 lib-xw
1785 4656 1802 4703 ρ
2200 4614 2273 4703 lt).
2301 4617 2651 4703 $50.mss-_At
2674 4618 2827 4703 editi.

423 4686 513 4762 qui
537 4686 610 4744 est
631 4704 785 4765 super
805 4703 999 4755 omnes,
1030 4701 1150 4765 eum
1181 4700 1244 4740 ea
1271 4686 1429 4753 verba
1462 4702 1569 4743 non
1591 4697 1802 4742 exstent
1830 4689 1934 4744 nisi
1966 4690 2020 4745 in
2200 4686 2277 4765 (ῃ)
2312 4691 2440 4765 Bad.
2470 4700 2526 4746 et
2555 4693 2643 4747 Er.
2674 4693 2803 4765 duos
2841 4694 2962 4748 dici.
3017 4693 3153 4749 Tum
3191 4706 3326 4748 cum
3356 4692 3591 4765 reliquis
3605 4686 3748 4765 edit.

426 4757 540 4835 uno
558 4757 870 4835 recentiore
893 4774 995 4835 ms:
1023 4757 1181 4813 Colb.
1300 4827 1312 4835 _
1347 4828 1360 4835 Α
1450 4828 1500 4835 __
1725 4829 1737 4835 _
1769 4831 1791 4835 _
1818 4831 1828 4835 _
2126 4777 2189 4816 ac
2209 4757 2461 4835 pluribus
2478 4778 2621 4835 _mss.
2668 4764 3011 4835 irreligiosum
3041 4774 3136 4821 est.
3190 4765 3423 4822 Exinde
3453 4757 3579 4832 Er,
3603 4763 3752 4835 Lips.

498 4831 794 4912 (b)_1n__ms.
832 4830 950 4912 Vat.
980 4830 1095 4884 bas.
1126 4827 1572 4912 contmisit:._Mox
1600 4829 1740 4901 apud
1768 4831 1919 4902 Lips.
1966 4841 2023 4888 et
2127 4842 2183 4888 et
2209 4827 2355 4898 Pan,
2387 4844 2435 4888 et
2464 4833 2631 4889 Deum
2651 4827 3025 4912 nouititelligi;
3068 4851 3189 4892 cum
3231 4836 3390 4912 absit
3422 4854 3534 4892 non
3562 4827 3594 4890 ἐι
3622 4827 3751 4890 Bad.

425 4899 635 4977 in
661 4904 962 4977 libertatem,
992 4915 1273 4977 perperam
1302 4899 1647 4977 addito_in._'
1710 4974 1719 4977 Α
1807 4899 1849 4977 _—
1942 4975 1951 4977 _
2126 4912 2183 4960 et
2212 4920 2313 4977 ms.
2350 4912 2521 4961 Antea
2549 4922 2771 4977 unoque
2800 4899 3138 4975 prmti'tlimus
3163 4907 3497 4976 religiosum
3524 4914 3602 4962 est
3628 4916 3755 4977 aut}:

499 4973 573 5047 (e)
602 4975 691 5030 Sic
720 4989 855 5050 mss.
878 4972 1176 5050 elegantius
1215 4986 1372 5042 quam
1421 4973 1655 5044 vulgati,
1704 4974 1758 5027 in
1797 4971 2022 5030 Domino
2129 4976 2345 5050 toritate
2368 4971 2712 5050 mss.7Colb.‘,
2742 4971 2905 5033 eam.
2937 4988 2991 5033 et
3014 4978 3198 5050 Germ.
3231 4971 3360 5035 Hoc
3410 4980 3619 5050 quippe
3659 4974 3761 5031 sibi

426 5044 585 5120 unum
612 5044 1106 5120 €8881_cl_hffpliﬂ"a-
1203 5113 1214 5120 _
1422 5113 1462 5120 __
1574 5114 1587 5120 _
1747 5116 1756 5120 _
2131 5050 2276 5120 rttlt:
2313 5049 2377 5120 *εἰ
2407 5048 2678 5120 Christum
2710 5050 2927 5105 nomine
2954 5061 3109 5105 tenus
3135 5048 3291 5104 dicet
3323 5044 3563 5120 potius,
3595 5059 3759 5119 quam

503 5115 583 5191 (dt
604 5114 944 5191 ApudBadu
985 5113 1073 5191 Er.
1117 5122 1172 5191 et
1202 5113 1253 5167 in
1287 5128 1391 5168 ms.
1422 5113 1542 5169 Vat.
1574 5114 1688 5191 bas.
1722 5116 1978 5191 demptum
2006 5134 2019 5172 :
2132 5118 2186 5172 in
2214 5117 2438 5191 veritate
2465 5119 2728 5191 intelliget
2757 5122 2960 5189 Deum;
3011 5122 3085 5177 nit
3132 5113 3405 5191 magnum
3451 5120 3510 5178 ei
3537 5113 3763 5191 prescr-

356 5250 357 5253 η
425 5184 571 5259 quod
638 5184 854 5256 przeﬁxa
900 5184 1196 5259 particula
1250 5194 1479 5259 negante
1534 5187 1741 5259 admitti
1813 5184 2018 5259 nequit.
2133 5191 2248 5255 bit,
2294 5193 2367 5244 uti
2397 5184 2702 5247 declaratur
2751 5192 2843 5247 lib.
2887 5184 3073 5247 contra
3106 5184 3361 5248 Aux'ent.
3397 5210 3459 5249 η.
3507 5184 3604 5258 Π),
3633 5189 3760 5259 quia

426 5258 679 5314 Proxime
723 5267 849 5313 ante
897 5256 951 5311 in
999 5255 1228 5327 vulgatis
1256 5295 1272 5325 ,
1326 5256 1434 5311 Deo
1484 5258 1637 5327 patri.
1668 5258 1836 5315 Abest
1882 5255 2021 5330 patri
2133 5260 2268 5332 ﬁdes
2291 5275 2353 5314 ac
2381 5261 2572 5332 religio
2600 5263 2802 5332 patitur
2827 5262 3010 5332 plures
3038 5263 3142 5319 dici
3172 5263 3359 5331 deos;
3396 5273 3460 5319 ttt
3479 5255 3635 5320 enim
3653 5255 3765 5332 Da-

424 5343 672 5408 arnes.“
1073 5398 1104 5408 ’Δ
1193 5397 1206 5408 ⁸
1286 5397 1336 5408 η
1435 5397 1447 5408 _
1691 5401 1704 5408 _
1826 5401 1839 5408 _
2133 5330 2267 5408 ma_si
2312 5330 2539 5408 epistula
2590 5330 2731 5401 apud
2781 5330 3113 5408 Theodorei.
3162 5335 3259 5408 lib.
3324 5353 3357 5408 ι’
3413 5336 3563 5393 Hist.
3599 5330 3762 5408 eccl.,

502 5400 573 5477 le)
618 5400 673 5477 ld
719 5410 835 5477 est,
882 5413 988 5453 non
1042 5398 1112 5477 sit
1162 5397 1486 5477 signiﬁcatio
1524 5401 1871 5477 proprietatis
1900 5416 2023 5472 qua:
2132 5417 2181 5456 c.
2214 5404 2314 5477 tt,
2351 5397 2581 5477 habet,
2610 5397 2795 5459 nomen
2835 5406 3047 5461 deorum
3092 5416 3137 5460 et
3162 5404 3393 5477 Angelis
3441 5418 3495 5462 et
3521 5397 3765 5477 omnibus

430 5469 561 5549 nulli
591 5472 765 5549 _alteri
817 5469 1200 5549 communicari
1248 5469 1451 5549 ppssit.
1510 5469 1605 5527 sed
1630 5469 1852 5549 ttnionis
1901 5469 2023 5544 (ius:
2132 5474 2319 5549 sanctis
2340 5491 2383 5549 καλ
2408 5472 2516 5549 Deo
2546 5469 2797 5549 donatum
2816 5486 2909 5532 est.
2959 5477 3064 5534 Sed
3097 5469 3448 5534 conscientia
3481 5475 3764 5549 atquein-

428 5542 852 5619 singularitatem
881 5539 1299 5619 indttcat.-Quod
1329 5551 1506 5619 autem
1531 5544 1837 5619 sacramenti
1856 5539 2023 5619 voca:
2132 5547 2233 5599 sita
2263 5547 2421 5619 nobis
2445 5544 2644 5602 divinae
2671 5558 2878 5605 natura:
2903 5550 3091 5604 notitia
3130 5561 3238 5619 non
3289 5550 3438 5605 sinit
3464 5592 3483 5619 ,
3533 5539 3598 5605 u't
3624 5548 3768 5604 Deus

427 5611 557 5690 buln
588 5628 931 5690 personarum
959 5611 1257 5690 proprietas
1304 5612 1677 5690 signiﬁcetur,
1723 5614 1891 5685 liquet
1935 5615 2023 5671 vel
2133 5617 2693 5690 essentiaetreritate
2723 5620 3049 5690 intelligatur
3075 5617 3179 5676 nisi
3208 5633 3388 5675 unus.

429 5699 497 5739 ex
526 5680 630 5767 hoc
655 5684 759 5767 lib.
779 5699 864 5749 ιι,
891 5680 1075 5767 aliti
1101 5680 1377 5741 Auctorem
1402 5680 1681 5742 nativitatis
1704 5680 1814 5742 esse
1842 5703 2027 5743 sacra-
2178 5766 2182 5767 ν
2206 5683 2287 5759 (Ιι)
2314 5687 2489 5754 Editi,
2508 5690 2565 5767 _si
2601 5691 2745 5745 aliud
2772 5680 2923 5747 Dea;
2936 5708 3041 5747 non
3068 5690 3243 5757 dolet,
3277 5690 3441 5748 aliud
3486 5690 3737 5767 infirmus
3754 5725 3773 5764 ,

429 5763 940 5828 mentumpaternum
966 5761 1057 5809 est.
2136 5766 2241 5816 etc.
2274 5775 2287 5813 :
2327 5760 2688 5819 emendantur
2716 5777 2786 5820 ex
2812 5777 2946 5821 mss.

460 5944 504 5952 ο.
