4094 6180
390 282 482 342 401

1579 285 1668 342 DE
1707 284 2078 342 TRINITATE
2114 285 2319 342 LIBER
2357 285 2449 342 XI.

3579 288 3685 344 402

391 404 501 461 aliis
522 403 870 475 generatione
905 413 1056 474 pater
1085 403 1326 459 creditur
1354 446 1367 470 ,
1399 403 1523 476 quia
1557 402 1634 473 (a)
1669 411 1724 460 et
1763 405 1981 460 univer-
2007 410 2058 471 Α
2085 405 2153 460 sit
2183 405 2233 459 in
2265 405 2620 476 generatione
2662 405 2802 475 quod
2855 415 3006 476 pater
3054 417 3157 463 est.
3211 405 3516 462 Laudantes
3563 409 3681 478 qui-

392 513 570 556 sorum
599 505 752 569 pater
792 499 936 554 Deus
967 498 1056 553 sit.
1086 498 1204 554 Jam
1234 513 1395 570 porro
1419 499 1541 569 quis
1569 499 1804 569 ambiget
1833 508 1985 553 extra

394 591 549 646 ﬁdem
578 605 701 647 esse
732 633 746 656 ,
775 591 1037 661 quidquid
1064 597 1220 646 extra
1254 591 1414 646 tidem
1443 605 1601 644 unam
1633 590 1750 645 est?
1779 590 1900 660 quia
1933 590 1984 645 in

393 683 493 738 ﬁde
520 698 625 739 una
657 693 712 739 et
759 699 897 738 unus
940 683 1198 737 Dominus
1243 683 1488 738 Christus
1512 725 1526 747 ,
1577 693 1630 737 et
1664 685 1804 740 Deus
1836 692 1988 754 pater

396 792 529 832 unus
555 777 646 831 sit.
681 775 830 833 Unus
855 787 1032 832 autem
1063 776 1325 832 Dominus
1345 775 1592 832 Christus
1615 794 1719 832 non
1745 779 1983 843 nomine,

391 869 479 924 sed
515 868 642 935 lide,
674 868 752 942 (ι)
773 869 851 940 (b)
881 885 1016 924 unus
1047 877 1128 924 est
1157 869 1329 923 lilius:
1363 871 1457 923 sed
1485 871 1528 923 si
1558 871 1698 925 Deus
1719 872 1810 935 sit,
1840 870 1885 924 si
1918 874 1992 924 iu-

393 961 734 1016 detnutabilis
761 961 829 1015 sit
859 1003 874 1026 ,
923 961 969 1017 si
1015 975 1120 1015 non
1163 961 1450 1032 aliquando
1476 961 1707 1017 defuerit
1733 963 1817 1017 vel
1849 962 1990 1018 Deus

395 1071 514 1112 esse
547 1056 630 1110 vel
662 1055 822 1111 ﬁlius.
869 1055 970 1122 Qui
1021 1055 1181 1126 igitur
1225 1056 1381 1110 aliter
1410 1055 1685 1110 Christum
1714 1072 1874 1126 quam
1907 1067 1986 1111 est

391 1146 742 1218 praedicabit,
791 1146 862 1218 (c)
914 1148 966 1202 id
1010 1156 1095 1202 est
1118 1188 1132 1212 ,
1182 1162 1279 1202 nec
1314 1148 1480 1202 lilium
1511 1164 1608 1204 nec
1635 1149 1801 1203 Deum
1833 1163 1985 1214 esse;

393 1239 558 1294 alium
605 1240 878 1296 Christum
929 1239 1264 1311 praedicabit.
1318 1241 1423 1296 Sed
1477 1241 1555 1311 (ά)
1598 1256 1698 1296 nec
1735 1241 1787 1294 in
1834 1242 1990 1297 unius

391 1333 645 1404 baptismi
677 1333 782 1390 ﬁde
810 1349 913 1388 una
963 1345 1075 1388 est:
1123 1333 1247 1404 quia
1297 1333 1592 1389 secundum
1622 1331 1990 1403 Apostolicam

394 1427 700 1482 doctrinam
746 1427 865 1498 ejus
905 1427 1067 1482 unius
1091 1425 1345 1496 baptismi
1374 1426 1508 1482 fides
1536 1443 1640 1482 una
1667 1437 1750 1482 est
1774 1469 1790 1492 ,
1838 1427 1991 1498 cujus

394 1532 536 1573 unus
572 1517 834 1574 Dominus
861 1529 916 1573 et
944 1518 1040 1573 Dei
1065 1518 1138 1572 sit
1167 1518 1308 1573 ﬁlius
1337 1519 1619 1586 Christus,
1645 1531 1700 1575 et
1727 1523 1866 1577 Deus
1894 1523 1982 1577 sit.

450 1615 615 1687 376
630 1618 682 1671 3.
704 1614 936 1670 Christus
951 1617 1126 1686 negari
1132 1619 1246 1688 jant
1269 1617 1470 1686 nequit:
1485 1633 1594 1670 cur.
1622 1615 1992 1670 Prwdicandus

388 1718 469 1762 est
488 1708 658 1776 qualis
683 1709 786 1778 ﬁde
805 1709 1053 1763 creditur.
1081 1738 1154 1749 —
1181 1707 1302 1763 Non
1325 1709 1470 1764 etaim
1499 1711 1680 1779 negari
1700 1709 1808 1778 jam
1836 1709 1994 1765 Chri-

2088 498 2214 554 dem
2242 500 2438 554 merito
2470 500 2540 554 ita
2571 541 2586 565 ,
2617 509 2671 554 ut
2697 499 2918 570 dignum
2950 509 3054 565 est,
3105 500 3276 556 Deum
3305 508 3514 570 patrem
3543 542 3558 566 ,
3589 517 3682 552 na-

2088 600 2222 648 turze
2269 592 2472 648 scilicet
2519 609 2638 646 eum
2680 609 2802 648 esse
2830 593 3121 649 inaccessae
3151 634 3166 660 ,
3220 593 3680 663 iuconspicabilis,

2089 685 2437 751 inviolabilis,
2469 684 2869 748 inenarrabilis.
2902 685 3145 750 inﬁnitio,
3179 685 3421 754 provida:
3449 727 3462 748 ,
3494 695 3685 756 poten-

2090 777 2181 841 tis,
2213 777 2473 848 benignae,
2501 777 2734 844 mobilis,
2767 779 3207 843 transcurrentis,
3241 779 3512 834 manentis
3535 780 3675 832 intra

2089 881 2382 942 extraque,
2413 882 2468 927 et
2488 874 2666 927 omnia
2696 872 2749 926 in
2781 873 3031 927 omnibus
3060 874 3339 928 sentientis
3367 891 3380 926 :
3431 873 3523 926 sed
3557 887 3678 926 eum

2091 963 2349 1033 adjiciunt
2379 964 2444 1018 ad
2475 966 2988 1034 supereminentiam
3020 967 3214 1032 laudis,
3257 953 3430 1022 solum
3461 966 3682 1031 bonum,

2090 1057 2262 1112 solum
2302 1067 2598 1127 potentem,
2631 1057 2807 1112 solum
2840 1059 3224 1125 immortalem,
3259 1060 3380 1130 quis
3411 1074 3517 1114 non
3547 1058 3688 1113 hanc

2093 1152 2408 1220 religionem
2438 1151 2760 1205 laudationis
2802 1152 3070 1221 intelligat
3101 1167 3168 1207 eo
3203 1152 3424 1207 tendere
3449 1194 3464 1218 ,
3497 1162 3551 1206 ut
3583 1151 3690 1205 Do-

2093 1244 2272 1298 minus
2298 1245 2456 1299 Jcsus
2499 1244 2746 1299 Christus
2794 1255 2943 1300 extra
2978 1246 3115 1300 hanc
3161 1244 3228 1316 (f)
3265 1243 3690 1311 beatitudinem,

2095 1350 2213 1406 quze
2243 1336 2343 1390 soli
2374 1336 2484 1390 Deo
2517 1353 2613 1406 per
2642 1337 3012 1406 exceptionem
3040 1337 3209 1391 solius
3237 1335 3475 1391 defertur
3499 1337 3565 1390 ad
3597 1337 3691 1390 ho-

2095 1443 2305 1491 norem,
2341 1443 2563 1483 manens
2594 1428 2708 1498 ipse
2739 1439 2792 1484 et
2822 1428 3064 1482 mortalis
3091 1436 3144 1482 et
3172 1429 3414 1483 inlirmus
3443 1437 3498 1483 et
3523 1428 3694 1482 malus

2095 1522 2186 1586 sit,
2218 1522 2340 1575 dum
2371 1523 2420 1575 in
2468 1523 2550 1576 his
2576 1522 2733 1578 Pater
2758 1522 2908 1577 solus
2937 1522 3060 1577 est?
3119 1522 3186 1576 Et
3215 1523 3262 1576 ci
3296 1521 3497 1576 idcirco
3541 1533 3696 1576 natu-

2098 1616 2225 1669 ralis
2249 1616 2409 1688 377
2444 1632 2510 1672 ex
2542 1617 2652 1671 Deo
2685 1626 2832 1687 patre
2859 1617 3112 1672 nativitas
3132 1617 3431 1688 abnegatur
3463 1659 3475 1682 ,
3506 1634 3573 1672 ne
3603 1633 3696 1684 per

2095 1711 2496 1777 generationem
2527 1708 2606 1781 (g)
2637 1724 2698 1763 ea
2745 1710 2796 1764 in
2844 1726 2909 1764 eo
2959 1725 3076 1779 qtae
3130 1710 3390 1764 naturalis
3416 1711 3528 1764 Deo
3559 1710 3692 1779 patri

388 1813 510 1854 stus
537 1801 665 1870 quin
696 1799 945 1855 Christus
971 1801 1039 1855 sit
1070 1809 1285 1870 potest,
1335 1817 1510 1870 neque
1539 1802 1739 1857 mundo
1770 1805 1983 1872 ignora-
2018 1797 2066 1856 Β
2093 1800 2369 1856 beatitudo
2396 1810 2478 1856 est
2502 1811 2716 1856 maneat
2751 1818 2766 1866 ;
2805 1803 2928 1872 quia
2977 1801 3227 1856 nativit’as
3256 1802 3308 1857 in
3340 1809 3547 1857 natura:
3573 1801 3693 1871 ejus

388 1892 518 1948 bilis
565 1891 732 1948 efﬁci.
789 1893 938 1948 llunc
987 1894 1285 1964 prophetia:
1330 1893 1596 1949 volumina
1625 1896 1988 1966 consignant,

389 1985 539 2040 hunc
585 1994 887 2056 temporum
939 1987 1022 2056 (2)
1077 1986 1317 2056 quotidie
1371 1987 1660 2057 proﬁciens
1714 1989 1994 2058 plenitudo

390 2087 628 2134 testatur
649 2121 664 2145 ,
715 2078 857 2134 hunc
886 2079 1264 2150 Apostolorum
1293 2090 1344 2135 et
1375 2079 1666 2152 Martyrum
1693 2096 1791 2153 per
1824 2083 1997 2138 virtu-

391 2185 515 2232 tum
545 2179 891 2249 Operationes
917 2179 1208 2248 loquuntur
1235 2177 1480 2248 sepulcra
1505 2220 1520 2245 ,
1575 2179 1716 2233 hunc
1760 2189 1996 2249 potestas

390 2269 635 2326 nominis
665 2272 749 2325 sui
791 2271 981 2340 probat
1007 2313 1020 2334 .
1058 2271 1199 2324 hunc
1228 2270 1487 2324 immundi
1516 2271 1736 2342 spiritus
1767 2271 1837 2344 (ιν)
1867 2287 1999 2328 con-

399 2367 628 2420 litentur
650 2405 665 2430 ,
699 2363 840 2419 hunc
871 2367 1178 2434 punitorum
1206 2365 1511 2420 daemonum
1545 2376 1800 2420 resonant
1830 2369 2000 2439 mugi-

391 2466 505 2513 tus.
540 2456 648 2512 Sed
678 2458 731 2513 in
758 2457 840 2514 bis
865 2461 1115 2514 omnibus
1147 2459 1360 2514 virtutis
1384 2473 1495 2511 suze
1521 2459 1857 2529 dispensatio
1887 2471 1992 2538 est.

389 2555 670 2610 Caeterum
701 2554 806 2610 ﬁde
835 2565 1016 2609 nostra
1050 2555 1172 2610 talis
1199 2598 1213 2622 ,
1255 2556 1426 2624 qualis
1455 2567 1539 2612 est
1569 2598 1582 2621 ,
1619 2558 1998 2628 prtedicandus

394 2656 517 2713 est;
552 2656 611 2702 ut
640 2664 745 2702 non
779 2648 1020 2716 nomine,
1053 2647 1147 2703 sed
1174 2648 1554 2716 confessione,
1590 2651 1642 2705 in
1674 2653 1840 2706 unius
1869 2653 2002 2723 bap-

397 2740 547 2796 tismi
579 2739 684 2795 lide
714 2755 836 2805 una,
868 2755 1006 2796 unus
1036 2742 1190 2795 nobis
1222 2741 1482 2798 Dominus
1509 2744 1613 2799 sit:
1649 2744 1772 2814 quia
1805 2761 2001 2800 secun-

395 2833 530 2888 dum
577 2848 746 2888 unum
793 2833 1077 2889 Dominum
1123 2831 1396 2889 Christum
1425 2877 1440 2901 ,
1494 2851 1631 2891 unus
1676 2837 1821 2892 Deus
1851 2847 2002 2908 pater

394 2937 504 2983 εει.

476 3022 527 3077 4.
562 3023 744 3077 Ariani
770 3024 930 3078 alium
952 3021 1206 3078 Christum
1231 3067 1244 3091 ,
1289 3034 1344 3076 ut
1371 3023 1531 3077 alium
1574 3021 1782 3077 Patrem
1815 3024 2003 3093 prwdi—

396 3128 542 3174 cant.
575 3116 786 3172 Patrem
805 3118 1018 3173 subdole
1043 3117 1295 3172 extollunt
1325 3159 1340 3185 ,
1384 3134 1484 3188 quo
1514 3115 1710 3172 Filium
1736 3118 1998 3191 dejiciant.

2097 1894 2167 1948 sit
2191 1895 2405 1962 virtute,
2442 1895 2520 1966 (Ιι)
2553 1910 2672 1965 qua:
2699 1897 2900 1964 genuit.

2169 1988 2202 2041 5
2247 1987 2386 2043 Filio
2420 1999 2472 2042 ut
2504 1990 2719 2060 imagini
2741 1990 3045 2044 conveniunt
3074 1991 3246 2044 omnia
3275 2004 3387 2060 qua:
3427 1987 3596 2042 Patri.
3626 2017 3698 2030 -—

2099 2082 2208 2138 Nec
2235 2083 2566 2153 apostolicis,
2599 2099 2696 2138 nec
2727 2082 3052 2153 evangelicis
3076 2081 3545 2152 praedicationibus
3565 2097 3694 2138 eru-

2100 2176 2219 2242 diti,
2252 2175 2317 2230 ad
2341 2175 2520 2245 impia:
2552 2175 2901 2245 profeSsionis
2925 2192 3036 2231 sua:
3061 2175 3463 2246 usurpationem
3493 2177 3698 2248 magni-

2105 2271 2372 2326 licentiam
2422 2272 2518 2328 Dei
2563 2273 2747 2340 patris,
2797 2286 2901 2326 non
2950 2271 3222 2340 religionis
3263 2269 3398 2338 fide,
3444 2271 3538 2325 sed
3585 2278 3702 2326 arte

2105 2367 2392 2435 impietatis
2421 2366 2719 2421 extollunt:
2764 2375 2820 2420 ut
2865 2365 2991 2420 dum
3035 2365 3477 2436 incomparabilia
3521 2366 3700 2420 omnia

2104 2477 2226 2517 esse
2269 2471 2476 2518 natura:
2515 2460 2632 2534 ejus
2673 2463 3000 2528 edisserunt,
3042 2461 3327 2530 degeneris
3371 2459 3702 2528 inﬁrmisque

2109 2567 2313 2612 natura:
2341 2557 2676 2628 unigenitum
2710 2558 2875 2613 Deum
2902 2573 2995 2626 per
3023 2557 3396 2626 exceptionem
3423 2569 3704 2624 compara-

2104 2653 2263 2709 tionis
2285 2653 2585 2708 afftrment:
2627 2651 2794 2706 Deum
2821 2650 3044 2723 (supple,
3077 2649 3318 2720 inquam)
3353 2649 3581 2703 viventis
3609 2645 3707 2701 Dei

2106 2748 2278 2802 vivam
2312 2746 2631 2817 imaginem,
2665 2752 2720 2799 et
2760 2745 2930 2798 beatae
2961 2752 3166 2798 naturae
3197 2742 3563 2812 plenissimam
3596 2739 3705 2797 for-

2108 2853 2271 2903 mam,
2303 2848 2353 2892 ct
2391 2835 2724 2892 innascibilis
2752 2834 3067 2890 substantia:
3097 2833 3422 2904 unigenitum
3452 2832 3703 2886 nativita-

2109 2940 2215 2986 tem
2250 2946 2406 3001 :qu;e
2429 2929 2529 2984 nisi
2550 2928 2839 3000 perfectam
2874 2934 3110 2997 paternae
3132 2925 3482 2982 beatitudinis
3515 2923 3576 2997 (i)
3605 2923 3702 2978 ha-

2110 3023 2199 3079 bet
2245 3023 2508 3094 gloriam,
2579 3032 2631 3079 et
2682 3021 2982 3078 absolutam
3032 3029 3238 3076 naturae
3309 3021 3472 3075 totius
3541 3021 3707 3075 refert

2107 3117 2364 3188 speciem,
2399 3131 2504 3172 non
2532 3125 2616 3172 est
2651 3116 2704 3170 in
2749 3115 2996 3185 imaginis
3033 3113 3281 3169 veritate.
3323 3112 3382 3169 Si
3413 3122 3592 3167 autem
3624 3111 3704 3166 iu-

407 3239 484 3251 —
514 3209 622 3264 Sed
667 3224 808 3265 nunc
853 3209 905 3263 hi
955 3209 1078 3264 novi
1105 3207 1302 3264 Christi
1344 3209 1728 3278 praedicatores
1753 3249 1769 3275 ,
1817 3219 2008 3266 cuncta
2037 3207 2082 3268 C
2122 3212 2395 3268 nascibilis
2426 3212 2520 3266 Dei
2550 3210 2853 3280 unigenitus
2899 3209 3040 3264 Deus
3071 3209 3248 3278 imago
3283 3215 3402 3273 est,
3450 3204 3706 3276 perfecta:

401 3303 654 3375 negando
703 3320 822 3375 qua:
871 3302 1071 3360 Christi
1108 3311 1270 3369 sunt,
1325 3304 1488 3358 alium
1533 3305 1819 3359 Dominum
1847 3305 2005 3360 Chri-

405 3408 552 3452 stum
601 3398 758 3452 sicuti
806 3397 969 3451 alium
1019 3396 1184 3450 Demn
1239 3405 1442 3466 patrem
1495 3396 1791 3466 praedicant
1834 3397 2001 3468 :quia

401 3507 582 3560 neque
611 3491 697 3546 hic
721 3491 989 3562 genuerit,
1021 3491 1114 3546 sed
1146 3491 1450 3556 creaverit;
1507 3506 1680 3562 neque
1725 3492 1816 3546 ille
1846 3502 2004 3548 natus

399 3588 515 3653 sit,
555 3584 649 3640 sed
679 3593 894 3640 creatus
920 3584 990 3640 sit
1020 3625 1033 3649 ,
1088 3591 1144 3638 et
1171 3599 1269 3655 per
1294 3581 1343 3638 id
1373 3594 1524 3638 extra
1547 3585 1830 3639 veritatem
1860 3584 2004 3639 Deus

399 3681 658 3737 Christus
688 3680 779 3746 sit,
807 3679 893 3734 cui
923 3694 1029 3734 non
1060 3678 1129 3732 sit
1156 3693 1218 3732 ex
1247 3677 1529 3733 nativitate
1553 3678 1695 3748 quod
1724 3678 1867 3732 Deus
1890 3687 2000 3742 est;

405 3784 461 3832 et
489 3785 646 3832 extra
678 3771 800 3828 ﬁdei
828 3768 1216 3827 conscientiam
1248 3770 1392 3825 Deus
1422 3779 1574 3838 pater
1621 3769 1689 3824 sit
1717 3812 1732 3838 ,
1782 3769 1870 3824 cui
1897 3783 2003 3824 non

475 3913 559 3989 (Ι)
594 3912 742 3969 Unus
769 3919 861 3979 est,
884 3912 928 3967 si
967 3908 1107 3980 ﬁlius
1127 3909 1214 3974 sit,
1245 3909 1288 3963 si
1322 3906 1461 3962 Deus
1487 3907 1571 3962 sit.

478 4033 565 4102 (α)
595 4031 721 4085 Haec
745 4027 888 4102 ratio
909 4043 1016 4082 non
1057 4024 1122 4080 ad
1157 4024 1503 4102 proximum,
1537 4021 1630 4102 scil
1660 4020 1725 4075 ad
1759 4021 2009 4102 superius

403 4093 714 4161 membrum
757 4100 990 4168 pertinet
1015 4115 1028 4151 :
1063 4105 1119 4151 ut
1146 4111 1269 4149 cum
1294 4093 1556 4168 Catholici
1586 4093 1756 4168 Deum
1783 4093 2010 4147 credant

404 4192 532 4233 esse
565 4163 770 4244 patrem
798 4168 1294 4244 obgencrationom
1345 4163 1458 4230 ﬁlii,
1512 4165 1693 4244 Ariani
1741 4163 1840 4217 hoc
1887 4180 2010 4218 cum

405 4237 632 4303 nomine
678 4237 998 4298 donent—ob
1043 4247 1360 4310 potestatem
1413 4251 1512 4306 qua
1568 4237 1819 4290 universa
1881 4251 2012 4290 cou-

405 4321 568 4375 didit.

484 4389 664 4463 (b)_lta
697 4387 804 4440 duo
830 4384 1018 4463 optimi
1051 4396 1182 4463 mss.
1210 4379 1516 4463 Coll-Lneunt
1547 4378 1758 4463 Germ.‘
1781 4387 1850 4460 ct_
1879 4378 2012 4463 Sor-

410 4450 555 4520 bon;
575 4461 630 4516 In
660 4450 881 4513 exteris
912 4465 1089 4510 autent
1120 4461 1173 4506 rt
1199 4450 1343 4523 apud
1373 4451 1503 4505 Bad.
1534 4466 1664 4523 unus
1687 4458 1784 4512 est,
1807 4451 1851 4503 si
1873 4450 2012 4519 ﬁlius

411 4538 478 4589 sit
504 4577 520 4598 ,
553 4535 596 4586 si
643 4529 780 4584 Deus
810 4533 872 4581 sit
897 4572 912 4595 ,
944 4537 1048 4598 etc:
1084 4529 1150 4580 At
1179 4521 1296 4588 Εὖ..
1325 4522 1469 4590 Lips.
1492 4532 1558 4598 _e_t
1588 4521 1710 4598 Par.
1745 4529 1972 4598 unus_est
1993 4561 2010 4588 ,

416 4590 638 4673 tuncque
667 4590 916 4656 Dominus
938 4609 983 4652 et
1013 4597 1152 4652 Deus
1181 4610 1378 4664 semper
1399 4604 1446 4648 et
1473 4593 1612 4664 ﬁlius
1653 4592 1754 4660 sit,
1797 4593 1840 4645 si
1873 4590 2014 4647 Deus

413 4689 501 4738 διε.
527 4690 632 4732 CIC.

488 4737 561 4821 (ε)
592 4747 732 4821 Editi
765 4753 989 4821 excepto
1018 4741 1145 4796 Bad.
1178 4740 1313 4821 idem
1336 4780 1348 4798 .
1375 4751 1478 4821 pro
1517 4737 1702 4821 idnest:
1737 4749 2010 4821 perverse.

488 4806 570 4892 (α’)
603 4820 656 4873 lu
688 4806 926 4892 vulgatis
945 4858 960 4878 ,
993 4831 1084 4892 nec
1110 4813 1258 4892 unius
1291 4806 1527 4892 baptismi
1549 4808 1678 4877 ﬁdes
1703 4823 1827 4892 una.
1879 4806 2015 4892 [iec-

418 4878 524 4947 tius
555 4878 607 4946 in
637 4878 890 4945 mss.vuec
909 4889 962 4940 in
990 4886 1139 4939 unius
1169 4878 1406 4951 baptismi
1429 4880 1532 4948 ﬁde
1556 4895 1659 4933 una
1683 4887 1774 4941 est,
1801 4878 2012 4948 supple,

417 4967 506 5036 qui
536 4963 811 5036 Christum
836 4959 992 5036 aliter
1018 4955 1351 5036 prmdicabit.

487 5033 562 5107 (e7)
590 5034 837 5107 Sicgms‘s.
877 5033 944 5084 At
972 5021 1484 5107 editiuproﬁtentur.
1529 5021 1660 5090 Quae
1689 5037 1874 5107 coram
1905 5022 2012 5104 Re-

419 5092 603 5176 liq‘ui'is
631 5106 730 5161 SS.
764 5101 1006 5176 Cervasii
1050 5109 1105 5176 et
1137 5092 1363 5176 Protasii
1391 5095 1698 5176 daemonum
1743 5092 2015 5176 confessio

421 5163 583 5234 fuerit
607 5219 622 5241 ,
671 5174 990 5230 testificatur
1037 5169 1354 5241 Ambrosius
1380 5167 1536 5235 epist.
1567 5180 1708 5241 nunc
1737 5178 1870 5241 xin,
1923 5163 2011 5218 ubi

420 5267 541 5306 cum
585 5237 811 5302 dixisset
859 5260 1008 5298 num.
1058 5242 1156 5296 16:
1207 5238 1276 5292 Et
1319 5255 1452 5292 nunc
1481 5237 1698 5291 audistis
1737 5238 2015 5290 clamantes

421 5325 674 5376 daemones
694 5363 708 5386 ,
762 5326 808 5373 et
839 5316 1133 5388 confitentes
1165 5311 1476 5388 Martyribu‘s
1513 5309 1649 5388 quod
1677 5310 2015 5388 poenasferre

421 5411 522 5448 non
541 5378 735 5464 possint
755 5406 774 5464 _;
809 5378 991 5458 adjicit
1025 5400 1170 5464 num.
1200 5383 1266 5436 ‘2!
1287 5378 1319 5464 ’ξ
1342 5378 1640 5462 Audiuimus
1669 5378 1820 5432 hodie
1841 5378 2014 5430 dicen-

423 5477 493 5521 tes
519 5451 625 5527 eos,
657 5451 840 5534 quibus
870 5451 1049 5534 manus
1074 5455 1448 5534 imponebgtur,
1467 5451 1720 5534 nemiuem
1742 5468 1889 5519 posse
1907 5466 2015 5504 esse

425 5523 641 5599 saluum,
669 5523 773 5589 nisi
798 5535 882 5604 qui
913 5533 963 5585 in
987 5523 1252 5604 putrgmet
1276 5526 1474 5604 Filium
1497 5535 1544 5579 et
1561 5523 1831 5604 §piritum
1861 5538 2010 5576 sanc-

428 5621 530 5664 tum
553 5595 850 5664 credidisset
878 5647 892 5668 ,
923 5595 1029 5658 etc.
1089 5600 1225 5654 Dicit
1251 5598 1484 5652 diabolus
1510 5614 1522 5650 :
1553 5595 1642 5668 Sic
1673 5604 1964 5668 torqueatur
1991 5634 2007 5659 ,

426 5679 848 5754 quemadmodum
877 5666 1041 5754 ipse_a
1061 5671 1384 5754 illartgribus
1413 5666 1778 5754 linquantur“,
1804 5666 2007 5754 quine:

426 5737 512 5825 ᾖσι
557 5741 788 5821 Spiritus
836 5737 1008 5825 {aucti
1038 5737 1370 5825 divinitatem.
1412 5741 1495 5825 .E_x
1534 5741 1648 5825 hoc
1673 5737 2009 5825 llilariiloc‘o

429 5805 767 5895 Eloquium.
793 5817 971 5877 minus
997 5817 1268 5871 luculento
1305 5811 1500 5868 libriin
1531 5811 1835 5876 Cotistanl.,
1864 5820 1916 5863 ιι.
1950 5805 2004 5875 8,

2113 3314 2274 3377 atque
2299 3304 2557 3359 absoluta:
2581 3304 2635 3358 in
2661 3317 2728 3359 eo
2757 3311 2960 3357 natura:
2991 3299 3193 3356 veritas
3220 3301 3394 3366 inest,
3421 3315 3515 3369 per
3543 3314 3707 3370 quam

2105 3399 2336 3454 efficitur
2361 3413 2483 3453 esse
2507 3412 2630 3452 eum
2657 3394 2941 3466 imaginem
2967 3393 3228 3449 veritatis.
3266 3393 3464 3447 Potens
3491 3400 3574 3446 est
3604 3390 3704 3445 Pa-

2110 3499 2225 3545 ter:
2275 3489 2371 3545 sed
2419 3490 2464 3544 si
2514 3487 2759 3543 inlirmus
2802 3496 2886 3542 est
2929 3486 3112 3552 Filius,
3144 3485 3447 3556 imagojam
3474 3500 3580 3538 non
3621 3491 3706 3539 est

2110 3583 2362 3654 potentis.
2396 3583 2575 3636 Bonus
2603 3588 2686 3636 est
2717 3581 2912 3636 Pater:
2949 3580 3044 3636 sed
3073 3581 3120 3636 si
3165 3581 3216 3634 in
3268 3577 3469 3634 diversi
3493 3575 3710 3648 generis

2108 3675 2391 3733 divinitate
2424 3674 2591 3730 Filius
2621 3683 2724 3738 est,
2758 3673 2884 3729 boni
2909 3674 3196 3744 imaginem
3227 3673 3353 3728 mali
3381 3680 3568 3727 natura
3599 3685 3708 3724 non

2109 3768 2304 3826 reddit.
2346 3769 2699 3839 lncorporeus
2741 3766 2902 3821 Pater
2939 3776 3063 3822 est:
3112 3765 3158 3821 si
3191 3765 3364 3821 Filius
3409 3762 3710 3819 secundum

2190 3905 2271 3980 (2)
2299 3904 2500 3962 Cotidie
2527 3904 2784 3961 scribitur
2812 3917 3026 3973 semper
3055 3902 3106 3956 in
3135 3917 3238 3956 ms.
3267 3907 3473 3956 nostro.

2119 4023 2456 4078 convincitur
2501 4021 2772 4078 Scultetus
2819 4018 3080 4074 adversus
3110 4017 3495 4072 Bellarminum
3523 4033 3712 4088 perpe-

2122 4110 2236 4149 ram
2265 4093 2678 4159 excandescere,
2710 4091 2854 4161 quod
2878 4091 2967 4146 ille
2990 4089 3132 4159 pium
3158 4089 3446 4161 Ductorem
3469 4101 3713 4161 nostrum

2118 4166 2296 4220 cultus
2346 4163 2664 4220 Sanctorum
2713 4159 2908 4217 testem
2960 4177 3022 4215 ac
3070 4167 3357 4231 patronum
3385 4159 3713 4218 adhibuerit.

2123 4237 2198 4292 Ex
2225 4245 2452 4306 utroque
2478 4235 2622 4290 enim
2657 4235 2844 4304 liquet,
2866 4246 3068 4306 sacras
3079 4232 3464 4306 Apostolorum
3489 4247 3555 4306 ae
3574 4232 3716 4286 Mar-

2120 4316 2297 4379 tyrum
2329 4302 2598 4379 Reliquias
2625 4302 2729 4379 non
2759 4304 2919 4379 modo
2949 4303 3184 4379 fidelium
3226 4303 3415 4379 cultu,
3464 4302 3558 4379 sed
3591 4318 3716 4357 ere-

2119 4374 2232 4435 bris
2256 4396 2283 4432 a
2316 4381 2429 4435 Deo
2458 4374 2730 4432 miraculis
2761 4377 2925 4430 fuisse
2948 4375 3259 4429 honoratas.
3287 4374 3392 4430 Sed
3419 4374 3561 4441 quod
3586 4379 3713 4428 Am-

2121 4451 2334 4508 brosius
2361 4452 2522 4520 epist.
2552 4447 2644 4512 22,
2675 4449 2862 4502 relatis
2879 4447 3180 4520 dzrjmonum
3207 4447 3489 4520 tormentis
3511 4455 3565 4501 et
3586 4461 3715 4520 con-

2117 4522 2356 4578 fessione
2396 4517 2582 4577 coram
2634 4520 2894 4587 Reliqniis
2934 4517 3034 4574 SS.
3087 4517 3329 4573 Gervasii
3361 4527 3414 4587 ct
3441 4517 3666 4572 Protasii
3695 4558 3710 4579 ,

2116 4606 2301 4650 coatra
2324 4594 2642 4648 Arianorum
2668 4586 3014 4659 pertinaciam
3044 4591 3116 4643 ait
3147 4607 3200 4644 η.
3231 4589 3302 4642 22
3326 4608 3338 4642 :
3359 4586 3489 4659 _Non
3517 4589 3718 4652 accipio

2116 4685 2149 4721 a
2185 4667 2391 4720 diabolo
2424 4657 2792 4726 testimonium,
2822 4661 2911 4715 sed
2932 4663 3317 4728 confessionem.
3349 4657 3551 4712 Invitus
3582 4659 3715 4713 dixit

2119 4739 2353 4793 diabolus
2373 4779 2386 4800 ,
2429 4737 2519 4789 sed
2549 4745 2752 4788 exactus
2778 4743 2826 4786 et
2858 4743 3038 4785 tortus.
3066 4728 3209 4784 Cedit
3238 4729 3471 4800 diabolus
3507 4728 3676 4800 plagis
3695 4769 3714 4796 ,

2040 4784 2839 4864 D2138);;ciba-Iastium
2866 4784 3078 4865 Ariani,-
3121 4801 3275 4856 facile
3313 4799 3473 4855 estin
3505 4784 3720 4855 'Scdlte:

2125 4889 2235 4934 tum
2269 4879 2492 4949 ejusque
2524 4875 2818 4930 imitatores
2845 4883 3222 4940 contorquere.

2191 4972 2257 5045 (ι’)
2307 4970 2566 5045 Erasmus
2621 4967 2803 5045 nescio
2851 4964 3716 5045 quo_auctoritate_hie_addidit,

2119 5035 2528 5112 corporationis;
2558 5040 2711 5107 cujus
2743 5035 3087 5112 loco’deinde
3113 5037 3291 5105 posuit
3313 5036 3548 5112 Lipsius.
3579 5053 3721 5112 com-

2119 5107 2422 5188 partitionis.
2473 5111 2736 5188 Neutrum
2789 5107 3106 5188 vocabulum
3154 5115 3330 5188 exstat
3379 5111 3431 5188 i_n
3484 5107 3618 5188 Ded.
3665 5117 3721 5162 et

2119 5179 2250 5244 mss.
2279 5200 2452 5256 neque
2479 5183 2642 5256 debet
2666 5191 2904 5256 exstare.
2934 5179 3217 5256 Beatitudo
3248 5179 3334 5234 hic
3363 5179 3717 5256 signiﬁcatur,

2121 5274 2243 5330 quae
2269 5251 2380 5313 sita
2395 5257 2464 5312 sit
2492 5255 2544 5310 in
2569 5253 2807 5310 bonitate
2830 5291 2845 5314 .
2879 5251 3139 5321 potentia,
3167 5252 3588 5314 immortalitate,
3615 5259 3722 5306 etc.

2198 5353 2278 5428 (gi
2305 5353 2444 5409 Editi
2469 5395 2497 5428 ,_
2515 5371 2573 5428 ea
2600 5366 2713 5423 qute
2739 5351 2797 5428 in
2827 5362 2884 5400 eo
2925 5348 3211 5428 naturalis:
3231 5357 3352 5428 tum
3383 5345 3512 5401 Bad.
3543 5355 3596 5428 et

2126 5417 2243 5481 De};
2261 5435 2423 5496 patre.
2476 5417 2623 5495 Lips:
2665 5433 2722 5478 et
2763 5421 2887 5476 Par.
2934 5421 2995 5474 de
3025 5431 3184 5496 patre.
3229 5417 3726 5496 Meli0r_e_st_lectio

2121 5488 2280 5568 quam
2307 5488 2623 5553 reVOcatnus
2657 5512 2688 5552 e
2729 5510 2858 5568 mss.
2897 5488 3124 5567 quorum
3158 5495 3209 5568 i_n
3243 5490 3518 5568 nonnullis
3545 5488 3724 5561 legere

2122 5564 2205 5626 éSt
2237 5569 2331 5624 Dei
2354 5571 2537 5640 patris,
2575 5583 2680 5624 non
2714 5567 2824 5624 Deo
2852 5564 3014 5642 patri:
3048 5565 3188 5621 haud
3221 5564 3327 5620 alio
3356 5577 3540 5618 sensu.

2189 5660 2267 5733 (lt)
2299 5662 2459 5718 Solus
2486 5661 2656 5733 codex
2680 5659 2801 5733 γει.
2834 5661 2948 5733 has.
2978 5660 3065 5731 qui
3084 5659 3276 5733 genuit.

2115 5801 2137 5860 ὃ
2287 5733 2359 5818 Ita
2392 5747 2492 5789 tus.
2537 5731 2606 5788 At
2633 5731 2784 5803 editi,
2827 5729 3006 5788 habent
3045 5729 3355 5787 nativitatem
3391 5738 3508 5786 et...
3541 5729 3726 5797 referat

2143 5821 2352 5876 pt’t'tt’m.
