4094 6180
308 282 411 353 4οὸ

1521 271 1612 331 DE
1652 270 2029 343 TRINITATE
2067 274 2273 339 LIBER
2312 278 2408 337 XI.

3511 279 3622 341 406

308 397 385 474 (α)
402 397 757 473 justiﬁeatum
774 403 852 465 est
868 395 924 451 in
951 394 1161 468 spiritu,
1191 393 1354 455 uisum
1383 397 1456 451 est
1476 391 1694 469 augetis,
1720 391 1915 464 pradi-
1941 395 1991 459 Α
2021 406 2148 455 men
2173 394 2542 463 manifestans
2578 396 2632 465 in
2658 410 2844 466 carne,
2886 410 2994 459 non
3043 396 3189 463 aliud
3218 410 3381 469 quam
3413 410 3623 471 magna:

308 501 478 549 catum
505 498 580 549 est
601 487 855 563 gentibus,
878 488 1130 547 creditum
1150 495 1225 544 est
1251 487 1306 542 in
1327 487 1423 547 hoc
1443 485 1654 556 mundo,
1674 502 1912 558 assump-

309 596 413 642 tum
439 594 515 645 est
534 585 588 640 in
605 581 839 646 claritate
866 582 911 656 (Ι
944 580 1083 640 Tim.
1114 598 1194 650 ιιι,
1222 579 1337 654 to).
1370 581 1537 641 Estne
1557 580 1734 637 adhuc
1762 581 1913 653 quis-

307 691 466 750 quam
496 686 601 739 tam
624 676 833 734 hebetis
852 670 926 749 (b)
953 674 1342 747 intelligentiae,
1366 684 1423 730 ut
1443 673 1909 748 dispensationem

305 779 600 842 assamptte
628 786 658 827 a
691 770 921 826 Domino
941 770 1121 825 carnis
1145 768 1294 827 aliud
1320 783 1479 840 quam
1510 778 1908 825 sacramentum

307 879 426 925 esse
463 863 681 933 pietatis
729 861 1028 933 intelligat?
1059 861 1124 917 Et
1174 862 1405 933 primum
1442 870 1591 917 extra
1624 860 1783 917 ﬁdem
1816 858 1911 917 Dei

304 966 407 1025 est,
441 956 671 1028 quisque
698 962 850 1011 extra
883 952 1021 1008 banc
1047 952 1150 1008 erit
1177 952 1595 1008 confessionem.
1626 951 1742 1007 Non
1764 951 1908 1007 enim

306 1047 606 1119 Apostolus
640 1047 884 1117 atnbigit,
916 1046 1047 1118 quin
1086 1045 1190 1101 hoc
1228 1044 1299 1101 ab
1339 1044 1607 1101 universis
1630 1042 1908 1098 fatendum

301 1144 390 1215 sit,
426 1141 744 1217 mysterium
770 1139 961 1197 salutis
999 1145 1207 1197 ucstrte
1236 1153 1341 1193 non
1374 1152 1495 1194 esse
1520 1136 1905 1195 contumeliam

299 1233 621 1303 divinitatis,
652 1233 748 1291 sed
774 1247 983 1304 magna:
1024 1230 1239 1304 pietatis
1265 1239 1665 1286 sacramentum
1690 1246 1703 1282 :
1736 1236 1792 1283 et
1816 1243 1908 1285 sa-

297 1338 641 1393 cramentum
664 1340 770 1382 non
795 1326 909 1397 jam
942 1322 1022 1399 (1)
1047 1322 1121 1398 (ο)
1153 1323 1208 1380 in
1237 1323 1501 1395 mySterio
1531 1320 1858 1389 occultatum
1884 1360 1902 1389 ,

294 1420 392 1477 sed
414 1421 471 1476 in
492 1434 661 1479 carne
680 1418 1078 1475 manifestatum
1101 1432 1118 1483 ;
1140 1430 1314 1486 neque
1343 1414 1517 1469 adhuc
1540 1428 1634 1484 per
1659 1420 1902 1468 naturam

300 1510 485 1568 carnis
514 1510 811 1579 inﬁrmum,
842 1508 941 1565 sed
980 1508 1033 1563 iu
1072 1505 1264 1577 spiritu
1301 1505 1691 1578 justiﬁcafum:
1722 1513 1781 1558 ut
1807 1518 1905 1574 per

2015 488 2232 561 pietatis
2278 500 2677 550 sacramentum
2718 489 3088 553 conﬁtendum
3131 497 3251 553 est:
3287 492 3416 563 quia
3454 493 3625 555 maui-

2015 579 2232 643 festatio
2260 583 2380 654 ejus
2410 584 2464 645 iu
2492 598 2659 643 carne
2683 626 2699 653 ,
2727 594 2783 641 et
2810 582 3124 656 iustiﬁcatio
3147 582 3372 655 spiritus
3408 590 3496 649 est
3516 625 3535 653 ,
3565 593 3622 640 et

2015 675 2279 733 claritatis
2308 676 2626 749 assumptio.
2651 674 2732 750 (Ii)
2779 677 2846 733 Et
2880 691 2985 748 qua
3024 675 3242 743 tandem
3286 690 3385 747 spe
3423 675 3478 743 in
3516 675 3621 743 ﬁde

2015 776 2200 827 nostra
2244 777 2328 825 est
2361 769 2463 842 pia:
2498 768 2922 841 dispensationis
2960 768 3279 840 mysterium
3320 768 3619 829 divinitatis

2014 860 2337 928 inﬁrmitas;
2365 875 2489 918 cum
2516 878 2612 932 per
2636 862 2899 919 claritatis
2926 862 3373 933 assumptiouem,
3406 876 3620 933 magum

2012 954 2230 1026 pietatis
2257 963 2656 1012 sacramentum
2699 956 2771 1015 sit
2813 955 3220 1013 conﬁtendum?
3263 956 3331 1015 Et
3359 957 3483 1027 quia
3505 956 3616 1027 jam

2012 1062 2120 1104 non
2143 1056 2227 1103 est
2252 1046 2563 1115 inﬁrmitas,
2588 1047 2685 1105 sed
2714 1058 3137 1115 sacramentum;
3162 1061 3263 1103 nec
3293 1047 3610 1114 necessitas,

2011 1139 2110 1197 sed
2140 1139 2309 1212 pietas
2336 1156 2349 1194 :
2379 1140 2508 1195 dicti
2538 1154 2682 1195 nunc
2705 1139 2999 1211 evangelici
3028 1140 3168 1199 ratio
3189 1139 3479 1210 quaareuda
3510 1149 3616 1206 est,

2011 1248 2081 1288 ue
2101 1233 2243 1304 quod
2274 1231 2465 1291 salutis
2492 1241 2692 1291 nostra:
2714 1242 2768 1288 et
2786 1232 2975 1303 gloria:
2999 1232 3316 1304 mysterium
3344 1240 3447 1301 est,
3475 1232 3527 1291 id
3550 1230 3618 1289 ad

2011 1324 2356 1380 occasionem
2389 1324 2788 1395 praedicationis
2819 1324 2999 1395 impiae
3025 1323 3387 1395 relinquatur.

2082 1417 2170 1472 10.
2201 1415 2463 1473 Christum
2484 1426 2709 1471 creatum
2731 1424 2781 1477 et
2798 1432 2997 1471 servum
3022 1432 3131 1473 esse
3155 1417 3351 1483 uolunt,
3378 1417 3500 1488 quia
3529 1416 3606 1477 illi

2009 1506 2154 1562 Deus
2174 1516 2225 1562 et
2270 1516 2413 1579 pater
2443 1519 2517 1562 est
2538 1507 2683 1563 nobis
2706 1508 3285 1564 communis.—Gravis
3313 1508 3405 1563 tibi
3428 1518 3614 1567 aucto-

293 1604 736 1676 jnstiﬁcationem
777 1600 1000 1675 spiritus
1040 1598 1207 1673 380
1242 1596 1456 1653 abesset
1497 1611 1527 1650 a
1568 1593 1675 1651 ﬁde
1715 1602 1901 1651 nostra
2005 1597 2140 1653 ritas
2161 1608 2266 1664 est,
2288 1597 2566 1666 hrcretice,
2594 1610 2649 1655 et
2666 1598 3057 1655 indissolubilis
3082 1599 3296 1655 Domini
3322 1599 3391 1657 de
3411 1615 3471 1656 se
3492 1615 3617 1671 pro-

298 1697 485 1765 caruis
512 1694 819 1762 inﬁrmitas,
850 1700 907 1749 et
926 1707 1022 1763 per
1041 1691 1220 1748 carnis
1241 1685 1732 1749 manifestationem
1757 1701 1902 1758 ntys-
2006 1689 2190 1761 fcssio,
2215 1708 2319 1763 qua
2347 1692 2422 1747 ait
2443 1709 2455 1744 :
2476 1692 2746 1748 Adscendo
2767 1693 2837 1749 ad
2853 1703 3050 1762 patrem
3078 1709 3245 1749 meum
3267 1704 3312 1748 et
3330 1694 3399 1748 ad
3420 1704 3617 1763 patrem

299 1788 499 1851 terium
529 1802 635 1845 non
660 1794 807 1843 esset
832 1783 1103 1843 occultum
1125 1824 1141 1849 ,
1186 1790 1241 1838 et
1280 1796 1374 1851 per
1400 1780 1643 1853 mysterii
1679 1780 1897 1851 isIIOI'a-
1928 1796 1977 1869 Β
2003 1796 2251 1855 vestrum,
2276 1798 2324 1842 et
2351 1788 2419 1841 ad
2448 1785 2614 1847 Deum
2638 1803 2803 1843 meum
2819 1796 2867 1842 et
2890 1787 2957 1843 ad
2978 1786 3144 1841 Deum
3170 1797 3426 1852 uestrum;
3450 1788 3612 1867 381

302 1878 462 1937 bilem
483 1892 701 1933 causam
730 1889 939 1947 magna:
968 1871 1177 1945 pietatis
1209 1869 1287 1946 (ά)
1320 1872 1371 1926 iu
1396 1881 1738 1927 sacramento
1758 1880 1903 1927 esset

308 1974 420 2035 sola
448 1971 742 2028 confessio.
774 1970 951 2043 Atque
993 1973 1064 2023 ita
1094 1964 1387 2039 Apostolus
1413 1963 1540 2021 ﬁdei
1570 1963 1734 2020 tutius
1757 1963 1905 2020 ordi-

313 2082 429 2127 nem
452 2066 642 2131 tenuit,
669 2073 729 2121 ut
749 2064 875 2120 dum
897 2063 1071 2141 pietas
1090 2072 1172 2117 est
1192 2102 1207 2128 ,
1230 2068 1626 2119 sacramentum
1648 2059 1752 2127 sit;
1775 2058 1903 2115 dum

318 2168 702 2221 sacramentum
728 2166 834 2225 est,
864 2155 1100 2229 cognitio
1122 2156 1174 2210 iu
1197 2168 1362 2210 carne
1388 2155 1492 2221 sit;
1522 2152 1647 2208 dum
1671 2154 1904 2226 cognitio

322 2251 371 2311 in
396 2267 554 2311 carne
581 2260 687 2319 est,
714 2247 1032 2321 justiﬁcatio
1074 2247 1129 2302 in
1179 2245 1370 2318 spiritu
1417 2244 1517 2313 sit;
1558 2244 1684 2316 quia
1719 2259 1902 2300 sacra-

324 2355 544 2405 mentum
573 2344 811 2423 pietatis,
838 2341 980 2414 quod
1006 2338 1381 2397 manifestatur
1406 2337 1458 2394 in
1480 2352 1665 2405 carne,
1700 2346 1756 2391 ut
1775 2352 1905 2393 vere

327 2451 705 2507 sacramentum
734 2438 827 2505 sit,
858 2451 955 2508 per
988 2433 1429 2509 iustiﬁcationem
1464 2432 1686 2505 spiritus
1725 2432 1903 2487 mani-

327 2533 536 2603 festatur
579 2535 634 2592 in
676 2548 858 2591 carne.
909 2531 990 2588 Ac
1031 2546 1100 2586 uc
1136 2529 1227 2585 illa
1258 2528 1618 2584 manifestatio
1657 2527 1711 2582 iu
1740 2541 1904 2597 carne

328 2630 483 2698 qualis
506 2637 652 2685 esset
674 2629 745 2700 (e)
766 2624 1077 2698 iustiﬁcatio
1109 2624 1163 2679 in
1189 2623 1383 2695 Spiritu
1414 2623 1788 2694 ignoraretur;
1818 2638 1906 2679 sa-

329 2735 671 2790 cramentum,
699 2720 843 2793 quod
882 2716 1282 2777 manifestatum
1323 2716 1376 2771 in
1404 2729 1602 2781 carne,
1632 2726 1685 2771 et
1711 2714 1906 2785 justiﬁ-

328 2824 489 2877 catum
519 2817 570 2873 iu
596 2815 788 2886 spiritu
808 2822 912 2883 est,
943 2820 997 2867 et
1024 2810 1229 2881 angelis
1253 2810 1430 2864 visum
1452 2817 1556 2878 est,
1579 2816 1633 2864 et
1655 2807 1905 2879 gentibus

327 2909 661 2983 praedicatum
680 2917 783 2976 est,
806 2915 861 2964 et
881 2907 936 2967 iu
959 2905 1062 2971 hoc
1077 2904 1277 2962 mundo
1296 2902 1580 2971 creditum,
1604 2902 1707 2958 hoc
1728 2903 1906 2975 ipsum

329 3012 646 3073 assumptum
673 3009 755 3056 est
781 2999 835 3056 in
856 2998 1141 3055 claritate:
1174 3006 1231 3052 ut
1250 2997 1306 3052 in
1329 2995 1581 3052 omnibus
1607 2996 1675 3051 sit
1697 3010 1906 3067 magnre

328 3091 525 3162 pietatis
572 3100 1003 3161 sacramentum,
1049 3089 1177 3147 dum
1206 3086 1582 3144 manifestatur
1618 3087 1671 3143 in
1710 3101 1904 3157 carne,

2010 1891 2071 1938 ut
2102 1897 2196 1955 per
2224 1880 2299 1946 itl,
2322 1880 2467 1953 quod
2492 1891 2545 1936 et
2571 1880 2727 1937 nobis
2743 1889 2796 1935 et
2815 1880 2892 1943 illi
2912 1895 3048 1935 unus
3074 1887 3129 1934 et
3152 1889 3306 1948 pater
3338 1888 3489 1953 pater
3506 1891 3609 1953 eSt,

2008 1981 2063 2029 et
2088 1972 2230 2029 Deus
2251 1971 2393 2027 Deus
2410 1982 2492 2029 est
2519 1972 2698 2045 (toan.
2724 1970 3017 2044 xx,l7),sit
3036 1971 3089 2026 in
3106 1986 3169 2027 ea
3189 1970 3501 2031 inﬁrmitate
3512 1987 3616 2043 qua

2012 2081 2230 2132 sumus;
2261 2065 2392 2121 dum
2442 2075 2497 2122 et
2534 2082 2631 2137 per
2672 2066 2921 2122 eumdem
2953 2074 3164 2136 patrem
3189 2078 3536 2137 exsequamur
3562 2067 3615 2135 in

2011 2158 2174 2227 ﬁlios,
2207 2167 2262 2215 et
2288 2174 2386 2231 per
2414 2159 2661 2227 eumdem
2697 2159 2867 2219 Deum
2892 2173 3274 2231 comparamur
3302 2158 3360 2217 in
3390 2173 3612 2219 servos;

2009 2260 2066 2309 et
2093 2266 2217 2308 cum
2243 2265 2341 2307 nos
2361 2251 2531 2308 simus
2557 2261 2611 2313 et
2639 2251 2847 2313 creatio
2868 2268 2934 2308 ex
2961 2250 3190 2322 origine,
3223 2261 3273 2309 et
3318 2266 3389 2315 ex
3424 2262 3616 2323 natura

2007 2344 2173 2413 servi,
2198 2352 2377 2400 tamen
2395 2343 2521 2400 dum
2541 2352 2595 2407 et
2615 2355 2768 2415 pater
2785 2343 2940 2401 nobis
2956 2343 3257 2403 communis
3277 2350 3332 2400 et
3348 2341 3489 2403 Deus
3510 2351 3617 2413 est,

2009 2439 2079 2495 sit
2108 2439 2157 2496 ei
2185 2438 2464 2495 nobiscum
2494 2446 2549 2495 ct
2572 2438 2655 2509 (3)
2688 2438 2755 2511 (i)
2785 2437 2988 2515 creatio
3013 2435 3080 2493 ad
3104 2444 3350 2495 naturam
3379 2450 3617 2493 commu-

2008 2531 2095 2587 nis
2137 2538 2193 2587 et
2235 2530 2491 2587 servitus.
2549 2529 2617 2585 Et
2665 2529 2754 2586 hic
2796 2530 2973 2600 impiae
3017 2528 3420 2601 prtedicationis
3466 2527 3615 2595 furor

2007 2623 2173 2679 etiam
2217 2622 2320 2679 hoc
2362 2622 2678 2694 prophetico
2718 2622 2888 2683 utitur
2926 2620 3105 2677 dicto:
3153 2620 3314 2687 Unxit
3345 2629 3413 2688 te,
3447 2620 3613 2699 Deus,

2008 2716 2149 2773 Deus
2181 2726 2299 2771 tuus
2328 2714 2516 2788 (Psal.
2563 2730 2713 2784 xuv,
2742 2713 2810 2787 8)
2854 2731 2868 2774 :
2905 2722 2963 2769 ut
2996 2727 3104 2769 non
3135 2712 3205 2767 sit
3228 2714 3281 2773 iu
3311 2727 3372 2773 ea
3404 2721 3611 2771 natura:

2009 2811 2206 2867 virtute
2232 2826 2337 2882 qua
2364 2809 2506 2865 Deus
2529 2816 2632 2876 est,
2655 2808 2784 2866 dum
2811 2809 2861 2865 ei
2882 2821 3090 2881 ungeus
3112 2822 3173 2865 se
3188 2806 3330 2871 Deus
3359 2806 3413 2875 in
3440 2806 3611 2879 Deum

2009 2920 2165 2961 suum
2195 2904 2268 2961 sit
2293 2911 2418 2959 ante
2447 2902 2606 2963 latus.

2082 3017 2172 3073 11.
2213 3015 2353 3072 Deus
2387 3016 2468 3071 illi
2494 3023 2711 3087 etpater
2737 3022 2833 3083 est,
2864 3012 2987 3084 quia
3007 3024 3193 3081 natus;
3221 3023 3270 3068 st
3289 3012 3416 3084 quia
3437 3022 3611 3081 status,

2007 3110 2126 3166 ideo
2150 3108 2316 3166 Deus.
2348 3137 2419 3152 --
2446 3108 2663 3180 Ignorat
2693 3107 2861 3163 Deum
2907 3103 3207 3172 Christum,
3259 3107 3351 3176 qui
3400 3104 3615 3176 ignorat

330 3189 403 3265 (2)
426 3189 546 3247 dum
571 3189 896 3262 iustiﬁcatur
933 3188 987 3244 in
1021 3188 1234 3260 spiritu,
1270 3186 1338 3261 (Ι)
1366 3187 1492 3243 dum
1530 3186 1702 3243 visum
1725 3194 1809 3243 est
1837 3185 1904 3242 ab

2010 3204 2179 3260 Deum
2206 3210 2413 3259 uatum.
2448 3203 2617 3257 Deum
2637 3207 2821 3255 autem
2844 3199 2995 3255 nasci
3020 3211 3126 3255 non
3150 3204 3235 3253 est
3254 3195 3423 3262 aliud,
3447 3209 3608 3266 quam

330 3282 536 3355 angelis,
555 3282 683 3345 dum
703 3280 1021 3355 praedicatur
1032 3280 1298 3351 gentibus,
1315 3280 1443 3335 dum
1466 3279 1706 3341 creditur
1727 3279 1779 3335 iu
1802 3278 1905 3335 hoc

331 3374 533 3449 mundo,
560 3376 690 3435 dum
728 3372 1021 3432 assumitur
1062 3374 1115 3431 in
1154 3373 1420 3430 claritate.
1460 3372 1596 3428 Nam
1637 3380 1692 3429 et
1727 3371 1901 3429 visum

330 3468 552 3545 sequitur
573 3468 907 3541 praedicatio,
926 3475 983 3524 et
1003 3467 1439 3543 praedicationem
1467 3466 1623 3536 ﬁdes,
1647 3477 1703 3525 et
1721 3471 1899 3527 omnia

333 3561 921 3629 consummatclaritatis
946 3562 1244 3633 assumptio
1262 3562 1410 3631 :quia
1433 3570 1488 3618 et
1509 3577 1715 3634 magnae
1734 3563 1901 3634 pieta-

335 3653 394 3709 tis
420 3666 807 3723 sacramentum
829 3663 914 3711 est
927 3655 1223 3724 assumptio
1239 3656 1531 3727 claritatis;
1563 3665 1619 3717 et
1642 3672 1738 3728 per
1762 3657 1901 3717 hanc

330 3744 719 3819 dispensationis
749 3748 909 3805 ﬁdem
933 3789 948 3818 ,
978 3746 1282 3803 confurmes
1306 3748 1382 3821 (g)
1411 3748 1612 3813 assumi
1642 3749 1901 3807 claritatis

332 3837 591 3899 dominicas
616 3855 1003 3915 prmparamur.
1035 3840 1241 3913 Magnae
1277 3843 1438 3912 igitur
1469 3843 1681 3915 pictatis
1718 3858 1901 3907 sacra-

327 3941 545 3990 mentum
562 3944 643 4001 est
667 3934 844 3990 carnis
864 3936 1160 4005 assumptio
1179 3952 1191 3987 :
1215 3936 1336 4007 quia
1362 3949 1456 4006 per
1472 3938 1894 4008 assumptionem

327 4026 505 4096 carnis,
536 4026 1241 4084 manifestatio‘sacramenti
1273 4032 1326 4083 in
1358 4042 1519 4084 carne
1544 4041 1648 4085 est.
1678 4031 1785 4088 Sed
1815 4042 1896 4087 ta-

414 4142 462 4198 ί)
487 4142 653 4198 Abest
673 4143 729 4196 in
757 4157 787 4196 a
814 4152 1002 4198 nostro
1032 4157 1134 4197 ms.

414 4144 432 4196 l
487 4142 653 4198 Abest
673 4143 729 4196 in
757 4157 787 4196 a
814 4152 1002 4198 nostro
1032 4157 1134 4197 ms.

384 4140 462 4286 {2;
486 4213 626 4267 Dum
658 4213 980 4287 justiﬁcatur
1022 4216 1076 4269 in
1112 4215 1317 4286 spiritu,
1359 4212 1485 4269 dum
1524 4218 1801 4273 assumitur
1843 4221 1899 4275 in

382 4305 451 4378 to)
474 4305 616 4369 Editi
635 4345 654 4373 ,
685 4306 995 4378 uiuiﬁcatum
1016 4313 1109 4369 est,
1131 4305 1502 4378 renitentibus
1533 4324 1661 4364 mss.
1691 4325 1899 4369 necnon

318 4376 594 4449 subactis:
623 4379 675 4432 in
701 4377 895 4445 quibus
915 4392 1020 4449 vos
1058 4377 1272 4447 spiritus
1307 4379 1599 4449 opponitur
1622 4383 1772 4438 carni
1799 4398 1814 4449 ;
1846 4393 1899 4438 et

320 4449 379 4501 ad
405 4446 563 4504 Verbi
595 4458 842 4503 naturam
873 4448 1123 4503 refertur.

385 4518 452 4592 (ι)
473 4518 534 4577 In
559 4518 819 4577 mss.Vat.
845 4520 989 4592 bas_.,
1018 4519 1233 4575 Martin.
1262 4526 1317 4576 et
1344 4518 1557 4578 duobus
1582 4522 1725 4592 aliis,
1746 4524 1898 4580 intel-

317 4590 526 4663 ligentia;
554 4591 732 4646 locus:
759 4590 1044 4663 superﬂuit
1072 4591 1235 4646 locus.

405 4661 452 4737 c_)
477 4661 576 4737 Ms.
609 4661 1006 4737 Colb.,‘Gertn.
1030 4670 1086 4717 et
1115 4664 1326 4721 Martiu.
1357 4664 1465 4732 iam
1484 4668 1747 4737 mysterio.

404 4734 458 4803 ά)
481 4735 649 4789 Abest
677 4736 730 4788 in
760 4735 827 4789 ab
853 4734 1058 4804 aliquot
1082 4750 1212 4789 mss.

339 4873 351 4885 .
380 4805 450 4879 (ε)
480 4805 769 4885 Antiquior
786 4807 955 4861 codex
984 4806 1134 4863 Colb.
1167 4807 1476 4880 justi/icatio
1511 4809 1746 4880 spiritus.
1772 4811 1914 4869 Mar-

314 4877 404 4941 tia.
428 4877 473 4933 et
492 4877 822 4947 iustiﬁcatio,
836 4886 945 4933 etc.

319 5019 333 5030 ο
381 4946 466 5073 (12,
486 4946 703 5005 Ροδῑίὶη
733 4952 937 5022 spiritu,
969 4948 1261 5019 subjiciunt
1302 4964 1433 5005 mss.
1476 4951 1598 5007 dum
1631 4955 1910 5011 assumitur

319 5036 363 5072 tu
391 5037 415 5073 ι·
470 5022 640 5073 ritate.
672 5019 790 5073 aliis
811 5022 1046 5073 omissis.

313 5019 363 5072 in
391 5019 640 5087 claritate,
672 5019 790 5074 aliis
811 5022 1046 5076 omissis.

381 5089 457 5217 (ῃ
506 5091 563 5149 lu
604 5108 739 5147 mss.
776 5092 906 5176 vat.
938 5093 1056 5151 bas.
1098 5090 1411 5175 Colbertiuo
1461 5110 1590 5161 uno,
1644 5103 1698 5151 et
1731 5097 1906 5153 altero

381 5178 412 5216 ιι·
450 5180 543 5216 on.
572 5173 927 5217 ussumuttom.
952 5162 1007 5217 In
1032 5163 1238 5217 Remta.
1263 5167 1530 5217 nssumnti.
1562 5167 1715 5217 Prior
1745 5170 1903 5217 lectio

388 5162 543 5237 rbon.
560 5165 927 5237 assumptioni.
952 5162 1007 5237 In
1032 5163 1238 5237 Remig.
1263 5167 1530 5237 nssumpti.
1562 5167 1715 5223 Prior
1742 5170 1903 5225 lectio

317 5234 445 5306 satis
466 5234 769 5306 arridebat:
804 5234 899 5292 sed
932 5235 1143 5306 plenior
1168 5243 1253 5291 est
1270 5251 1354 5303 ea,
1392 5234 1551 5306 quam
1574 5242 1890 5296 retinemus.

385 5302 459 5378 (lt)
484 5305 558 5378 lu_
577 5305 858 5378 praedictis
888 5302 1019 5361 mss.
1056 5305 1181 5360 Vat.
1219 5302 1527 5372 bas.,Colb.
1562 5325 1625 5365 ac
1661 5310 1896 5367 Sorbon.

323 5376 761 5457 necnonﬂartim
779 5394 794 5433 :
814 5376 884 5457 [fit
902 5394 1015 5447 qute
1043 5379 1255 5457 tandem
1274 5396 1387 5457 spes
1406 5380 1461 5457 in
1482 5381 1585 5450 ﬁde
1598 5392 1779 5457 nostra
1804 5391 1895 5450 est,

323 5450 366 5524 si
378 5450 468 5524 pia
481 5450 875 5524 dispensationis
892 5450 1184 5524 mysterium
1200 5450 1478 5524 diuinitatis
1498 5462 1571 5509 est
1589 5454 1864 5524 inﬁrmitas
1877 5471 1897 5509 :

322 5517 468 5573 lectio
494 5517 607 5577 haec
643 5517 812 5594 magis
842 5530 928 5577 est
944 5517 1262 5594 perspicua,
1295 5523 1539 5592 adeoque
1570 5517 1740 5594 magis
1801 5542 1895 5580 su-

324 5598 516 5659 Spetta,
544 5607 707 5663 quam
745 5592 956 5648 altera:
982 5592 1034 5647 in
1080 5607 1185 5662 qua
1214 5594 1354 5663 alius
1396 5593 1611 5663 quidam
1660 5592 1903 5651 innuitttr

328 5662 640 5727 reconditior
685 5678 915 5732 sensus,
973 5675 1131 5733 puta,
1190 5662 1534 5720 divinitatem
1585 5664 1909 5724 inﬁrmatam

342 5747 437 5791 non
461 5734 620 5793 fuisse
644 5735 1066 5805 diapensationis
1084 5738 1365 5808 mysterio,
1397 5737 1675 5808 quocarni
1704 5741 1913 5808 praesti—

345 5810 445 5861 tum
467 5814 548 5868 est
579 5815 636 5866 ut
675 5814 1041 5867 assumeretur
1082 5806 1134 5862 in
1171 5807 1433 5866 claritatis
1472 5807 1680 5880 gloria;
1704 5806 1913 5881 eosque

2010 3296 2068 3353 in
2088 3310 2154 3354 ea
2167 3304 2356 3351 natura
2372 3308 2495 3351 esse
2511 3307 2615 3365 qua
2639 3292 2782 3348 Deus
2796 3298 2879 3348 est
2897 3308 2911 3343 :
2931 3291 3053 3360 quia
3075 3286 3232 3345 nasci
3249 3302 3370 3347 cum
3395 3285 3466 3359 (j)
3482 3301 3611 3351 catt-

2007 3403 2128 3446 sam
2177 3386 2476 3442 nativitatis
2526 3387 2801 3452 ostendat,
2834 3398 2941 3439 non
2987 3380 3285 3452 disproﬁcit
3327 3389 3511 3441 tamen
3550 3382 3608 3447 in

2006 3494 2206 3551 genere
2225 3478 2464 3535 auctoris
2475 3478 2757 3535 exsistere.
2786 3474 2940 3544 Quod
2967 3482 3147 3531 autem
3169 3489 3279 3533 non
3306 3472 3381 3545 (It)
3407 3471 3614 3543 dispro-

2009 3574 2124 3630 ﬁcit
2150 3574 2201 3628 in
2231 3587 2450 3644 genere,
2483 3571 2648 3629 debet
2670 3569 2889 3642 quidem
2922 3568 3130 3623 auctori
3156 3581 3377 3633 causam
3409 3564 3605 3629 nativit-

2006 3669 2133 3725 tatis
2158 3684 2294 3735 suae,
2319 3677 2564 3724 naturam
2601 3675 2779 3722 tamen
2805 3678 2874 3722 ex
2901 3678 2961 3720 se
2988 3678 3097 3719 non
3123 3663 3306 3723 amisit
3331 3661 3606 3726 auctoris;

2007 3763 2132 3833 quia
2160 3759 2410 3819 nativitas
2455 3758 2551 3815 Dei
2592 3772 2768 3828 neque
2811 3753 3046 3822 aliunde,
3098 3768 3273 3824 neque
3319 3751 3464 3809 aliud
3496 3759 3606 3811 est.

2007 3855 2139 3923 Quae
2167 3855 2213 3909 si
2239 3852 2454 3910 aliunde
2480 3860 2586 3919 est,
2630 3847 2881 3907 nativitas
2908 3862 3014 3904 nou
3045 3857 3162 3913 est;
3211 3846 3257 3901 si
3288 3860 3416 3903 vero
3461 3844 3608 3901 aliud

2005 3955 2110 4015 est,
2140 3961 2249 4002 non
2278 3945 2418 4001 Deus
2440 3952 2545 4001 est.
2576 3942 2710 3999 Cum
2742 3948 2925 3999 autem
2950 3955 3016 3996 ex
3046 3940 3160 3995 Deo
3185 3938 3328 3995 Deus
3359 3947 3475 4005 est;
3509 3951 3608 4009 per

2004 4038 2059 4094 id
2095 4053 2310 4110 quoque
2340 4038 2487 4093 Deus
2532 4045 2683 4109 pater
2706 4036 2818 4093 Deo
2840 4035 2951 4091 lilio
2976 4042 3032 4090 et
3066 4032 3130 4111 (ι)
3162 4031 3460 4093 nativitatis
3488 4029 3606 4100 ejus

2004 4153 2256 4221 claritate,
2287 4153 2503 4210 omissis
2534 4151 2888 4209 intermediis.

2078 4226 2163 4297 (5)
2192 4224 2393 4280 Creatio
2422 4226 2492 4279 ad
2519 4236 2735 4280 naturae.

2004 4317 2074 4372 ab
2093 4332 2190 4388 spe
2217 4316 2464 4372 ﬁdelibus
2488 4315 2749 4387 promissa
2779 4314 3015 4388 cadere,
3054 4311 3149 4384 qui
3173 4311 3333 4388 aliter
3356 4311 3601 4388 credant.

2079 4383 2155 4459 (ἴ)
2183 4388 2341 4445 Solus
2357 4383 2528 4443 codex
2553 4388 2671 4442 Vat.
2699 4388 2814 4443 bas.
2834 4387 3024 4441 creatio
3040 4383 3259 4459 naturis.
3282 4383 3341 4459 lu
3359 4383 3604 4454 reliquis,

2004 4455 2195 4514 creatio
2235 4460 2303 4514 ad
2332 4469 2568 4514 naturam
2600 4460 2685 4516 vel
2722 4474 2786 4513 ea:
2809 4468 3016 4513 natura.
3050 4456 3109 4511 In
3147 4455 3374 4526 vulgatis
3398 4466 3603 4523 autem,

2006 4532 2194 4587 creatio
2223 4541 2271 4586 et
2298 4541 2501 4586 natura.

2078 4602 2155 4677 (j)
2187 4603 2244 4658 In
2270 4618 2379 4677 ‘ms.
2412 4602 2625 4677 Martin.
2655 4617 2817 4677 causa
2838 4617 2858 4656 :
2886 4598 3167 4656 mendose.
3215 4597 3273 4653 Id
3315 4596 3459 4652 enim
3498 4595 3601 4677 sibi

2009 4667 2147 4741 vuli,
2175 4673 2392 4729 verbum
2420 4674 2564 4728 nasci
2591 4674 2873 4727 relativum
2913 4685 3055 4734 esse,
3088 4683 3262 4741 eoque
3291 4679 3494 4741 patrem
3525 4667 3602 4719 si-

1916 4732 1990 4793 -D
2014 4732 2270 4800 mul'cutu
2301 4754 2426 4799 nato
2464 4743 2775 4813 signiﬁcati.
2810 4732 3394 4813 Vocabulumjuid'em
3435 4752 3603 4792 causa:

2017 4816 2083 4870 ad
2124 4826 2377 4870 aeternam
2419 4808 2539 4868 Filii
2589 4814 2992 4885 generationem
3042 4808 3410 4885 explicandam
3447 4822 3603 4885 nunc

2014 4888 2223 4954 reSpuit
2249 4885 2563 4956 Theologia,
2593 4880 3206 4956 Ejttsqtteilucomavult
3236 4880 3548 4947 principium
3565 4895 3600 4956 _:

2012 4950 2121 5012 sed
2148 4958 2279 5013 illud
2319 4950 2488 5029 probe
2528 4950 2794 5029 itttellcsit
2824 4953 3058 5029 Hilarius
3078 4992 3091 5016 ,
3122 4952 3259 5006 sicut
3288 4950 3603 5029 et_au_cto_ris

2011 5044 2239 5096 nomen,
2271 5021 2339 5083 de
2377 5042 2483 5093 quo
2511 5026 2837 5097 Augustinus
2867 5023 2956 5079 lib.
3008 5040 3043 5079 tt
3089 5031 3277 5097 contra
3326 5021 3600 5097 Mamurio.

2007 5115 2056 5155 c.
2090 5099 2179 5164 M,
2210 5092 2264 5154 ἡ.
2291 5100 2324 5154 6
2353 5118 2366 5155 :
2398 5092 2461 5155 Si
2490 5092 2754 5171 propterea
2787 5096 2952 5171 Deum
2982 5104 3175 5171 patrem
3207 5092 3313 5148 Deo
3342 5092 3448 5171 ﬁlio
3475 5093 3605 5171 dicis

2006 5182 2298 5234 auctorem,
2327 5171 2449 5240 quia
2472 5163 2558 5242 ille
2578 5163 2770 5242 genuit,
2799 5163 2996 5240 genitus
3024 5177 3096 5222 est
3120 5167 3256 5242 iste;
3269 5164 3392 5242 quia
3424 5163 3520 5219 iste
3539 5164 3604 5219 de

2004 5244 2115 5306 illo,
2156 5260 2256 5297 non
2288 5236 2374 5296 ille
2403 5242 2465 5295 de
2490 5236 2598 5295 isto
2618 5257 2636 5295 :
2664 5236 2827 5312 fateor
2863 5248 2910 5292 et
2937 5240 3179 5312 concedo.
3217 5236 3278 5293 Si
3317 5244 3485 5312 autem
3510 5250 3602 5307 per

1999 5330 2182 5369 nomen
2211 5314 2436 5368 auctoris
2465 5306 2711 5367 minorem
2733 5312 2806 5366 uis
2831 5315 3000 5383 facere
3030 5307 3248 5377 Filium,
3279 5318 3409 5372 elc.,
3440 5306 3605 5363 detes-

2002 5384 2146 5439 tabor
2176 5395 2222 5438 et
2248 5401 2504 5451 respuant.

2077 5456 2151 5528 (lt)
2179 5456 2313 5511 Hinc
2334 5448 2533 5528 nititur
2569 5453 2790 5528 quodin
2823 5452 2918 5509 lib.
2947 5467 3007 5528 ιε
3034 5469 3090 5507 u.
3117 5450 3218 5528 5ft,
3258 5449 3409 5528 juxta
3440 5448 3603 5503 Erae,

2015 5519 2161 5581 mum
2206 5527 2484 5583 annulavit
2510 5519 2645 5581 ΙλιιΗ.
2685 5525 2927 5589 Mittens,
2954 5523 3283 5594 disproﬁeere
3311 5519 3452 5594 idem
3479 5532 3604 5585 esse

2019 5597 2245 5665 Hilario,
2275 5599 2414 5670 quod
2443 5599 2765 5670 degenerare.
2796 5595 2903 5670 Sed
2936 5596 2980 5649 si
3007 5593 3316 5670 adjunctum
3342 5593 3397 5646 in
3423 5605 3607 5670 genere

2017 5662 2331 5736 sustuleris,
2366 5669 2417 5724 id
2448 5662 2579 5723 sane
2607 5683 2701 5737 per
2728 5682 2788 5721 se
2819 5666 2924 5720 hoc
2938 5662 3189 5737 iverbum
3230 5679 3339 5719 non
3371 5662 3605 5737 sonabit.

2093 5740 2157 5812 (Ι)
2192 5741 2464 5812 Vatibus.
2501 5735 2897 5812 ms.’inatiuitate
2918 5736 3065 5812 _Deus
3087 5747 3160 5793 est
3181 5746 3229 5812 et
3255 5744 3441 5812 natura
3468 5735 3610 5805 pari-

2021 5806 2115 5881 ter,
2140 5806 2261 5885 quia
2303 5810 2495 5868 Christi
2531 5811 2770 5867 natiuitas
2804 5826 2869 5867 ea:
2906 5808 3016 5866 Deo
3050 5819 3122 5866 est
3152 5824 3169 5864 :
3212 5806 3606 5880 imprudentem
