4094 6180
446 258 558 316 407

1678 249 1925 311 SANCTI
1962 250 2219 309 HlLARll
2262 250 2570 312 EI’lSCOPI

3647 256 3754 315 408

448 372 600 431 Deus
639 381 724 430 est
747 380 805 431 et
845 380 1054 430 natura:
1085 379 1238 443 pater
1265 390 1278 426 :
1310 370 1432 442 quia
1462 369 1561 427 Dei
1593 369 1849 426 nativitas
1896 378 1950 426 et
1978 384 2049 426 ex
2080 373 2134 434 Λ
2158 379 2396 443 paterna:
2421 370 2829 443 omnipotentiae
2862 371 2915 426 in
2946 384 3006 428 se
3032 371 3363 429 subsistente
3390 377 3604 427 natura.
3629 369 3755 427 Haec

445 464 564 523 Deo
581 473 682 532 est,
716 472 773 521 et
796 465 851 520 in
878 478 942 521 ea
973 472 1057 519 est
1085 462 1303 535 generis
1336 469 1530 518 natura
1550 476 1654 534 qua
1684 461 1827 517 Deus
1847 471 1950 519 est.

525 560 618 617 i2.
659 556 894 615 Christus
938 556 1088 612 verba
1129 559 1204 611 ita
1251 558 1569 626 temperavit,
1623 567 1677 611 ut
1722 568 1769 612 et
1796 565 1974 612 natum
2002 575 2057 612 se

452 652 694 724 proderet
716 660 762 705 et
787 649 977 707 Deum.
1009 679 1081 689 —
1113 648 1285 720 Hujus
1315 650 1476 721 igitur
1507 650 1608 720 pia:
1630 666 1691 705 ac
1710 649 1906 705 debitae
1934 666 2058 721 pro-

452 744 707 800 fessionis
733 742 953 799 modum
1003 744 1075 798 ita
1127 742 1181 798 in
1213 742 1489 809 omnibus,
1542 758 1662 814 quae
1709 743 1922 799 loculus
1948 753 2054 811 est,

451 837 716 895 Dominus
748 837 1088 908 temperavit,
1122 853 1192 893 ne
1227 837 1494 892 divinitati
1535 853 1645 892 sua:
1675 838 2057 894 contumeliam

455 932 728 990 confessio
754 932 1052 987 nativitatis
1089 928 1328 999 afferret,
1358 946 1427 986 ne
1473 931 1717 1002 obsequii
1750 932 1938 1001 religio
1968 947 2064 986 na-

453 1034 632 1084 turam
661 1026 959 1096 maiestatis
1008 1025 1342 1081 offenderet:
1373 1024 1469 1081 sed
1511 1033 1569 1078 ut
1595 1033 1651 1080 et
1681 1025 1939 1079 honorem
1969 1024 2064 1081 de-

456 1122 628 1178 bitum
656 1120 736 1193 (l)
764 1120 1018 1175 nativitas
1058 1120 1423 1190 proﬁteretur,
1468 1135 1587 1190 quze
1634 1116 1712 1191 (α)
1763 1119 2064 1175 subsistere

458 1227 519 1269 se
545 1211 768 1268 deberet
796 1212 1045 1277 auctori;
1095 1220 1151 1267 ct
1181 1222 1384 1266 natura:
1431 1211 1817 1266 conscientiam
1868 1212 2064 1268 ﬁducia

460 1307 723 1363 naturalis
749 1308 1079 1373 ostenderet,
1112 1322 1232 1377 qua:
1259 1307 1313 1361 in
1353 1307 1522 1362 Deum
1551 1305 1825 1361 nascendo
1856 1306 2063 1360 subsis-

460 1410 626 1458 teret.
656 1401 794 1457 Hinc
824 1402 966 1457 enim
999 1402 1131 1457 illud
1160 1410 1266 1469 est,
1305 1401 1406 1470 Qui
1437 1419 1516 1457 me
1543 1402 1691 1468 vidit,
1724 1403 1846 1456 vidit
1868 1413 1917 1457 et
1952 1402 2067 1457 Pa-

467 1503 593 1550 trem
619 1512 632 1548 :
660 1494 756 1550 sed
802 1503 856 1548 et
900 1493 1051 1557 illud,
1118 1493 1281 1550 Verba
1310 1509 1426 1564 quae
1454 1495 1656 1564 loquor,
1688 1511 1788 1549 non
1821 1512 1852 1549 a
1884 1512 1963 1549 me
1991 1495 2069 1549 lo-

466 1602 597 1658 quor
641 1585 835 1657 (Joan.
862 1601 973 1650 xw,
1000 1585 1055 1650 9,
1088 1584 1201 1653 10).
1227 1585 1358 1640 Nam
1383 1586 1508 1640 dum
1544 1601 1648 1641 non
1678 1602 1707 1640 a
1730 1603 1787 1641 se
1810 1587 2070 1659 loquitur,

466 1679 673 1732 auctori
705 1693 826 1732 eum
856 1691 1082 1733 necesse
1113 1686 1197 1732 est
1236 1676 1437 1733 debere
1467 1678 1609 1745 quod
1641 1679 1876 1749 loquitur
1905 1696 1918 1733 :
1948 1694 2069 1734 cmn

2159 466 2340 537 itaque
2366 465 2663 522 secundum
2709 466 2931 537 spiritus
2975 466 3269 535 unitatem,
3320 475 3374 523 et
3404 474 3611 521 natura:
3639 481 3756 537 qua:

2158 561 2454 616 secundum
2487 560 2555 632 (ε)
2592 561 2928 617 nativitatem
2973 570 3057 618 est
3103 561 3490 633 proprietatem
3513 600 3529 626 ,
3563 560 3636 614 ita
3661 558 3758 616 de-

2162 664 2458 710 monstrata
2507 664 2654 721 sunt,
2688 666 2743 710 ut
2790 664 2845 712 et
2876 656 3128 711 nativitas
3152 656 3322 711 Deum
3363 654 3760 711 substitutionis

2162 763 2275 803 sua:
2301 748 2671 815 conﬁteretur,
2702 759 2756 803 ct
2795 749 3107 804 substitutio
3138 760 3343 804 naturae
3372 747 3758 803 conscientiam

2164 856 2269 897 non
2303 850 2502 897 Iaceret
2528 859 2546 897 :
2576 842 2832 912 proﬁteus
2860 843 2961 898 sibi
2997 851 3202 913 patrem
3249 842 3414 896 Deum
3449 840 3591 896 Deus
3622 839 3763 897 ﬁlius

2162 934 2288 989 dum
2318 950 2384 989 ex
2413 949 2478 990 eo
2511 936 2780 1001 nascitur;
2815 943 3078 990 cancrum
3109 933 3174 989 ad
3206 933 3257 988 id
3289 932 3431 1005 quod
3463 942 3621 988 natus
3643 941 3756 1001 est,

2166 1037 2335 1083 totum
2367 1027 2569 1084 habens
2598 1029 2839 1083 naturale
2861 1029 3000 1094 quod
3027 1028 3171 1083 Deus
3197 1037 3296 1082 est.

2241 1121 2329 1175 i5.
2375 1120 2537 1186 Quem
2558 1130 2754 1193 patrem
2795 1119 3010 1175 habebat
3040 1120 3158 1190 quia
3191 1128 3363 1185 natus,
3412 1118 3562 1189 erepit
3585 1117 3771 1174 habere

2168 1210 2451 1266 Dominum
2498 1229 2613 1266 cum
2653 1214 2821 1283 [actus
2850 1222 2925 1266 est
2954 1227 3143 1267 servus.
3177 1241 3246 1252 —
3276 1209 3622 1280 DiSpensalio
3667 1211 3774 1265 ita-

2169 1319 2274 1375 que
2304 1305 2478 1376 magni
2512 1314 2567 1360 et
2593 1303 2664 1375 pii
2695 1304 3046 1371 sacramenti,
3091 1301 3393 1358 nativitatis
3436 1301 3634 1356 divina:
3673 1300 3777 1355 Pa-

2171 1405 2332 1461 trem,
2387 1398 2609 1466 insuper
2639 1398 2801 1452 etiam
2851 1396 3180 1452 conditionis
3221 1404 3516 1464 assumpta:
3558 1391 3639 1463 ('5)
3669 1392 3779 1447 De-

2172 1493 2376 1548 minum
2406 1491 2531 1548 fecit
2555 1491 2653 1565 (f):
2684 1490 2809 1546 dum
2839 1491 2929 1561 qui
2962 1491 3014 1546 in
3040 1489 3210 1544 forma
3244 1488 3338 1543 Dei
3363 1494 3499 1553 erat,
3528 1495 3778 1556 repertus

2173 1594 2255 1641 est
2285 1585 2338 1639 in
2369 1583 2538 1639 forma
2566 1584 2732 1639 servi.
2768 1581 2968 1639 Servus
2996 1582 3139 1638 enim
3166 1593 3273 1635 non
3303 1590 3444 1646 erat,
3477 1592 3599 1633 cum
3631 1588 3780 1633 esset

2174 1675 2467 1733 secundum
2499 1676 2746 1747 Spiritum
2799 1675 2875 1746 (4)
2909 1672 2985 1745 (9)
3012 1674 3155 1729 Deus
3182 1672 3278 1727 Dei
3311 1669 3470 1727 ﬁlius.
3498 1669 3564 1725 Et
3584 1684 3783 1725 secun-

463 1779 647 1827 autem
674 1785 734 1826 se
765 1772 881 1826 viso
906 1770 1069 1827 Pater
1096 1770 1329 1836 videtur,
1352 1772 1516 1846 382
1548 1782 1755 1828 naturae
1786 1773 2070 1830 conscien~
2102 1767 2151 1828 B
2177 1769 2302 1826 dum
2332 1784 2618 1824 commune
2658 1767 2942 1839 judicium,
2973 1766 3063 1822 ubi
3116 1765 3279 1837 383
3322 1780 3428 1819 non
3459 1772 3543 1818 est
3562 1777 3780 1830 servus,

465 1863 544 1917 tia
570 1872 677 1928 est,
715 1862 789 1935 (ὁ)
820 1877 942 1932 qua:
984 1863 1050 1918 ad
1072 1863 1592 1919 demonstrationem
1624 1866 1679 1920 in
1709 1879 1768 1920 se
1798 1864 1916 1933 Dei,
1967 1879 2072 1920 non

466 1955 641 2011 aliena
667 1973 697 2011 a
727 1957 841 2012 Deo
873 1958 925 2012 in
953 1957 1124 2014 Deum
1154 1969 1279 2014 nata
1309 1960 1630 2016 substiterit.
1657 1956 1755 2017 Vel
1783 1963 1935 2029 illud,
1969 1962 2075 2017 Pa-

469 2055 548 2103 ter
572 2048 712 2120 quod
740 2047 818 2123 (2)
855 2048 929 2122 (c)
957 2050 1095 2105 dedit
1120 2052 1267 2118 milii,
1293 2056 1465 2126 majus
1492 2063 1566 2107 est
1619 2053 1854 2109 omnibus
1891 2053 2073 2126 (.laau.

470 2156 530 2207 ι,
559 2139 688 2211 29);
717 2150 773 2197 et
799 2155 1034 2209 rursum,
1070 2140 1181 2214 Ego
1206 2152 1254 2198 et
1309 2143 1470 2199 Pater
1512 2162 1670 2200 unum
1720 2164 1896 2202 smnus
1945 2148 2080 2221 (Ibi-

473 2231 612 2299 dem,
642 2232 757 2304 50).
792 2231 926 2288 Nam
950 2243 1004 2289 et
1043 2235 1189 2290 datio
1243 2246 1465 2305 paterna
1509 2248 1741 2310 sumptae
1785 2241 2080 2297 nativitatis

470 2324 745 2395 professio
770 2333 855 2381 est
885 2343 898 2379 :
927 2334 982 2380 et
1020 2327 1162 2396 quod
1195 2343 1358 2383 unum
1385 2337 1534 2397 sunt,
1567 2330 1872 2400 proprietas
1895 2347 1958 2386 ex
1984 2348 2082 2387 na-

474 2415 684 2472 tivitate
708 2424 915 2472 naturae
945 2427 1051 2473 est.
1086 2416 1187 2474 Vel
1218 2419 1369 2486 illud,
1405 2420 1515 2477 Sed
1532 2420 1794 2494 judicium
1817 2440 1965 2479 omne
1988 2425 2081 2480 de-

475 2509 554 2564 dit
572 2506 738 2577 Filio,
769 2518 825 2564 ut
851 2525 1025 2565 omnes
1052 2512 1393 2583 Itonariﬁcent
1422 2512 1640 2581 Filium,
1670 2514 1805 2570 sicut
1830 2518 2082 2589 honoriﬁ-

475 2608 598 2655 eaut
643 2598 857 2655 Patrem
892 2600 1076 2673 (Joau.
1113 2618 1165 2668 v,
1195 2601 1267 2656 22
1289 2613 1336 2659 et
1359 2604 1475 2676 23).
1506 2604 1638 2660 Nam
1662 2606 1788 2661 dum
1818 2607 2081 2679 judicium

475 2691 660 2758 datur,
690 2691 941 2748 nativitas
969 2693 1053 2763 (Δ)
1080 2709 1189 2749 non
1217 2702 1425 2751 tacetur
1453 2712 1466 2749 :
1502 2697 1629 2752 dum
1676 2713 1803 2754 vero
1826 2714 2083 2772 exaequa-

475 2792 567 2841 tur
597 2787 793 2852 honor,
824 2797 1012 2841 natura
1035 2786 1321 2845 retinetur.
1361 2788 1453 2844 Vel
1485 2789 1637 2857 illud,
1677 2791 1790 2863 Ego
1819 2792 1873 2847 in
1902 2792 2081 2860 Patre,

478 2887 529 2933 et
558 2877 719 2934 Pater
738 2880 792 2934 in
814 2896 893 2936 me
917 2896 935 2945 ;
959 2890 1014 2937 et
1044 2897 1282 2949 rursum,
1308 2882 1467 2939 Pater
1487 2889 1657 2959 major
1680 2903 1757 2942 me
1778 2896 1852 2942 est
1894 2886 2081 2961 (Joan.

480 2986 594 3039 xrv,
623 2972 687 3026 il
717 2982 767 3028 et
786 2970 904 3046 28).
934 2971 991 3028 In
1027 2989 1095 3030 eo
1120 2975 1284 3039 enim,
1312 2977 1454 3046 quod
1484 2977 1537 3032 in
1569 2993 1689 3035 sese
1719 2990 1865 3043 sunt.
1898 2982 1988 3038 Dei
2019 2997 2083 3037 ex

483 3064 600 3121 Deo
629 3065 963 3123 divinitatem
1008 3082 1318 3139 cognosce:
1346 3069 1402 3125 in
1454 3086 1521 3127 eo
1548 3087 1703 3139 vero,
1734 3074 1877 3143 quod
1926 3074 2085 3131 Pater

2182 1879 2358 1934 neque
2380 1862 2632 1918 dominus
2662 1869 2765 1916 cst.
2802 1861 2942 1915 Deus
2972 1858 3189 1930 quidem
3217 1867 3272 1914 et
3308 1867 3459 1927 pater
3485 1853 3787 1910 nativitatis

2181 1965 2263 2012 est
2295 1956 2552 2028 unigeniti
2583 1955 2680 2010 Dei
2712 1973 2725 2008 :
2758 1952 2853 2009 sed
2894 1952 2960 2007 ad
3007 1952 3082 2017 id,
3113 1950 3257 2021 quod
3298 1965 3488 2006 servus
3529 1959 3633 2014 est,
3669 1963 3784 2004 non

2181 2067 2468 2124 possumus
2490 2049 2569 2125 (Ii)
2595 2050 2807 2105 nonnisi
2832 2058 2958 2103 tunc
2979 2047 3029 2102 ei
3055 2046 3331 2102 dominum
3354 2045 3635 2116 deputare,
3658 2059 3786 2099 cum

2182 2160 2371 2201 servus
2398 2152 2518 2201 est:
2547 2144 2673 2216 quia
2704 2144 2750 2198 si
2780 2158 2902 2198 cum
2948 2151 3075 2196 ante
3105 2156 3203 2211 per
3233 2150 3476 2194 naturam
3509 2153 3615 2192 non
3664 2147 3789 2192 erat

2183 2252 2393 2305 servus,
2424 2245 2481 2293 et
2528 2248 2712 2308 poStea
2743 2234 3040 2291 secundum
3072 2240 3314 2287 naturam
3347 2244 3470 2285 esse
3498 2229 3640 2300 quod
3670 2243 3788 2283 non

2184 2342 2300 2389 erat
2341 2333 2541 2403 coepit;
2589 2346 2696 2387 non
2741 2331 2846 2387 alia
2894 2329 3202 2385 dominatus
3242 2339 3401 2382 causa
3434 2323 3791 2394 intelligenda

2185 2435 2286 2490 εει,
2320 2438 2481 2495 quam
2512 2438 2632 2493 quze
2679 2421 2886 2478 exstitit
2936 2419 3252 2483 servitutis;
3308 2426 3437 2472 tunc
3465 2416 3669 2472 habens
3725 2432 3791 2473 ex

2186 2524 2393 2571 naturae
2419 2514 2822 2584 dispensatione
2851 2513 3148 2578 dominum,
3184 2524 3308 2566 cum
3332 2509 3561 2581 praebuit
3585 2524 3652 2566 ex
3679 2508 3788 2565 lto-

2187 2609 2346 2665 minis
2373 2591 2739 2677 assumptione
2760 2620 2820 2662 se
2843 2620 3082 2662 servum.

2259 2703 2347 2760 14.
2390 2700 2458 2757 Iit
2511 2706 2678 2773 [arma
2721 2701 2852 2757 servi
2891 2701 3044 2767 dixit,
3090 2699 3395 2766 Auscertno,
3442 2706 3537 2754 etc.
3570 2729 3644 2739 —-
3672 2698 3797 2754 Ma-

2189 2812 2323 2853 nens
2351 2797 2511 2868 igitur
2534 2795 2587 2851 in
2617 2796 2788 2851 forma
2831 2795 2995 2861 servi,
3024 2795 3115 2865 qui
3158 2792 3412 2849 manebat
3438 2801 3563 2849 ante
3610 2793 3663 2848 iu
3694 2793 3798 2850 Dei

2188 2889 2382 2958 forma,
2413 2889 2575 2944 homo
2595 2887 2841 2945 Christus
2860 2888 3020 2944 Jesus
3040 2889 3254 2943 loculus
3279 2895 3398 2942 est:
3428 2887 3490 2960 (i)
3520 2886 3801 2942 Adscendo

2188 2981 2259 3036 ad
2288 2992 2482 3052 patrem
2510 2999 2678 3036 meum
2709 2992 2756 3037 et
2796 2980 2864 3035 ad
2906 2991 3103 3052 patrem
3140 2992 3386 3049 vestrum,
3429 2992 3478 3036 et
3526 2981 3595 3035 ad
3621 2979 3802 3036 Deum

2189 3093 2356 3131 nicum
2382 3085 2428 3131 et
2457 3077 2525 3130 ad
2556 3076 2717 3131 Deum
2747 3086 2964 3132 vestrum
3010 3074 3192 3148 (loau.
3235 3092 3326 3143 xx,
3363 3076 3429 3130 17
3447 3075 3488 3147 ).
3521 3075 3577 3132 Si
3629 3076 3804 3147 igitur

482 3158 659 3229 major
701 3169 804 3226 est,
835 3160 1233 3218 confessionem
1279 3172 1516 3232 paternae
1543 3166 1884 3222 auctoritatis
1927 3167 2086 3222 intel-
2114 3160 2160 3225 C
2194 3169 2311 3226 lucc
2331 3185 2543 3232 servus.
2576 3180 2627 3225 et
2653 3168 2720 3224 ad
2750 3183 2939 3224 servos
2969 3168 3180 3223 locutus
3204 3175 3317 3232 est;
3349 3167 3622 3238 quomodo
3660 3183 3805 3238 pro-

482 3251 611 3323 lige.
640 3251 793 3308 Sicut
813 3262 869 3308 et
892 3252 1020 3308 illud
1051 3263 1154 3319 est,
1190 3253 1312 3308 Non
1339 3265 1504 3325 potest
1548 3255 1721 3312 Filius
1750 3257 1813 3312 ab
1843 3275 1897 3312 se
1922 3260 2091 3329 facere

484 3347 787 3420 quidquam,
835 3347 934 3403 nisi
962 3349 1103 3416 quod
1149 3348 1329 3403 viderit
1363 3349 1575 3406 Patrem
1604 3350 1878 3421 facientem
1907 3369 1926 3408 :
1950 3370 2092 3424 qua:-

486 3455 704 3510 eumqtte
724 3440 859 3494 enim
887 3440 978 3495 ille
998 3443 1146 3512 facit,
1178 3441 1354 3496 eadem
1396 3453 1447 3498 et
1478 3442 1646 3498 Filius
1676 3445 1800 3516 facit
1828 3446 2089 3502 similiter.

497 3530 681 3604 (loan.
716 3548 766 3601 v,
822 3532 938 3603 19).
972 3532 1108 3588 Dum
1139 3548 1247 3589 non
1280 3533 1349 3589 ab
1370 3549 1431 3590 se
1459 3535 1603 3604 facit,
1634 3536 1700 3592 ad
1727 3536 1780 3592 id
1805 3538 1949 3610 quod
1979 3540 2089 3610 agit

489 3623 791 3681 secundum
840 3625 1175 3682 nativitatem
1212 3626 1313 3682 sibi
1361 3628 1523 3683 Pater
1551 3640 1741 3684 auctor
1768 3640 1852 3685 est
1880 3649 1893 3685 :
1922 3641 1976 3686 et
2008 3641 2089 3688 ta-

487 3731 614 3775 men
659 3732 782 3773 cum
830 3733 1185 3790 quascumque
1235 3719 1360 3777 facit
1386 3721 1571 3787 Pater,
1602 3722 1793 3778 eadem
1826 3733 1882 3779 ct
1920 3724 2093 3783 Filius

490 3812 622 3870 facit
649 3812 928 3879 similiter,
975 3828 1080 3867 non
1114 3814 1167 3869 in
1208 3802 1356 3870 aliud
1400 3814 1605 3887 aliquid
1646 3832 1806 3886 quam
1838 3817 1889 3872 iu
1920 3818 2091 3874 Deum

492 3909 760 3977 subsistit,
794 3909 861 3965 ad
891 3909 1135 3966 facienda
1157 3911 1361 3975 omnia,
1393 3925 1514 3979 qua:
1552 3911 1695 3967 Deus
1725 3921 1881 3984 pater
1908 3909 2091 3980 faciat,

565 4029 649 4169 Si)
683 4033 855 4085 Antea
876 4029 1173 4100 legebatur,
1204 4029 1505 4085 nativitatis.

595 4101 655 4169 2)
684 4101 905 4156 Dedisti.
1322 4106 1341 4121 ί

595 4101 655 4156 2)
684 4101 905 4156 Dedisti.
1322 4106 1341 4121 ί

575 4101 632 4169 (2
684 4101 905 4156 Dedisti.

575 4101 655 4246 (δὲ
687 4173 850 4228 Deum
875 4173 1015 4243 fecit.

498 4265 754 4340 secundae
774 4280 976 4340 manus
998 4280 1219 4340 operam
1254 4265 1487 4340 subolet.
1519 4265 1811 4340 llliutatnen
1836 4266 2098 4340 suﬁ'raga:

500 4347 592 4410 tur
633 4335 1006 4401 Martiuiauus,
1033 4335 1134 4392 hoc
1160 4346 1364 4393 tantum
1392 4337 1460 4391 ab
1485 4351 1551 4391 eo
1578 4335 1926 4407 discrepans,
1955 4335 2098 4410 qtiod

503 4408 705 4479 haheat
730 4416 894 4479 pater,
928 4422 1036 4479 non
1066 4410 1279 4479 pariter.

577 4477 654 4553 (a)
684 4475 800 4553 Pt‘o_
812 4475 1079 4532 subsistere
1099 4495 1173 4540 se,
1190 4480 1296 4553 hoc
1316 4484 1419 4553 est,
1443 4475 1585 4547 quod
1612 4476 1952 4553 subsisteret,
1979 4478 2099 4549 Ern,

498 4546 651 4617 Lips.
685 4558 740 4617 et
769 4549 892 4602 Par.
916 4562 1193 4617 perperam
1216 4548 1611 4603 subsﬁtuerunt
1637 4546 1857 4601 subdere
1885 4565 1955 4603 se.

574 4616 651 4693 (b)
695 4616 753 4674 In
793 4616 1209 4693 πιεζνιιι.
1252 4620 1371 4693 quia
1386 4628 1466 4693 _et
1504 4619 1986 4693 demonstrationem
2025 4625 2104 4677 sui

502 4687 643 4748 Deus
664 4707 767 4746 non
791 4689 985 4744 alienat
1009 4707 1041 4744 a
1068 4687 1273 4746 Christo
1297 4692 1349 4743 in
1373 4687 1485 4743 Deo
1506 4704 1620 4758 qua:
1647 4701 1769 4743 nata
1787 4690 2106 4748 substiterit:

503 4767 727 4834 antiquo
767 4775 832 4815 ac
873 4760 1157 4834 manifesto
1198 4759 1532 4834 corruptoris
1572 4775 1727 4815 ausu.
1765 4761 1862 4816 llie
1895 4779 2011 4827 qua:
2036 4767 2105 4818 ad

502 4830 985 4889 demonstrationem
1022 4832 1077 4887 in
1114 4848 1167 4886 se
1196 4830 1325 4898 Dei,
1352 4831 1405 4887 id
1436 4839 1553 4900 est,
1583 4846 1703 4903 qua:
1729 4842 1786 4888 ut
1813 4848 2102 4905 conspecta

504 4906 676 4961 Deum
700 4905 1119 4960 demonstraret.

578 4975 793 5048 (e)Mss.
819 4973 999 5048 Col_b.,
1026 4974 1263 5048 Martin.,
1286 4974 1699 5048 Corb.,Germ.,
1731 4974 1913 5040 Vintl.,
1943 4975 2102 5045 Silv.,

502 5045 678 5115 rm,
707 5046 846 5116 quod
886 5046 1089 5101 dedisti.
1116 5047 1301 5103 Atlib.
1334 5062 1428 5112 vtt,
1479 5063 1533 5101 ιι.
1584 5045 1677 5114 22,
1727 5062 1847 5101 cum
1896 5050 2104 5104 caeteris

505 5118 874 5175 consentiunt.

602 5191 661 5263 d)
682 5187 787 5263 Eat
814 5188 932 5263 bas.
965 5203 1066 5242 ms.
1093 5205 1201 5263 tum
1232 5188 1530 5263 denegatur.

600 5259 650 5333 e)
673 5258 795 5333 ,Er._,
825 5257 972 5333 Lips.
1004 5261 1213 5333 etAPar.
1242 5257 1555 5315 nativitatis:
1588 5259 1907 5333 refelluntur
1940 5261 2022 5316 vel
2037 5277 2105 5318 ex

499 5329 870 5401 superioribus
901 5329 1012 5395 his,
1048 5329 1200 5397 Quod
1230 5348 1389 5384 unum
1417 5342 1565 5398 sunt,
1596 5331 1885 5401 proprietas
1912 5348 1975 5388 ea:
2013 5351 2107 5388 na-

498 5404 695 5471 tivitate
732 5412 933 5456 natura:
956 5411 1049 5456 est.
1086 5401 1205 5457 Mox
1248 5403 1458 5471 Lipsius
1485 5418 1549 5459 ex
1581 5402 1694 5456 sola
1734 5403 1941 5458 Erasmi
1974 5419 2107 5460 con-

492 5466 725 5545 jectura,
768 5487 865 5543 pro
888 5473 1067 5528 verbis
1109 5466 1457 5529 subtitutionis
1484 5480 1539 5529 et
1566 5474 1853 5528 substitutio
1876 5515 1892 5540 ,
1937 5490 2098 5545 repo-

495 5546 608 5615 suit
628 5544 968 5598 subsistentia:
988 5555 1044 5600 et
1064 5545 1389 5600 subsistentia
1414 5561 1434 5601 :
1453 5546 1595 5615 quod
1628 5555 1810 5613 postea
1834 5544 2088 5605 obtinuit.

490 5614 610 5671 Non
650 5616 781 5670 nihil
816 5624 994 5687 tamen
1031 5616 1176 5687 aliud
1220 5628 1377 5672 sonat
1414 5616 1739 5679 substitutio,
1778 5632 1938 5687 quam
1969 5619 2093 5674 sub-

487 5687 752 5752 sistentia;
785 5685 927 5757 sicut
964 5702 995 5740 a
1024 5686 1332 5743 subsistuere
1377 5687 1553 5744 differt
1592 5685 1864 5744 subsistere
1909 5691 1963 5745 in
1988 5691 2087 5757 ,his

484 5756 582 5816 lib.
617 5770 738 5825 t'ttt,
769 5773 824 5813 ιι.
866 5754 979 5811 56;
1019 5767 1073 5812 ut
1099 5761 1376 5827 perfectum
1420 5756 1587 5814 Deum
1612 5758 1925 5816 substituerit
1967 5754 2085 5830 per;

2197 3263 2362 3319 fessio
2409 3264 2508 3318 ista
2542 3278 2650 3318 non
2681 3262 2823 3319 servi
2855 3263 2942 3328 sit,
2979 3272 3033 3318 et
3062 3262 3129 3316 ad
3175 3276 3294 3317 eam
3328 3261 3500 3333 magis
3545 3269 3806 3317 naturam

2197 3372 2321 3427 quae
2347 3370 2452 3412 non
2500 3356 2550 3410 in
2582 3365 2768 3410 natura
2798 3355 2938 3411 servi
2987 3356 3080 3423 sit,
3112 3354 3505 3419 transferetur;
3555 3366 3677 3409 cum
3731 3355 3808 3421 ei,

2199 3451 2288 3522 qui
2320 3451 2371 3505 iu
2404 3449 2578 3506 forma
2620 3450 2716 3507 Dei
2762 3466 2985 3506 manens
3016 3449 3243 3505 formam
3291 3449 3436 3505 servi
3481 3447 3808 3519 assumpsit,

2197 3543 2348 3613 quasi
2371 3556 2530 3598 servo
2560 3542 2627 3598 ad
2656 3557 2850 3598 servos
2875 3543 3183 3597 communio
3214 3556 3320 3596 non
3348 3540 3454 3596 nisi
3485 3554 3552 3595 ex
3580 3554 3649 3595 eo
3683 3548 3812 3595 tan.

2199 3646 2311 3691 tum
2344 3637 2515 3706 possit
2557 3651 2699 3704 esse,
2729 3636 2873 3708 quod
2922 3650 3113 3691 servus
3142 3635 3267 3690 est?
3317 3633 3480 3690 Pater
3504 3632 3677 3703 igitur
3702 3632 3811 3689 sibi

2200 3729 2274 3784 ita
2302 3740 2358 3784 ut
2388 3729 2694 3785 hominibus
2723 3737 2874 3800 pater
2899 3741 2998 3795 εει,
3031 3739 3085 3785 ει
3112 3729 3255 3784 Deus
3287 3726 3365 3801 (5)
3394 3727 3496 3782 sibi
3543 3736 3602 3782 ut
3629 3729 3813 3784 servis

2199 3823 2343 3879 Deus
2374 3832 2476 3879 est.
2509 3824 2575 3879 Et
2605 3838 2724 3879 cum
2758 3825 2874 3880 haec
2903 3823 2969 3879 ad
3020 3821 3269 3877 homines
3310 3834 3500 3876 servos
3541 3818 3712 3875 homo
3753 3821 3813 3877 in

2200 3918 2342 3972 servi
2376 3915 2547 3973 forma
2575 3916 2733 3974 Jesus
2756 3917 3007 3973 Christus
3035 3916 3319 3988 loquatur;
3350 3931 3458 3971 non
3483 3914 3811 3988 ambigitur,

2281 4034 2363 4181 (4;
2390 4035 2526 4091 Deus
2557 4036 2719 4103 ﬁlius,
2756 4050 2860 4091 non
2896 4035 3035 4090 Deus
3061 4033 3155 4089 Dei
3182 4034 3345 4106 ﬁlius.

2281 4108 2336 4180 (δ
2391 4106 2503 4164 Sibi
2530 4109 2604 4162 ita
2628 4108 2873 4164 etservis.

2280 4106 2361 4180 (δ)
2391 4106 2503 4164 Sibi
2530 4109 2604 4162 ita
2628 4118 2675 4163 et
2695 4108 2873 4164 servis.
3387 4148 3393 4154 .

2203 4270 2340 4392 {ecta
2396 4265 2636 4319 uativitas
2667 4280 2687 4319 :
2715 4265 2787 4318 ita
2813 4274 2984 4319 autem
3010 4268 3235 4337 perfecta
3265 4265 3505 4320 nativitas
3532 4262 3816 4322 subsistat.

2233 4337 2283 4392 bi
2321 4337 2464 4391 enim
2513 4334 2829 4392 substituerit
2876 4336 3099 4392 ocrimle
3147 4346 3267 4392 est.
3299 4350 3363 4392 ac
3413 4335 3816 4392 subsistentem

2233 4337 2283 4464 I‘ili
2321 4337 2464 4419 enim
2513 4334 2829 4392 substituerit
2876 4334 3112 4408 perinde
3147 4346 3267 4402 est,
3299 4350 3363 4393 ac
3413 4335 3817 4394 subsistentem

2233 4434 2236 4459 :
2277 4418 2464 4463 8601‘”.

2206 4418 2440 4464 etlecerit
2451 4447 2464 4460 .

2277 4480 2355 4551 (i)
2403 4479 2514 4534 Sic.
2566 4494 2668 4535 ms.
2714 4477 2926 4534 Martio.
2970 4479 3072 4533 Alii
3103 4494 3232 4535 vero
3262 4478 3420 4542 libri,
3449 4476 3621 4534 Deum
3661 4479 3818 4550 fecit.

2209 4550 2686 4619 Nou’dispcusatio
2716 4550 2841 4604 fecit
2882 4561 3090 4620 patrem
3120 4568 3133 4605 :
3167 4552 3262 4607 sed
3294 4565 3442 4613 eum,
3474 4552 3562 4619 qui
3590 4550 3823 4609 ratione

2208 4622 2572 4695 generati-nis
2613 4630 2831 4695 aeterna:
2877 4629 3030 4692 pater
3066 4633 3219 4689 erat,
3265 4622 3528 4695 assutnpti
3572 4621 3825 4681 hominis

2210 4693 2493 4749 Dominum
2519 4694 2815 4757 constituit.

2280 4766 2355 4837 (g)
2390 4766 2623 4837 ltaimss.
2658 4764 2776 4818 Vat.
2813 4765 2951 4830 bas.,
2976 4765 3213 4833 Martin.,
3235 4780 3373 4837 unus
3403 4764 3556 4822 Colb.
3585 4774 3645 4820 et
3674 4766 3826 4837 alter

2211 4836 2444 4893 Sorhon.
2470 4836 2526 4890 In
2556 4836 2699 4903 aliis,
2732 4837 2882 4890 salvo
2907 4851 3102 4901 sen~u,
3134 4836 3402 4893 omittitur
3429 4838 3654 4892 verbum
3690 4836 3821 4895 Dei.

2209 4911 2292 4980 At
2310 4908 2665 4980 plurisgrefert
2699 4908 3007 4976 praecedens
3036 4924 3137 4963 vox
3170 4908 3344 4977 Deus,
3393 4924 3511 4980 qu-.c
3554 4908 3611 4963 in
3662 4911 3827 4980 prius

2210 4979 2439 5051 vulgatis
2465 4978 2670 5034 deerat.

2285 5048 2363 5122 (ti)
2392 5050 2480 5104 Sic
2500 5064 2690 5122 omnes
2716 5064 2846 5122 mss.
2879 5065 2974 5119 per
2996 5050 3405 5108 ilellenismum.
3435 5052 3503 5108 At
3528 5050 3687 5122 editi,
3715 5071 3829 5111 non

2212 5120 2479 5193 possumus
2506 5120 2628 5193 nisi,
2660 5120 2870 5193 sublato
2901 5137 3023 5175 non.

2281 5191 2344 5262 (i)
2376 5192 2596 5262 Ariani.
2628 5199 2685 5245 ut
2710 5206 2777 5246 ex
2806 5191 3104 5262 Augustino
3134 5193 3228 5249 lib.
3262 5210 3299 5249 ιι
3327 5205 3474 5250 cont.
3527 5193 3827 5254 Maximin.

2208 5279 2258 5319 c.
2278 5261 2366 5327 i6,
2385 5280 2438 5316 ιι.
2471 5265 2522 5325 1,
2546 5261 2827 5326 discimus,
2857 5261 3256 5320 centendebaut
3283 5267 3397 5322 lttec
3420 5265 3623 5322 Christi
3644 5269 3830 5325 verba

2209 5334 2263 5407 in
2295 5335 2528 5407 formam
2561 5334 2701 5390 servi
2731 5336 3024 5391 convenire
3070 5353 3176 5393 non
3224 5352 3399 5406 posse.
3451 5336 3576 5392 llaec
3613 5340 3778 5397 enim
3810 5384 3829 5407 ,

2209 5405 2451 5480 aiebant,
2481 5405 2614 5461 dixit
2640 5417 2762 5480 post
2783 5405 3231 5480 resurrectionem
3257 5427 3269 5463 :
3296 5414 3441 5480 atqui
3473 5420 3599 5464 tune
3626 5405 3828 5469 forma

2212 5479 2353 5532 servi
2384 5492 2488 5551 non
2510 5478 2740 5546 amplius
2764 5487 2900 5546 erat,
2934 5478 3030 5534 sed
3060 5495 3280 5551 prorsus
3304 5478 3619 5549 consumpta
3658 5482 3828 5538 defe-

2198 5557 2348 5603 cerat
2401 5548 2563 5618 Quasi
2598 5566 2746 5617 vero,
2781 5552 2992 5618 reponit
3022 5548 3354 5624 A‘ugustiuus
3375 5597 3388 5616 ,
3422 5548 3644 5624 formam
3675 5557 3827 5611 servi

2194 5633 2562 5695 resurrectione
2601 5625 3000 5693 consumpserit,
3047 5642 3106 5677 ac
3152 5642 3256 5680 non
3305 5627 3476 5695 potius
3525 5624 3579 5678 in
3617 5628 3825 5695 melius

2189 5694 2574 5817 :o‘tuntutaverit
2599 5708 2618 5747 :
2647 5695 2794 5764 quasi
2829 5710 2931 5749 non
2972 5699 3169 5767 forma,
3198 5693 3316 5769 qua
3353 5698 3521 5753 accisa
3547 5705 3652 5762 est,
3695 5693 3825 5769 ipsa

2220 5774 2447 5817 evtxerit.

2220 5774 2447 5819 ευιξειιτιι.
