4094 6180
291 292 373 352 409

1449 284 1536 342 DE
1577 283 1948 345 TRINITATE
1990 285 2195 344 LIBER
2233 288 2325 344 XI.

3421 289 3529 346 M0

289 408 386 483 quin
409 411 535 477 pater
551 400 724 458 sibiut
742 398 952 457 caeteris
974 399 1046 457 sit
1072 413 1141 456 ex
1160 412 1223 457 ea
1246 404 1396 470 parte
1416 414 1519 469 qua
1536 398 1700 455 homo
1724 405 1827 469 est,
1857 399 1913 463 Α
1935 407 2054 456 est:
2084 408 2235 471 pater
2276 399 2420 457 enim
2450 408 2534 456 est
2579 398 2647 456 ad
2692 400 2770 469 id,
2800 400 2944 472 quod
2987 400 3043 458 in
3091 400 3357 474 principio
3385 403 3527 474 apud

287 511 330 559 ct
344 501 458 556 Dens
474 493 565 551 sibi
586 501 643 550 ut
663 493 869 551 cunctis
888 494 960 549 sit
977 507 1042 550 ex
1058 506 1121 549 ea
1136 501 1321 549 natura
1348 507 1452 564 qua
1481 507 1670 549 servus
1718 501 1823 548 est.

343 593 413 649 i5.
448 588 504 644 In
529 604 587 643 ea
609 587 744 641 dixit
772 590 941 658 forma
964 602 1067 657 qua
1094 603 1187 641 nos
1218 595 1361 641 uocat
1406 586 1614 656 fratres.
1674 584 1825 641 Citri-

284 697 369 743 stus
385 696 519 755 quare
553 682 837 735 vermis.»
867 679 1112 749 Denique
1144 679 1288 734 hunc
1312 678 1563 734 eumdem
1610 693 1822 734 sermo-

282 794 377 836 nem
414 772 701 845 liujusmodi
729 770 1084 842 professionis
1115 770 1281 842 coepit
1309 769 1558 837 exordio,
1614 771 1688 825 ita
1733 770 1818 825 di-

282 884 420 927 cens:
455 864 589 919 Vade
634 872 799 919 autem
847 863 917 918 ad
970 863 1158 933 fratres
1205 879 1364 930 meos,
1414 873 1463 917 et
1508 862 1645 919 dices
1692 862 1820 931 illis,

282 958 497 1019 Adscme
520 957 589 1012 ad
612 968 809 1028 patrem
833 973 1001 1011 meum
1024 967 1074 1012 ct
1097 957 1166 1012 ad
1192 966 1392 1030 patrem
1419 965 1666 1025 vestrum,
1691 965 1737 1011 et
1756 956 1824 1011 ad

280 1053 408 1110 Deum
438 1066 596 1104 meum
619 1059 669 1103 et
690 1048 758 1104 ad
783 1047 951 1103 Deum
991 1058 1216 1105 uestrum
1268 1047 1446 1122 (Joan.
1523 1064 1614 1113 xx,
1694 1049 1808 1120 l7).

278 1147 330 1205 Et
365 1159 527 1217 qumro
575 1159 735 1213 nunc,
811 1143 1010 1200 fratres
1101 1143 1149 1199 ei
1215 1143 1509 1202 secundum
1591 1141 1820 1198 formam

284 1241 371 1307 Dei,
394 1254 521 1294 anne
572 1237 870 1295 secundum
916 1237 1142 1293 formam
1171 1237 1313 1293 servi
1335 1251 1458 1293 esse
1488 1234 1824 1307 intelligendi

274 1333 355 1388 sint
386 1349 399 1385 :
435 1329 735 1402 habeatque
799 1330 1019 1402 aliquod
1081 1328 1147 1384 ad
1199 1343 1320 1385 eum
1370 1328 1666 1383 secundum
1708 1327 1822 1398 ple-

272 1424 521 1481 nitudinem
572 1423 861 1479 habitantis
925 1424 977 1478 in
1027 1437 1093 1479 eo
1146 1421 1440 1478 divinitatis
1489 1420 1567 1492 (i)
1598 1419 1673 1493 (a)
1706 1435 1826 1477 cor-

274 1518 438 1591 poratio
494 1528 681 1573 nostra
721 1518 1079 1581 consortium,
1119 1526 1180 1572 ttt
1238 1516 1292 1572 in
1337 1517 1530 1571 fratres
1560 1515 1611 1571 ei
1652 1514 1718 1570 ad
1770 1514 1822 1570 id

269 1613 376 1682 quod
401 1611 541 1668 Deus
563 1620 645 1667 est
686 1610 1048 1681 deputamur?
1079 1609 1188 1667 Sed
1237 1625 1345 1665 non
1380 1610 1590 1679 ignorat
1611 1619 1667 1664 et
1698 1625 1823 1679 pro-

270 1705 467 1777 pheticus
497 1705 719 1775 spiritus
742 1747 757 1770 ,
789 1704 1064 1775 unigenito
1113 1704 1225 1758 Deo
1268 1718 1370 1774 qua
1419 1717 1484 1757 ex
1532 1711 1686 1773 parte
1715 1702 1823 1757 sint

1927 493 2099 550 Deum
2130 501 2251 550 erat
2268 493 2411 550 Deus
2440 493 2696 551 Verbum.
2724 494 2833 551 Sed
2854 509 2975 551 cum
3004 494 3236 552 Verbum
3259 511 3390 553 caro
3412 495 3526 553 fac-

1928 596 2038 643 tum
2062 595 2173 654 est;
2206 598 2386 644 manet
2410 600 2464 644 et
2491 589 2545 645 in
2576 588 2736 645 Verbi
2779 589 2875 647 Dei
2902 590 3207 657 nativitate,
3231 598 3287 647 et
3314 591 3366 646 in
3399 605 3523 648 car-

1927 679 2011 735 nis
2037 679 2422 735 constitutione
2444 680 2585 751 quod
2618 689 2769 751 pater
2809 690 2912 738 est.
2964 681 3126 738 Pater
3167 682 3311 738 enim
3341 684 3521 741 omnis

1926 774 2107 830 carnis
2137 784 2218 830 est
2242 775 2418 842 Deus;
2446 774 2541 831 sed
2572 789 2677 830 non
2707 774 3001 831 secundum
3032 774 3174 847 quod
3208 775 3384 831 Verbo
3410 777 3520 832 Deo

1926 878 2081 937 pater
2106 875 2207 923 est.
2240 866 2476 923 Verbum
2504 876 2682 923 autem
2733 868 2894 933 Deus,
2925 883 3100 940 neque
3138 868 3378 925 Verbum
3406 883 3528 926 esse

1925 960 2106 1028 desiit,
2140 976 2316 1032 neque
2337 975 2463 1017 caro
2492 977 2596 1016 non
2627 960 2745 1016 fuit.
2779 959 2912 1015 Nam
2948 959 3207 1026 Verbum,
3232 960 3376 1031 quod
3397 975 3526 1017 caro

1928 1053 2125 1110 factum
2168 1065 2247 1110 est
2272 1062 2327 1110 et
2366 1054 2620 1110 habitavit
2646 1054 2698 1109 in
2730 1053 2908 1120 nobis,
2954 1068 3127 1124 neque
3157 1052 3285 1108 dum
3311 1053 3521 1109 habitat

1929 1164 2036 1204 non
2059 1164 2183 1205 vere
2214 1148 2448 1204 Verbum
2494 1157 2598 1215 est,
2646 1163 2821 1218 neque
2847 1147 2973 1202 dum
3020 1147 3258 1202 Verbum
3286 1161 3414 1203 caro
3441 1154 3527 1203 est

1927 1258 2034 1299 non
2062 1258 2191 1300 vere
2221 1244 2360 1298 Deus
2393 1243 2556 1297 homo
2577 1249 2699 1297 est:
2728 1242 2851 1313 quia
2881 1249 2936 1298 et
2963 1241 3228 1304 habitare,
3268 1242 3388 1310 ejus
3428 1226 3525 1296 ne;

1926 1350 2080 1392 cesse
2107 1335 2177 1390 sit
2201 1349 2323 1391 esse
2351 1334 2441 1405 qui
2491 1342 2743 1399 maneat;
2795 1340 2849 1389 et
2872 1346 3091 1388 carnem
3125 1331 3265 1399 ﬁeri,
3299 1331 3416 1402 ejus
3443 1331 3525 1387 in-

1929 1428 2277 1500 telligendum
2304 1429 2373 1483 sit
2396 1443 2517 1485 esse
2546 1428 2636 1499 qui
2678 1428 2937 1483 nascitur.
2974 1428 3036 1482 Et
3063 1427 3208 1498 quod
3259 1427 3314 1482 iu
3364 1425 3521 1483 nobis

1928 1522 2154 1588 habitat,
2184 1532 2383 1578 nostrae
2408 1520 2587 1578 carnis
2615 1520 2913 1592 assumptio
2930 1530 3013 1576 est
3037 1539 3050 1574 :
3075 1519 3197 1592 quia
3225 1519 3312 1591 (ά)
3345 1534 3442 1591 per
3471 1518 3523 1574 id

1927 1615 2067 1685 quod
2092 1615 2143 1670 in
2172 1616 2329 1670 nobis
2360 1615 2563 1670 habitat
2585 1614 2826 1670 Verbum
2850 1628 2979 1669 caro
3023 1613 3243 1679 factum,
3278 1613 3418 1669 Deus
3442 1620 3527 1669 est

1927 1709 1979 1764 in
2010 1708 2176 1764 nostri
2208 1708 2453 1778 corporis
2497 1706 2659 1780 385
2687 1707 2933 1761 veritate.
2984 1705 3040 1761 Si
3087 1705 3252 1775 igitur
3279 1714 3524 1759 naturam

268 1796 456 1854 fratres:
491 1797 605 1853 haec
635 1799 780 1853 enim
812 1812 916 1852 nou
960 1807 1066 1852 tam
1092 1796 1254 1851 homo
1300 1811 1460 1867 quam
1503 1797 1701 1852 vermis
1731 1797 1813 1849 lo-

1936 1802 2154 1859 letrahit
2186 1802 2297 1856 Deo
2322 1800 2496 1856 Verbo
2528 1800 2689 1854 homo
2712 1798 3007 1854 secundum
3035 1811 3253 1852 carnem
3275 1794 3524 1851 Christus

268 1899 383 1946 cutus
402 1900 509 1958 est,
564 1889 808 1946 Narrabo
831 1907 1015 1945 nomen
1044 1902 1187 1945 tuum
1211 1889 1456 1960 fratribus
1480 1891 1603 1944 meis
1645 1888 1816 1963 (Psal.

268 1997 347 2048 xu,
370 1983 485 2053 23).
514 1983 580 2038 Et
604 1982 719 2037 haec
747 1984 969 2048 vermis,
1005 1983 1090 2037 vel
1125 1997 1229 2036 non
1259 1997 1327 2037 ex
1372 1992 1635 2052 conceptu
1661 1996 1819 2035 com-

266 2079 466 2134 muniqu
497 2076 666 2151 384
691 2078 958 2151 originum
1006 2078 1211 2145 vivens,
1241 2077 1323 2132 vel
1352 2093 1382 2132 e
1414 2076 1694 2149 profundis
1718 2086 1825 2132 ter-

266 2187 320 2228 ra:
340 2172 483 2228 vivus
510 2188 815 2244 emergens,
848 2173 916 2228 ad
957 2173 1415 2243 significationem
1449 2181 1740 2241 assumptio
1771 2178 1826 2226 et

266 2264 517 2321 vivificatre
544 2280 642 2336 per
688 2280 749 2321 se
778 2266 943 2322 etiam
976 2265 1050 2339 (ὁ)
1082 2280 1148 2321 ex
1195 2264 1412 2321 inferno
1457 2265 1665 2332 carnis,
1702 2279 1827 2335 pro-

264 2358 404 2415 fessus
431 2368 551 2416 est:
582 2368 804 2430 totoque
855 2361 906 2414 iu
936 2361 1144 2429 psalmo
1184 2358 1452 2429 passionis
1498 2374 1609 2414 suae
1647 2371 1828 2412 sacra-

265 2461 410 2508 menta
441 2452 753 2523 prophetico
782 2453 972 2523 spiritu
1018 2452 1367 2523 praelocutus,
1397 2468 1462 2507 ex
1509 2467 1570 2508 ea
1603 2465 1828 2507 necesse

265 2556 322 2602 est
343 2547 534 2603 fratres
564 2546 1206 2616 habeatdispensatione,
1240 2562 1341 2617 qua
1372 2560 1564 2616 passus
1592 2554 1695 2601 est.
1723 2543 1828 2599 No-

264 2642 318 2699 vit
355 2652 753 2699 sacramentum
800 2643 852 2697 iu
911 2657 978 2699 eo
1029 2642 1253 2697 fratrum
1307 2642 1467 2697 etiam
1541 2640 1830 2711 Apostolus

267 2734 416 2807 (Rom.
444 2751 558 2803 vui,
588 2735 707 2804 29),
752 2744 808 2790 ut
852 2733 1270 2807 primogenitum
1315 2749 1437 2788 eum
1479 2749 1545 2788 ex
1576 2731 1829 2797 mortuis,

265 2828 315 2884 ita
338 2829 748 2900 primogenitum
777 2829 829 2883 in
873 2827 1056 2882 multis
1089 2826 1349 2881 fratribus
1379 2825 1705 2897 praedicans.
1730 2823 1831 2879 Se-

264 2922 469 2979 cundum
494 2922 547 2978 id
577 2937 709 2992 ergo
738 2929 821 2979 est
848 2922 901 2977 in
928 2920 1114 2976 multis
1141 2919 1398 2975 fratribus
1419 2919 1831 2990 primogenitus,

263 3015 527 3073 secundum
556 3015 701 3088 quod
727 3025 807 3070 est
832 3013 1221 3084 primogenitus
1245 3027 1310 3068 ex
1337 3011 1599 3079 mortuis;
1632 3020 1833 3067 etcum

262 3117 629 3164 sacramentum
681 3106 947 3163 mni-iisin
997 3120 1227 3176 corpore
1274 3104 1384 3168 sit,
1435 3115 1834 3159 sacramentum

1928 1894 2110 1961 .lcsus,
2141 1894 2222 1949 vel
2250 1907 2355 1948 non
2388 1891 2683 1949 secundum
2709 1900 3107 1947 sacramentum
3140 1889 3357 1960 pietatis
3383 1888 3529 1945 Deus

1929 1986 2168 2043 Verbum
2199 1986 2360 2041 homo
2382 1986 2625 2042 Christus
2654 1984 2809 2041 Jesus
2836 1992 2956 2049 est;
2991 1983 3062 2037 sit
3081 1984 3134 2038 in
3165 1990 3371 2037 natura:
3397 1996 3528 2038 con-

1934 2080 2227 2147 tumeliam,
2262 2079 2400 2150 quod
2431 2079 2483 2135 ei
2511 2079 2806 2135 secundum
2858 2093 2956 2134 nos
2999 2088 3053 2134 et
3078 2077 3239 2132 Pater
3268 2085 3441 2147 pater,
3474 2083 3532 2132 et

1934 2176 2075 2232 Deus
2103 2175 2246 2230 Deus
2272 2182 2374 2230 est.
2407 2173 2560 2242 Quod
2587 2173 2630 2228 si
2658 2174 2801 2228 Deus
2827 2171 3067 2227 Verbum
3095 2172 3257 2227 homo
3280 2168 3530 2227 Christus

1933 2269 2086 2326 Jesus
2118 2270 2259 2326 Deus
2310 2268 2547 2324 Verbum
2587 2282 2711 2323 esse
2762 2281 2869 2323 non
2918 2266 3161 2332 destitit;
3216 2266 3528 2321 communio

1934 2364 2092 2420 nobis
2118 2374 2171 2419 et
2195 2364 2268 2419 illi
2296 2363 2360 2418 ad
2390 2374 2594 2433 patrem
2620 2371 2675 2418 et
2702 2362 2870 2418 Deum
2903 2376 2967 2418 ex
2995 2376 3056 2416 ea
3083 2368 3290 2416 tantum
3322 2366 3405 2415 est
3433 2373 3531 2413 na-

1937 2469 2076 2525 tura,
2128 2460 2328 2532 (e)qua
2380 2458 2545 2513 frater
2580 2465 2706 2513 est:
2735 2457 2859 2528 quia
2909 2456 3167 2510 miscendo
3211 2453 3280 2508 ad
3326 2461 3520 2524 patrem

1933 2568 2104 2607 meum
2128 2562 2174 2606 et
2218 2551 2288 2605 ad
2328 2562 2520 2621 patrem
2550 2561 2793 2615 vestrum,
2820 2559 2866 2603 et
2895 2548 2964 2601 ad
2990 2546 3157 2601 Deum
3200 2563 3370 2600 nteant
3392 2555 3439 2600 et
3464 2545 3531 2599 ad

1938 2643 2103 2699 Deum
2150 2654 2390 2711 vestrum,
2438 2658 2544 2699 non
2580 2657 2673 2712 per
2705 2641 2778 2710 id,
2829 2639 2970 2711 quod
3021 2638 3334 2710 unigenitus
3386 2639 3531 2693 Deus

1940 2739 2175 2795 Verbum
2215 2746 2319 2803 est,
2367 2736 2463 2793 sed
2498 2752 2591 2806 per
2618 2734 2693 2802 id,
2717 2731 2860 2804 quod
2895 2729 3129 2787 Verbum
3177 2745 3304 2785 caro
3331 2729 3531 2787 factum

1937 2844 2038 2902 est,
2073 2834 2144 2889 sit
2180 2830 2439 2888 fratribus
2468 2830 2791 2886 nuntiatum.

2011 2927 2098 2983 i7.
2121 2926 2328 2983 Christo
2352 2933 2406 2979 ut
2443 2922 2608 2979 Verbo
2632 2923 2719 2994 qui
2745 2929 2891 2993 pater
2905 2927 3004 2987 esf,
3028 2927 3074 2974 et
3096 2927 3153 2972 ut
3172 2916 3297 2973 Iesu
3323 2926 3370 2973 et
3394 2932 3538 2974 servo

1940 3024 2084 3080 Deus
2113 3033 2283 3078 est.—
2303 3019 2419 3076 Non
2443 3019 2670 3074 incautis
2698 3025 2876 3072 autem
2907 3029 3081 3085 neque
3105 3013 3170 3068 ad
3195 3014 3535 3069 occasionem

1939 3116 2233 3188 impietatis
2254 3113 2479 3169 incertis
2497 3109 2979 3182 significationibus
3004 3122 3183 3163 sermo
3206 3105 3540 3175 apostolicus

263 3216 450 3271 quoque
470 3199 818 3256 fraternitatis
860 3199 911 3254 in
943 3214 1106 3255 carne
1157 3206 1260 3253 est.
1309 3195 1525 3252 Fratres
1556 3197 1735 3266 itaque
1767 3212 1831 3252 ex

1942 3209 2197 3281 loquitur.
2228 3206 2299 3264 Ut
2328 3220 2470 3261 nunc
2497 3202 2839 3274 Evangelista
2868 3201 3069 3256 dictum
3102 3198 3312 3254 Domini
3343 3213 3371 3250 a
3404 3211 3534 3267 pro-

262 3309 403 3352 carne
426 3307 546 3350 sunt
575 3294 722 3360 Deo;
752 3292 875 3363 quia
904 3302 959 3348 et
989 3291 1227 3348 Verbum
1257 3305 1385 3346 caro
1417 3291 1613 3346 factum
1641 3299 1747 3354 est,
1778 3300 1835 3345 et

264 3385 568 3444 babitavitin
599 3386 756 3442 nobis
782 3404 796 3442 :
825 3395 1086 3441 caeterum
1108 3385 1419 3455 unigenitus
1443 3383 1603 3450 Deus,
1635 3383 1688 3439 in
1713 3384 1835 3440 uui-

264 3482 408 3552 κοπίιί
425 3482 763 3552 exceptione,
792 3479 909 3535 sine
936 3478 1194 3534 fratribus
1216 3486 1318 3534 est.

329 3575 404 3632 16.
444 3575 577 3631 Deus
606 3585 653 3629 et
696 3575 911 3645 propria
942 3584 989 3629 et
1016 3574 1279 3628 communi
1320 3574 1518 3629 ratione
1543 3574 1735 3630 Christi
1762 3584 1836 3630 est

264 3660 411 3743 pater.
439 3698 507 3711 --
534 3669 655 3741 Ipse
681 3677 882 3733 autem,
919 3667 1284 3723 universitatis
1313 3677 1511 3724 nostra:
1541 3669 1595 3723 in
1619 3684 1679 3724 se
1705 3684 1837 3724 cou-

267 3766 421 3823 tinens
444 3782 504 3823 ex
533 3766 715 3823 carnis
735 3764 1109 3835 assumptione
1132 3773 1400 3829 naturam,
1426 3772 1545 3820 erat
1565 3763 1709 3836 quod
1739 3778 1836 3821 nos

266 3873 449 3926 sumus,
478 3876 651 3931 neque
675 3858 932 3915 amiserat
955 3872 1078 3913 esse
1107 3857 1248 3928 quod
1291 3865 1600 3924 manserat;
1635 3857 1839 3913 habens

271 3967 329 4009 ex
370 3955 632 4010 nativitate
683 3951 760 4025 (ε)
811 3964 958 4020 ιυηο,
1012 3961 1068 4008 οι
1120 3967 1186 4007 ex
1239 3950 1626 4007 constitutione
1673 3967 1834 4020 nunc,

272 4045 414 4103 Deum
441 4058 665 4120 patrem.
701 4045 1005 4103 Secundum
1038 4045 1482 4102 constitutionem
1515 4060 1678 4111 nunc,
1712 4047 1835 4117 quia

274 4153 327 4194 ex
352 4149 487 4210 patre
516 4141 626 4197 Deo
649 4142 852 4197 omnia.
886 4139 1148 4195 Omnibus
1192 4139 1338 4194 enim
1367 4139 1509 4193 Deus
1549 4147 1704 4210 pater
1729 4150 1837 4207 est,

276 4229 380 4287 dum
404 4250 469 4290 ex
492 4248 557 4290 eo
582 4244 636 4289 et
678 4234 729 4289 in
757 4248 823 4289 eo
848 4231 1028 4288 omnia
1059 4240 1203 4287 sunt.
1240 4231 1345 4287 Sed
1398 4232 1675 4302 unigenito
1707 4232 1834 4301 Deo,

277 4325 377 4398 quia
401 4326 633 4384 Verbum
665 4340 792 4383 caro
817 4326 1013 4382 factum
1040 4334 1144 4396 est,
1177 4340 1283 4381 non
1308 4324 1434 4382 hinc
1455 4333 1660 4381 tantum
1692 4336 1841 4396 pater

325 4441 390 4515 (i)
415 4442 705 4516 Corruptio.

1939 3300 2178 3358 fessioue
2204 3298 2430 3354 fratrum
2463 3297 2755 3367 incipiens,
2786 3295 2951 3350 totius
2986 3292 3112 3348 dicti
3147 3289 3536 3360 professionem

1940 3392 2007 3449 ad
2042 3393 2155 3464 ejus
2180 3400 2386 3447 naturae
2412 3389 2741 3445 consortium
2767 3387 2984 3451 docuit,
3023 3383 3100 3458 (Γ)
3132 3399 3200 3439 ex
3239 3398 3342 3455 qua
3374 3380 3539 3437 frater

1941 3497 2025 3543 est
2045 3529 2059 3553 ,
2089 3486 2383 3557 pertinere,
2416 3484 2539 3556 quia
2570 3496 2751 3540 sermo
2778 3489 2861 3536 cst
2888 3466 3192 3535 destinatus
3216 3479 3282 3534 ad
3306 3476 3537 3532 fratres:

1942 3596 2010 3636 ne
2048 3579 2114 3634 ad
2149 3577 2446 3634 divinitatis
2484 3573 2867 3632 contumeliam
2907 3580 3268 3642 reputarctur,
3290 3567 3443 3639 quod
3470 3565 3539 3622 ad

1942 3681 2341 3730 sacramentum
2375 3669 2589 3740 pictatis
2626 3665 3049 3738 praedicabatur;
3079 3679 3200 3718 cum
3232 3660 3541 3717 couununio

1941 3764 2009 3821 ad
2035 3781 2158 3821 eum
2191 3772 2373 3819 nostra
2394 3803 2408 3828 ,
2440 3776 2541 3834 qua
2572 3770 2721 3831 pater
2749 3760 2904 3815 nobis
2946 3769 3001 3813 et
3029 3757 3130 3811 sibi
3166 3763 3317 3826 pater
3346 3761 3459 3818 est,
3485 3762 3542 3808 et

1942 3859 2085 3915 Deus
2115 3858 2271 3913 nobis
2296 3866 2351 3911 et
2381 3856 2482 3911 sibi
2522 3855 2665 3910 Deus
2692 3862 2806 3918 est,
2843 3849 3141 3907 secundum
3181 3845 3540 3918 dispensatio-

1943 3952 2265 4008 uetncaruis
2307 3950 2621 4013 exsisteret,
2656 3947 2907 4003 fratribus
2950 3944 3107 4000 nobis
3147 3943 3214 3998 ad
3249 3957 3372 3998 eum
3403 3941 3541 3996 nati-

1942 4044 2106 4100 vitate
2122 4043 2366 4115 corporis
2378 4041 2717 4113 deputandis.
2741 4039 2911 4095 Nemo
2928 4038 3087 4109 igitur
3107 4035 3345 4107 ambigit,
3366 4034 3537 4090 Deum

1946 4150 2149 4210 patrem
2181 4152 2304 4193 esse
2328 4130 2491 4193 etiam
2522 4137 2692 4191 Deum
2715 4132 2928 4189 Domini
2951 4131 3119 4187 nostri
3145 4129 3273 4186 Jesu
3301 4126 3537 4183 Christi:

1942 4232 2038 4288 sed
2070 4231 2185 4286 haec
2214 4230 2298 4300 pia
2325 4238 2506 4284 nostra
2550 4226 2813 4298 professio
2842 4241 2946 4280 non
2980 4232 3129 4296 patet
3153 4222 3220 4276 ad
3248 4219 3542 4291 impietatis

1943 4326 2305 4383 occasionem.
2342 4325 2480 4381 Deus
2510 4322 2627 4395 ejus
2667 4329 2751 4379 est
2781 4338 2793 4375 :
2830 4334 2935 4375 non
2984 4317 3216 4385 idcirco,
3247 4323 3306 4371 ut
3343 4312 3541 4370 diversi

334 4536 399 4605 (a)
430 4536 561 4592 Editi
583 4550 704 4592 cum
737 4534 980 4604 pluribus
1007 4532 1240 4605 scriptis,
1274 4533 1556 4601 corruptio.
1590 4530 1839 4605 Atrctori-
1865 4537 1919 4597 D
1943 4532 2166 4586 cundum
2213 4532 2649 4605 constitutionem,
2698 4531 2821 4605 quia
2861 4545 2958 4605 ea:_
2973 4527 3128 4605 Patre
3174 4525 3284 4583 Deo
3327 4525 3496 4580 omnia
3526 4541 3540 4578 :

276 4602 364 4662 tate
378 4602 496 4663 mss.
516 4602 889 4676 optirnasiiottc
904 4602 1136 4672 Marum,
1153 4604 1330 4672 Colb.,
1352 4605 1561 4673 Remig.
1586 4602 1834 4658 ethrm.

278 4680 578 4746 praeferimus
598 4679 889 4746 corporalia
910 4694 927 4732 :
953 4692 1073 4733 (tum
1095 4692 1196 4731 vox
1217 4693 1280 4730 ex
1302 4676 1531 4731 adverso
1551 4677 1840 4743 opponitur

276 4749 458 4876 spirit'tts
483 4745 761 4817 vocabulo,
790 4764 896 4821 quo
918 4758 1163 4804 naturam
1189 4748 1426 4803 divinam
1448 4747 1586 4801 solet
1609 4745 1838 4801 Hilarius

276 4832 390 4876 Stilut
411 4836 570 4876 tcare.

276 4824 570 4878 significare.

348 4834 513 4876 uilicat’
556 4864 570 4877 .

316 4834 403 4965 ἧι)
430 4838 556 4949 ΙΙΙιιῗΙ
583 4893 896 4965 exinferno,
930 4906 1034 4947 non
1064 4891 1133 4945 ad
1164 4888 1482 4945 vocabulum
1513 4891 1713 4965 curuis,
1742 4886 1837 4965 sed

274 4963 331 5033 ad
377 4960 459 5032 per
489 4981 541 5019 se
588 4960 933 5033 referendum
985 4971 1100 5027 est;
1136 4971 1192 5016 ιιι
1214 4975 1319 5015 nou
1343 4975 1493 5026 caro,
1524 4960 1619 5033 sed
1645 4961 1759 5033 ipse
1783 4960 1833 5012 in

275 5028 461 5091 inferno
488 5036 665 5091 fuerit.
698 5034 765 5091 Ut
790 5030 932 5089 enim
964 5034 1190 5104 legimus
1217 5032 1309 5087 lib.
1346 5048 1397 5091 χ,
1434 5049 1488 5104 tt.
1520 5030 1590 5087 65
1620 5049 1632 5085 :
1667 5028 1839 5104 Num-

273 5107 377 5172 quid
404 5107 716 5163 descendisse
743 5106 812 5160 ad
855 5100 1045 5176 inferos
1082 5121 1298 5174 corpus,
1345 5102 1484 5172 quod
1517 5105 1571 5156 in
1604 5100 1837 5176 sepulcro

265 5178 427 5247 jacuit,
461 5180 654 5233 dicetur
675 5179 701 5233 .9
720 5180 891 5233 Antea
911 5173 1079 5231 voces
1110 5173 1199 5245 per
1220 5192 1274 5229 se
1296 5190 1403 5247 non
1427 5175 1598 5247 lllllllls
1623 5173 1690 5227 ad
1714 5187 1836 5247 ver-

272 5242 381 5320 bunt
410 5242 681 5320 assumpta:
728 5250 1028 5320 pertinent,
1078 5242 1235 5317 quam
1269 5246 1351 5320 ad
1402 5246 1686 5320 viviﬁcataz.
1713 5242 1839 5297 Ideo

273 5318 399 5375 enim
428 5319 671 5376 Christus
700 5317 896 5376 vermis
936 5320 1148 5381 dicitur,
1190 5318 1312 5388 quia
1360 5332 1487 5388 caro
1520 5317 1685 5388 ipsius
1717 5328 1839 5382 pro-

276 5390 373 5460 pria
393 5393 583 5448 virtute
602 5394 669 5446 de
687 5392 892 5460 virgine
916 5386 1339 5460 concepta,'ipso
1362 5402 1427 5443 ex
1451 5386 1639 5443 inferis
1664 5400 1840 5441 emer-

274 5472 418 5536 gente
437 5465 655 5536 ipropria
681 5466 843 5519 etiam
873 5463 1069 5536 virtute
1094 5464 1360 5518 vivificata
1387 5470 1489 5516 est.

337 5534 402 5607 (ο)
430 5534 591 5603 Editi,
620 5547 847 5607 excepto
876 5534 1029 5601 Bad.,
1060 5545 1180 5607 tunc
1203 5543 1400 5604 patrem
1417 5540 1615 5586 tantum
1629 5547 1693 5586 ea:
1712 5547 1837 5585 con-

272 5606 513 5662 stitutione
540 5623 559 5661 :
604 5618 714 5662 tum
753 5606 844 5662 Er.
879 5623 1016 5660 nunc
1056 5606 1220 5660 Deum
1247 5615 1295 5660 et
1327 5613 1523 5670 patrem
1553 5615 1751 5657 tantum
1779 5619 1844 5657 ea:

276 5679 799 5751 constitutioaehnunc
824 5676 1013 5751 Deum,
1054 5680 1175 5749 quia
1220 5674 1415 5751 expet)
1446 5686 1592 5745 patre
1631 5676 1799 5728 omnia
1823 5690 1842 5729 :

278 5746 652 5869 gitissnltlatis
680 5751 951 5823 prioribus
991 5746 1168 5805 Verbis
1210 5746 1452 5818 retinuit.
1473 5754 1681 5799 tantutu
1711 5757 1843 5811 nunc

326 5834 430 5869 eum
452 5819 569 5869 auia
598 5837 662 5869 em
691 5811 799 5869 Dea
828 5830 972 5869 natre
1001 5813 1170 5869 omnia
1201 5835 1220 5869 :
1255 5821 1375 5869 itit".
1408 5835 1543 5869 nunc
1578 5816 1738 5869 Detttlt
1764 5826 1843 5869 se.

326 5811 430 5876 eum
452 5819 569 5893 quia
598 5837 662 5879 ea;
681 5811 799 5879 'Dco
828 5816 972 5892 patre
1001 5813 1170 5878 omnia
1201 5835 1220 5875 :
1255 5811 1375 5875 [οι-ι
1408 5813 1543 5874 nunc
1578 5816 1738 5873 Deutit
1764 5826 1844 5872 se.

1945 4605 2097 4658 valde
2146 4604 2488 4674 perturbate,
2536 4613 2591 4657 et
2638 4602 2881 4657 coiifuse.
2916 4601 3252 4674 Emenilatur
3296 4612 3363 4652 ex
3409 4610 3539 4674 mss.

1943 4674 2068 4730 Vult
2113 4666 2275 4744 porro
2329 4666 2582 4734 llilarius.
2617 4673 2887 4727 Chrisuut
2934 4671 3184 4726 habuisse
3229 4679 3374 4728 tunc,
3419 4666 3538 4726 scil,

1943 4759 2067 4801 ante
2091 4761 2250 4816 quam
2272 4759 2398 4800 caro
2423 4744 2598 4816 fieret,
2626 4760 2690 4797 ex
2722 4744 3025 4816 nativitatc,
3054 4755 3213 4812 quem
3248 4752 3389 4792 nunc
3413 4750 3543 4816 care

1941 4807 2199 4872 factusex
2228 4814 2614 4869 constitutione
2642 4814 2818 4869 carnis
2838 4813 2995 4866 habet
3025 4807 3157 4865 nova
3189 4820 3243 4864 et
3263 4807 3538 4863 communi

1943 4890 2224 4944 nobiscum
2256 4887 2464 4940 ratione
2506 4886 2674 4940 Deum
2718 4894 2945 4954 patrem.
2976 4881 3327 4954 Paulo‘aliter
3354 4880 3405 4932 in
3435 4893 3538 4933 ms.

1945 4960 2061 5014 Vat.
2095 4960 2211 5013 bas.
2245 4959 2322 5012 sic
2354 4958 2531 5025 legere
2562 4967 2665 5020 est,
2697 4952 2884 5009 habeas
2913 4969 2976 5007 ea:
3010 4952 3274 5025 natiuitate
3298 4962 3418 5004 tunc
3447 4965 3542 5019 pa-

1943 5040 2069 5086 trem
2104 5039 2334 5091 lantum,
2367 5021 2432 5082 ea?
2456 5027 2816 5081 constitutione
2845 5041 2978 5079 nunc
3009 5021 3176 5078 Deum
3216 5032 3263 5077 et
3300 5030 3498 5094 pnfrent
3522 5035 3541 5094 ς

1945 5112 2142 5156 tantum
2190 5118 2253 5156 ea:
2296 5090 2655 5154 constitutione
2684 5113 2819 5150 nunc
2847 5094 3044 5160 Deum,
3090 5095 3233 5167 quia,
3284 5090 3414 5154 etc.,
3449 5090 3541 5145 ubi

1944 5183 2275 5243 postremum
2308 5172 2605 5225 membrqu
2652 5168 3143 5243 uouniltilpugnat
3171 5182 3290 5243 ctuti
3341 5176 3538 5243 prince-

1942 5233 2107 5301 dente
2133 5263 2145 5299 :
2176 5244 2314 5300 sicut
2339 5253 2388 5297 et
2414 5243 2641 5312 primum
2668 5256 2789 5294 cum
2812 5233 2991 5295 verbis
3018 5233 3165 5292 num.
3199 5236 3406 5312 δίδη-ιιὺί
3428 5233 3539 5304 jam

1942 5316 2248 5371 audivimus
2277 5306 2553 5384 unigenito
2585 5312 2694 5367 Deo
2733 5321 2855 5366 ante
2885 5326 3100 5366 carnem
3130 5323 3251 5365 esse
3292 5306 3460 5361 Deum
3489 5315 3542 5359 ct

1943 5398 2153 5462 patrem
2182 5386 2474 5442 nativitatis
2503 5399 2637 5439 suat.

2013 5484 2099 5557 (ά)
2144 5485 2223 5557 Ita
2258 5498 2370 5557 ms.
2415 5480 2485 5536 At
2512 5480 2665 5557 editi,
2693 5494 2783 5552 per
2811 5474 2864 5530 id
2891 5475 2941 5529 iu
2973 5474 3140 5541 nobis,
3169 5486 3290 5526 mox
3322 5468 3540 5542 prmlixa

1946 5548 2207 5630 particula
2232 5555 2356 5609 dum
2376 5564 2501 5609 ante
2528 5549 2669 5605 Deus
2693 5548 2798 5604 est.
3579 5548 3587 5555 '

2017 5653 2091 5724 (e)
2116 5652 2240 5709 Vat.
2271 5650 2386 5705 bas.
2414 5656 2471 5704 et
2498 5646 2699 5716 aliquot
2726 5645 2814 5699 alii
2843 5657 2970 5696 mss.
3015 5656 3114 5710 qua
3136 5639 3286 5693 [tanta
3310 5647 3405 5693 est.

1948 5815 1956 5823 ,
2115 5745 2172 5802 1η
2198 5742 2447 5816 vulgatis,
2472 5756 2533 5798 ea:
2552 5754 2674 5813 quo.
2704 5737 2923 5796 [lectius
2946 5741 3001 5793 in
3026 5748 3156 5793 mss.
3183 5750 3247 5792 ex
3276 5750 3397 5807 qua.
3421 5731 3542 5791 scil.

1947 5824 2157 5876 natura;
