4094 6180
265 268 362 325 “3

1491 272 1579 333 ne
1620 270 1990 343 rerum":
2033 273 2237 347 LIBER
2276 278 2369 336 χι.

3446 285 3552 341 4H

330 385 415 453 19.
442 382 525 451 De
556 382 719 443 Verbo
737 383 873 451 idem
894 382 1087 443 dictum
1107 387 1279 459 nequit
1298 386 1859 458 intelligi.Cuataulla
1884 392 1933 452 A
1960 391 2032 448 ob
2071 407 2233 464 quam
2278 410 2309 453 a
2350 396 2464 453 Deo
2511 412 2613 455 suo
2654 413 2764 469 prae
2810 398 3164 471 participibus
3216 400 3460 469 ungitur;
3505 412 3561 459 et

260 481 395 536 illius
424 481 489 541 sit
516 495 695 545 σακία.
725 474 854 537 Cum
882 487 1068 543 unctus
1092 480 1158 539 sit
1187 490 1372 537 natura
1399 476 1563 549 Deus.
1586 509 1659 521 —
1680 478 1854 537 Crete-

259 588 373 645 ruin
403 586 528 637 cum
560 572 612 627 in
641 570 907 643 principio
926 570 1067 643 apud
1087 570 1257 635 Deum
1282 580 1400 631 erat
1425 572 1569 631 Deus
1593 571 1849 637 Verbum,

256 684 358 725 non
382 667 549 733 habet
564 666 725 735 ullam
755 674 849 725 aut
877 680 1095 733 causam
1124 673 1219 724 aut
1245 666 1641 733 enarrationem
1663 664 1737 739 (α)
1759 681 1855 727 na-

254 772 390 831 tura:
439 761 559 832 ejus
601 760 814 828 unctio,
864 775 985 831 quae
1031 760 1163 817 nihil
1208 761 1354 818 aliud
1411 777 1571 832 quam
1613 777 1736 822 esse
1797 762 1851 817 in

252 855 526 929 principio
572 855 872 919 nuntiatur.
903 853 1089 923 Neque
1134 854 1323 913 habuit
1347 869 1479 917 sane
1508 854 1590 927 (ι)
1620 854 1854 927 ungendi

249 964 311 1009 se
352 964 453 1017 per
480 947 732 1018 spiritum
765 953 820 1003 et
846 945 1099 1001 virtutem
1133 945 1638 1029 Dei‘necessitatctn
1673 947 1850 1001 Deus:

248 1043 340 1113 qui
370 1041 469 1101 Dei
495 1050 551 1103 et
572 1039 808 1110 Spiritus
826 1048 971 1099 esset
996 1050 1052 1095 et
1075 1038 1281 1097 Virtus.
1304 1037 1535 1110 Ungitnr
1557 1054 1689 1110 ergo
1711 1038 1853 1095 Deus

246 1150 280 1193 a
306 1134 427 1193 Deo
446 1147 546 1189 suo
571 1146 687 1204 pra:
710 1131 1055 1189 consortibus
1080 1131 1215 1186 suis.
1246 1129 1316 1186 Et
1344 1131 1389 1186 si
1422 1138 1548 1186 ante
1575 1130 1855 1199 dispensa-

247 1225 454 1287 tionem
481 1224 664 1282 carnis
698 1224 884 1294 plures
922 1238 991 1279 ex
1021 1224 1141 1294 lege
1178 1230 1306 1279 sunt
1343 1221 1578 1288 Christi;
1606 1221 1854 1279 Christus

245 1333 415 1389 nunc,
447 1318 538 1390 qui
565 1331 679 1389 pra
706 1316 1056 1388 participibus
1076 1316 1316 1387 ungitur,
1344 1315 1613 1385 posterior
1639 1316 1694 1369 in
1717 1324 1852 1371 tem-

243 1428 380 1486 pore
398 1421 507 1487 est,
530 1412 661 1483 dum
684 1411 862 1475 unctis
886 1411 1234 1482 participibus
1255 1409 1579 1467 antefertur.
1609 1410 1853 1480 Denique

240 1505 336 1562 ille
378 1503 683 1579 prophetiae
720 1518 904 1567 sermo
932 1502 1294 1577 posteriorem
1320 1504 1628 1565 unctionem
1677 1504 1848 1571 hanc,

239 1614 364 1671 qua:
394 1599 451 1657 in
479 1607 725 1667 temnere
749 1606 917 1666 esset,
952 1596 1189 1655 ostendit
1212 1595 1399 1657 dicens
1426 1615 1441 1655 :
1469 1594 1713 1667 Diteeisti
1730 1600 1852 1671 jus-

238 1692 444 1756 titiam,
475 1700 523 1745 et
548 1689 704 1757 odisti
729 1689 1079 1756 iniquitatem;
1108 1698 1379 1761 propterea
1405 1690 1552 1747 unxit
1573 1698 1652 1757 te,
1685 1687 1846 1756 Deus,

1958 494 2271 555 prOpterea,
2324 489 2447 559 quia
2491 490 2757 560 justitiam
2804 491 3056 549 dilexerit
3102 502 3151 549 et
3210 492 3555 565 iniquitatem

1956 581 2161 649 oderit,
2210 594 2438 653 tingatur
2468 605 2482 641 ;
2514 600 2613 642 cur
2656 587 2934 657 propheta:
2977 603 3159 644 sermo
3190 604 3294 645 non
3326 592 3392 644 ad
3434 604 3555 646 eam

1955 669 2155 733 Christi
2186 684 2431 737 naturam
2462 677 2771 746 pertinebit,
2804 678 2857 734 in
2886 693 2987 749 qua
3031 679 3082 737 ci
3121 687 3250 739 sunt
3286 696 3353 737 ex
3379 683 3558 741 carnis

1954 765 2327 836 assumptione
2373 768 2705 840 participes?
2733 784 2856 829 cum
2886 771 3182 840 praesertim
3220 771 3291 829 ita
3323 770 3553 843 δεῖνι-ου

1955 858 2152 930 ιιιιειίω
2186 859 2422 930 Spiritus
2474 863 2890 931 temperaverit,
2932 873 2989 919 ιιι
3036 862 3162 921 dum
3198 864 3338 923 Deus
3379 878 3411 921 a
3443 862 3554 921 Deo

1955 964 2058 1009 Suo
2089 952 2327 1022 ungitur,
2356 954 2425 1011 sit
2445 954 2496 1014 ei
2524 955 2656 1011 etin
2683 952 3085 1024 dispensatione
3117 955 3387 1013 unctionis
3408 957 3552 1026 quod

1957 1043 2102 1101 Deus
2123 1058 2252 1105 suus
2270 1055 2374 1113 est,
2396 1055 2452 1107 et
2478 1047 2531 1103 in
2561 1057 2750 1107 natura
2778 1046 2917 1115 quod
2939 1044 3083 1105 Deus
3098 1056 3200 1103 est.
3229 1048 3370 1105 Deus
3392 1049 3555 1118 igitur

1958 1134 2178 1206 ungitur
2209 1152 2223 1193 ε
2264 1136 2361 1199 sed
2388 1152 2578 1208 quarto
2619 1153 2686 1195 an
2716 1136 2767 1193 id
2788 1179 2801 1202 ,
2830 1136 2974 1206 quod
3017 1137 3070 1195 in
3102 1138 3367 1208 principio
3413 1140 3553 1201 Deus

1956 1240 2073 1289 erat
2102 1227 2374 1299 Verbum,
2406 1241 2628 1291 unctum
2658 1230 2777 1286 sit?
2805 1228 2921 1289 Non
2963 1230 3175 1300 utique;
3212 1246 3335 1291 natu
3374 1243 3554 1301 poste-

1955 1327 2066 1383 rior
2092 1327 2206 1387 Deo
2233 1330 2413 1385 unctio
2441 1337 2544 1386 est.
2590 1328 2805 1389 Etcum
2842 1342 2949 1383 non
2979 1342 3042 1383 ea
3078 1326 3236 1385 Verbi
3264 1328 3514 1387 ostii-itas
3534 1370 3549 1396 ,

1954 1422 2096 1493 quod
2120 1422 2173 1483 in
2197 1423 2461 1493 principio
2480 1421 2622 1493 apud
2652 1423 2817 1481 Deum
2838 1420 2980 1481 Deus
3002 1429 3141 1486 erat,
3165 1420 3247 1491 (tt)
3270 1430 3427 1481 uncta
3450 1423 3548 1488 sit;

1954 1514 2007 1573 id
2040 1516 2091 1576 in
2124 1515 2238 1573 Deo
2266 1529 2490 1575 necesse
2518 1524 2603 1575 est
2628 1524 2879 1585 ungatur.
2913 1512 3055 1583 quod
3088 1513 3357 1582 pOSlerius
3391 1513 3463 1571 sit
3499 1515 3551 1569 in

1954 1605 2356 1675 dispensatione
2384 1622 2488 1677 qua
2522 1606 2660 1664 Deus
2689 1615 2792 1664 est.
2823 1606 2890 1660 Et
2929 1620 3051 1661 cum
3084 1604 3226 1665 Deus
3254 1621 3281 1661 a
3314 1604 3426 1660 Deo
3454 1620 3552 1667 suo

1952 1701 2200 1773 ungitur;
2230 1699 2281 1755 id
2311 1700 2546 1779 ungitur,
2567 1699 2825 1770 quidquid
2842 1698 2911 1755 ab
2932 1713 2999 1757 eo
3024 1698 3076 1761 in
3097 1699 3357 1770 mysterio
3373 1700 3553 1761 carnis

236 1779 384 1838 Deus
416 1791 534 1849 tuus
558 1781 670 1853 nico
692 1781 1050 1849 exsultationis
1075 1796 1184 1851 prta
1203 1781 1524 1841 consortibus
1543 1782 1642 1837 tuis
1665 1781 1842 1855 (Psat.
1877 1792 1922 1855 Β
1948 1793 2145 1851 servile
2170 1800 2480 1862 smmum
2513 1800 2615 1849 est,

236 1893 385 1943 sur,
436 1876 517 1951 8).
567 1874 922 1947 Consequens
965 1885 1021 1935 et
1055 1877 1326 1949 posterior
1353 1891 1515 1941 causa
1550 1892 1840 1949 numquam

235 1970 476 2031 refertur
491 1977 552 2027 ut
570 1970 721 2043 prior
744 1970 817 2027 sit
841 1987 855 2024 :
889 1971 1010 2041 quia
1042 1971 1304 2039 inertiisse
1330 1971 1553 2043 aliquid,
1577 1973 1845 2042 posterius

235 2074 340 2137 est,
372 2079 537 2140 quam
568 2078 693 2131 esse
733 2063 823 2137 qui
858 2065 1025 2133 possit
1058 2064 1277 2125 mereri.
1310 2063 1500 2121 Μετετὶ
1540 2066 1683 2123 enim
1725 2066 1844 2136 ejus

236 2168 355 2226 est,
388 2157 482 2237 qui
527 2156 630 2225 sibi
660 2156 761 2228 ipsi
793 2156 973 2225 meriti
1014 2157 1331 2227 acquirendi
1367 2167 1553 2217 auctor
1593 2158 1839 2223 exsistat.

238 2253 296 2313 Si
322 2253 494 2327 igitur
519 2251 782 2323 nativitati
809 2250 1071 2324 unigeuiii
1096 2251 1195 2323 Dei
1224 2251 1533 2315 unctionem
1564 2250 1845 2323 deputabi-

231 2366 381 2423 ωηεν
414 2364 539 2426 ilum
559 2347 745 2411 unctio
767 2348 1108 2421 obirneritum
1140 2347 1353 2405 dilectae
1377 2346 1599 2419 iustitiae
1626 2355 1684 2402 et
1711 2362 1839 2423 per-

233 2461 348 2509 osae
430 2444 732 2521 iniquitatis
778 2442 982 2515 indulta
1037 2443 1143 2508 sit;
1199 2451 1485 2512 provectus
1526 2443 1706 2517 potius
1746 2456 1845 2512 per

234 2539 553 2609 unctionem
592 2536 904 2613 unigenitus
933 2536 1097 2610 Deus,
1130 2549 1291 2611 quam
1320 2534 1536 2605 genitus
1580 2534 1846 2605 intellige-

234 2640 325 2697 tur
352 2649 368 2686 :
398 2630 621 2707 jamque
650 2644 744 2703 per
779 2631 1114 2699 incrementa
1143 2639 1198 2684 et
1223 2627 1497 2696 proiectus
1527 2627 1671 2687 Deus
1711 2642 1844 2683 con-

230 2720 617 2793 summahitur,
648 2721 741 2791 qui
761 2736 869 2791 non
902 2729 1063 2777 natus
1084 2720 1226 2777 Deus
1256 2720 1349 2785 sit,
1370 2719 1468 2777 sed
1493 2718 1547 2775 in
1574 2719 1746 2779 Deum
1772 2718 1844 2777 sit

232 2823 435 2883 unctus
459 2828 527 2881 ex
553 2811 783 2885 nterim;
816 2810 999 2887 etiam
1023 2826 1120 2882 per
1140 2824 1356 2869 causam
1381 2810 1483 2866 erit
1511 2811 1655 2867 Deus
1689 2808 1845 2865 Chri-

234 2917 381 2977 stus,
408 2913 462 2969 et
496 2919 604 2959 non
626 2905 804 2975 omnis
828 2918 993 2975 catISa
1022 2918 1118 2975 per
1141 2902 1310 2958 Deum
1339 2899 1732 2966 Christum..Et
1754 2899 1842 2971 ubi

233 2998 368 3059 illud
385 2996 629 3069 Apostoli
653 2996 760 3065 erit
776 3015 789 3055 :
818 2996 1002 3067 anin
1025 2994 1295 3077 perm
1313 2995 1556 3068 ipsumet
1576 2994 1627 3055 in
1643 2994 1777 3066 ipso,
1796 3001 1845 3063 et

238 3093 351 3164 ipse
392 3099 465 3163 est
495 3100 614 3153 ante
627 3099 889 3161 omnes,pt
914 3089 1086 3159 omnia
1101 3088 1200 3157 ipsi
1220 3097 1455 3153 constant
1480 3082 1700 3159 (Coloss.
1719 3101 1759 3151 ι,
1780 3084 1845 3141 16

2016 1885 2107 1939 20.
2144 1882 2405 1949 Quatenus
2454 1882 2596 1937 nobis
2635 1882 2700 1945 sit
2740 1898 2857 1941 cum
2897 1879 3100 1939 Christo
3137 1882 3449 1939 comniunio.
3480 1912 3551 1924 --

1944 1974 2118 2041 Nemo
2143 1976 2304 2045 igitur
2333 1988 2543 2045 magna:
2564 1974 2779 2044 pietatis
2807 1983 3231 2042 sacramentum.
3260 1975 3405 2053 quod
3437 1991 3550 2029 ma-

1945 2068 2257 2133 nifestatum
2299 2069 2351 2133 in
2388 2082 2553 2133 carne
2581 2075 2696 2133 est,
2733 2081 2895 2133 sensu
2925 2066 3089 2136 impio
3124 2066 3320 2134 violet,
3362 2082 3462 2123 nec
3489 2082 3550 2125 se

1945 2161 2228 2233 quisquam
2260 2158 2549 2230 Unigenito
2580 2174 2675 2230 per
2698 2159 3050 2227 substantiam
3079 2158 3375 2219 divinitatis
3396 2174 3548 2219 exm-

1945 2264 2093 2326 quet.
2134 2255 2215 2312 Sit
2242 2253 2399 2319 nobis
2441 2255 2529 2319 illa
2566 2262 2623 2323 βι
2648 2253 2815 2313 frater
2852 2262 2908 2308 et
2943 2252 3213 2333 particeps
3249 2253 3543 2317 secundum

1945 2346 2090 2419 quod
2119 2346 2355 2417 Verbum
2385 2360 2513 2416 caro
2541 2344 2739 2415 iactum
2770 2344 3031 2409 habitavit
3057 2344 3108 2411 in
3136 2342 3325 2415 nobis,
3353 2358 3547 2403 secun-

1945 2442 2073 2511 dum
2098 2440 2242 2510 quod
2272 2439 2533 2513 Medininr
2559 2439 2658 2507 Dei
2687 2448 2849 2511 atque
2886 2437 3162 2507 hominum
3197 2438 3361 2499 homo
3387 2437 3547 2501 Iesus

1944 2533 2195 2593 Christus
2215 2542 2318 2591 est.
2347 2532 2431 2589 Sit
2451 2532 2607 2591 nobis
2629 2532 2924 2593 secundum
2952 2546 3142 2593 servos
3168 2539 3224 2601 et
3243 2530 3545 2591 communis

1944 2637 2099 2699 pater
2126 2635 2181 2683 et
2202 2628 2506 2695 communis
2538 2627 2679 2689 Deus
2709 2644 2722 2679 :
2755 2634 2814 2682 et
2844 2641 2952 2701 pro:
2975 2625 3334 2697 participibus
3356 2635 3547 2681 unctus

1944 2721 2016 2779 sit
2045 2722 2098 2778 in
2145 2736 2209 2779 ea
2255 2730 2479 2788 natura,
2524 2735 2647 2774 cum
2698 2718 2977 2790 privilegio
3021 2718 3148 2775 licet
3191 2728 3413 2783 unctus,
3443 2733 3547 2789 qua

1947 2813 2236 2886 participes
2275 2821 2570 2882 unguntur.
2604 2812 2686 2869 Sit
2721 2810 2776 2866 in
2812 2810 3118 2877 Mediatoris
3166 2817 3543 2877 sacramento,

1943 2904 2111 2987 389
2141 2912 2198 2959 ut
2236 2901 2399 2958 homo
2443 2917 2636 2970 verus,
2666 2903 2736 2958 ita
2763 2911 2818 2959 et
2846 2901 2991 2963 Deus
3020 2916 3202 2972 verus,
3248 2902 3389 2969 Deus
3428 2901 3547 2971 ipse

1947 3012 2012 3052 ex
2062 2994 2212 3069 Deo,
2264 3010 2609 3056 communem
2663 2996 2943 3067 nobiscum
2990 2994 3197 3063 habens
3248 3004 3451 3068 patrem
3493 3005 3550 3051 et

1950 3090 2120 3151 Deum
2148 3089 2201 3159 in
2232 3104 2294 3155 ea
2326 3090 2710 3161 communione
2735 3104 2839 3161 qna
2866 3087 3032 3146 frater
3056 3098 3163 3151 est.

234 3195 280 3241 et
314 3185 459 3257 i7)?
488 3185 633 3241 Deus
661 3182 809 3257 enim
852 3184 1115 3255 Dominus
1140 3181 1298 3241 Jesus
1328 3180 1605 3248 Christus,
1638 3196 1744 3247 non
1776 3181 1846 3236 ob
1873 3185 1920 3251 C
2021 3183 2114 3253 21.
2157 3182 2444 3256 Subjertio,
2473 3184 2618 3258 regni
2647 3183 2873 3249 traditio,
2898 3193 2944 3245 et
2971 3183 3090 3259 ﬁnis
3119 3181 3447 3251 obiiciuntur.
3475 3210 3548 3222 —

229 3281 443 3355 aliqua,
476 3294 653 3353 neque
703 3294 799 3351 per
826 3277 1003 3348 aliqua
1050 3277 1193 3343 Deus
1232 3284 1347 3343 est;
1378 3273 1475 3333 sed
1516 3274 1657 3331 Deus
1690 3284 1849 3347 natus

230 3385 336 3439 est.
369 3374 437 3431 Et
464 3373 553 3445 qui
584 3388 648 3430 ex
677 3370 1029 3445 generatione
1062 3369 1208 3437 Deus
1230 3375 1335 3443 est,
1367 3382 1474 3423 non
1507 3378 1627 3445 post
1655 3367 1849 3435 natiii-

234 3476 409 3529 tatem
434 3468 487 3520 in
522 3444 687 3533 Deum
718 3478 816 3537 per
840 3477 1060 3532 causam
1087 3462 1316 3534 proiecit
1347 3478 1359 3531 ς
1390 3460 1483 3525 sed
1510 3444 1563 3515 in
1590 3475 1676 3527 eo,
1702 3461 1845 3537 quod

232 3570 398 3619 natus
429 3568 543 3631 est,
575 3555 708 3629 nihil
749 3555 892 3617 aliud
922 3553 1001 3629 (b)
1043 3565 1124 3627 est
1152 3554 1449 3625 nascendo,
1494 3567 1654 3625 quam
1703 3552 1848 3625 Deus

232 3661 339 3707 est.
394 3649 531 3705 Cum
579 3666 707 3705 vero
755 3650 975 3720 ungitur
1020 3664 1088 3703 cx
1118 3662 1318 3714 causa;
1351 3661 1456 3702 nou
1486 3646 1551 3701 ad
1582 3646 1632 3701 id
1654 3688 1668 3710 .
1701 3646 1845 3717 quod

234 3748 580 3801 incremento
598 3759 705 3798 non
732 3754 876 3813 eget,
912 3743 985 3815 (c)
1013 3749 1224 3811 spectat
1244 3740 1516 3801 unctionis
1546 3739 1842 3811 profectus,

232 3838 330 3893 sed
347 3838 422 3891 ad
445 3837 521 3904 id,
544 3837 686 3908 quod
715 3852 809 3909 per
829 3835 1223 3890 incrementum
1244 3832 1570 3889 sacramenti
1599 3831 1846 3904 proiectu

234 3930 393 4002 eguit
414 3928 704 3995 unctionis,
730 3926 783 3985 id
810 3935 914 4003 est,
940 3934 999 4001 ut
1025 3941 1121 4011 per
1142 3926 1453 3997 unctionem
1477 3925 1845 3996 sanctificatus

238 4024 410 4078 homo
433 4031 618 4077 noster
645 4018 893 4077 Christus
919 4019 1229 4075 exsisteret.
1262 4017 1318 4074 Si
1347 4018 1510 4088 igitur
1538 4033 1682 4072 nunc
1710 4032 1847 4088 quo-

234 4132 344 4188 que
394 4131 493 4187 per
525 4114 840 4186 prophetam
871 4112 1015 4169 servi
1050 4110 1384 4184 dispensatio
1416 4109 1843 4183 demonstratur,

311 4256 367 4328 (i
432 4254 729 4325 Unguendi.
757 4253 847 4309 Sic
873 4262 925 4325 et
951 4251 1099 4307 alibi.
1130 4266 1296 4323 ungeo
1321 4265 1418 4322 pro
1447 4265 1607 4322 ungo.

304 4257 401 4400 (3;
439 4324 627 4384 Codex
653 4325 854 4399 vet-on.
897 4333 1203 4395 retractare,-
1233 4321 1312 4378 sic
1341 4321 1478 4378 intra
1509 4321 1607 4377 hab

1950 3277 2056 3334 Sed
2106 3278 2243 3347 forte
2290 3277 2553 3350 subjectio
2603 3278 2717 3344 illo,
2768 3277 3024 3351 regnique
3056 3276 3308 3345 traditio,
3352 3275 3549 3341 deinde

1951 3368 2111 3439 ﬁnis,
2143 3378 2238 3427 aut
2276 3381 2480 3433 natura:
2519 3370 2740 3429 abolitio
2769 3380 2855 3425 aut
2894 3371 3176 3440 potestatis
3201 3369 3430 3426 defeetio
3459 3378 3551 3431 aut

1951 3463 2242 3527 divinitatis
2291 3463 2573 3535 inﬁrmitas
2617 3465 2685 3525 sit
2717 3463 3083 3537 intelligenda.
3127 3463 3375 3537 Plerique
3404 3465 3546 3523 enim

1954 3558 2025 3621 ita
2057 3557 2130 3635 (ε)
2161 3558 2383 3631 volunt,
2414 3568 2473 3629 ιιι
2518 3567 2610 3627 aut
2655 3557 2780 3615 dum
2826 3557 3086 3629 subjectis
3138 3557 3391 3621 omnibus
3438 3556 3549 3623 Duo

1951 3651 2265 3721 subjicitur,
2317 3667 2412 3722 per
2454 3650 2819 3706 conditionem
2863 3650 3212 3720 subiectionis
3262 3652 3400 3705 Deus
3443 3665 3548 3706 non

1952 3744 2052 3809 sit;
2080 3755 2172 3798 aut
2214 3746 2340 3799 dum
2387 3759 2612 3814 regnum
2649 3743 2841 3807 tradit,
2877 3759 2982 3797 non
3028 3742 3099 3796 sit
3139 3743 3193 3796 in
3223 3756 3429 3812 regno;
3457 3751 3549 3795 aut

1950 3836 2077 3891 dum
2112 3836 2229 3890 linis
2258 3845 2359 3900 est,
2390 3835 2552 3892 ﬁnem
2581 3835 2697 3919 eius
2721 3835 2952 3907 deiectio
2984 3844 3367 3905 consequatur.

2021 3926 2110 3980 22.
2155 3926 2520 3997 Respondendi
2545 3926 2748 3983 modus.
2771 3957 2845 3967 —
2866 3925 3176 4001 Congruum
3221 3925 3398 4005 itaque
3429 3933 3509 3981 est
3529 3965 3545 3992 ,

1951 4034 2167 4076 onmem
2224 4019 2293 4092 (Γ)
2337 4036 2499 4091 super
2546 4020 2631 4076 his
2678 4022 2961 4091 apostolici
3011 4021 3279 4079 sermonis
3329 4034 3547 4079 senSum

1954 4109 2032 4183 (2)
2064 4119 2391 4184 pertractare
2420 4128 2432 4167 :
2465 4119 2524 4168 ut
2546 4112 2878 4187 singulorum
2911 4127 3251 4201 quorumque
3282 4111 3547 4183 dictorum

439 4318 627 4384 Codex
653 4325 854 4399 vet-on.
888 4322 1173 4395 retractare
1183 4318 1478 4390 {sic’intra
1509 4318 1674 4378 habes
1692 4363 1708 4391 ,
1754 4326 2129 4377 sacramentum
2149 4318 2402 4374 dictorum
2426 4321 2755 4392 prmentium
2774 4327 3126 4376 retractemus.

315 4464 411 4537 (ο)
436 4463 496 4537 in
528 4479 627 4537 ms.
658 4463 774 4518 bas.
795 4461 897 4517 Vat
926 4461 1207 4537 omittitur
1219 4476 1323 4516 vox
1361 4470 1579 4537 natura.
1612 4460 1843 4537 Prorsus
1873 4459 1921 4522 D
1947 4474 2062 4537 ran_.
2082 4457 2162 4537 ;si_
2180 4458 2413 4537 Eusebio
2432 4459 2658 4537 credere
2682 4459 2761 4516 fas
2781 4469 2863 4537 est
2882 4470 3069 4537 contra
3093 4460 3461 4537 eumdemlib.
3487 4480 3543 4532 ll,

231 4532 363 4595 curii
398 4535 521 4593 aliis
543 4536 695 4593 libris
721 4534 999 4604 retinenda
1028 4543 1131 4591 est.
1167 4532 1293 4604 liter.
1319 4534 1612 4604 opponitur
1638 4532 1847 4604 dispen-

231 4606 466 4690 satipnis
494 4600 771 4690 νιιεῑιψιιὴι³
800 4603 956 4690 ει.ἓᾲ
988 4600 1225 4688 Verbum
1255 4600 1424 4690 neut}:
1455 4600 1843 4690 ιςεῐεςιυιέίβιιέ

233 4676 435 4752 peritis
448 4697 504 4737 ιι.
523 4678 607 4749 il,
632 4668 847 4757 admisit
869 4672 1102 4751 ililarius
1120 4668 1339 4757 causam
1356 4672 1518 4731 Verbi
1535 4668 1845 4757 gignentum

231 4747 292 4808 et
316 4747 652 4819 manentem
685 4766 698 4802 :
747 4750 843 4819 hic
872 4747 1094 4816 tantum
1136 4747 1343 4815 respuit
1383 4747 1846 4819 prmexsistentem

228 4839 296 4883 ac
330 4812 695 4889 meritoriam.
746 4812 849 4889 Ubi
879 4812 1007 4876 seru
1046 4812 1399 4889 subjicit'nut'
1429 4816 1843 4882 enarrationem,

230 4882 473 5027 rezptigit
500 4894 552 4948 in
580 4889 709 4960 illud
748 4882 955 4979 Esaiae,
998 4882 1386 4959 Generationem
1411 4890 1522 4963 ejus
1548 4889 1661 4957 quis
1690 4904 1843 4951 enar-

230 4984 289 5023 ra
330 4984 349 5020 ι

227 4968 377 5023 rubis
409 4968 436 5020 7
843 4973 849 4979 ’

304 5056 403 5129 (ὁ)
434 5056 671 5129 Verbum
711 5063 815 5119 est,
848 5055 901 5109 in
935 5054 1165 5129 vulgatis
1206 5054 1502 5129 omissum,
1543 5052 1847 5129 restituitur

228 5122 479 5187 ex'niss.
512 5126 711 5183 Deinde
754 5143 909 5198 quam
929 5197 934 5198 ί
957 5122 1096 5181 Deus
1122 5136 1227 5193 est,
1270 5124 1321 5179 id
1352 5135 1469 5198 est,
1500 5138 1674 5198 quam
1700 5122 1846 5194 quod

230 5203 396 5277 Deis?
427 5211 577 5277 pater
602 5210 727 5277 est_:
753 5194 858 5277 nisi
889 5197 942 5253 id
982 5213 1142 5277 ornue
1185 5199 1259 5277 ita
1306 5195 1461 5277 malis
1508 5194 1841 5277 intelligere;

349 5264 571 5398 (iin'ipsa
603 5266 878 5341 nativitate
908 5284 1006 5324 sua
1030 5268 1221 5340 accipit
1255 5277 1312 5329 ut
1340 5265 1483 5335 Deus
1511 5264 1602 5337 sit,
1632 5264 1844 5333 etinibil

228 5363 255 5398 Β
285 5363 343 5398 ll]
403 5384 415 5396 .

227 5344 415 5401 aliud.

304 5417 394 5491 (ei
436 5412 491 5479 In
532 5413 765 5491 antiquis
791 5411 965 5489 libris,
990 5418 1267 5481 exspectat,
1297 5424 1448 5469 more
1486 5406 1729 5483 antiquo,
1748 5408 1845 5464 sed

226 5485 416 5544 setis-tt
441 5500 546 5541 non
574 5485 699 5541 alio.

286 5578 543 5709 μυξη
569 5594 704 5645 mss.
740 5578 812 5641 At
839 5577 993 5647 editi,
1023 5587 1178 5647 uncta
1201 5579 1266 5647 sit
1308 5578 1362 5633 in
1410 5575 1606 5649 Deum,
1650 5591 1849 5637 vacuasse

312 5696 330 5709 .
372 5668 409 5709 ε
470 5693 484 5705 .

286 5671 330 5720 t,
372 5671 484 5709 etc.

88 5784 93 5919 ε
226 5671 1304 5889 lamentantes;
1661 5741 1844 5890 an:

1948 4545 1996 4584 c.
2026 4528 2085 4595 4,
2113 4530 2231 4605 eius
2264 4526 2424 4586 verba
2468 4532 2547 4588 sic
2575 4532 2824 4588 referenti
2855 4551 2867 4586 :
2904 4532 3055 4605 Quod
3093 4534 3137 4587 si
3165 4534 3307 4605 regni
3346 4526 3551 4605 initium

1947 4592 2321 4674 accepit'liomo
2347 4613 2467 4657 ante
2491 4620 2651 4658 annos
2680 4592 3062 4668 nondanLOO,
3087 4592 3385 4673 completos,
3414 4604 3547 4659 nihil

1948 4683 2023 4728 est
2048 4673 2258 4746 absurdi
2288 4675 2333 4727 si
2365 4675 2641 4746 Apostolus
2669 4676 2881 4745 aﬂirmet
2900 4717 2913 4737 .
2948 4676 3092 4746 illum
3122 4678 3210 4737 qui
3247 4678 3439 4746 accepit
3467 4692 3549 4727 rr-

1947 4760 2107 4816 gnum
2135 4745 2284 4798 annis
2325 4744 2387 4798 ab
2413 4738 2549 4798 'Itinc
2590 4738 3044 4816 tamipancissimis
3075 4746 3289 4815 elapsis,
3340 4738 3547 4816 rursum

1947 4814 2270 4869 redditurum
2312 4830 2419 4869 esse
2458 4831 2671 4885 regnum
2702 4815 2831 4870 Deo.
2868 4816 2929 4870 Et
2963 4825 3081 4886 post
3115 4814 3277 4886 pauet
3306 4832 3319 4867 :
3357 4814 3547 4870 Omnia

1948 4888 2082 4942 enim
2106 4901 2221 4940 cum
2245 4895 2355 4954 post
2374 4883 2978 4959 judiciumsubjiciendti
2991 4887 3091 4959 sint
3117 4883 3341 4959 Christo,
3371 4902 3546 4957 quent-

1950 4958 2231 5012 admodum
2246 4952 2506 5011 ‘asseritur
2526 4956 2590 5010 ab
2616 4952 2882 5025 Apos'toio,
2918 4966 3023 5010 tum
3047 4957 3134 5011 ille
3154 4952 3450 5025 subjiciatur
3476 4961 3540 5024 ei,

1987 5030 2037 5082 ui
2081 5029 2180 5095 ipsi
2227 5028 2397 5081 onmia
2441 5029 2731 5097 supposuit.
2764 5029 3017 5093 Quocirca
3060 5044 3175 5081 cum
3218 5029 3545 5084 didicerimus

1987 5047 2036 5082 tu
2081 5046 2180 5095 ipsi
2227 5045 2397 5081 omma
2441 5045 2731 5097 supposuit.
2764 5045 3017 5093 Quocirca
3060 5045 3175 5081 cum
3218 5045 3543 5084 amiserimus

1950 5045 2229 5153 Zumanam
2255 5116 2490 5169 carnem,
2522 5112 2673 5169 quam
2702 5114 2794 5163 pro
2820 5097 2964 5152 nobis
2991 5100 3266 5168 assumpsit
3305 5098 3543 5165 Verbum,

1949 5181 2065 5226 ante
2094 5186 2255 5225 annos
2286 5168 2395 5224 ‘00
2424 5168 2558 5244 totos
2596 5184 2697 5225 non
2732 5171 3337 5244 assumptant_,_eamdem
3375 5172 3545 5244 ipsum

1947 5252 2256 5324 retenturum
2280 5243 2759 5324 cognoscique-rion
2786 5243 2922 5324 uitro
2933 5241 3125 5324 judicii
3153 5252 3349 5324 tempus
3371 5241 3423 5295 in
3452 5245 3544 5324 [ιι.-

1949 5323 2083 5367 turo.
2113 5312 2261 5367 Idem
2292 5312 2421 5369 ibid.
2453 5314 2599 5368 addit
2624 5314 2900 5371 Marcellus
2931 5312 2945 5365 ξ
2979 5312 3422 5380 Quemadmodum
3446 5312 3546 5366 ini-

1952 5386 2081 5438 tium
2106 5383 2280 5437 Itabuit
2321 5401 2464 5451 caro,
2499 5385 2572 5438 ita
2598 5386 2751 5456 ﬁnem
2795 5384 3081 5438 habituram
3112 5384 3313 5456 divinus
3343 5383 3545 5438 Paulus

1953 5457 2321 5524 pr'Onuntiauit.
2365 5455 2616 5527 Deinceps
2660 5458 2813 5525 linis,
2858 5472 2975 5510 cum
3022 5455 3286 5510 tradiderit
3332 5471 3545 5526 regnum

1950 5544 2102 5583 suum
2132 5528 2239 5581 Deo
2266 5537 2313 5582 et
2347 5527 2514 5582 Patri.
2551 5529 2700 5585 Hanc
2748 5539 2923 5583 tamen
2970 5527 3291 5582 sententiam
3332 5542 3396 5580 cx
3432 5541 3545 5595 ipsa

1954 5598 2170 5653 Eusebii
2199 5598 2538 5654 confessione
2567 5600 2694 5656 ibid.
2731 5615 2836 5655 non
2877 5600 2994 5653 sine
3033 5597 3372 5661 hzesitatione
3397 5612 3547 5654 a583-

1953 5670 2106 5726 rehat
2136 5670 2438 5727 Marcellus.

2017 5742 2261 5871 (figat.
2300 5745 2415 5801 bas.
2461 5742 2635 5805 codex
2670 5757 2795 5821 cum
2838 5740 3054 5809 Μθΐίίηυ
3081 5741 3393 5817 ωροτίθ-νίδ»
3437 5757 3549 5812 ⁸¹⁰¹ὶ

2017 5832 2099 5871 uer
2139 5832 2222 5871 88.
3540 5868 3545 5871 ’

1944 5832 2099 5891 super
2123 5831 2222 5874 ms.
