4106 6192
606 263 715 320 MS

1824 255 2069 313 SANCTI
2111 254 2368 313 illLARll
2406 253 2715 311 EI'ISCOPI

3804 253 3910 310 “ﬁ

608 376 821 435 ratione
841 375 1082 448 exposita
1097 372 1413 446 atquecdita
1439 415 1454 441 ,
1473 371 1796 429 sacramenti
1812 371 1974 428 totius
1986 385 2210 443 capaces
2237 373 2292 435 A
2315 371 2415 443 tige
2441 385 2557 442 qua:
2595 370 2738 437 dico,
2779 367 2919 423 dabit
2949 368 3083 422 enim
3112 367 3203 423 tibi
3247 365 3385 422 Deus
3412 367 3464 424 in
3490 368 3722 425 omnibus
3761 372 3914 427 intel—

613 484 711 542 per
751 467 829 543 (α)
876 465 1240 523 universitatis
1281 465 1687 536 intelligentiam
1735 465 2090 537 prmbeamur.
2123 465 2212 519 Ait

609 563 790 634 itaque
816 579 830 617 :
863 560 1120 627 Quoniam
1159 562 1293 614 enim
1323 576 1413 631 per
1449 561 1706 615 hominem
1733 576 1900 628 mors,
1929 569 1976 614 et
2004 575 2092 630 per
2122 559 2214 614 ho-

608 663 800 715 minem
835 658 1140 714 resurrectio
1167 659 1251 729 (1)
1295 666 1634 712 mortuorum.
1685 656 1950 723 Quomodo
1990 657 2124 710 enim
2159 657 2213 710 in

610 751 778 807 Adam
810 767 985 805 omnes
1011 750 1320 815 moriuntur,
1351 750 1423 805 sic
1447 760 1495 804 et
1521 751 1576 803 in
1599 748 1803 804 Christo
1832 765 2004 803 omnes
2037 748 2110 820 (b)
2142 748 2216 801 vi-

608 843 902 911 viﬁcantur.
927 841 1292 912 Unusquisque
1307 851 1476 895 autem
1498 842 1582 910 (‘2)
1599 842 1652 895 in
1669 857 1762 895 suo
1781 841 1980 908 ordine,
2003 838 2075 910 (c)
2108 839 2215 908 pri-

607 933 767 988 mitias
796 933 1052 996 Christus,
1084 933 1267 987 deinde
1309 934 1363 986 hi
1389 934 1476 1004 qui
1505 943 1620 988 sunt
1642 930 1833 987 Christi
1859 972 1874 999 ,
1907 931 1986 1005 (τι)
2031 933 2119 1002 qui
2162 933 2216 984 in

610 1027 832 1083 adventu
863 1031 973 1100 ejus
1002 1043 1022 1081 :
1052 1027 1234 1081 deinde
1261 1027 1401 1094 linis,
1435 1043 1551 1081 cum
1578 1026 1844 1080 tradiderit
1874 1041 2083 1097 regnum
2112 1024 2218 1078 Deo

615 1131 660 1176 et
687 1120 856 1188 Patri,
883 1137 1000 1174 cum
1021 1121 1337 1174 euacuaverit
1356 1137 1555 1174 omnem
1578 1119 1935 1190 magistratum
1954 1127 2003 1170 et
2022 1131 2220 1171 onmem

617 1222 938 1286 potestatem.
974 1211 1184 1284 Oportet
1225 1212 1360 1266 enim
1405 1212 1548 1266 illum
1586 1227 1832 1282 regnare,
1866 1211 2026 1264 donec
2064 1217 2222 1278 ponat

614 1324 788 1363 omnes
831 1308 1064 1362 inimicos
1089 1306 1181 1361 sub
1208 1307 1418 1376 pedibus
1446 1307 1569 1361 suis.
1595 1303 1734 1360 Deus
1757 1306 1888 1359 enim
1915 1304 2086 1358 omnia
2107 1302 2226 1358 sub-

609 1403 740 1474 jecit
783 1401 876 1457 sub
920 1400 1134 1474 pedibus
1174 1404 1307 1474 ejus.
1347 1399 1636 1456 Novissima
1678 1399 1886 1452 inimica
1917 1397 1987 1469 (ε)
2030 1397 2225 1451 devicta

627 1489 801 1552 est—ab
841 1510 900 1550 eo
929 1511 1087 1550 mors.
1117 1492 1244 1549 Cum
1273 1505 1443 1547 autem
1483 1494 1698 1557 dixerit,
1752 1491 1937 1545 Omnia
1990 1489 2222 1562 subjecta

627 1603 779 1655 sunt,
827 1589 1013 1658 absque
1059 1604 1117 1643 eo
1163 1588 1252 1658 qui
1283 1588 1359 1642 illi
1405 1586 1617 1658 subjecit
1647 1585 1838 1638 omnia.
1884 1581 1964 1653 (5)
1995 1584 2064 1654 (ι’)
2096 1581 2225 1634 Cum

615 1693 784 1738 autem
811 1681 1038 1753 subjecta
1064 1681 1254 1750 fuerint
1279 1680 1323 1733 ei
1348 1679 1541 1746 omnia,
1573 1689 1693 1732 tunc
1714 1679 1820 1750 ipse
1847 1677 2106 1748 subjectus
2131 1676 2227 1729 erit

2315 465 2501 518 lectum
2533 461 2599 534 (ll
2625 461 2761 517 Tim.
2793 476 2862 526 tt,
2893 459 2973 531 7).
3006 460 3323 516 Admonitio
3354 461 3687 534 intelligendi
3714 481 3779 520 ex
3806 463 3913 519 dif-

2316 556 2553 612 ﬁcultate
2595 555 2962 624 intelligentia:
3001 563 3104 610 est.
3157 552 3530 623 lntelligentia:
3559 569 3688 610 vero
3723 571 3752 610 a
3797 557 3912 613 Deo

2317 653 2538 715 donum,
2571 649 2693 704 ﬁdei
2729 663 2921 702 munus
2947 657 3059 712 est,
3097 661 3192 718 per
3221 662 3380 717 quam
3413 646 3697 703 inﬁrmitas
3726 665 3917 706 sensus

2318 745 2542 815 gratiam
2595 740 2940 796 revelationis
2996 750 3250 794 meretur.
3307 739 3364 794 Si
3427 755 3558 810 ergo
3604 740 3916 798 Timotheus

2319 834 2618 903 apostolico
2659 832 2970 887 testimonio
3016 831 3178 886 homo
3212 831 3303 886 Dei
3349 829 3408 904 (Ι
3439 830 3572 884 Tim.
3613 847 3694 898 γι,
3727 833 3835 902 Η),
3864 841 3920 889 et

2323 925 2592 998 legitimus
2639 925 2802 979 Paulo
2832 924 3127 980 secundum
3161 922 3318 977 ﬁdent
3353 922 3529 988 ﬁlius,
3578 933 3634 977 ut
3663 924 3920 995 intelligat

2322 1021 2663 1085 adtnonetur,
2697 1018 2818 1088 quia
2848 1017 2896 1072 ei
2931 1017 3191 1070 Dominus
3224 1015 3630 1085 intelligentiam
3664 1016 3714 1070 itt
3740 1017 3915 1072 omni-

2325 1112 2422 1166 bus
2453 1110 2524 1166 sit
2573 1109 2828 1174 daturus;
2863 1124 2962 1164 nos
3005 1122 3217 1178 quoque
3259 1107 3538 1162 admoneri
3569 1123 3664 1178 per
3690 1108 3921 1179 Aposto-

2327 1204 2434 1258 lum
2486 1203 2552 1259 ad
2604 1203 3011 1272 intelligentiam
3062 1202 3502 1268 meminerimus,
3543 1201 3777 1257 scientes
3821 1203 3925 1258 Do—

2326 1299 2530 1355 tninutn
2563 1297 2718 1352 nobis
2748 1297 3160 1367 intelligentiam
3188 1296 3428 1352 omnium
3457 1299 3837 1366 praestiturum.

2399 1394 2490 1448 Ἡ.
2537 1392 2658 1448 Non
2705 1394 2893 1459 pudeat
2941 1409 3152 1462 prauum
3198 1409 3403 1448 sensum
3444 1394 3652 1447 veritate
3693 1401 3927 1462 percepta

2329 1489 2611 1543 demutare.
2649 1517 2721 1529 —
2746 1487 2814 1542 Et
2839 1488 2885 1542 si
2930 1486 3068 1542 forte
3099 1486 3348 1540 humana:
3392 1485 3714 1541 conditionis
3746 1500 3930 1542 errore

2327 1590 2712 1654 praesumptum
2740 1580 2942 1651 aliquid
2974 1594 3135 1634 sensu
3165 1579 3488 1645 tenebimus,
3522 1579 3818 1648 profectum
3844 1579 3930 1634 itt-

2332 1674 2643 1744 telligentia:
2672 1688 2768 1743 per
2799 1672 3143 1728 revelationis
3172 1673 3396 1742 gratiam
3424 1687 3528 1727 non
3572 1686 3885 1728 recusemus
3913 1691 3926 1728 :

613 1775 730 1841 illi,
758 1775 842 1842 qui
889 1773 1102 1846 subjecit
1131 1772 1178 1826 ei
1223 1772 1428 1838 onmia,
1459 1781 1512 1824 ut
1543 1770 1607 1825 sit
1639 1767 1778 1823 Deus
1819 1769 1992 1822 omnia
2017 1768 2074 1822 in
2099 1783 2208 1820 om—
2235 1775 2283 1834 B
2311 1769 2388 1825 Ne
2419 1767 2486 1842 (i)
2519 1767 2852 1822 intellexisse
2902 1766 3102 1836 aliquid
3131 1765 3298 1820 semel
3341 1780 3439 1820 suo
3477 1780 3638 1820 sensu
3665 1765 3728 1820 ad
3759 1765 3810 1819 id
3843 1780 3933 1821 va-

615 1867 763 1922 nibus
791 1866 835 1937 (l
867 1865 989 1921 Cor.
1025 1882 1116 1931 xv,
1148 1864 1215 1920 21
1251 1874 1301 1919 et
1321 1865 1506 1936 seqq).

687 1959 781 2015 25.
827 1959 1076 2027 Quasdam
1121 1975 1228 2012 esse
1259 1975 1372 2028 qua:
1400 1959 1552 2013 homo
1583 1959 1751 2012 statim
1792 1973 1895 2012 non
1935 1955 2125 2028 capiat.
2154 1983 2225 1994 —

619 2053 935 2112 leestium
965 2053 1040 2126 (g)
1072 2052 1536 2123 dispensationem
1565 2067 1757 2107 arcana
1796 2050 2088 2121 Apostolus
2117 2064 2224 2103 non

622 2149 691 2203 ab
719 2147 1062 2213 hominibus,
1095 2163 1270 2218 neque
1300 2162 1395 2218 per
1444 2148 1748 2212 hominem,
1781 2145 1874 2200 sed
1909 2159 2003 2216 per
2040 2142 2224 2199 Jesum

623 2241 894 2297 Christum
934 2241 1141 2297 electus
1186 2241 1424 2310 gentium
1475 2239 1756 2311 magister,
1803 2249 2000 2311 quanta
2047 2246 2228 2311 p0test

625 2337 860 2395 absoluti
909 2338 1071 2411 390
1118 2337 1384 2392 sermonis
1427 2333 1819 2406 signiﬁcatione
1865 2335 2225 2391 demonstrat.

626 2433 694 2490 Et
734 2435 825 2506 qui
857 2433 1215 2489 inenarranda
1247 2447 1416 2502 usque
1445 2431 1511 2487 ad
1557 2432 1772 2488 tertium
1802 2433 1998 2488 caelum
2043 2442 2231 2502 raptus

624 2531 861 2586 audisset
883 2572 897 2596 ,
931 2546 992 2584 ca
1037 2537 1242 2583 tantum
1263 2570 1277 2593 ,
1308 2542 1535 2598 quorum
1578 2535 1768 2581 natura
1801 2525 2033 2580 humana
2063 2540 2230 2594 capax

625 2631 806 2686 esset,
852 2621 1038 2677 sensui
1089 2620 1338 2674 humana:
1379 2619 1747 2690 intelligentia:
1791 2619 2044 2674 rcvelavit
2081 2635 2094 2671 ε
2127 2632 2232 2673 non

626 2715 882 2785 ignorans
913 2724 1092 2768 tamen
1121 2713 1367 2783 quaedam
1401 2727 1506 2765 non
1534 2712 1715 2766 statim
1752 2725 1909 2780 posse
1942 2719 2104 2780 atque
2131 2726 2229 2762 att-

627 2808 848 2864 diuntur
879 2806 1127 2878 intelligi,
1153 2807 1278 2878 quia
1306 2807 1589 2860 inﬁrmitas
1623 2816 1805 2860 nostra
1836 2805 1919 2876 (l)
1950 2803 2028 2876 (h)
2054 2803 2232 2858 serius

629 2901 682 2956 in
718 2915 899 2956 verum
931 2907 1097 2970 atque
1123 2899 1426 2955 absolutum
1472 2898 1668 2954 mentis
1692 2899 1954 2968 judicium
1987 2913 2081 2964 ea,
2113 2913 2232 2968 quae

629 2994 682 3050 in
731 3009 892 3049 aures
937 2992 1477 3060 translunderentur,
1527 2994 1827 3064 acciperet;
1877 2990 2132 3063 longiore
2165 2993 2232 3048 ad

631 3087 994 3143 cunctandum
1041 3102 1191 3142 mora
1230 3088 1410 3142 sensui
1442 3087 1618 3155 potius
1643 3102 1800 3158 quam
1840 3087 2042 3140 auditui
2082 3087 2235 3142 dere-

631 3180 779 3244 licta,
810 3193 930 3234 cum
975 3187 1030 3233 et
1057 3178 1272 3234 audisse
1304 3179 1451 3233 vocis
1481 3180 1584 3244 sit,
1617 3187 1671 3232 et
1717 3179 2044 3234 intellexisse
2073 3181 2238 3233 ratio-

631 3273 747 3338 nis,
785 3271 896 3327 Dco
944 3281 1120 3327 tamen
1172 3271 1541 3342 intelligentia:
1570 3271 1778 3340 cupidis
1824 3272 2232 3343 intelligentiam

633 3363 933 3418 revelante.
966 3362 1209 3432 Namque
1253 3363 1318 3417 ad
1344 3363 1685 3418 'l‘itnOtheutn
1725 3378 1819 3432 per
1858 3364 1993 3418 avia:
2023 3380 2084 3419 ac
2123 3381 2235 3420 ma-

635 3455 732 3510 tris
758 3454 1048 3526 gloriosam
1092 3454 1250 3509 lidem
1283 3454 1453 3510 sacris
1480 3455 1548 3509 ab
1585 3453 1805 3509 infantia
1847 3455 2039 3511 litteris
2077 3456 2232 3522 insti-

634 3557 805 3606 tutum
847 3550 1092 3612 scribens
1125 3548 1350 3620 plurima
1370 3591 1385 3616 ,
1420 3549 1522 3606 hoc
1551 3565 1765 3622 quoque
1791 3550 1996 3608 addidit
2027 3571 2040 3607 :
2073 3551 2236 3608 Intel-

632 3743 633 3748 η
702 3711 784 3780 (i)
825 3711 943 3768 Non
970 3720 1148 3768 exstat
1173 3719 1515 3766 mortuorum.

726 3785 783 3852 2)
825 3785 992 3840 Abest
1017 3785 1090 3838 in.

728 3855 784 3926 5)
825 3855 951 3910 Haec
981 3869 1194 3909 rursum
1219 3853 1414 3910 desunt
1439 3855 1491 3910 in
1523 3853 1708 3910 codice
1735 3863 1941 3910 nostro.

731 3929 786 3996 τι)
823 3927 985 3980 Aliter
1011 3927 1064 3981 in
1086 3941 1281 3980 verum.

727 3999 782 4070 5)
822 3997 884 4055 Si
906 3999 1013 4070 qui.

701 4135 782 4204 (a)
822 4134 878 4189 In
910 4132 1163 4205 vulgatis,
1192 4133 1436 4186 ueritatis.
1470 4133 1688 4205 Rectius
1728 4133 1783 4205 in
1814 4147 1944 4188 mss.
1988 4132 2234 4187 universi-

633 4203 774 4272 tatis,
805 4209 905 4260 lioc
931 4203 1023 4259 est
1041 4203 1204 4258 totius
1228 4203 1509 4274 apostolici
1529 4203 1820 4260 sermonis.

701 4276 905 4402 gmina
935 4275 1180 4345 plerique
1203 4291 1268 4331 ac
1293 4277 1527 4345 p0tiores
1554 4289 1684 4330 mss.
1716 4275 1862 4332 Editi
1891 4291 2043 4344 vero,
2073 4277 2239 4346 viviﬁ-

733 4365 797 4400 un
825 4363 906 4400 ur.

634 4365 950 4500 “ignitis;
981 4414 1304 4500 Marti_tt._et_
1304 4415 1424 4470 Vat.
1451 4415 2077 4500 Itas..initiutrtnCh_ristus,
2109 4433 2237 4475 con-

637 4487 907 4546 sentiente
931 4488 1224 4556 exemplari
1264 4487 1448 4560 Germ.
1492 4489 1751 4556 epistolas
1782 4489 1929 4544 Pauli
1965 4506 2144 4560 graece
2182 4500 2238 4546 et

637 4562 805 4618 latine
868 4560 1247 4630 cotnplectenti
1311 4559 1379 4614 ab
1430 4560 1585 4616 annis
1639 4560 1855 4617 circiter
1909 4559 2058 4617 mille
2111 4577 2234 4617 exa-
2263 4581 2395 4641 Din

638 4642 792 4778 “‘81.;
833 4703 964 4758 Bad.
998 4704 1049 4757 in
1080 4704 1294 4758 adventu
1317 4705 1454 4775 ejus,
1479 4703 1594 4778 sine
1618 4705 1706 4778 qui
1733 4720 1751 4778 ς
1781 4704 1866 4760 cui
1890 4705 2160 4778 consentit
2186 4716 2238 4761 et

638 4775 905 4862 graecum,
940 4780 988 4832 ἐν
1013 4783 1075 4862 τῇ
1108 4777 1391 4862 παροκσςία.
1424 4777 1495 4862 At
1527 4775 1652 4862 Er.,_
1689 4775 1834 4862 Lips:
1869 4785 1922 4862 et
1960 4776 2111 4862 Par),
2152 4779 2240 4862 qui

639 4851 693 4904 in
717 4849 988 4920 aduentum
1009 4847 1119 4920 ejus
1144 4847 1488 4920 crediderunt,
1511 4847 1653 4918 quod
1678 4857 1732 4920 et
1751 4848 1905 4903 habet
1939 4862 2038 4902 ms.
2071 4848 2233 4903 Corb.

639 4936 670 4976 a
715 4919 950 4974 secunda
982 4918 1144 4975 manu
1172 4936 1186 4974 :
1221 4919 1580 4976 renitentibus
1606 4918 1726 4974 aliis
1765 4919 2155 4975 sincerioribus
2185 4931 2238 4976 et

639 5007 914 5207 Βῢῖδοῖἒι.
946 5073 1001 5118 et
1023 5063 1170 5146 Lips.
1202 5064 1487 5117 destruetur
1509 5078 1665 5117 mors.

738 5138 789 5203 Ῑ)
834 5135 1063 5207 Rursum
1115 5136 1201 5189 Inc
1247 5150 1378 5189 mss.
1432 5149 1624 5203 magno
1661 5206 1665 5207 ί

738 5135 789 5203 Ῑ)
834 5135 1063 5189 Rursum
1115 5136 1201 5189 hic
1247 5150 1378 5189 mss.
1432 5149 1624 5203 magno
1667 5149 1935 5191 consensu
1979 5137 2232 5190 omittunt

642 5205 956 5277 cantantem
986 5205 1208 5274 subjecta
1240 5207 1429 5277 fuerint
1459 5207 1504 5259 ei
1533 5206 1722 5260 omnia.

715 5275 792 5350 (g)
830 5276 887 5332 In
921 5293 1020 5350 ms.
1065 5275 1374 5350 Martin._ac
1410 5277 1648 5350 pluribus
1691 5278 1846 5343 aliis,
1870 5279 2231 5350 mysteriorum

644 5346 854 5406 arcana.
882 5349 1000 5404 Mox
1024 5360 1142 5418 post
1163 5366 1252 5421 per
1275 5347 1454 5403 Jesunt
1485 5346 1766 5416 Christum,
1793 5346 1941 5405 addit
1966 5349 2083 5403 Vat.
2112 5351 2227 5404 bas.

646 5438 776 5488 ms.,
807 5433 853 5479 et
877 5422 1042 5476 Deum
1071 5434 1267 5493 patrem
1291 5438 1310 5475 :
1337 5438 1458 5490 qua:
1485 5421 1644 5476 verba
1670 5423 1721 5477 itt
1747 5425 1896 5478 nullo
1921 5424 2029 5477 alio
2049 5423 2237 5480 codice

644 5507 964 5567 occurrunt,
989 5495 1230 5565 quamvis
1271 5503 1483 5550 exstent
1513 5493 1663 5548 initio
1689 5497 1844 5567 epist.
1878 5495 1945 5551 ad
1983 5493 2102 5551 Gal.
2131 5511 2238 5566 quo

643 5566 733 5622 hic
755 5568 1056 5638 respicitur.

717 5638 797 5709 (h)
836 5639 999 5694 Corb.
1041 5639 1239 5709 aliique
1285 5639 1595 5706 posterioris
1622 5641 1725 5695 :evi
1757 5655 1886 5694 mss.
1929 5654 2051 5695 cum
2081 5639 2234 5703 Bad.,

648 5709 744 5765 Er.
775 5719 831 5783 et
870 5711 1018 5782 Lips,
1046 5711 1214 5765 aliter.
1248 5709 1369 5767 Vat.
1405 5710 1542 5783 bas.,
1587 5709 1776 5773 (2011)..Δ
1800 5710 2026 5783 Martio.
2061 5710 2239 5765 ctalia

659 5776 859 5834 κειιιὲιει
891 5776 1213 5851 eiempla‘ria
1263 5795 1382 5836 cum
1430 5776 1581 5849 Pan,
1627 5783 1830 5852 impius.
1886 5776 2120 5852 Πριιιῐςι,
2166 5798 2242 5835 se.-

2334 1863 2460 1928 leat,
2497 1871 2552 1916 ut
2575 1860 2768 1931 pudeat
2799 1860 2997 1915 rectius
3027 1859 3225 1929 aliquid
3248 1858 3578 1914 demutando
3600 1859 3818 1913 sentire.
3843 1858 3928 1915 Ob

2334 1954 2475 2025 quod
2534 1955 2825 2024 prudenter
2867 1952 3219 2022 consultequc
3275 1949 3662 2006 moderandum
3706 1952 3819 2007 huic
3866 1951 3934 2008 ad

2335 2047 2708 2118 Pliilippenses
2738 2061 2954 2117 quoque
2983 2045 3125 2101 idem
3157 2046 3348 2101 beatus
3373 2045 3668 2116 Apostolus
3703 2045 3890 2101 scribit
3917 2063 3931 2102 :

2337 2141 2594 2212 Quotquot
2621 2157 2739 2212 ergo
2763 2143 2973 2211 perfecti
2999 2158 3195 2208 sumus,
3220 2143 3328 2196 haec
3347 2142 3622 2197 sentiamus
3642 2160 3660 2196 :
3697 2153 3743 2197 et
3779 2143 3860 2216 (5)
3891 2143 3936 2197 si

2333 2239 2456 2308 quid
2487 2242 2557 2315 (j)
2586 2243 2736 2297 aliter
2762 2243 2974 2306 sentitis,
3007 2245 3166 2316 391
3205 2242 3260 2296 id
3277 2259 3475 2314 quoque
3489 2241 3628 2297 Deus
3642 2243 3931 2298 vobisreveo

2335 2335 2480 2390 labit.
2521 2337 2707 2391 Verum
2731 2339 2785 2392 in
2817 2355 2914 2408 quo
2937 2339 3286 2409 festinabimus
3306 2381 3321 2405 ,
3361 2341 3412 2392 in
3443 2339 3557 2409 ipso
3585 2337 3935 2409 ingrediantur

2337 2429 2557 2502 (Philip.
2591 2446 2672 2494 ιιι,
2707 2429 2772 2484 15
2798 2440 2844 2484 et
2867 2429 2978 2498 i6).
3005 2429 3118 2484 Non
3151 2429 3462 2500 przejudicat
3480 2445 3671 2486 sensus
3699 2431 3941 2488 anterior

2339 2522 2435 2577 Dei
2462 2522 2798 2578 revelationi.
2828 2523 2960 2578 Nam
2988 2523 3282 2593 Apostolus
3310 2524 3391 2594 (6)
3421 2523 3498 2595 (k)
3527 2526 3732 2580 monuit
3756 2525 3807 2580 in
3832 2541 3938 2596 quo

2339 2617 2582 2685 sapiant,
2621 2617 2710 2685 qui
2749 2617 2962 2685 sapiunt
3007 2617 3242 2686 perfecte
3276 2635 3288 2670 :
3319 2625 3374 2672 et
3414 2617 3496 2672 his
3525 2617 3612 2688 qui
3653 2616 3811 2673 aliter
3850 2633 3940 2673 sa-

2340 2710 2492 2781 piunt
2515 2708 2903 2764 revelatiouem
2941 2709 3053 2772 Dei,
3083 2719 3138 2764 ut
3170 2710 3220 2764 id
3251 2709 3392 2780 quod
3423 2708 3716 2780 perfectum
3747 2721 3828 2765 est
3854 2726 3942 2766 sa-

2343 2806 2520 2876 piant,
2569 2815 2864 2876 exspectat.
2913 2806 3090 2875 Siqui
3123 2821 3253 2876 ergo
3299 2803 3615 2877 profundam
3669 2804 3807 2860 hanc
3850 2819 3944 2860 ar-

2340 2913 2492 2954 canae
2539 2900 2778 2955 scientia:
2826 2898 3288 2967 diSpensationem
3336 2898 3492 2954 aliter
3532 2897 3942 2965 intellexerunt,

2342 3003 2396 3049 et
2424 3009 2518 3064 per
2541 3009 2640 3049 nos
2673 3004 2879 3049 rectum
2902 2985 3103 3064 aliquid
3132 3003 3184 3048 et
3214 2993 3491 3063 probabile
3520 2991 3803 3059 aﬁ‘eretur;
3835 3009 3943 3050 non

2344 3087 2542 3156 pudeat
2570 3101 2665 3142 eos
2713 3087 3009 3142 secundum
3053 3087 3369 3155 Apostolum
3417 3101 3513 3156 per
3557 3085 3943 3141 revelationem

2345 3178 2440 3234 Dei
2486 3194 2677 3249 sapere
2721 3178 2959 3248 perfecte
2986 3199 2997 3232 :
3029 3178 3213 3248 Neque
3241 3178 3411 3249 magis
3439 3188 3621 3232 ament
3660 3179 3946 3235 veritatem

2343 3271 2583 3327 nescisse
2607 3269 2684 3344 (7)
2715 3271 2780 3344 (ι)
2819 3286 2978 3340 quam
3003 3271 3222 3325 oderint
3249 3272 3614 3341 permansisse
3643 3287 3748 3326 non
3781 3273 3943 3327 veris.

2343 3363 2453 3419 Eos
2474 3366 2642 3432 enim,
2671 3365 2758 3434 qui
2781 3364 2938 3419 aliter
2955 3365 3263 3434 sapiunt,et
3287 3364 3479 3434 quibus
3511 3363 3561 3418 id
3593 3363 3733 3419 Deus
3762 3365 3840 3437 (8)
3861 3381 3948 3422 re-

2344 3460 2539 3514 velavit
2574 3502 2588 3525 ,
2644 3469 2828 3515 monet
2858 3460 2914 3515 in
2945 3459 2996 3514 id
3027 3459 3306 3525 festinare,
3341 3459 3392 3514 in
3423 3475 3530 3530 quo
3555 3460 3782 3530 ingrcssi
3811 3460 3935 3516 fue-

2345 3555 2491 3612 rint:
2527 3563 2585 3610 ut
2615 3555 2804 3611 relicto
2832 3555 3020 3626 prima:
3059 3554 3376 3626 ignorantiae
3415 3568 3608 3622 sensu,
3643 3551 3948 3612 secundum

2409 3719 2489 3792 (6)
2529 3717 2707 3774 Nouit.

2411 3790 2490 3858 (7)
2535 3792 2701 3855 Quam
2724 3807 2824 3844 non
2850 3790 3070 3845 oderint.

2415 3863 2498 3934 (8)
2539 3861 2796 3934 Revelabit
2823 3878 2841 3915 :
2874 3861 3098 3934 melius;
3133 3870 3196 3934 ut,
3218 3862 3497 3931 superiora
3525 3864 3754 3934 apostoli
3777 3865 3946 3922 verba

2339 3931 2612 4005 respiciat,
2647 3933 2700 3988 id
2724 3949 2920 4004 quoque
2949 3931 3088 3987 Deus
3115 3933 3254 3988 vobis
3283 3933 3539 3990 reuelabit.

2342 4135 2507 4189 deius.
2539 4134 2700 4188 Nobis
2723 4133 2794 4189 ita
2820 4141 3030 4189 constat
3054 4133 3336 4206 legendum
3361 4149 3484 4190 esse
3508 4137 3696 4200 serius,
3727 4145 3786 4191 ut
3811 4153 3948 4206 pran-

2343 4220 2424 4261 ter
2466 4220 2670 4260 morem
2712 4215 2914 4261 textum
2957 4221 3025 4260 ex
3070 4205 3378 4275 conjectura
3427 4205 3948 4265 emendemus.’Cui

2338 4277 2482 4332 favet
2503 4292 2604 4332 ms.
2634 4277 2795 4333 Carn.
2827 4279 2877 4332 in
2901 4292 3008 4348 quo
3033 4278 3200 4342 scius;
3227 4278 3306 4332 sic
3331 4279 3474 4333 enim
3501 4280 3663 4332 serius
3693 4294 3942 4349 pronun-

2341 4349 2495 4412 tiant.
2530 4350 2619 4419 qui
2654 4349 2846 4419 lingua:
2883 4356 3007 4403 sunt
3034 4349 3410 4416 impeditioris.
3439 4349 3698 4405 Eamdem
3730 4354 3946 4408 contir-

2341 4429 2452 4475 mat
2482 4421 2624 4490 quod
2654 4421 2815 4486 infra,
2849 4438 2900 4475 ιι.
2933 4419 3023 4486 50,
3053 4420 3277 4490 legimus
3299 4437 3469 4475 seram
3497 4421 3840 4492 obsequelam.

2415 4513 2487 4588 (i),
2517 4512 2577 4588 id
2601 4522 2706 4581 est,
2737 4530 2856 4584 quae
2882 4514 3324 4588 excogitavitnus,
3358 4521 3413 4567 et
3435 4514 3806 4570 exisﬁmamus
3839 4534 3946 4573 nos

2401 4585 2707 4650 tellexisse,
2739 4603 2807 4642 ne
2837 4587 3031 4640 animis
3059 4585 3127 4638 ita
3163 4586 3404 4641 haereant
3425 4627 3439 4650 ,
3481 4594 3536 4640 ut
3560 4596 3814 4640 excutere
3845 4589 3946 4644 illa

2343 4672 2441 4712 nos
2487 4657 2700 4727 pudeat.
2751 4657 3051 4711 Pessimum
3087 4661 3224 4711 hanc
3273 4657 3532 4727 pudorem
3564 4659 3944 4725 Augustinus,

2343 4729 2504 4796 epist.
2537 4744 2660 4784 xcnt
2685 4771 2697 4794 ,
2732 4745 2786 4784 ιι.
2819 4729 2911 4792 51,
2945 4729 2996 4783 in
3023 4727 3302 4783 Vincentio
3340 4728 3612 4798 [togatista
3646 4732 3822 4798 arguit
3859 4732 3949 4786 bis

2345 4801 2522 4873 verbis
2547 4818 2566 4873 7:
2603 4800 2739 4873 Quid
2765 4802 2918 4873 igitur
2944 4799 3112 4853 adhuc
3143 4800 3357 4873 dubitas,
3378 4809 3547 4873 tenere
3585 4801 3720 4870 quod
3747 4803 3946 4869 sentis,

2343 4871 2441 4925 nisi
2469 4872 2588 4942 quia
2616 4871 2668 4923 id
2694 4871 2832 4942 quod
2872 4888 3006 4926 nunc
3050 4872 3204 4924 sentis
3225 4913 3239 4936 ,
3279 4871 3358 4924 vel
3388 4871 3666 4942 aliquando
3692 4889 3795 4926 non
3827 4889 3952 4928 sen-

2341 4941 2501 5014 sisse,
2534 4943 2613 4997 uel
2646 4941 2788 4998 aliud
2827 4943 3115 5014 defendisse
3152 4941 3522 5014 confunderis?
3552 4941 3619 4996 Et
3662 4944 3787 4998 dum
3821 4963 3952 4999 eru-

2341 5013 2499 5068 bescis
2534 5017 2786 5086 corrigere
2829 5013 3085 5086 errorem,
3131 5013 3528 5086 non’erubescis
3559 5031 3863 5083 permanere
3894 5021 3950 5071 in

2340 5101 2510 5141 errore
2537 5103 2556 5140 :
2585 5085 2723 5158 quod
2745 5086 2918 5156 utique
2939 5085 3108 5158 potius
3137 5085 3528 5140 erubescendum
3553 5087 3667 5150 fuit.

2410 5177 2482 5250 (j)
2523 5179 2712 5235 Plures
2742 5181 2928 5249 probae
2973 5190 3113 5235 noue
3139 5195 3270 5234 mss.
3304 5181 3350 5234 si
3377 5180 3463 5250 qui
3489 5179 3639 5234 aliter
3660 5197 3680 5234 :
3707 5182 3795 5236 cui
3824 5182 3948 5237 lec-

2341 5249 2468 5306 tioni
2497 5253 2660 5319 prima
2689 5251 2848 5321 hujus
2870 5251 3080 5306 numeri
3102 5253 3291 5320 verba,
3317 5266 3588 5322 postrema
3611 5262 3792 5308 autem
3819 5255 3952 5308 vul-

2337 5332 2476 5394 gata:
2506 5321 2703 5378 favent.

2413 5395 2489 5467 (h)
2535 5395 2676 5451 Editi
2724 5407 2778 5453 et
2821 5397 3025 5466 aliquot
3073 5397 3292 5470 scripti,
3341 5395 3498 5450 novit.
3550 5395 3715 5470 Magis
3764 5398 3954 5470 placet

2340 5483 2461 5524 cum
2495 5470 2926 5538 castigatioribus
2957 5483 3086 5524 mss.
3114 5469 3328 5522 monuit.

2417 5564 2480 5636 (ι)
2520 5562 2578 5616 lu
2604 5578 2734 5636 mss.
2762 5563 2883 5636 vat.
2911 5563 3052 5626 bas.,
3081 5563 3293 5618 Martin.
3319 5571 3373 5616 et
3397 5562 3632 5636 Remig,
3658 5581 3957 5635 quamnon

2343 5634 2542 5690 oderint
2570 5650 2588 5688 :
2618 5635 2776 5690 male.
2811 5634 2946 5689 Tum
2975 5636 3331 5702 permansisse,
3358 5635 3408 5689 id
3437 5643 3549 5700 est,
3583 5634 3691 5691 tam
3724 5637 3817 5692 diu
3851 5639 3960 5693 ad-

2345 5707 2588 5772 haesisse.
2616 5705 2819 5776 Deinde
2847 5706 3284 5776 praepositionem
3313 5706 3398 5776 in,
3429 5717 3553 5766 ante
3581 5723 3682 5762 non
3712 5710 3847 5765 veris
3880 5711 3959 5765 ab

2343 5769 2570 5836 Erasnto
2597 5769 3194 5844 additum,"sus-tulimus
3215 5769 3283 5832 cit
3315 5769 3418 5834 ﬁde
3443 5777 3570 5832 inss.
