4106 6192
220 252 328 309 417

1446 251 1533 307 DE
1571 247 1943 308 TRINITATE
1983 250 2194 309 LIBER
2233 251 2329 308 XI.

3427 253 3537 313 “8

221 366 519 437 proposita:
562 363 924 422 festinationis
963 363 1289 435 ingressum,
1324 365 1399 437 (a)
1440 366 1825 424 revelationem
1853 371 1904 430 Α
2000 369 2093 426 28.
2127 367 2364 438 Eripitur
2402 368 2473 423 eis
2499 367 2649 437 ﬁnem
2691 384 2800 424 esse
2828 369 3175 426 abolitionem.
3226 366 3376 426 Finis
3414 370 3540 442 quid

222 460 484 528 perfecta:
556 456 929 529 intelligentia:
982 466 1407 528 consequantur.
1466 457 1830 529 lngrediamur

218 554 408 624 itaque
434 553 491 608 in
520 567 630 623 quo
661 551 1058 608 femiuavimus.
1087 550 1150 605 Et
1178 550 1225 605 si
1266 549 1404 607 forte
1431 548 1831 608 feStinationem

217 645 468 703 nostram
499 645 641 701 devii
671 646 884 701 itineris
920 659 1074 700 error
1100 652 1374 712 moratur;
1415 660 1511 715 per
1539 645 1833 702 revelatio-

219 754 347 796 nem
393 747 574 795 tamen
607 739 699 795 Dei
745 740 799 794 in
827 737 877 793 id
909 740 1052 809 quod
1091 737 1466 794 festinavimus
1503 755 1717 795 rursum
1748 740 1833 795 in-

218 835 435 907 gressi,
474 833 840 891 festinationis
868 842 1069 888 nostr:e
1117 847 1223 888 non
1257 831 1597 889 demutemns
1627 833 1835 903 ingres-

219 941 370 983 sum.
403 924 803 982 Festinavimus
830 925 973 981 enim
1011 923 1078 979 ad
1122 922 1398 979 Christum
1430 924 1613 981 Jesum
1651 925 1834 980 Domi-

221 1035 355 1074 num
389 1019 581 1090 gloriae
609 1026 667 1073 et
686 1032 868 1088 regem
900 1026 1226 1072 aeternorum
1260 1017 1583 1072 saeculorum
1603 1057 1620 1083 ,
1652 1018 1703 1073 in
1728 1033 1836 1089 quo

220 1120 538 1168 restaurata
582 1119 709 1166 sunt
732 1110 910 1165 omnia
940 1110 994 1165 in
1034 1110 1189 1166 (telis
1214 1120 1269 1165 et
1300 1108 1353 1164 in
1382 1117 1559 1176 terra,
1592 1109 1679 1165 cui
1706 1125 1838 1166 con-

218 1212 375 1260 stant
403 1201 610 1265 omnia,
642 1200 698 1257 in
734 1216 841 1272 quo
867 1210 921 1256 et
945 1215 1068 1255 cum
1100 1216 1206 1271 quo
1233 1215 1449 1271 semper
1473 1200 1831 1257 manebimus.

220 1296 283 1351 In
314 1297 404 1352 bis
437 1311 571 1366 ergo
601 1295 828 1366 ingressi
855 1294 1094 1366 sapimus
1123 1294 1355 1364 Perfecto
1382 1311 1396 1347 :
1429 1303 1484 1349 et
1512 1294 1556 1349 si
1580 1293 1707 1364 quid
1738 1293 1838 1348 ali-

222 1400 309 1448 ter
334 1393 586 1460 sapimus
606 1432 622 1459 ,
654 1391 797 1447 Deus
824 1390 983 1445 nobis
1010 1388 1061 1444 id
1092 1389 1234 1460 quod
1264 1387 1499 1460 perfecte
1520 1387 1729 1458 sapitur
1751 1403 1838 1443 re-

219 1487 452 1545 velabit.
504 1487 689 1550 itaque
728 1484 1025 1542 secundum
1068 1484 1421 1555 apostolicam
1460 1483 1621 1540 fidem
1651 1496 1836 1538 sacra-

221 1592 475 1637 mentum
524 1577 791 1634 dictorum
842 1576 1190 1647 praesentium
1235 1583 1622 1641 retractemus;
1673 1584 1726 1630 et
1771 1589 1838 1630 eo

219 1673 397 1731 modo
418 1715 433 1739 ,
465 1688 577 1744 quo
613 1673 862 1744 superius
888 1687 918 1726 a
944 1671 1099 1727 nobis
1127 1678 1352 1725 tractata
1385 1681 1510 1725 sunt
1543 1668 1746 1737 omnia,
1780 1678 1837 1724 ut

1934 463 2022 517 sit.
2054 492 2123 503 —
2154 460 2302 516 Finis
2351 461 2533 531 itaque
2583 461 2716 531 legis
2765 460 3016 518 Christus
3062 472 3195 519 est:
3245 470 3300 519 et
3353 477 3540 531 quer

1937 566 2114 611 utrmn
2143 553 2367 609 abolitio
2394 553 2530 623 legis
2549 551 2801 609 Christus
2823 553 2913 621 sit,
2939 569 3081 610 anne
3110 554 3407 625 perfectio?
3431 551 3539 610 Sed

1935 647 1983 701 si
2013 646 2188 718 legem
2216 643 2464 702 Christus
2484 687 2500 712 ,
2542 646 2633 717 qui
2663 646 2785 702 finis
2814 647 2931 716 ejus
2959 656 3077 714 est,
3108 662 3215 702 non
3256 646 3538 713 dissolvit,

1936 739 2032 795 sed
2062 738 2358 810 adimplet,
2401 739 2699 795 secundum
2742 740 2884 812 quod
2920 741 2994 796 ait
3029 758 3042 794 :
3080 739 3201 796 Non
3230 743 3343 796 ueni
3380 741 3545 817 legent

1936 831 2166 897 soluere,
2198 831 2288 885 sed
2325 830 2609 904 adimplere
2644 831 2861 904 (Matth.
2895 848 2947 899 ν,
2985 831 3110 904 17);
3141 833 3268 889 finis
3312 848 3418 889 non
3448 832 3544 891 de-

1938 924 2100 981 fectio
2122 933 2227 995 est,
2269 924 2364 981 sed
2396 934 2769 980 consummata
2802 925 3084 996 perfectio.
3112 925 3369 982 Tendunt
3395 929 3538 984 enim

1937 1017 2005 1073 ad
2036 1018 2197 1073 finem
2237 1017 2419 1073 omnia
2440 1059 2456 1085 ,
2490 1034 2596 1075 non
2628 1025 2686 1071 ut
2715 1032 2821 1073 non
2852 1018 2982 1084 sint,
3017 1018 3113 1074 sed
3147 1019 3219 1074 uti
3249 1017 3304 1074 in
3347 1034 3443 1088 eo,
3473 1018 3542 1076 ad

1937 1111 2082 1182 quod
2111 1111 2462 1180 tetenderint,
2496 1123 2773 1167 maneant.
2801 1111 2866 1168 Et
2890 1120 3117 1183 propter
3138 1111 3301 1168 finem
3328 1111 3542 1179 omnia;

1938 1212 2194 1259 caeterum
2219 1202 2344 1258 finis
2373 1202 2440 1258 ad
2471 1202 2619 1259 aliud
2641 1202 2845 1275 aliquid
2877 1219 2982 1259 non
3007 1204 3261 1260 refertur.
3288 1203 3394 1261 Sed
3420 1219 3545 1260 cum

1940 1296 2064 1352 finis
2107 1294 2191 1370 (ά)
2235 1296 2417 1353 omnia
2463 1296 2567 1364 sit,
2602 1312 2825 1353 manens
2857 1298 2973 1368 ipse
3000 1298 3104 1354 sibi
3148 1309 3291 1355 totus
3335 1307 3436 1355 est.
3477 1298 3549 1355 Et

1939 1390 2062 1462 quia
2092 1406 2198 1447 non
2227 1392 2499 1448 excedens
2522 1407 2590 1448 ex
2631 1408 2753 1449 sese
2793 1392 2893 1449 ulli
2935 1394 3026 1449 alii
3074 1395 3303 1465 tempori
3351 1403 3443 1450 aut
3465 1393 3545 1451 rei

1942 1484 2120 1552 potius
2146 1500 2305 1554 quam
2334 1486 2436 1541 sibi
2462 1484 2707 1555 proficit;
2733 1486 2801 1542 ad
2826 1486 2988 1543 finem
3019 1488 3194 1553 ipsum
3223 1503 3439 1560 semper
3461 1489 3547 1543 in-

1943 1578 2111 1632 tentio
2130 1578 2249 1648 spei
2277 1578 2454 1634 omnis
2482 1580 2813 1635 extenditur.
2843 1580 2909 1635 Et
2941 1580 3145 1636 idcirco
3172 1582 3434 1637 Dominus
3462 1596 3551 1638 re-

1942 1668 2146 1741 ligiosa:
2176 1670 2301 1725 fidei
2332 1672 2642 1741 patientiam
2669 1672 2761 1727 fini
2793 1688 2854 1729 se
2894 1684 3264 1731 reservantem
3284 1716 3300 1741 ,
3333 1676 3409 1731 ita
3453 1674 3548 1731 ad-

224 1782 456 1822 omnem
485 1767 664 1835 impia:
698 1762 991 1820 voluntatis
1021 1778 1241 1818 sensum
1274 1761 1377 1818 sub
1418 1761 1577 1818 dictis
1613 1772 1836 1833 aposto-
1867 1768 1916 1827 Β
1943 1762 2190 1819 hortatur
2228 1782 2241 1817 :
2290 1763 2481 1820 Beatus
2535 1767 2625 1836 qui
2673 1768 3010 1837 permanserit
3073 1784 3229 1839 usque
3281 1770 3337 1823 in
3389 1769 3546 1839 liuent

223 1858 360 1915 licis
390 1856 472 1931 (ὁ)
504 1865 835 1929 praeceptum
871 1872 936 1912 ex
967 1857 1083 1926 ipsa
1117 1853 1241 1910 fidei
1271 1854 1582 1924 apostolica:
1605 1853 1833 1909 veritate

223 1954 549 2026 prodamus.

297 2045 398 2102 25.
443 2044 569 2099 Tria
609 2042 664 2099 in
691 2043 1021 2114 quwstionem
1064 2051 1262 2097 uocata.
1296 2039 1516 2096 —Tria
1556 2037 1717 2111 igitur
1747 2052 1836 2095 se-

225 2140 471 2198 cundum
509 2138 777 2195 dictorum
805 2136 1050 2193 ordinem
1081 2135 1134 2190 in
1160 2133 1516 2206 quzestionem
1550 2140 1835 2199 vocantur,

224 2237 470 2309 primum
504 2233 651 2301 ﬁnis,
693 2232 889 2292 deinde
916 2229 1159 2297 traditio,
1203 2228 1401 2286 deinde
1429 2226 1698 2297 subjectio
1729 2244 1742 2280 :
1775 2234 1835 2280 ut

222 2350 330 2407 per
366 2333 486 2388 haec
511 2339 606 2386 aut
630 2326 1117 2387 desiuatCltristus
1173 2323 1227 2379 in
1284 2324 1413 2390 fine,
1465 2332 1558 2378 aut
1610 2337 1835 2393 regnum

228 2425 503 2503 tradendo
530 2438 637 2478 non
667 2428 873 2486 teneat,
892 2426 984 2475 aut
1008 2426 1161 2474 extra
1188 2417 1280 2473 Dei
1307 2425 1554 2472 naturam
1576 2415 1689 2470 Deo
1710 2414 1841 2470 sub-

220 2519 337 2591 ject
346 2535 412 2575 us
431 2520 679 2591 exsistat.

302 2613 401 2670 26.
440 2590 779 2683 'Objectorum
827 2608 986 2664 Pauli
1042 2606 1307 2664 uerborum
1360 2605 1631 2661 connexio.
1664 2632 1737 2643 —
1760 2601 1840 2658 Ac

232 2707 480 2779 primum
512 2703 842 2781 noscendum
871 2713 990 2768 est,
1031 2716 1138 2756 non
1167 2699 1311 2756 hunc
1338 2698 1586 2755 ordinem
1618 2706 1838 2768 aposto-

225 2801 357 2858 licae
384 2813 507 2855 esse
535 2797 818 2855 doctrinm.
844 2795 1085 2851 Primum
1113 2792 1257 2849 enim
1287 2791 1437 2863 regni
1469 2788 1687 2850 traditio
1719 2798 1797 2845 est
1820 2828 1837 2856 ,

228 2893 439 2951 deinde
480 2890 781 2962 subjectio,
824 2897 1101 2959 postremo
1140 2884 1283 2941 finis.
1326 2882 1432 2940 Sed
1463 2882 1689 2952 singulis
1717 2881 1838 2952 qui-

226 2986 451 3058 busque
492 2982 672 3040 causis
705 2980 921 3052 propria
951 2992 1286 3050 quarumque
1325 2991 1607 3032 causarum
1638 2986 1838 3045 genera

226 3081 484 3150 subjecta
513 3089 639 3134 sunt
666 3095 680 3132 :
710 3084 773 3133 ut
795 3075 929 3132 dum
949 3090 1039 3130 res
1079 3072 1306 3144 singula:
1333 3070 1386 3125 in
1420 3084 1507 3123 res
1531 3068 1666 3122 alias
1694 3065 1841 3121 desi-

1938 1856 2153 1928 (tllntth.
2187 1872 2242 1924 ιι,
2266 1855 2387 1928 22),
2433 1872 2539 1913 non
2567 1858 2750 1930 utique
2776 1867 2838 1915 ut
2882 1861 2952 1915 sit
2983 1860 3141 1916 beata
3181 1860 3447 1930 defectio,
3493 1872 3552 1919 et

1937 1944 2042 2005 non
2072 1964 2192 2007 esse
2215 1950 2285 2005 sit
2311 1950 2517 2007 fructus
2537 1992 2552 2017 ,
2584 1961 2638 2007 et
2667 1966 2877 2009 merces
2898 1952 3027 2009 fidei
3067 1952 3144 2026 (e)
3174 1953 3258 2010 sui
3284 1955 3546 2025 cujusque

1938 2042 2299 2098 constituatur
2323 2042 2547 2100 abolitio
2576 2062 2589 2098 :
2620 2044 2716 2101 sed
2745 2046 2871 2117 quia
2902 2045 3026 2102 finis
3053 2046 3354 2118 propositae
3376 2048 3549 2105 beati-

1939 2138 2140 2194 tudinis
2167 2138 2488 2195 inexcessus
2513 2138 2706 2195 modus
2745 2147 2859 2207 est,
2907 2140 3050 2196 beati
3070 2149 3208 2197 sunt
3236 2141 3327 2212 qui
3377 2156 3549 2213 usque

1938 2231 2007 2287 ad
2036 2232 2198 2288 finem
2226 2231 2670 2289 consummando:
2698 2233 3050 2289 beatitudinis
3083 2236 3404 2304 manserint,
3441 2249 3551 2292 non

1940 2325 2078 2381 ultra
2104 2340 2164 2381 se
2189 2324 2363 2381 fidelis
2388 2326 2501 2394 spei
2532 2327 2936 2399 exspectatione
2966 2326 3236 2385 tendente.
3264 2327 3413 2384 Finis
3440 2329 3540 2384 ita-

1940 2436 2044 2493 que
2070 2430 2150 2477 est
2181 2420 2431 2477 manendi
2460 2422 2756 2478 immobilis
2780 2421 2848 2478 ad
2889 2437 3049 2493 quem
3083 2423 3321 2478 tenditur
3346 2431 3542 2478 status.

1942 2514 2185 2585 Denique
2212 2512 2505 2585 Apostolus
2526 2514 2818 2586 impietatis
2844 2515 3010 2571 finem
3034 2516 3099 2571 ad
3129 2515 3413 2572 desinendi
3436 2532 3551 2573 me-

1940 2618 2054 2667 tum
2095 2624 2472 2681 praemonens,
2523 2612 2599 2666 ait
2639 2629 2653 2665 :
2703 2608 2932 2677 Quorum
2981 2611 3100 2678 ﬁnis
3149 2618 3227 2665 est
3276 2611 3547 2677 interitus,

1942 2712 2119 2758 nostra
2144 2712 2312 2759 autem
2340 2704 2416 2775 (Ῑ)
2445 2703 2758 2775 exspectatio
2802 2704 2861 2757 in
2902 2703 3040 2757 ctelis
3084 2711 3158 2757 est
3189 2702 3419 2773 (Philip.
3454 2718 3549 2769 ιιι,

1944 2798 2012 2853 i9
2038 2807 2085 2852 et
2113 2795 2232 2866 20).
2278 2795 2337 2853 Si
2376 2797 2557 2868 itaque
2592 2806 2650 2853 et
2689 2795 2866 2852 beatis
2898 2806 2954 2853 et
2986 2796 3166 2868 impiis
3198 2796 3322 2854 finis
3346 2805 3466 2863 est,
3497 2803 3553 2852 et

1944 2893 2066 2949 finis
2093 2892 2413 2964 intelligitur
2438 2907 2563 2948 esse
2591 2890 2860 2949 defectio:
2899 2890 3212 2963 religionem
3256 2899 3419 2962 atque
3448 2890 3550 2946 im-

1945 2989 2198 3058 pietatem
2235 2986 2354 3043 finis
2382 2995 2650 3057 exmquat,
2681 2985 2843 3059 393
2870 2986 2991 3057 quia
3017 2984 3093 3057 (g)
3125 2992 3413 3056 utrumque
3457 2998 3555 3054 per

1945 3082 2294 3138 constitutum
2328 3079 2487 3135 finem
2532 3080 2604 3135 sit
2640 3081 2691 3134 in
2732 3094 3019 3135 commune
3052 3094 3156 3135 non
3186 3092 3327 3134 esse.
3363 3077 3427 3132 Et
3459 3075 3552 3134 ubi

229 3181 409 3239 nant,
436 3172 632 3228 habeat
668 3184 882 3239 semper
908 3166 1276 3237 subjacentem
1306 3161 1409 3218 sibi
1437 3175 1657 3216 causam
1680 3173 1839 3215 causa

1946 3172 2280 3243 exspectatio
2306 3182 2491 3229 nostra
2523 3171 2576 3227 in
2611 3170 2761 3228 cmlis
2789 3180 2897 3238 est,
2926 3170 2974 3227 si
2999 3185 3095 3241 per
3124 3170 3288 3227 finem
3315 3183 3438 3227 esse
3464 3182 3554 3225 se-

228 3264 581 3339 pta-cedens.
610 3262 760 3319 Finis
787 3260 931 3317 enim
964 3258 1099 3324 erit;
1130 3257 1294 3329 392
1319 3254 1413 3311 sed
1439 3269 1561 3310 cum
1603 3250 1842 3307 tradide-

226 3363 304 3417 rit
355 3373 586 3430 regnum
620 3356 750 3412 Deo.
783 3352 985 3410 Tradet
1031 3360 1209 3407 autem
1260 3363 1520 3419 regnum;
1572 3344 1666 3401 sed
1717 3359 1842 3400 cum

228 3450 589 3510 evacuaverit
625 3462 843 3503 omnem
879 3444 1254 3517 magistratum
1283 3450 1338 3498 et
1363 3455 1577 3496 omnem
1607 3447 1846 3509 potesta-

230 3553 378 3601 tem.
415 3540 708 3597 Evaeuabit
733 3548 917 3593 autem
939 3552 1156 3593 omnem
1179 3534 1552 3603 magistratum
1580 3541 1636 3588 et
1663 3539 1845 3602 potes-

229 3649 444 3704 tatem,
478 3637 600 3707 quia
642 3642 860 3706 oportet
900 3648 1022 3689 eum
1053 3644 1307 3702 regnare.
1338 3626 1605 3698 chnahit
1632 3635 1839 3693 autem,

231 3733 425 3788 donec
451 3732 614 3801 ponat
637 3743 829 3784 omnes
856 3725 1106 3781 inimicos
1131 3724 1232 3779 sub
1260 3721 1485 3793 pedibus
1509 3718 1643 3775 suis.
1674 3717 1845 3774 Ponet

231 3842 380 3884 vero
414 3824 661 3879 inimicos
690 3821 793 3878 sub
831 3819 1057 3892 pedibus
1084 3818 1230 3885 suis;
1264 3818 1387 3887 quia
1420 3815 1562 3871 Deus
1587 3815 1637 3871 ei
1667 3812 1846 3883 subje-

234 3920 315 3976 cit
344 3916 531 3973 omnia
555 3915 657 3970 sub
687 3913 914 3986 pedibus
943 3912 1083 3984 ejus.
1111 3910 1352 3980 Subjecit
1379 3916 1556 3965 autem
1580 3908 1724 3963 Deus
1746 3906 1843 3971 ita,

236 4022 299 4068 ut
343 4009 640 4067 novissima
671 4008 740 4064 ab
784 4022 851 4063 eo
892 4021 1039 4061 mors
1083 4002 1298 4060 inimica
1328 4001 1593 4057 vincatur.
1644 3997 1847 4055 Dehinc

234 4106 511 4177 subjectis
539 4104 789 4159 omnibus
836 4103 917 4169 ci,
966 4109 1162 4171 przctcr
1208 4113 1330 4152 eum
1375 4096 1463 4167 qui
1517 4094 1749 4164 subjecit
1795 4092 1845 4148 ei

236 4197 466 4264 omnia;
500 4204 625 4252 tunc
652 4194 967 4266 subjicietur
1008 4192 1123 4263 ipse
1166 4188 1470 4260 subjicienti
1504 4186 1608 4243 sibi
1638 4185 1841 4242 omnia.

235 4291 611 4363 Subjectionis
639 4298 783 4346 vero
822 4302 983 4344 causa
1025 4300 1133 4341 non
1175 4284 1280 4340 alia
1310 4290 1428 4349 est,
1471 4296 1629 4354 quam
1677 4291 1735 4337 ut
1776 4280 1848 4335 sit

236 4386 397 4443 Deus
420 4385 598 4441 omnia
629 4386 683 4439 in
712 4381 981 4439 omnibus.
1011 4379 1162 4436 Finis
1192 4376 1374 4449 itaque
1394 4384 1497 4445 est,
1529 4389 1650 4432 esse
1673 4374 1843 4431 Deum

236 4479 426 4538 omnia
449 4480 504 4534 in
528 4478 802 4535 omnibus.
1173 4475 1176 4479 ’

1946 3266 2178 3322 cundum
2238 3265 2435 3336 impios
2488 3264 2577 3337 (ad
2609 3265 2780 3321 instar
2822 3264 3153 3335 impiorum)
3208 3261 3553 3320 desinamus?

1944 3358 2097 3427 Quod
2126 3358 2173 3414 si
2197 3358 2399 3414 sanctis
2425 3358 2781 3429 exspectatio,
2817 3356 2999 3428 impiis
3020 3370 3151 3412 vero
3183 3356 3307 3411 ﬁnis
3333 3355 3549 3412 debitus

1946 3465 2067 3507 esse
2089 3451 2285 3507 dicitur
2309 3468 2323 3504 :
2355 3462 2531 3507 tamen
2556 3466 2625 3506 ne
2651 3450 2730 3506 sic
2756 3448 2973 3520 quidem
3002 3450 3124 3506 linis
3152 3450 3396 3507 creditur
3424 3463 3549 3507 esse

1946 3544 2210 3610 defectio;
2241 3545 2365 3616 quia
2388 3561 2507 3613 qua:
2535 3560 2693 3615 poena
2726 3545 3020 3615 impietatis
3043 3553 3147 3612 est,
3179 3545 3402 3601 omnino
3435 3559 3545 3602 non

1946 3652 2066 3693 esse
2087 3637 2153 3692 ad
2185 3652 2464 3708 petitarum
2498 3637 2773 3693 ultricium
2798 3652 3042 3701 sensum,
3074 3651 3238 3693 causa
3262 3637 3313 3692 in
3341 3636 3426 3693 bis
3448 3652 3547 3709 per

1947 3728 2303 3786 defectionem
2336 3728 2418 3784 sui
2449 3744 2554 3785 non
2585 3737 2836 3785 exstante
2876 3728 3155 3798 patiendi?
3183 3727 3334 3785 Finis
3372 3730 3554 3800 itaque

1947 3833 2031 3880 est
2067 3823 2463 3879 indemntanda:
2494 3821 2897 3879 constitutionis
2939 3836 3188 3877 mansura
3238 3821 3502 3892 perfectio
3534 3839 3549 3878 :

1946 3930 2065 3987 qua:
2095 3925 2149 3970 et
2186 3914 2507 3972 beatitudini
2552 3923 2859 3983 reservata,
2891 3924 2945 3971 et
2986 3913 3251 3985 impietati
3280 3923 3365 3971 est
3406 3928 3551 3986 pra:-

1947 4017 2152 4077 parata.

2018 4097 2110 4153 29.
2138 4096 2300 4170 Regni
2322 4097 2648 4153 traditionem
2668 4114 2771 4152 non
2789 4114 2896 4154 esse
2918 4099 3169 4170 regnandi
3192 4099 3547 4174 defectionem.

1946 4222 2020 4234 —-
2044 4191 2195 4249 Nune
2225 4193 2390 4263 igitur
2418 4192 2543 4265 quia
2586 4192 2697 4264 jam
2727 4192 2924 4263 ambigi
2954 4209 3058 4248 non
3106 4202 3326 4265 potest,
3360 4195 3416 4250 in
3445 4194 3552 4252 fine

1948 4301 2061 4343 non
2100 4285 2460 4343 defectionem
2486 4328 2503 4355 ,
2532 4286 2629 4343 sed
2672 4300 2779 4342 non
2808 4300 3154 4343 excessuram
3203 4288 3553 4345 constitutio-

1950 4395 2074 4437 nem
2102 4396 2225 4437 esse
2255 4380 2658 4452 intelligendam
2685 4422 2701 4450 ,
2731 4395 3056 4453 quamquam
3088 4382 3264 4439 adhuc
3302 4381 3552 4455 quaedam

1949 4472 2004 4528 in
2036 4474 2151 4546 ipsa
2180 4473 2313 4531 dicti
2349 4474 2691 4532 absolutione
2737 4474 2846 4530 sint
2896 4485 3208 4533 reservata:
3254 4485 3434 4535 tamen
3464 4476 3555 4536 liis

311 4573 411 4629 27.
445 4573 583 4640 Quid
602 4572 874 4628 obtendant
894 4568 1135 4626 hteretici.
1155 4597 1227 4608 ——
1244 4566 1317 4623 Et
1333 4565 1681 4638 quaerendum
1704 4580 1846 4622 nunc
1872 4550 1924 4610 Ῑ)
1955 4575 2162 4623 tantum
2185 4567 2253 4623 ad
2294 4566 2741 4638 significationem
2786 4583 2978 4625 sensus
3020 4569 3405 4626 demonstratis
3429 4611 3443 4635 ,
3475 4568 3557 4625 vi-

232 4680 375 4726 antc
416 4668 590 4724 omnia
636 4676 752 4733 est,
805 4681 870 4720 an
919 4664 1043 4719 finis
1082 4662 1316 4720 defectio
1358 4661 1460 4727 sit,
1507 4675 1575 4716 an
1628 4659 1846 4716 traditio

232 4762 471 4818 amissio
495 4761 600 4823 sit,
638 4774 706 4814 an
749 4757 1011 4829 subjectio
1054 4755 1341 4811 infirmitas
1384 4753 1473 4809 sit.
1518 4753 1651 4822 Quae
1680 4754 1727 4809 si
1757 4752 1844 4809 his

230 4855 347 4912 sibi
394 4853 679 4910 contrariis
715 4867 826 4907 non
850 4849 1206 4921 subjacebunt
1227 4890 1243 4919 ,
1275 4857 1436 4904 erunt
1476 4846 1529 4903 in
1558 4861 1619 4903 ea
1649 4844 1848 4903 intelli-

228 4947 446 5023 gentia:
474 4948 701 5005 veritate
730 4944 803 5017 (c)
837 4959 942 5017 qua
970 4943 1109 5000 dicta
1140 4949 1286 5000 sunt.

313 5137 399 5207 (a)
429 5117 587 5194 Solus
615 5132 788 5192 codex
809 5131 936 5207 vat.
958 5131 1074 5188 bas.
1096 5171 1110 5195 ,
1139 5125 1465 5184 reuelationis
1493 5125 1737 5198 perfecta:
1761 5123 1843 5178 in-

229 5204 591 5275 telligentiam.
627 5206 762 5260 Tum
806 5204 1066 5275 plerique,
1092 5216 1480 5275 consequantur.

318 5226 591 5335 tegentium.
642 5226 762 5260 lum
807 5226 1066 5285 plerique,
1097 5226 1480 5271 consequamur.
1640 5270 1651 5281 ⁸

318 5286 344 5353 (_
384 5279 405 5353 )
444 5280 595 5350 Apud
638 5277 772 5332 Bad.
805 5284 861 5332 et
900 5278 1018 5353 ista,
1064 5274 1349 5353 deceptum.
1395 5269 1552 5353 Apud
1581 5268 1740 5353 ‘Lrps.
1793 5275 1849 5353 et

230 5341 401 5419 Parf,
429 5341 735 5423 priereptum
760 5364 779 5423 ς
806 5362 912 5423 non
944 5341 1016 5401 ita
1046 5341 1205 5423 male.
1246 5346 1301 5400 In
1334 5341 1464 5399 mss.
1498 5341 1766 5423 Vat._bas.
1790 5347 1849 5423 et

227 5413 490 5484 11³1-ιίἡ..
533 5413 824 5498 promptis.
867 5418 1204 5498 Ineteteris,
1234 5426 1605 5498 pra'ceptumL
1624 5413 1676 5467 id
1723 5418 1842 5475 est,

228 5487 712 5571 prteconee'ptum.
733 5490 867 5547 Cum
892 5487 1187 5571 his_t_:onfer
1209 5487 1367 5571 verba
1392 5501 1542 5542 num.
1574 5487 1628 5540 7.

312 5570 396 5641 (ε)
435 5561 649 5641 Martio.
683 5578 789 5641 ms.
816 5561 1099 5641 antedicﬂta
1128 5569 1278 5641 sunt:
1672 5629 1685 5640 θ
1768 5628 1781 5641 .

314 5630 403 5713 (Δ)
436 5638 585 5713 Edjti
603 5678 620 5713 ,
649 5637 877 5690 onminm
900 5633 988 5688 sit.
1021 5630 1348 5687 Concinnius
1371 5643 1516 5713 ‘mss.
1546 5630 1719 5713 omnia
1736 5630 1845 5713 tit_:

225 5700 398 5786 quod
432 5712 485 5767 in
496 5700 662 5768 Corb.
686 5717 1035 5777 corrumpere
1062 5716 1344 5776 perperam
1368 5700 1592 5758 tentavit
1609 5700 1845 5758 secunda

229 5799 460 5847 titanas.

1954 4658 2181 4716 deamus
2207 4674 2275 4715 an
2307 4659 2523 4715 traditio
2554 4660 2705 4731 regni
2730 4659 2961 4717 defectio
2986 4662 3057 4716 sit
3102 4660 3444 4733 intelligenda
3470 4675 3556 4717 re-

1950 4754 2188 4826 gnandi;
2219 4764 2278 4810 ttt
2327 4754 2469 4823 quod
2501 4755 2665 4811 tradit
2709 4754 2883 4811 Filius
2929 4752 3110 4821 Patri,
3143 4756 3404 4815 tradendo
3442 4768 3555 4811 non

1956 4858 2154 4906 teneat.
2187 4847 2340 4915 Quod
2362 4848 2407 4904 si
2431 4848 2550 4919 quis
2580 4849 2759 4905 stulta:
2789 4849 3078 4920 impietatis
3108 4849 3291 4906 furore
3323 4860 3552 4907 conten-

1952 4940 2076 5006 det;
2110 4939 2341 4997 fateatur
2369 4954 2595 4997 neeesse
2624 4949 2710 4997 est
2746 4939 2960 4997 Patrem
2989 4982 3004 5010 ,
3031 4955 3156 4997 eum
3187 4941 3411 4999 tradidit
3437 4957 3555 5000 om-

2026 5120 2099 5198 (e)
2137 5123 2195 5180 In
2221 5123 2472 5198 vulgatis,
2501 5139 2632 5180 sum.
2661 5122 2882 5198 Rectius
2905 5121 2961 5180 in
2987 5139 3117 5198 mss.
3152 5126 3256 5198 sui,
3287 5125 3409 5184 scil.
3439 5125 3557 5183 abo-

1951 5195 2103 5268 litin}
2132 5211 2253 5267 qua:
2278 5195 2432 5253 beata
2477 5210 2601 5253 esse
2647 5196 2862 5268 nequit,
2894 5199 3017 5266 quia
3059 5196 3295 5255 defectio
3325 5215 3432 5255 non
3471 5207 3559 5256 est

1952 5267 2298 5342 beatitudinis
2324 5283 2516 5338 capax.
2544 5268 2664 5325 Mox
2695 5267 3014 5337 ἱππείαις,
3045 5268 3098 5324 id
3126 5279 3240 5339 est,
3268 5285 3374 5342 quo
3412 5269 3557 5329 ultra

1953 5339 2122 5396 tendit
2151 5351 2404 5411 nequeat.

2030 5432 2101 5506 (ι’)
2143 5434 2363 5504 Aliquot
2385 5448 2518 5490 mss.
2544 5433 2899 5501 recentiores,
2925 5440 3264 5493 conuersatio.

2031 5554 2109 5626 (g)
2134 5551 2291 5627 Apud
2321 5551 2478 5627 Bad.,
2508 5551 2738 5627 utrique:
2766 5550 2964 5627 probe,
2994 5552 3039 5607 si
3068 5551 3314 5609 faverent
3338 5553 3545 5627 scripti.

1952 5625 2012 5683 In
2040 5623 2263 5695 reliquis
2290 5623 2421 5680 edit.
2469 5625 2742 5697 utrimque.
2793 5626 2863 5697 At
2887 5625 2943 5697 in
2994 5639 3129 5697 mss.
3171 5640 3368 5697 magno
3420 5623 3552 5684 con-

1952 5712 2137 5772 sensu,
2159 5693 2467 5772 utrumque;
2498 5695 2640 5765 quod
2659 5693 2726 5772 de
2747 5693 3009 5764 religione
3035 5704 3091 5751 et
3110 5693 3394 5765 impietate
3414 5714 3554 5772 prat-

1954 5769 2213 5836 dieattun,
2244 5766 2313 5825 ad
2343 5763 2445 5824 non
2470 5763 2579 5823 esse
2608 5763 2873 5823 referatur
2898 5780 3125 5825 necesse
3147 5763 3251 5826 est.
