4106 6192
485 249 592 308 425

1701 246 1948 305 SANCTI
1988 245 2244 304 l-llLARll
2276 244 2584 304 EPISCOPI

3687 240 3799 299 εει

489 367 617 422 dum
646 381 676 421 a
707 380 765 422 sc
813 365 1110 422 secundum
1141 362 1287 437 quod
1327 369 1411 420 est
1438 362 1693 420 desinens
1716 404 1731 430 ,
1774 365 1822 420 ei
1858 363 2076 436 subjici-
2109 368 2159 431 Α
2185 362 2274 435 qui
2303 363 2450 417 habet
2478 376 2632 416 aures
2661 358 2741 435 (1)
2776 358 2859 432 (d)
2887 358 3166 427 audiendi,
3208 358 3386 415 audiat
3422 357 3638 432 (Matth.
3667 374 3796 427 xut,

494 467 610 527 tur,
644 460 801 529 cujus
836 458 1087 516 concedit
1111 459 1164 513 in
1212 458 1464 514 formam.
1512 458 1719 513 Desinit
1743 469 1952 525 autem,
1984 472 2089 511 non

2195 458 2266 515 40
2300 468 2348 513 et
2379 457 2568 531 seqq.).
2598 454 2866 527 Numquid
2894 471 2999 511 non
3027 455 3283 512 omnibus
3310 455 3582 510 naturales
3598 468 3799 524 corpo-

441 552 449 561 ’
492 558 553 606 ιιι
581 568 684 605 non
716 552 817 618 sit,
849 550 944 607 sed
982 558 1039 605 ut
1079 549 1322 621 proficiat
1348 567 1363 603 :
1394 550 1560 622 [itque
1605 566 1670 606 ex
1718 550 2093 607 demutatione
2196 552 2446 624 ralcsque
2475 566 2636 607 aures
2660 551 2726 606 ad
2757 550 3023 609 dictorum
3055 548 3386 606 audientiam
3403 558 3621 620 patent,
3644 559 3701 602 ιιι
3730 545 3802 603 ad

494 643 771 711 subditus,
811 643 863 697 in
896 642 1131 714 speciem
1158 642 1393 715 suscepti
1420 642 1642 699 alterius
1672 643 1886 715 generis
1914 652 2091 699 trans-

493 734 693 791 eundo.

562 826 652 882 56.
680 825 825 882 Filii
862 825 1109 901 subjectio
1130 869 1144 893 ,
1189 827 1370 901 gloria:
1397 837 1623 897 paterna:
1666 828 2000 884 consortium.
2024 856 2095 869 ——

491 921 731 993 Denique
770 930 827 976 ιιι
856 922 1176 978 sacramenti
1228 922 1387 992 hujus
1424 933 1569 978 esset
1617 924 1755 979 ratio
1807 922 2088 988 absoluta,

491 1023 615 1087 post
635 1012 928 1071 novissime
955 1013 1221 1071 devictam
1247 1026 1479 1071 mortem
1500 1057 1514 1083 ,
1554 1023 1667 1071 tum
1690 1016 1800 1071 ait:
1830 1015 1959 1071 Cum
1997 1032 2095 1069 au-

490 1116 592 1164 tem
612 1106 834 1172 dixerit,
870 1105 1058 1161 Omnia
1086 1105 1314 1179 subjecta
1334 1115 1481 1175 sunt,
1508 1107 1695 1177 absque
1719 1124 1776 1163 eo
1806 1108 1893 1178 qui
1922 1106 2099 1175 subje-

497 1202 565 1255 cit
593 1202 640 1256 ei
669 1201 837 1256 omnia
859 1243 874 1269 ,
907 1210 1027 1255 tunc
1052 1200 1161 1272 ipse
1198 1200 1456 1275 subjectus
1488 1202 1583 1255 erit
1622 1202 1737 1270 illi,
1769 1201 1859 1273 qui
1895 1201 1943 1255 ei
1978 1198 2098 1255 sub-

490 1295 620 1368 jecit
660 1295 862 1356 omnia,
888 1307 941 1348 ut
969 1294 1033 1348 sit
1062 1293 1393 1349 Deus‘omnia
1412 1294 1465 1347 in
1488 1293 1721 1348 omnibus
1743 1291 1819 1366 (Ι.
1845 1291 1964 1348 Cor.
1990 1307 2063 1347 xv
2081 1332 2099 1360 ,

495 1386 568 1443 26
583 1398 629 1440 et
649 1384 838 1457 seqq.).
859 1385 1073 1441 Primus
1097 1386 1258 1456 igitur
1277 1386 1597 1441 sacramenti
1622 1384 1821 1457 gradus
1838 1394 1951 1452 est,
1975 1383 2102 1440 sub-

492 1480 634 1551 jecta
665 1496 787 1537 esse
823 1480 873 1536 ei
914 1481 1125 1547 omnia;
1152 1489 1206 1536 et
1245 1488 1370 1536 tunc
1409 1482 1582 1552 ipsum
1629 1480 1934 1551 subjectum
1986 1478 2097 1536 lieri

498 1573 809 1644 subjicienti
836 1574 936 1630 sibi
966 1574 1147 1630 omnia
1174 1590 1187 1628 :
1222 1584 1279 1628 ut
1304 1574 1759 1646 quemadmodum
1787 1589 1886 1630 nos
1914 1572 2100 1645 gloria:

496 1668 772 1740 regnantis
799 1668 1045 1738 corporis
1074 1667 1157 1723 Sui
1193 1667 1507 1734 subdimur,
1535 1666 1727 1723 eodem
1759 1682 1974 1722 rursum
2005 1680 2100 1721 sa-

2194 644 2519 701 audiendum
2552 643 2822 701 dominica
2852 642 3223 699 admonitione
3247 642 3322 715 (e)
3354 640 3513 698 luerit
3545 655 3798 698 necessa-

2198 737 2377 793 rium?
2401 736 2510 793 Sed
2539 736 2862 792 sacramenti
2890 733 3172 791 scientiam
3202 733 3462 790 Dominus
3487 733 3800 800 insinuans,

2199 831 2530 888 auditionem
2576 832 2837 886 doctrina:
2888 829 3063 887 lidelis
3105 828 3304 901 exegit.
3349 828 3407 884 ln
3455 843 3806 885 consumma-

2199 924 2345 979 tione
2386 924 2566 995 itaque
2605 923 2790 979 saeculi
2817 922 2885 978 de
2914 937 3083 993 regno
3110 922 3227 994 ejus
3257 921 3511 978 scandala
3542 921 3805 978 auferun-

2199 1024 2306 1070 tur.
2349 1013 2620 1070 Habenuts
2649 1029 2777 1086 ergo
2810 1026 3124 1087 regnantem
3171 1014 3455 1071 Dominum
3499 1014 3800 1072 secundum

2199 1107 2443 1178 corporis
2470 1106 2799 1175 claritatem,
2831 1123 2939 1179 quo
2969 1122 3141 1179 usque
3169 1106 3425 1163 scandala
3456 1106 3802 1163 auferantur.

2202 1197 2478 1254 Habemus
2505 1215 2723 1255 rursum
2755 1197 3065 1255 confortnes
3092 1214 3191 1254 nos
3221 1197 3407 1270 gloriae
3435 1197 3680 1267 corporis
3714 1195 3806 1252 sui

2203 1292 2256 1350 in
2282 1308 2447 1363 regno
2468 1291 2645 1348 Patris
2662 1332 2678 1360 ,
2704 1301 2975 1362 tamquam
3001 1293 3051 1347 in
3077 1292 3207 1348 solis
3228 1291 3472 1349 claritate
3493 1291 3761 1364 fulgentes
3784 1307 3804 1347 :

2203 1385 2282 1459 (f)
2304 1385 2357 1441 in
2380 1402 2484 1458 qua
2516 1385 2754 1442 habitum
2778 1387 2927 1458 regni
2948 1385 3032 1442 sui
3057 1386 3327 1457 Apostolis
3350 1385 3405 1441 in
3425 1394 3608 1443 monte
3628 1394 3810 1442 trans-

2204 1479 2466 1538 formatus
2495 1480 2750 1536 ostendit.

2275 1572 2363 1628 39.
2395 1570 2625 1628 Gloriam
2655 1571 2980 1642 impertiens,
3014 1572 3172 1628 tradit
3200 1588 3292 1627 nos
3326 1588 3539 1644 regnum
3560 1570 3669 1627 Deo
3691 1571 3808 1628 sine

2204 1664 2347 1737 regni
2367 1665 2447 1719 sui
2479 1667 2681 1720 damno.
2711 1664 2942 1736 Regnum
2971 1664 3239 1733 traditum,
3266 1680 3381 1720 nos.
3409 1663 3637 1720 Tradens
3657 1664 3814 1720 Chri-

499 1771 776 1817 cramento
812 1757 890 1832 (a)
926 1760 1041 1830 ipse
1078 1775 1312 1831 regnans
1351 1759 1407 1816 in
1438 1759 1611 1830 gloria
1655 1760 1902 1833 corporis
1931 1757 2102 1830 subji-
2132 1771 2182 1832 Β
2207 1766 2334 1827 stus,
2359 1760 2521 1814 ethoc
2540 1769 2790 1831 quatenus
2811 1758 3281 1815 homo.—'l‘radet
3297 1773 3429 1830 ergo
3449 1774 3671 1831 regnum
3696 1759 3812 1816 Deo

497 1854 662 1911 cienti
694 1853 797 1909 sibi
826 1851 1077 1910 universa
1106 1854 1388 1910 subdatur.
1432 1853 1725 1911 Subdimur
1753 1862 1934 1908 autem
1979 1852 2103 1923 glo-

499 1949 595 2005 ria:
623 1950 870 2022 corporis
911 1947 1035 2017 sui,
1063 1957 1123 2005 ut
1160 1949 1213 2004 in
1244 1964 1309 2006 ea
1360 1949 1531 2006 simus
1572 1948 1651 2023 (b)
1678 1948 1958 2016 claritate,
2001 1962 2106 2020 qua

496 2051 688 2113 regnat
715 2043 767 2098 in
799 2057 1065 2114 corpore:
1095 2044 1219 2114 quia
1250 2043 1620 2135 corpori‘ejus
1656 2043 1964 2099 conformes
1993 2044 2102 2100 eris

501 2150 642 2192 mus.

573 2227 660 2282 57.
706 2226 950 2300 Corporis
980 2224 1176 2284 Christi
1216 2227 1404 2301 gloria.
1446 2259 1516 2270 —
1546 2226 1618 2284 Et
1639 2227 1857 2298 quidem
1882 2228 2104 2300 gloriam

505 2321 780 2394 regnantis
816 2337 962 2378 nunc
986 2324 1230 2394 corporis
1271 2325 1352 2380 sui
1399 2323 1720 2396 Evangelica
1759 2338 1865 2380 non
1906 2334 2105 2381 tacent.

501 2413 577 2471 Ita
649 2416 792 2471 enim
841 2415 1133 2483 scribitur,
1182 2416 1409 2472 Domino
1460 2416 1672 2473 dicente
1722 2414 1935 2472 :Amen
1993 2415 2110 2469 dico

504 2506 674 2575 vobis,
705 2509 947 2575 quoniam
990 2518 1109 2562 sunt
1156 2508 1317 2579 aliqui
1363 2508 1426 2563 de
1478 2506 1800 2563 adstantibus
1834 2509 1977 2574 istis,
2022 2507 2112 2580 qui

504 2616 606 2655 non
644 2600 921 2672 gustabunt
974 2610 1225 2669 mortem,
1267 2600 1427 2656 donec
1462 2601 1667 2655 videant
1697 2601 1864 2671 [ilium
1891 2599 2110 2655 hominis

502 2693 779 2748 venientem
799 2695 855 2748 in
896 2708 1053 2764 regno
1077 2709 1171 2748 suo
1199 2692 1220 2766 (
1248 2691 1438 2747 Matth.
1488 2709 1577 2748 xvr
1598 2734 1615 2761 ,
1645 2692 1717 2747 28
1739 2692 1779 2764 ).
1828 2691 1897 2747 Et
1918 2696 2111 2764 [actum

507 2793 583 2838 est
611 2793 724 2855 post
754 2784 867 2839 dies
894 2800 985 2839 sea:
1003 2824 1019 2851 ,
1052 2785 1334 2855 assumpsit
1359 2783 1513 2841 Iesus
1539 2783 1760 2840 Petrum
1785 2795 1834 2841 et
1859 2782 2112 2839 Iacobum

515 2886 565 2931 et
592 2873 850 2931 Joannem
878 2881 1091 2949 fratrem
1130 2879 1273 2949 ejus,
1299 2888 1345 2933 et
1370 2877 1509 2932 ducit
1536 2878 1656 2934 illos
1683 2878 1738 2932 in
1767 2888 1988 2933 montem
2025 2895 2111 2933 ea:-

505 2970 694 3025 celsum
731 2987 991 3037 seorsum,
1030 2981 1080 3028 et
1105 2972 1502 3044 transﬁguratus
1532 2981 1605 3029 est
1642 2972 1797 3028 Jesus
1838 2983 1957 3028 ante
1984 2989 2070 3028 eos
2093 3015 2108 3041 ,

508 3070 556 3116 et
585 3062 902 3134 resplenduit
928 3065 1090 3136 facies
1111 3068 1223 3138 ejus
1246 3074 1300 3117 ut
1329 3065 1445 3133 sol,
1473 3066 1775 3121 vestimenta
1804 3076 1974 3121 autem
2001 3066 2114 3138 ejus

2211 1854 2350 1925 patri
2377 1873 2391 1911 :
2416 1869 2522 1909 nou
2550 1856 2651 1919 ita,
2681 1862 2950 1924 tamquam
2981 1853 3199 1909 tradens
3220 1859 3491 1923 potestate
3514 1850 3811 1918 concedat,

2209 1949 2303 2006 sed
2333 1948 2475 2020 quod
2503 1963 2604 2004 nos
2633 1948 2943 2005 conlormes
2967 1948 3150 2019 gloriae
3179 1947 3423 2019 corporis
3458 1946 3540 2001 sui
3571 1944 3694 2001 lacti
3724 1959 3817 2001 re-

2209 2058 2371 2115 gnum
2395 2042 2490 2098 Dei
2533 2040 2755 2099 erimus.
2785 2040 2903 2097 Non
2946 2040 3090 2096 enim
3131 2040 3205 2095 ait
3239 2056 3253 2094 :
3292 2038 3496 2095 Tradet
3534 2053 3687 2094 suum
3724 2052 3812 2095 re-

2213 2151 2420 2208 gnum;
2466 2133 2562 2190 sed
2588 2131 2778 2188 Tradat
2819 2149 3032 2206 regnum
3064 2129 3108 2207 (l
3138 2132 3260 2188 Cor.
3288 2147 3390 2201 xv,
3423 2131 3517 2201 24)
3537 2173 3554 2199 ,
3588 2131 3816 2188 etl'ectos

2215 2246 2316 2286 nos
2340 2245 2436 2297 per
2463 2228 2908 2301 gloriﬁcationem
2939 2226 3184 2298 corporis
3213 2225 3299 2282 sui
3326 2240 3548 2297 regnum
3572 2225 3679 2281 Deo
3704 2233 3821 2280 tra-

2211 2322 2441 2379 diturus.
2465 2321 2574 2378 Nos
2601 2322 2780 2391 itaque
2805 2319 2984 2375 tradet
3014 2320 3065 2375 in
3088 2334 3312 2391 regnum
3331 2363 3346 2389 ,
3385 2316 3676 2374 secundum
3706 2316 3816 2372 hoc

2212 2416 2265 2471 in
2291 2415 2596 2487 Evangeliis
2609 2414 2809 2470 dictum
2833 2431 2850 2471 :
2888 2412 3078 2478 Venite,
3112 2412 3357 2468 benedicti
3377 2412 3539 2484 patris
3561 2411 3821 2481 mei.pos-

2212 2510 2370 2566 sidete
2399 2519 2745 2582 prazparatum
2771 2507 2908 2565 vobis
2946 2523 3161 2579 regnum
3181 2524 3213 2561 a
3240 2506 3599 2561 constitutione
3632 2503 3819 2558 mundi

2216 2602 2428 2676 (Matth.
2454 2618 2557 2658 xxv
2575 2644 2588 2668 ,
2613 2600 2728 2672 54).
2754 2599 3060 2672 Fulgebunt
3080 2613 3209 2668 ergo
3226 2597 3357 2669 juSti
3379 2605 3438 2653 ut
3462 2597 3541 2653 sol
3572 2597 3625 2651 in
3646 2609 3822 2667 regno

2224 2696 2392 2767 patris
2414 2711 2622 2752 eorum.
2656 2694 2856 2751 Tradet
2893 2693 3036 2749 enim
3068 2692 3239 2748 Filius
3276 2693 3386 2747 Deo
3415 2706 3640 2760 regnum
3681 2704 3774 2745 eos
3796 2730 3816 2755 ,

2215 2805 2351 2862 quos
2370 2790 2583 2845 vocavit
2602 2790 2654 2844 in
2673 2804 2922 2861 regnum,
2940 2787 3133 2859 quibus
3155 2794 3211 2843 et
3232 2786 3617 2842 beatitudinem
3636 2798 3824 2840 sacra-

2218 2882 2383 2937 menti
2410 2881 2566 2953 hujus
2585 2880 2877 2953 spopondit
2897 2880 3085 2936 dicens
3105 2897 3119 2934 :
3143 2878 3223 2951 (ὶ)
3244 2878 3393 2934 Beati
3416 2877 3606 2933 mundo
3624 2876 3775 2932 corde
3797 2917 3819 2944 ,

2216 2975 2458 3043 quoniam
2490 2974 2592 3045 ipsi
2622 2972 2786 3027 Deum
2822 2972 3060 3027 videbunt
3103 2969 3321 3044 (Matth.
3356 2987 3386 3024 ν
3407 3012 3421 3033 .
3452 2970 3531 3041 8).
3566 2969 3822 3040 Rc-gnans

2219 3064 2406 3137 itaque
2432 3075 2644 3122 avertet
2667 3063 2916 3121 scandala
2939 3107 2954 3133 ,
2987 3073 3044 3119 et
3073 3072 3200 3119 tunc
3216 3062 3348 3133 justi
3370 3061 3422 3117 in
3448 3076 3614 3132 regno
3643 3060 3823 3116 Patris

505 3157 645 3225 facta
670 3165 786 3210 sunt
810 3157 944 3211 sicut
974 3157 1065 3213 nia:
1104 3156 1316 3229 (.llatth.
1346 3174 1458 3213 xvu
1482 3200 1497 3226 ,
1528 3159 1553 3214 l
1586 3167 1633 3214 et
1659 3157 1752 3229 2).
1793 3158 1974 3215 Gloria
2005 3158 2108 3214 ita-
2137 3163 2182 3228 C
2217 3167 2487 3231 tamquam
2514 3158 2597 3214 sol
2628 3157 2928 3228 fulgebunt.
2961 3155 3161 3212 Tradet
3187 3164 3369 3212 autem
3407 3154 3520 3210 Deo
3556 3152 3694 3224 patri
3730 3167 3826 3208 rc-

502 3262 611 3317 que
639 3249 908 3306 venientis
949 3249 1003 3304 in
1041 3265 1268 3321 regnum
1299 3251 1547 3321 corporis
1580 3248 1857 3321 Apostolis
1883 3250 2109 3306 demon-

504 3348 673 3397 strata
701 3350 786 3398 est
810 3341 973 3397 :Nam
997 3343 1048 3397 in
1079 3342 1263 3399 habitu
1281 3343 1543 3398 Dominus
1567 3342 1815 3415 gloriosa:
1848 3341 2116 3415 (cjtrans-

506 3433 847 3491 lormationis
912 3450 1024 3492 sua:
1092 3436 1375 3503 constitit,
1427 3437 1703 3509 regnantis
1748 3437 1993 3509 corporis
2029 3438 2114 3493 sui

507 3525 752 3582 claritate
784 3526 1068 3598 patefacta.

581 3617 672 3676 58.
714 3616 1043 3676 Consortium
1072 3621 1217 3677 illius
1240 3622 1384 3678 nobis
1415 3622 1749 3694 promissum.
1770 3652 1842 3662 —
1864 3620 1931 3677 Et
1954 3619 2117 3692 hujus

506 3715 723 3788 quidem
752 3717 939 3789 gloriae
980 3734 1095 3775 suae
1129 3719 1464 3776 consortium
1494 3718 1769 3790 Apostolis
1808 3717 2072 3789 pollicens
2093 3758 2108 3783 ,

506 3808 619 3865 ait:
652 3809 745 3866 Sic
786 3811 882 3865 erit
917 3812 973 3866 in
1019 3814 1459 3868 consummatione
1507 3812 1704 3868 seaculi.
1757 3810 1925 3867 Mittet
1971 3811 2113 3881 ﬁlius

507 3903 726 3960 hominis
751 3906 960 3980 angelos
988 3906 1154 3980 398
1179 3924 1299 3963 suos
1320 3950 1337 3976 ,
1370 3918 1418 3962 et
1457 3907 1697 3980 colligent
1723 3907 1786 3963 de
1809 3923 1966 3977 regno
1996 3910 2109 3981 ejus

506 3998 683 4053 omnia
722 3998 969 4055 scandala
1013 4010 1061 4056 et
1114 4003 1201 4074 qui
1247 4002 1447 4073 faciunt
1479 4002 1830 4073 iniquitatem,
1860 4010 1909 4056 et
1950 4002 2113 4056 mittet

505 4105 591 4145 eos
618 4091 674 4146 in
702 4093 955 4147 caminum
981 4093 1151 4165 ignis;
1179 4093 1251 4149 ibi
1279 4095 1372 4150 erit
1398 4096 1551 4166 ﬂetus
1572 4106 1619 4150 et
1647 4095 1839 4150 stridor
1859 4094 2109 4151 dentium.

511 4181 655 4277 Tunc
674 4184 806 4255 justi
833 4186 1101 4258 fulgebunt
1127 4188 1260 4243 sicut
1287 4188 1365 4244 sol
1401 4189 1457 4244 in
1500 4205 1657 4261 regno
1688 4189 1852 4261 patris
1895 4205 2068 4244 eorum
2094 4204 2114 4242 :

584 4297 637 4368 (ι

706 4297 822 4353 Non
852 4307 1002 4355 extat
1028 4299 1275 4356 audiendi
1302 4301 1356 4356 in
1385 4309 1575 4359 nostro
1603 4303 1816 4359 codice.

2218 3268 2422 3324 gnum:
2455 3262 2511 3309 et
2537 3262 2663 3308 tunc
2690 3267 2826 3322 quos
2866 3266 3091 3322 regnum
3140 3249 3249 3306 Deo
3296 3246 3615 3314 tradiderit,
3645 3244 3825 3301 Deum

2223 3347 2500 3403 videbunt.
2531 3345 2609 3419 (g)
2638 3346 2706 3402 Et
2740 3344 2883 3416 quod
2922 3360 3179 3415 regnum,
3220 3342 3334 3414 ipse
3370 3349 3601 3397 testatus
3627 3346 3711 3396 est
3737 3338 3829 3393 di—

2222 3455 2351 3497 cens
2397 3440 2464 3496 ad
2513 3438 2805 3511 Apostolus
2837 3454 2850 3493 :
2885 3438 2952 3493 In
2993 3438 3134 3494 vobis
3168 3438 3304 3492 enim
3348 3446 3423 3492 est
3464 3450 3676 3508 regnum
3720 3431 3829 3487 Dei

2219 3533 2353 3606 (Luc
2389 3550 2530 3601 xvn,
2563 3532 2681 3606 21).
2735 3532 2987 3603 chnans
3028 3532 3208 3603 itaque
3255 3543 3480 3601 regnum
3525 3527 3720 3584 tradet.
3752 3525 3830 3581 Et.

2222 3628 2268 3684 si
2297 3630 2417 3700 quis
2438 3636 2648 3700 quaarat
2681 3626 2802 3698 quis
2823 3626 2924 3683 iste
2944 3627 3015 3682 sit
3062 3623 3280 3685 tradens
3309 3638 3534 3696 regnum
3552 3665 3567 3690 ,
3594 3619 3777 3679 audiet
3804 3635 3826 3678 :

2218 3722 2454 3778 Christus
2478 3723 2756 3778 resurrexit
2785 3739 2816 3776 a
2842 3722 3056 3777 mortuis
3074 3764 3088 3787 ,
3113 3720 3276 3792 399
3301 3719 3543 3788 primitiae
3562 3718 3830 3773 dormien—

2218 3816 2641 3889 tium;quoniam
2672 3831 2763 3885 per
2789 3815 3045 3870 hominem
3072 3830 3229 3879 mors,
3257 3823 3305 3868 et
3336 3828 3427 3884 per
3453 3811 3709 3866 hominem
3736 3825 3830 3865 re-

2217 3911 2462 3966 surrectio
2491 3918 2813 3964 mortuorum’
2847 3909 2903 3978 (l
2934 3907 3054 3964 Cor.
3100 3924 3188 3974 xv,
3221 3907 3544 3981 21).Omnis
3564 3908 3704 3963 enim
3731 3905 3828 3962 hic

2220 4019 2364 4060 nunc
2391 4004 2672 4075 praesentis
2695 4003 3006 4073 quiestionis
3031 4015 3212 4058 sermo
3232 4001 3297 4058 de
3326 4010 3674 4057 sacramento
3699 4012 3829 4055 cor-

2222 4097 2370 4169 poris
2398 4106 2480 4154 cst
2497 4139 2511 4164 ,
2535 4095 2657 4168 quia
2680 4094 2926 4152 Christus
2956 4095 3206 4166 primitia:
3228 4109 3291 4151 ex
3323 4094 3553 4150 mortuis
3572 4103 3673 4150 est.
3701 4094 3827 4161 Quo

2223 4200 2403 4248 autem
2425 4188 2673 4248 Christus
2689 4190 2946 4264 mysterio
2969 4204 3038 4246 ex
3063 4188 3291 4245 mortuis
3315 4188 3645 4256 resurrexit,
3668 4184 3827 4259 Apo-

584 4297 637 4368 (ι
706 4297 822 4353 Non
852 4307 1002 4355 extat
1028 4299 1275 4356 audiendi
1302 4301 1356 4356 in
1385 4309 1575 4359 nostro
1603 4303 1816 4359 codice.

583 4297 666 4440 (ἓξ
703 4366 851 4424 Beati
876 4371 1059 4425 mundi
1085 4372 1238 4427 corde
1277 4387 1400 4428 cum
1437 4388 1648 4445 graneo,
1680 4376 1919 4452 μακάριοι
1947 4374 1994 4430 oi
2016 4374 2106 4432 καθ

2216 4373 2225 4426 l
2250 4376 2313 4447 τῇ
2342 4367 2547 4448 καρδίᾳ.

512 4480 808 4565 essentiam
841 4481 1131 4565 signiﬁcat,
1155 4485 1247 4542 sed
1270 4486 1584 4565 qualitatem
1610 4504 1622 4541 :
1643 4487 1787 4565 quod
1811 4497 1998 4559 aperte
2019 4489 2116 4565 d_e_-
2142 4503 2197 4565 p
2222 4488 2406 4565 paucis
2429 4485 2719 4565 l_t_ic_aperit
2748 4484 2984 4543 Hilarius
3013 4492 3120 4565 :_ut
3156 4486 3611 4565 quemadmodum
3651 4489 3830 4561 subji-

508 4556 946 4631 elaratnrtract.
996 4556 1135 4631 psal.
1180 4573 1257 4631 tt,
1301 4573 1355 4611 n.
1390 4558 1454 4612 41
1489 4576 1512 4631 :_
1538 4556 1817 4631 Confracta
1849 4556 2114 4629 reparabit

511 4624 787 4705 (corpora)
805 4668 818 4689 ,
848 4641 950 4679 non
974 4624 1037 4681 ea:
1065 4628 1168 4705 alia
1188 4627 1391 4705 aliqua,
1423 4629 1513 4683 sed
1541 4646 1605 4705 ea;
1636 4624 1789 4705 veteri
1811 4624 1969 4705 atque
2003 4632 2115 4705 ipsa

511 4698 727 4774 originis
768 4711 878 4751 sua:
914 4700 1126 4753 materie
1168 4698 1387 4774 speciem
1433 4702 1725 4774 complaciti
1775 4698 2116 4757 sibi'decoris

510 4769 809 4844 impertiens
833 4784 852 4823 :
874 4779 931 4822 ut
958 4772 1374 4844 corruptibilium,
1394 4769 1665 4844 corporum
1690 4774 1743 4826 in
1772 4774 2118 4843 incorruptio-

514 4840 606 4915 nis_
626 4840 1173 4915 gloriamgresurreciio
1188 4883 1204 4910 ,
1235 4861 1337 4897 non
1360 4840 1577 4915 interitu
1594 4854 1837 4899 naturam
1860 4840 2077 4915 perimat
2098 4888 2112 4912 ,

514 4912 607 4967 sed
634 4912 893 4981 qualitatis
934 4913 1223 4970 conditione
1254 4918 1495 4970 demutet.
1528 4913 1650 4970 Non
1678 4916 1810 4970 enim
1831 4912 1977 4971 aliud
2004 4933 2119 4971 cor—

556 4999 614 5037 us
640 4985 868 5059 quamvis
891 4986 945 5040 in
972 4985 1116 5039 aliud
1148 4996 1405 5059 resurget,
1450 4994 1558 5043 etc.
1593 4987 1708 5059 Non
1740 4988 1934 5059 minus
1965 4988 2116 5043 lucu-

538 5064 695 5110 entus
726 5068 812 5127 est
843 5056 989 5111 locus
1020 5065 1176 5112 tract.
1221 5056 1359 5127 psal.
1404 5074 1500 5123 sv,
1535 5075 1589 5112 n.
1616 5058 1703 5113 l2.
1731 5058 1854 5114 Ideo
1887 5069 2070 5115 autem
2099 5101 2113 5126 ,

515 5134 675 5253 puto,
708 5125 843 5181 dixit
868 5135 1085 5183 sanctus
1111 5125 1309 5184 Doctor
1347 5136 1589 5184 naturam
1612 5132 1805 5185 mutari
1829 5171 1844 5198 ,
1871 5146 1991 5186 cum
2023 5125 2115 5186 so?

540 5213 624 5251 am
654 5199 971 5253 aualitatum
1000 5204 1290 5253 novitatem
1319 5200 1678 5253 intelligeret.
1703 5202 1847 5253 auod
1867 5202 2115 5253 aloriosac

540 5213 624 5273 am
654 5199 971 5273 qualitatum
1000 5204 1290 5273 novitatem
1319 5200 1678 5272 intelligeret,
1703 5202 1847 5273 quod
1867 5202 2117 5273 gloriosae

516 5268 673 5342 dotes
719 5284 826 5323 non
862 5268 1297 5342 Asintgnaturales
1340 5268 1631 5339 corporum
1673 5268 1991 5342 qualitates,
2022 5274 2117 5329 sed

518 5340 697 5424 potius
718 5340 964 5424 quaedam
985 5340 1181 5424 divinae
1199 5343 1524 5424 conditionis
1548 5340 1934 5424 prtcrogativaa.
1956 5343 2117 5424 _Und_c

516 5411 571 5467 in
609 5412 860 5468 omnibus
887 5411 969 5467 his
998 5412 1129 5468 locis
1155 5423 1353 5470 natura:
1379 5411 1598 5472 nomine
1626 5411 1923 5472 naturalem
1956 5417 2117 5473 intel-

517 5482 634 5553 ligit
650 5483 1047 5553 conditionem.

591 5552 669 5627 (α)
711 5552 828 5627 vat.
870 5556 986 5612 bas.
1039 5570 1170 5623 ms.,
1220 5573 1359 5616 unus
1409 5558 1589 5626 Colb.,
1631 5558 1770 5616 alter
1792 5558 2024 5617 Sorbon.
2062 5566 2119 5617 et

520 5623 732 5703 Martia.
754 5626 867 5703 ipse
898 5627 996 5703 sibi
1024 5644 1267 5703 regnans.
1576 5623 1590 5703 ί
1614 5702 1621 5703 γ
2082 5679 2088 5686 .

593 5696 663 5768 (b)
692 5697 750 5753 In
764 5696 1030 5781 fulgatjs,
1054 5696 1288 5781 corporis
1307 5703 1559 5781 claritate.
1580 5701 1697 5760 Vox
1722 5705 1950 5781 corporis
1965 5703 2120 5781 abest

523 5782 554 5829 a
593 5781 723 5825 mss.
760 5768 899 5838 Quid
937 5770 1005 5828 de
1044 5768 1158 5831 toto
1201 5774 1554 5847 subjectiouis
1589 5768 1849 5848 mysterio
1887 5776 2117 5846 sentiat,

2218 4562 2392 4615 cimur
2420 4558 2638 4616 Christo
2659 4599 2674 4626 ,
2703 4566 2970 4628 quatenus
3000 4558 3116 4629 ejus
3152 4560 3342 4630 glorias
3377 4561 3717 4627 conlormes;
3748 4558 3829 4621 ita

2218 4630 2469 4687 Christus
2497 4631 2606 4684 Deo
2624 4630 2914 4694 subdatur,
2942 4639 3207 4700 quatenus
3230 4631 3526 4687 secundum
3549 4632 3828 4690 hominem

2219 4702 2419 4758 divina:
2446 4701 2709 4758 claritatis
2733 4715 2957 4757 consors
2986 4700 3238 4757 efﬁcitur.
3273 4704 3397 4760 llaec
3426 4705 3644 4771 confer,
3671 4705 3718 4761 si
3741 4707 3831 4761 lu-

2223 4774 2347 4843 bet,
2381 4790 2503 4830 cum
2537 4783 2693 4829 tract.
2725 4773 2862 4843 psal.
2892 4788 3033 4828 van
3060 4813 3075 4839 ,
3107 4789 3159 4829 n.
3195 4774 3284 4832 57.

2296 4844 2625 4920 (c)_Martin.
2659 4853 2715 4901 et
2748 4844 2869 4920 _Vat.
2903 4845 3017 4899 bas.
3052 4860 3183 4900 mss.
3224 4847 3719 4920 transfigurationis.
3749 4848 3826 4905 At

2223 4915 2288 4971 ad
2308 4915 2522 4972 calcem
2554 4916 2759 4972 numeri
2790 4916 3009 4987 subseq.
3039 4930 3160 4987 cum
3186 4915 3397 4975 eteteris
3411 4915 3783 4975 consentiunt.

2292 4989 2371 5058 (ά)
2414 4987 2648 5044 Verbum
2672 4986 2917 5042 audiendi
2942 4986 3282 5062 desideratur
3309 4991 3361 5046 in
3384 4991 3635 5046 omnibus
3656 5006 3833 5062 prope

2221 5074 2380 5130 mss.,
2410 5069 2734 5130 quamquam
2757 5069 2934 5130 exstat
2957 5059 3009 5113 in
3031 5061 3328 5117 vetustiore
3355 5062 3510 5118 Colb.

2296 5129 2368 5204 (ς)
2409 5129 2563 5204 Apud
2587 5129 2680 5186 Er.
2706 5141 2762 5185 et
2782 5129 2929 5199 Lips.
2955 5131 3111 5204 fuerit
3135 5148 3265 5204 opus
3284 5149 3303 5187 :
3328 5133 3682 5191 renitentibus
3702 5133 3832 5190 aliis

2221 5201 2408 5284 libris,
2437 5202 2492 5256 in
2519 5204 2713 5273 quibus
2734 5216 2857 5257 cum
2890 5203 3078 5257 eadem
3104 5201 3364 5276 vi'legere
3388 5215 3473 5263 est
3492 5247 3507 5272 ,
3536 5206 3695 5277 fuerit
3735 5221 3833 5261 rte-

2222 5288 2519 5327 cessartum.
2904 5298 2907 5301 λ

2297 5343 2368 5417 (0
2411 5342 2530 5399 Vat.
2561 5343 2676 5420 bas.
2712 5359 2827 5420 ms._
2848 5359 2931 5420 ac_
2944 5344 3359 5420 Martin._inquo
3378 5347 3634 5420 habitugse
3654 5349 3824 5420 regni.

2223 5413 2424 5488 Vocem
2470 5415 2613 5488 regni
2655 5417 2857 5488 omittit
2892 5415 3073 5488 Colb.;
3117 5416 3190 5471 nil
3212 5413 3507 5488 iimmutes.
3540 5413 3655 5475 Huc
3698 5413 3833 5475 facit

2224 5486 2360 5563 illud
2384 5502 2504 5563 cap.
2524 5486 2648 5563 fxvtt
2690 5488 2744 5543 in
2789 5486 2972 5563 Matth.
3004 5502 3060 5541 ιι.
3084 5488 3157 5543 2:
3197 5487 3329 5563 Post
3358 5490 3476 5563 dies
3504 5508 3616 5557 sex,
3648 5492 3835 5563 glorias

2223 5558 2494 5702 (ligaminij
2513 5559 2714 5615 habitus
2736 5561 3083 5616 ostenditur...
3103 5560 3249 5634 regni
3270 5562 3487 5619 scelestis
3505 5558 3672 5618 honor
3690 5578 3835 5636 pne-

2267 5641 2502 5702 guratur.

2304 5641 2502 5688 uratur.

2267 5649 2502 5781 ggf'iii'
2538 5718 2670 5762 mss.
2696 5703 2946 5781 addimus
2988 5703 3307 5781 particulam
3335 5714 3404 5781 et.
3454 5706 3661 5766 Deinde
3706 5714 3834 5781 post

2225 5778 2359 5849 quod
2388 5792 2601 5850 regnum
2620 5817 2636 5847 ,
2661 5779 2884 5835 tacitum
2908 5787 2996 5837 est
3020 5778 3246 5840 verbum
3274 5780 3462 5838 tradet.
