4106 6192
384 195 498 252 423

1597 211 1684 268 ne
1717 193 2088 272 TutNtTAte
2130 215 2336 274 LIBER
2377 219 2468 277 XI.

3588 243 3692 302 426

381 312 530 367 stolo
568 311 783 371 dicente
827 327 1114 370 noscamus
1157 307 1480 376 :‘Mcmento
1526 323 1604 396 (t)
1654 326 1912 382 Christian
1960 347 1990 382 a
2019 335 2064 392 Α
2096 333 2234 401 quod
2262 332 2428 406 400
2467 349 2570 390 non
2600 348 2706 406 est,
2746 353 2849 395 non
2880 342 3084 400 habens
3115 348 3167 402 in
3203 347 3507 412 defectione
3534 356 3603 412 ita
3633 375 3694 416 se

382 407 603 461 mortuis
641 411 982 464 rcsurrexisse
1001 453 1014 476 ,
1045 411 1108 464 de
1131 415 1321 468 semine
1343 412 1513 469 Darid
1535 418 1600 489 (ll
1627 418 1759 474 Tim.
1788 438 1821 476 tt
1843 464 1856 488 ,
1887 421 1942 494 8)
1970 441 1982 474 :

379 511 618 555 mortem
657 501 838 574 itaque
869 513 924 557 et
965 507 1420 562 resurrectionem
1449 525 1521 564 ex
1551 527 1615 567 ea
1655 523 1859 568 tantum
1890 516 1990 570 do-

376 605 517 648 cens
544 591 954 662 dispensatione
981 611 1133 660 esse,
1164 613 1264 668 qua
1287 614 1418 654 caro
1448 609 1550 656 est.

452 685 544 742 40.
589 686 938 761 Subjectiouis
965 686 1159 744 Christi
1197 707 1388 754 causa,
1429 707 1483 747 ut
1529 695 1592 750 sit
1632 694 1775 752 Deus
1813 700 1987 754 omnia

374 775 435 832 in
459 777 716 834 omnibus.
745 781 846 846 Qui
875 780 932 834 id
958 781 1070 850 ﬁat.
1103 810 1167 823 —
1195 781 1406 856 Regnat
1442 797 1622 844 autem
1657 791 1708 844 in
1753 791 1854 847 hoc
1893 809 1986 849 eo-

373 871 503 928 dem
530 873 772 945 glorioso
797 873 909 945 jam
939 888 1038 931 suo
1065 890 1295 948 corpore
1314 918 1332 948 ,
1362 879 1538 936 donec
1563 883 1837 938 evacuatis
1868 899 1982 938 ma-

373 965 730 1036 gistratibus,
761 977 816 1023 et
846 978 1020 1025 morte
1050 967 1261 1026 devicta
1297 971 1547 1044 subjiciat
1576 974 1678 1030 sibi
1712 975 1980 1032 inimicos.

375 1057 448 1114 Et
475 1059 691 1131 quidem
739 1060 808 1115 ab
835 1060 1100 1129 Apostolo
1140 1074 1387 1121 servatus
1421 1063 1508 1122 hic
1546 1065 1738 1124 modus
1765 1079 1881 1137 est,
1926 1081 1984 1125 ut

370 1155 785 1226 magistratibus
805 1166 854 1212 et
876 1157 1236 1226 potestatibus
1257 1161 1538 1216 evaettatio
1555 1202 1570 1229 ,
1596 1163 1828 1218 inimicis
1853 1179 1983 1220 vero

365 1246 641 1318 subjectio
681 1250 1053 1320 deputaretur.
1085 1252 1294 1318 Quibus
1337 1253 1630 1323 subjectis,
1663 1257 1983 1326 subjicietur

366 1338 686 1410 subjicienti
725 1341 831 1397 sibi
863 1343 1076 1410 omnia,
1113 1343 1196 1417 (2)
1233 1345 1489 1402 Dominus
1531 1347 1612 1420 (a)
1645 1351 1888 1419 scilicet,
1926 1362 1982 1408 ut

362 1431 438 1488 sit
467 1431 605 1488 Deus
629 1435 801 1488 omnia
823 1435 878 1488 in
899 1435 1132 1491 omnibus
1161 1435 1206 1508 (Ι
1227 1433 1350 1492 Cor.
1377 1454 1483 1507 xv,
1511 1439 1607 1512 ‘28)
1626 1483 1640 1505 ,
1669 1441 1745 1516 (ὁ)
1773 1457 1980 1502 natura:

363 1527 634 1597 assumpti
673 1527 920 1598 corporis
961 1532 1131 1584 nostri
1177 1541 1366 1585 natura
1402 1539 1641 1602 paternae
1681 1533 1981 1596 divinitatis

361 1614 606 1674 invecta.
641 1617 745 1674 Per
777 1619 828 1674 id
869 1619 1014 1676 enim
1062 1621 1168 1676 erit
1207 1622 1391 1677 omnia
1421 1623 1474 1678 in
1506 1626 1756 1682 omnibus
1795 1628 1975 1698 Deus,

2090 439 2304 490 carere,
2345 445 2410 482 ne
2441 445 2546 483 non
2573 431 2664 486 sit.

2159 515 2250 572 41.
2295 517 2557 576 Ριίινάιειιι
2609 541 2672 578 ex
2728 525 3024 598 Evangeliis
3077 535 3464 604 confirmatur.
3511 571 3582 582 -—-
3625 543 3692 596 Et

2087 625 2413 683 quamquam
2451 616 2517 668 ad
2549 616 2918 689 intelligentia:
2948 625 3107 692 hujus
3142 629 3450 698 religiosam
3481 637 3689 690 securi-

2089 713 2250 760 tatem
2280 707 2514 764 sufﬁci-tt
2546 713 2699 766 nobis
2721 716 3011 784 apostolica
3042 721 3370 788 auctoritas,
3402 727 3692 798 subjicien-

2085 797 2213 853 dum
2242 815 2365 856 essc
2389 799 2458 874 (ε)
2501 801 2552 856 iu
2581 813 2828 874 tempore
2866 817 2922 863 et
2966 823 3063 878 per
3089 797 3546 882 dispensationem
3580 820 3689 874 Do-

2087 893 2292 948 minum
2332 894 2516 950 Jesum
2556 895 2830 954 Christum
2861 901 3126 970 primitias
3162 907 3582 978 dormientium,
3630 923 3690 968 ut

2083 988 2157 1040 sit
2185 986 2328 1042 Dens
2357 991 2536 1043 omnia
2566 989 2617 1044 in
2649 991 2898 1048 omnibus
2924 1011 2937 1047 :
2971 1010 3066 1066 per
3086 998 3228 1067 quod
3261 1015 3370 1056 non
3393 1003 3690 1062 divinitatis

2085 1078 2368 1136 inﬁrmitas
2416 1091 2543 1150 est,
2596 1084 2692 1138 scd
2749 1088 3136 1156 assumptionis
3193 1093 3503 1162 profectus,
3557 1099 3684 1154 dum

2085 1171 2246 1228 homo
2276 1183 2332 1230 et
2360 1174 2502 1231 Deus
2524 1217 2540 1243 ,
2585 1175 2696 1245 jam
2730 1177 2870 1234 Deus
2916 1180 2986 1252 (ι’)
3024 1191 3192 1238 totum
3244 1195 3329 1241 est
3362 1207 3374 1242 :
3409 1197 3585 1247 tamen
3619 1210 3686 1250 ne

2084 1263 2255 1332 forte,
2286 1266 2408 1336 quia
2433 1276 2487 1321 et
2516 1267 2868 1325 clariﬁcatum
2899 1273 2949 1326 iu
2982 1288 3213 1344 corpore
3249 1277 3372 1332 dum
3417 1282 3468 1334 in
3505 1301 3570 1338 eo
3601 1302 3687 1340 rc-

2081 1370 2206 1428 gnat
2231 1399 2246 1426 ,
2279 1369 2332 1414 et
2361 1367 2547 1430 postea
2580 1362 2973 1432 subjiciendum
3007 1375 3067 1421 ut
3097 1369 3238 1424 licus
3273 1375 3453 1428 omnia
3485 1375 3537 1431 in
3571 1394 3688 1433 un:-

2082 1449 2240 1505 nibus
2273 1451 2344 1504 sit
2390 1451 2693 1519 credimus,
2729 1471 2839 1510 non
2881 1457 3044 1513 etiam
3087 1475 3153 1515 ex
3195 1461 3505 1534 Evangeliis
3549 1485 3689 1538 pra:-

2079 1543 2382 1614 sumpsisse
2426 1545 2839 1614 existimemur;
2889 1549 3010 1606 ﬁdei
3062 1563 3262 1609 nostra:
3315 1559 3684 1619 tesdmonium

2080 1649 2188 1688 non
2236 1637 2412 1691 solum
2442 1639 2900 1708 apostolicorutn,
2945 1643 3040 1698 sed
3080 1646 3243 1701 etiam
3291 1647 3684 1708 dominicorum

363 1710 832 1814 quia-secundum
881 1711 1340 1782 dispensationem
1388 1731 1454 1772 ex
1504 1717 1617 1772 Deo
1653 1729 1708 1776 et
1755 1719 1975 1778 homine
2005 1723 2054 1784 B
2080 1729 2348 1786 dictorum
2381 1733 2716 1800 professione
2755 1745 2839 1790 est
2883 1734 3302 1807 adstrucndum;
3338 1753 3391 1796 ιιι
3431 1745 3574 1814 quod
3609 1748 3688 1803 ιο-

359 1801 654 1860 hominum
684 1803 889 1877 Deique
933 1805 1196 1863 Mediator
1215 1848 1230 1871 ,
1264 1807 1470 1863 habens
1495 1809 1548 1865 in
1578 1826 1636 1867 sc
1667 1829 1730 1868 ex
1760 1812 1978 1884 dispen4

361 1897 578 1955 satione
621 1900 764 1970 quod
808 1901 984 1956 carnis
1022 1910 1136 1966 est,
1177 1901 1474 1973 adepturus
1510 1903 1563 1960 iu
1609 1907 1860 1964 omnibus
1909 1927 1975 1965 ex

363 1989 711 2062 subjectione
739 1989 812 2064 (c)
839 1991 983 2062 quod
1033 1993 1126 2048 Dei
1169 2003 1282 2061 est,
1312 2011 1380 2050 ne
1409 2011 1472 2050 ex
1505 2007 1656 2066 parte
1686 1998 1828 2054 Deus
1871 1999 1975 2067 sit,

363 2083 468 2140 sed
497 2083 638 2140 Deus
680 2095 845 2140 totus.
882 2084 998 2140 Non
1041 2089 1146 2142 alia
1195 2088 1372 2159 itaque
1416 2090 1774 2160 subjectionis
1810 2077 1974 2151 causa

365 2186 493 2245 est,
539 2195 699 2251 quam
729 2187 790 2234 ut
824 2181 1006 2236 omnia
1045 2181 1096 2236 in
1133 2183 1383 2239 omnibus
1411 2184 1554 2240 Dens
1594 2185 1696 2255 sit,
1732 2187 1873 2242 nulla
1905 2204 1971 2245 ex

365 2279 529 2340 parte
553 2274 756 2328 terreni
791 2272 843 2328 in
875 2288 942 2330 eo
978 2277 1224 2346 corporis
1244 2276 1521 2334 residente
1551 2287 1760 2348 natura,
1793 2280 1873 2353 (ιι)
1918 2290 1976 2336 ιιι

367 2372 501 2421 ante
543 2363 599 2420 in
637 2381 698 2422 se
734 2365 870 2423 duos
912 2369 1224 2439 continens,
1264 2387 1405 2426 nunc
1444 2372 1586 2429 Deus
1619 2383 1825 2430 tantum
1863 2377 1970 2445 sit;

365 2471 480 2512 non
523 2459 734 2530 abjecto
778 2475 1031 2533 corpore,
1063 2467 1158 2518 sed
1199 2479 1263 2519 ex
1298 2463 1633 2535 subjectione
1672 2468 1968 2536 translato;

368 2566 549 2623 neque
579 2568 673 2624 per
701 2551 1062 2610 defectionem
1089 2555 1326 2623 abolito,
1357 2557 1452 2613 sed
1485 2573 1549 2614 ex
1581 2559 1969 2620 clarilicatione

366 2656 613 2714 mutato;
652 2647 939 2718 acquirens
964 2648 1066 2705 sibi
1105 2649 1216 2705 Deo
1250 2650 1426 2721 petius
1457 2651 1768 2724 hominem,
1806 2674 1964 2726 qnam

368 2737 543 2796 Deum
571 2755 667 2811 per
694 2739 966 2798 hominem
998 2742 1274 2798 amittens.
1307 2743 1594 2815 Subjectus
1623 2763 1752 2804 vero
1782 2749 1852 2804 ob
1880 2749 1964 2815 id,

371 2847 482 2887 non
518 2843 572 2886 ut
617 2847 725 2888 non
754 2833 854 2898 sit,
887 2833 981 2889 sed
1014 2843 1072 2890 ut
1107 2835 1286 2889 omnia
1317 2834 1370 2890 iu
1402 2837 1654 2894 omnibus
1683 2838 1826 2894 Deus
1865 2839 1962 2906 sit;

367 2922 579 2982 habens
621 2926 676 2982 in
717 2938 1056 2984 sacramento
1092 2927 1442 3001 subiectionis
1486 2946 1608 2988 esse
1655 2948 1720 2988 ac
1749 2950 1968 2993 manere

438 3065 526 3212 ξιξ
558 3065 820 3151 Christum
844 3065 1028 3123 lauru
1055 3082 1178 3125 cum
1205 3082 1406 3142 grteco.

467 3138 504 3192 2
564 3137 677 3194 Deo
701 3140 922 3196 scilicet.

467 3137 526 3196 2)
564 3137 677 3194 Deo
701 3139 922 3196 scilicet.

437 3277 520 3352 (ιι)
552 3280 776 3354 Aliquot
797 3293 935 3354 mss.
955 3295 1078 3338 eum
1101 3281 1336 3354 vulgatis
1355 3324 1368 3349 ,
1398 3277 1512 3338 Deo
1532 3282 1746 3338 scilicet.
1771 3282 1972 3342 Verius

358 3351 695 3426 sinceriore‘s
712 3353 822 3426 duo
847 3353 1026 3422 Colb.,
1055 3351 1267 3424 GeruL,
1289 3353 1527 3426 Remig.,
1559 3355 1794 3412 Sorhon.
1814 3397 1829 3424 ,
1859 3370 1966 3414 etc.

361 3421 624 3479 Dominus
656 3425 871 3480 scilicet.

435 3494 900 3572 (b)_Remigiattus
947 3496 1156 3572 codex,
1208 3506 1395 3572 natura
1437 3499 1689 3572 assuntpti
1737 3501 1968 3572 corporis

363 3567 533 3640 nostri
557 3575 788 3632 natum,
815 3579 922 3624 etc.
946 3569 989 3624 E
1011 3569 1230 3640 regione
1259 3569 1416 3640 hujus
1438 3568 1544 3624 loci
1573 3567 1626 3625 in
1651 3567 1965 3627 Corbeicnsi

362 3637 556 3715 codice
581 3653 795 3694 rursum
825 3637 1115 3715 adscripsit
1142 3637 1360 3708 antiqua
1387 3656 1616 3715 manus,
1649 3640 1810 3715 Caute
1830 3644 1957 3715 lege.

362 3709 484 3766 lloc
511 3719 714 3766 tantum
757 3709 1050 3767 cavendum
1071 3753 1088 3775 ,
1130 3727 1197 3766 ne
1228 3721 1424 3766 natura:
1455 3711 1772 3768 vocabulum
1803 3709 1963 3768 aliicr

365 3780 734 3853 intelligatur,
766 3797 925 3853 quam
959 3781 1226 3838 intellexit
1259 3795 1442 3839 uoster
1477 3783 1705 3850 doctor,
1738 3787 1828 3852 qui
1868 3801 1963 3839 na-

361 3851 746 3926 turamiPatris
771 3851 980 3926 vocavit
1010 3854 1282 3909 naturales
1308 3853 1564 3926 quasdam
1597 3851 1836 3924 paterna:
1877 3856 1960 3910 di-

367 3924 611 3980 vinitatis
661 3924 848 3996 dotes,
906 3924 1402 3996 incorruptionem,
1461 3924 1956 3994 immortalitatem,

364 4002 475 4052 etc.
577 4012 589 4026 ‘

434 4063 511 4140 (ε)
546 4065 670 4123 Vat.
699 4067 820 4140 bas.
851 4066 1188 4140 codexicum
1233 4067 1448 4124 Martia.
1492 4069 1628 4140 quod
1665 4065 1803 4123 Deus
1848 4078 1959 4124 est:

361 4137 544 4194 minus
571 4139 908 4208 displiceret,
945 4139 1049 4196 nisi
1095 4151 1222 4196 ante
1250 4137 1572 4196 haberemus
1613 4140 1751 4209 quod
1788 4141 1960 4194 carnis

359 4219 455 4282 gat.
489 4211 691 4267 Eadem
723 4209 1034 4268 Mediatoris
1063 4211 1202 4267 ratio
1227 4211 1408 4268 verbis
1429 4211 1548 4266 aliis
1576 4210 1876 4282 explicatur
1903 4212 1958 4267 in

359 4280 507 4337 Psal.
537 4297 719 4350 van,
747 4298 803 4338 n.
831 4281 924 4338 37.

433 4352 516 4426 (ά)
555 4353 817 4426 Editi,ut
845 4355 982 4426 intra
1023 4369 1079 4410 se
1113 4353 1284 4410 duos:
1312 4361 1499 4410 contra
1532 4353 1692 4410 ﬁdem
1739 4367 1871 4408 mss.
1899 4361 1957 4410 et

359 4424 684 4497 sententiam
709 4424 891 4480 llilarii
912 4464 926 4484 .
951 4425 1268 4480 vocabulum
1292 4426 1420 4481 duas
1443 4441 1550 4480 non
1573 4427 1636 4481 ad
1663 4439 1951 4497 personas,

359 4496 453 4566 sed
477 4495 542 4551 ad
566 4505 807 4560 naturas,
831 4503 924 4551 aut
946 4497 1123 4566 potius
1142 4497 1208 4550 ad
1231 4507 1538 4552 naturarum
1562 4495 1847 4566 qualitates
1871 4511 1956 4552 re—

361 4565 606 4623 ferentis.
642 4567 754 4623 lloc
793 4565 1066 4638 enim’sibi
1097 4567 1241 4632 vult,
1270 4569 1411 4638 quod
1437 4565 1682 4624 Christus
1725 4577 1956 4624 antore-

357 4639 712 4694 surrectiOnis
739 4637 996 4709 gloriam,
1036 4638 1090 4692 iu
1112 4654 1166 4694 se
1206 4637 1368 4706 duos,
1403 4638 1673 4694 hominem
1706 4639 1956 4696 videlicet

360 4719 411 4765 et
437 4709 607 4765 Deum
626 4751 642 4776 ,
667 4710 948 4764 mortalem
971 4719 1026 4780 et
1047 4711 1438 4774 immortalem,
1463 4724 1638 4780 eoque
1660 4709 1808 4776 duos,
1831 4711 1956 4780 quia

355 4782 628 4836 contraria
651 4781 963 4836 conditione
982 4779 1310 4836 dissidentes
1330 4822 1344 4844 ,
1373 4781 1426 4835 in
1449 4779 1561 4834 una
1578 4795 1806 4850 persona
1833 4779 1956 4836 ὁοιι-

355 4851 523 4908 tinem
565 4851 714 4923 (Vat.
749 4851 864 4907 bas.
895 4861 952 4907 et
978 4850 1192 4907 Martia.
1223 4867 1356 4908 mss.
1387 4850 1756 4923 constituens);
1783 4868 1919 4906 nunc
1938 4893 1952 4920 ,

351 4938 480 4979 cum
521 4922 729 4978 fruatur
755 4923 1166 4978 resurrectiOnis
1204 4923 1408 4994 gloria,
1443 4922 1581 4976 Deus
1611 4933 1810 4977 tantum
1855 4925 1954 4990 sit;

354 4995 482 5065 quia
511 5008 610 5066 per
635 4994 868 5066 indultus
902 4994 1100 5050 divina:
1137 5009 1341 5066 natura:
1367 4995 1552 5066 detes,
1583 4994 1956 5066 immortalita-

354 5064 468 5122 tem
492 5064 896 5132 ,‘tcternitatem
917 5107 933 5130 ,
962 5074 1070 5120 etc.
1095 5105 1112 5132 ,
1141 5065 1374 5120 humana
1405 5065 1636 5135 quodam
1667 5065 1830 5121 modo
1854 5065 1954 5120 ab-

352 5147 541 5207 sorpta
567 5147 650 5192 est
673 5154 686 5191 :
719 5136 963 5208 adeoque
983 5137 1128 5191 nulla
1170 5152 1233 5192 ea:
1255 5147 1402 5208 parte
1423 5137 1663 5208 terreni,
1689 5146 1954 5206 quatenus

357 5208 561 5279 terreni
585 5215 640 5262 et
659 5207 1023 5279 corruptibilis
1037 5249 1054 5276 ,
1074 5208 1129 5262 in
1148 5224 1206 5262 eo
1228 5207 1456 5279 corporis
1475 5207 1726 5262 residente
1743 5216 1951 5262 natura.

351 5275 438 5335 Ne
462 5293 593 5350 vero
621 5282 724 5334 hoc
753 5275 973 5349 pravum
1005 5280 1056 5333 in
1098 5275 1327 5334 sensum
1357 5282 1769 5350 detorquentur;
1798 5290 1956 5335 caute

354 5349 606 5424 subiicit,
637 5365 741 5424 non
757 5350 962 5424 abjecto
990 5365 1230 5424 corpore,
1264 5359 1370 5406 etc.

429 5418 501 5494 (ἐ)
539 5420 722 5476 Codex
757 5418 872 5476 Val.
903 5423 1021 5476 bas.
1049 5422 1104 5496 iu
1142 5432 1368 5496 tempore
1405 5419 1944 5496 dispensationis__l)o_§

415 5491 588 5564 item,
614 5504 726 5564 etc.
745 5534 760 5559 ,
789 5509 856 5564 ex
886 5509 992 5564 quo
1017 5491 1249 5549 efﬁcitur
1276 5491 1522 5550 sensus‘a
1555 5502 1734 5548 mente
1765 5491 1952 5546 Hilarii

354 5562 588 5620 amntis.
611 5562 730 5619 Non
751 5562 1124 5620 cnim—Christi
1150 5565 1544 5633 subiectionem
1569 5567 1954 5634 interpretatur

353 5635 424 5691 de
455 5645 698 5705 tempore
723 5649 832 5707 quo
857 5635 1004 5707 degit
1025 5637 1089 5707 in,
1103 5650 1267 5691 carne
1288 5638 1540 5703 mortali,
1569 5637 1710 5706 quod
1737 5635 1952 5704 proprie

348 5713 442 5766 est
465 5713 678 5779 tempus
703 5705 1123 5774 dispensationis
1147 5724 1161 5760 :
1189 5707 1284 5764 sed
1305 5707 1464 5764 docet
1489 5705 1636 5763 illum
1663 5707 1952 5777 subjicien-

918 5801 1208 5881 PA'rItOL.
1238 5799 1346 5863 X.’

1997 3087 2044 3151 Ο

2081 1832 2282 1892 quente
2315 1823 2478 1880 Paulo
2507 1823 2754 1882 Christus
2805 1827 3020 1884 locutus
3047 1840 3164 1896 est,
3208 1833 3260 1887 id
3291 1843 3418 1890 ante
3457 1837 3678 1896 Paulum

2079 1913 2332 1972 Christus
2361 1917 2476 1988 ipse
2506 1919 2577 1972 sit
2599 1919 2710 1989 jam
2743 1919 2971 1976 locutus.

2148 2008 2238 2065 42.
2283 2009 2362 2065 De
2390 2011 2485 2078 ﬁlii
2513 2013 2734 2068 hominis
2757 2015 2946 2085 gloria.
2973 2045 3043 2056 —-
3068 2017 3539 2088 Dispensationem
3581 2027 3680 2082 im-

2077 2115 2183 2171 que
2217 2101 2406 2172 gloriae
2447 2101 2608 2172 huius
2651 2105 2926 2174 Apostolis
2957 2106 3068 2162 suis
3099 2110 3347 2166 absoluta
3393 2117 3677 2173 verborum

2076 2193 2474 2264 signiﬁcatione
2500 2195 2884 2251 demonstrans
2909 2200 2980 2253 ait
3014 2216 3026 2252 :
3064 2199 3220 2256 Nunc
3248 2206 3568 2275 glori/iectus
3607 2221 3680 2264 est

2077 2288 2218 2358 ﬁlius
2245 2287 2464 2342 Itmninis
2485 2330 2498 2353 ,
2533 2299 2581 2343 et
2608 2285 2749 2344 Deus
2793 2291 3109 2362 gloriﬁcatus
3137 2306 3209 2348 est
3240 2297 3294 2350 iu
3340 2316 3416 2352 eo.
3449 2301 3509 2355 Si
3547 2301 3681 2358 Deus

2075 2380 2400 2452 glori/iactus
2445 2382 2600 2436 estin
2625 2397 2714 2447 eo,
2751 2393 2799 2438 et
2833 2382 2972 2438 Deus
3002 2387 3309 2456 gloriﬁcavil
3337 2408 3451 2445 eum
3498 2393 3549 2446 in
3592 2411 3679 2461 re,

2073 2483 2120 2528 et
2142 2469 2284 2527 Deus
2305 2473 2539 2543 protinus
2569 2473 2648 2546 ('5)
2669 2476 2974 2558 gloriﬁcarit
3002 2476 3080 2548 (g)
3107 2497 3218 2534 eum
3244 2480 3424 2554 (Joan.
3455 2503 3579 2553 xm,
3611 2489 3673 2544 5i

2076 2576 2121 2622 et
2142 2562 2256 2638 '52).
2286 2567 2556 2624 llabemus
2579 2569 2812 2640 primum
2836 2571 3062 2640 gloriam
3089 2572 3177 2626 ﬁhi
3206 2577 3460 2644 ltotninis,
3485 2581 3682 2638 deinde

2075 2657 2130 2714 in
2162 2659 2274 2715 ﬁlio
2305 2661 2540 2716 hominis
2568 2660 2662 2715 Dei
2693 2661 2954 2731 gloriam,
2986 2663 3066 2731 (Ιι)
3111 2665 3162 2719 in
3208 2683 3274 2720 eo
3298 2671 3439 2739 quod
3473 2673 3676 2730 dictum

2075 2763 2157 2810 est
2186 2770 2202 2808 :
2233 2753 2391 2808 Nunc
2439 2755 2808 2825 Iwuoriﬁcutus
2856 2767 2930 2810 est
2971 2757 3113 2827 [ilius
3149 2759 3404 2827 hominis,
3443 2773 3492 2818 et
3539 2764 3682 2823 Deus

2075 2847 2444 2917 Itonoriﬁcatus
2472 2857 2543 2902 est
2572 2850 2625 2902 in
2653 2865 2734 2904 eo.
2767 2848 2880 2903 lloc
2915 2851 3060 2906 enim
3103 2851 3333 2922 primum
3376 2867 3581 2928 spectat
3611 2863 3677 2915 ad

2075 2940 2320 3011 corporis
2351 2939 2578 3012 gloriam
2601 2983 2614 3004 ,
2653 2941 2717 3012 (i)
2759 2957 2878 3013 quae
2907 2958 2972 2999 ex
3017 2953 3222 3000 natura:
3251 2946 3450 3006 dit-ina:
3486 2965 3688 3008 conso-

2147 3074 2226 3150 (5)
2265 3076 2610 3148 Gloriﬁcabit.

2083 3285 2211 3368 dum
2241 3291 2293 3344 iu
2336 3295 2594 3362 tempore,
2637 3303 2701 3346 ac
2737 3289 2966 3362 proinde
3008 3301 3274 3368 quatenus
3324 3299 3548 3368 tempori
3581 3301 3678 3356 nh-

2079 3363 2275 3442 noxius
2299 3374 2379 3417 εει
2399 3405 2415 3428 ,
2449 3377 2556 3416 non
2584 3372 2849 3432 quatenus
2874 3363 3146 3442 a-tertj‘us;
3173 3366 3414 3442 adeoque
3438 3363 3534 3442 per
3563 3373 3674 3426 dis-

2077 3435 2422 3514 pensationem
2438 3475 2464 3514 ,.
2483 3441 2538 3488 et
2554 3505 2565 3514 ι
2581 3449 2778 3514 ιιιιιιηρκ
2800 3436 3052 3514 .uaturali
3081 3435 3421 3514 necessitate.
3443 3435 3541 3496 Ἐκ
3569 3459 3676 3514 quo

2075 3505 2264 3571 sumit,
2302 3504 2598 3582 divinitatis
2620 3503 2981 3582 inli_rmita_ten_t
3011 3523 3074 3560 es
3095 3524 3166 3582 _ea
3190 3510 3529 3582 subjectione
3554 3503 3674 3579 pur-

2075 3589 2258 3644 peram
2283 3575 2657 3646 concludialta
2701 3574 2816 3630 fere
2855 3577 3176 3634 Ambrosius
3214 3574 3310 3634 lib'.
3342 3599 3374 3637 v
3408 3585 3475 3639 de
3507 3574 3636 3640 Fide
3658 3627 3674 3646 .

2071 3646 2252 3722 cui},
2281 3662 2352 3722 n._
2378 3644 2481 3702 164
2507 3665 2521 3702 :
2558 3645 2804 3722 Videmus
2831 3649 2950 3717 quia
2981 3649 3207 3704 nondum
3237 3653 3516 3722 subjectum
3540 3697 3553 3722 ,
3583 3644 3674 3710 sed

2063 3715 2439 3798 subjiciendum
2461 3735 2570 3798 esse
2591 3715 2874 3798 ’διν-ἐξαιιᾴ
2911 3715 3343 3798 commemorat;
3379 3725 3430 3778 Ν
3437 3715 3550 3778 ulla
3569 3728 3670 3798 igi-

2063 3797 2148 3842 tur
2171 3790 2366 3844 servilis
2393 3790 2446 3843 in
2476 3787 2667 3843 Christi
2697 3790 2964 3844 divinitate
2987 3791 3258 3864 subjectio.
3307 3787 3315 3798 ”

2139 3883 2208 3953 (f)
2249 3881 2392 3937 Idem
2425 3896 2528 3936 ms.
2561 3879 2703 3936 Deus
2751 3891 2886 3936 talus
2925 3893 3017 3936 est.
3054 3884 3128 3940 De
3166 3885 3478 3945 discrimine
3509 3907 3667 3946 voea-

2064 3951 2317 4012 bulorum
2347 3962 2484 4026 totus
2521 3967 2585 4008 ac
2624 3962 2796 4026 totum
2824 3969 2928 4008 non
2960 3953 3091 4009 nihil
3115 3955 3226 4026 jam
3267 3967 3424 4014 antea
3462 3961 3662 4016 dictum

2065 4034 2168 4096 est.
2195 4025 2364 4096 Quod
2432 4038 2563 4096 vero
2620 4024 2690 4080 ibi
2730 4024 3221 4096 robsct'valuut'est
3253 4071 3268 4096 ,
3319 4030 3554 4086 Hilarius
3602 4036 3666 4088 iis

2067 4094 2438 4170 indifferenter
2465 4095 2572 4170 uti,
2604 4095 2956 4170 conﬁrmatur
2985 4112 3052 4152 ex
3099 4097 3202 4154 hoc
3244 4094 3361 4168 ipso
3410 4103 3577 4170 libro,
3615 4107 3667 4161 in

2067 4182 2175 4237 quo
2202 4183 2344 4242 nunc
2375 4165 2602 4236 legimus
2631 4165 2768 4221 Deus
2807 4177 2968 4220 totum
2993 4178 3064 4224 est
3086 4208 3103 4236 ,
3136 4181 3194 4225 et
3237 4165 3521 4242 superiore
3566 4165 3668 4232 nu-

2065 4253 2240 4301 mero,
2271 4237 2412 4294 Deus
2437 4247 2592 4292 totus.

2133 4327 2383 4407 (g_)_Bad_.,
2406 4328 2520 4407 E_r.,
2541 4328 2750 4399 Lips.et
2767 4330 3040 4407 recentior
3054 4333 3317 4407 ms.Colb.
3337 4336 3423 4393 hic
3439 4347 3488 4392 et
3506 4339 3663 4407 infra,

2061 4399 2371 4482 gloriﬁcabit
2390 4443 2404 4468 ,
2435 4399 2647 4482 [arente
2674 4415 2852 4472 gra'co
2877 4403 3041 4458 verbo
3066 4402 3304 4482 deﬁcient
3334 4419 3387 4463 at
3419 4399 3664 4482 proxime

2059 4472 2217 4534 ante,
2247 4472 2493 4548 quamvis
2540 4472 2702 4548 etiam
2741 4488 2915 4548 gnere
2943 4484 3136 4548 exstet
3177 4476 3378 4544 δοξάσει
3397 4472 3436 4548 ,’
3465 4484 3666 4538 habent

1983 4535 2033 4596 D
2061 4551 2238 4623 utmen
2265 4535 2615 4623 'glori/icavit;
2637 4535 2914 4623 lquo'modo
2943 4544 3031 4600 hic
3074 4535 3304 4623 habetur
3347 4535 3486 4623 apud
3531 4535 3657 4608 iiii;

2059 4625 2114 4670 et
2146 4619 2196 4670 in
2223 4620 2438 4698 caeteris
2469 4630 2603 4671 mss.
2636 4616 2803 4671 immo
2848 4615 2942 4672 lib.
2975 4632 3064 4684 ix,
3098 4633 3151 4672 n.
3187 4618 3258 4676 40
3284 4623 3336 4677 in
3366 4615 3580 4693 scriptis
3605 4637 3664 4680 et

2059 4701 2294 4742 BXCUSIS.

2131 4777 2213 4850 (Ιι)
2254 4775 2310 4850 lu
2341 4776 2604 4848 vulgatis,
2634 4773 2788 4850 meo
2811 4777 2943 4850 enim
2969 4779 3108 4849 quod
3131 4779 3325 4836 dictum
3355 4793 3428 4838 est
3453 4801 3466 4838 :
3496 4783 3658 4842 lectio

2057 4847 2368 4920 perturbata
2395 4863 2460 4903 ac
2494 4847 2960 4920 sensudestituta.

2131 4918 2194 4992 (ἰ)
2235 4918 2512 4974 Mallemus
2537 4919 2710 4992 quod,
2744 4929 2801 4992 ut
2825 4919 2907 4992 ad,
2941 4935 3140 4991 corpus
3186 4923 3520 4982 reterretur:
3559 4945 3659 4986 nec

2057 4989 2280 5046 omnino
2309 4993 2486 5060 placet
2513 4991 2654 5058 quod
2679 4989 2876 5044 deinde
2899 4991 2951 5044 in
2981 4989 3112 5046 mss.
3141 4993 3264 5048 Vat.
3295 4994 3413 5051 bas.
3438 5007 3496 5054 et
3519 5001 3661 5058 Mar-

2058 5063 2157 5118 tin.
2185 5077 2249 5117 ea:
2277 5071 2467 5115 natura
2499 5061 2686 5116 divina:
2721 5063 3136 5120 consociatiouis.
3171 5065 3396 5122 Subtilis
3439 5070 3524 5126 hie
3553 5071 3652 5128 ha-

2057 5132 2526 5206 beturallatorum
2569 5131 3109 5206 Joannisrerborum
3151 5138 3456 5206 expositio:
3489 5153 3544 5196 nt
3586 5144 3652 5198 iis

2057 5204 2395 5282 signiﬁcetur
2441 5203 2728 5282 l°__minus
2770 5204 2924 5272 plena
2952 5202 3049 5260 ﬁlii
3093 5202 3326 5282 hominis
3365 5212 3532 5282 gloria
3581 5229 3651 5270 ex

2057 5275 2459 5351 co'usoeiatione
2488 5275 2944 5351 divginzenaturm,
2959 5292 3081 5346 qua:
3103 5278 3298 5334 divinis
3319 5275 3569 5351 operibus
3591 5300 3652 5341 se

2058 5346 2426 5420 prodidit_,ﬂ2r°
2451 5346 2622 5416 gloria
2661 5345 3014 5420 peipatris,
3059 5365 3218 5420 quam
3261 5353 3311 5406 ei
3355 5345 3653 5410 conciliant

2056 5417 2248 5474 eadem
2278 5417 2397 5472 Filii
2427 5431 2592 5495 opera
2613 5458 2628 5484 ,
2659 5417 2722 5495 ὃς)
2753 5417 2962 5488 plenior
2984 5417 3091 5495 lilii
3118 5421 3362 5495 hominis
3390 5426 3559 5495 gloria
3599 5429 3653 5483 ei

2053 5503 2152 5560 per
2179 5488 2630 5563 resurrectionem
2656 5488 2727 5544 ob
2748 5499 2958 5560 partum
2982 5489 3094 5546 Deo
3115 5491 3378 5549 honorem
3393 5488 3610 5554 indulta
3631 5539 3647 5563 ,

2055 5575 2334 5636 perquam
2377 5561 2840 5636 humatta__natura
2882 5575 2950 5614 eo
2978 5576 3095 5636 quo
3135 5565 3244 5632 jam
3292 5561 3650 5636 explicuimus

2055 5631 2217 5686 modo
2245 5642 2482 5686 transeat
2519 5631 2572 5684 in
2599 5631 2874 5695 divinam;
2903 5631 3230 5687 cuﬂemnm
3263 5631 3386 5692 cum
3431 5642 3648 5696 contor-

2055 5717 2172 5760 mes
2200 5701 2434 5768 erimus,
2469 5703 2606 5756 Deus
2634 5700 2736 5757 erit
2769 5701 2952 5756 omnia
2978 5701 3030 5756 in
3064 5705 3331 5763 omnibus.

3052 5795 3129 5859 ιιι
3680 5780 3727 5808 ί
