4106 6192
415 235 519 298 427

1629 228 1876 288 SANCTI
1913 226 2172 286 HlLARll
2200 220 2503 287 EPISCOPI

3615 230 3724 291 428

418 361 653 419 ciatione
677 357 904 431 gloriam
930 357 1278 411 mutuaretur.
1315 344 1570 407 Succedit
1596 346 1796 405 deinde
1823 347 2014 419 gloriae
2046 351 2090 413 Α
2120 345 2284 410 istud,
2310 360 2407 402 nec
2439 356 2630 400 sensus
2655 340 2881 400 rationis
2908 354 3076 413 capax
3104 338 3364 414 loquitur,
3405 350 3464 399 ut
3488 346 3723 402 naturali

419 453 680 527 plenioris
707 450 1009 522 profectus,
1040 462 1107 502 ex
1142 446 1480 500 incremento
1507 440 1731 497 indultae
1754 441 1863 511 jam
1892 455 2014 495 cor-

417 549 539 621 pori
576 546 765 619 glorize
807 538 1170 613 capessendos
1198 535 1309 593 :.Si
1348 533 1490 590 Deus
1523 534 1896 605 Itonoriﬁcatus
1942 542 2015 587 est

417 643 472 698 in
510 657 602 707 eo,
639 648 685 694 et
718 636 860 691 Deus
889 631 1243 703 honori/icavit
1288 646 1402 684 eum
1438 631 1493 683 in
1521 645 1574 682 se
1594 669 1609 693 ,
1642 638 1688 682 et
1725 624 1866 681 Deus
1894 642 2015 697 pro-

420 737 554 791 tinus
583 728 937 795 honoriﬁcavit
962 723 1288 795 eum(Joan.,
1321 739 1439 778 mi.
1462 720 1575 793 52).
1610 720 1713 776 Per
1739 718 1840 774 hoc
1871 719 2013 774 enim

417 825 735 900 gloriﬁcavit
760 839 885 880 eum
911 822 1056 877 Deus
1078 820 1131 875 in
1154 835 1234 887 se,
1253 818 1376 889 quia
1392 817 1502 888 jam
1521 817 1574 871 in
1596 828 1662 871 eo
1687 812 2017 885 gloriﬁcatus

418 920 490 976 sit
509 920 671 974 Deus.
696 915 829 972 Nam
857 912 999 985 quod
1024 912 1186 986 Ml
1212 910 1352 966 Dens
1378 910 1431 964 in
1456 924 1521 964 eo
1542 904 1874 973 gloriﬁcatus
1898 911 1981 960 est
2000 944 2014 970 ,

420 1014 487 1070 ad
516 1012 761 1083 corporis
791 1007 1015 1080 gloriam
1044 1012 1283 1077 spectat,
1309 1018 1405 1074 per
1432 1016 1592 1074 quam
1624 1001 1716 1057 Dei
1743 998 1910 1071 gloria
1936 1000 2019 1055 in-

417 1106 635 1163 tellecta
648 1119 742 1175 per
753 1116 947 1172 corpus
964 1109 1068 1166 est,
1082 1097 1253 1170 gloria
1268 1096 1366 1153 Dei
1383 1111 1479 1167 per
1491 1094 1714 1166 gloriam
1731 1093 1824 1148 ﬁlii
1841 1089 1915 1165 (a)
1930 1090 2018 1147 ho-

419 1198 582 1255 minis
627 1191 995 1265 intelligenda.
1032 1189 1186 1259 Quod
1232 1204 1365 1245 vero
1408 1186 1530 1258 quia
1584 1186 1915 1259 gloriﬁcatus
1964 1184 2018 1239 in

420 1308 488 1350 eo
518 1292 662 1349 Deus
688 1299 799 1357 est,
826 1288 899 1363 (b)
939 1298 993 1343 et
1019 1285 1143 1343 ideo
1169 1282 1489 1356 gloriﬁcavit
1516 1297 1639 1339 eum
1668 1282 1813 1339 Deus
1838 1283 1891 1337 in
1921 1296 2016 1348 se;

420 1399 521 1456 per
562 1386 961 1441 incrementum
1002 1377 1285 1452 gloriﬁcati
1327 1377 1381 1431 in
1418 1390 1483 1432 eo
1530 1376 1653 1438 Dei.
1699 1373 2021 1445 gloriﬁcavit

422 1493 544 1534 cum
575 1477 627 1531 in
669 1490 729 1532 se
769 1475 914 1531 Deus
939 1515 954 1541 ,
987 1481 1044 1527 ut
1073 1470 1196 1542 quia
1223 1469 1332 1536 jam
1362 1477 1547 1538 regnat
1577 1467 1627 1521 in
1665 1465 1868 1536 gloria,
1900 1479 2020 1536 quae

422 1585 487 1626 cx
514 1569 610 1625 Dei
639 1567 807 1639 gloria
835 1574 951 1631 est,
981 1564 1099 1633 ipse
1124 1560 1323 1617 exinde
1350 1560 1402 1615 in
1450 1559 1545 1616 Dei
1571 1558 1802 1639 gloriam
1846 1566 2022 1613 trans-

422 1668 528 1715 eat.
563 1657 627 1713 In
677 1675 731 1713 se
760 1657 903 1713 enim
945 1670 1068 1710 eum
1109 1653 1253 1709 Deus
1290 1650 1640 1722 gloriﬁcavit,
1673 1648 1725 1704 id
1777 1655 1890 1716 est,
1938 1645 2021 1720 (l)

2120 438 2348 508 quadam
2393 437 2712 493 necessitate
2743 434 2808 491 ad
2840 434 3233 491 consulendum
3273 436 3427 491 nobis
3456 436 3725 494 obnoxius

2120 529 2283 596 Deus,
2315 528 2419 586 sibi
2443 527 2574 584 nihil
2602 529 2797 585 atl'erre
2819 527 3168 584 beatitudinis
3196 527 3368 599 possit
3397 545 3410 582 :
3443 544 3551 585 non
3580 528 3727 600 quod

2121 623 2364 694 profectu
2413 632 2590 695 egeat,
2621 623 2712 694 qui
2773 621 3177 693 imperturbata).
3226 628 3434 678 natura:
3481 623 3728 681 virtutis-

2121 730 2227 786 que
2245 714 2337 780 sit.
2370 714 2464 771 sed
2494 715 2616 787 quia
2641 713 3211 785 perdispensationem
3237 722 3293 771 et
3327 723 3731 774 sacramentum

2121 828 2331 884 magnas
2384 811 2619 883 pietatis,
2662 810 2725 885 (i)
2768 811 2858 881 qui
2908 812 3051 868 Deus
3076 821 3181 879 est,
3211 818 3267 867 et
3292 810 3456 868 homo
3483 822 3589 881 est,
3624 812 3731 868 im-

2120 913 2315 977 potens
2338 905 2439 962 sibi
2466 906 2535 961 sit
2563 904 2665 961 hoc
2694 920 2755 961 se
2778 914 2949 961 totum
2974 915 3253 975 praestare,
3276 904 3422 977 quod
3449 906 3590 961 Deus
3606 915 3690 961 est
3711 923 3728 974 ;

2120 1014 2243 1055 cum
2268 999 2422 1055 nobis
2454 1015 2558 1055 non
2603 999 2853 1071 ambigue
2880 999 3187 1056 indulturus
3213 996 3375 1074 402
3406 1000 3477 1055 sit
3517 999 3568 1055 id
3598 1016 3735 1072 quo-

2121 1108 2229 1164 que
2281 1108 2380 1148 nos
2419 1107 2563 1159 esse,
2593 1092 2737 1165 quod
2769 1108 2874 1149 non
2908 1109 3115 1149 sumus.
3140 1093 3277 1150 Vita:
3301 1097 3444 1150 enim
3476 1093 3732 1151 humanae

2122 1195 2283 1257 atque
2313 1186 2504 1241 mortis
2556 1186 2683 1242 ﬁnis
2727 1194 2810 1241 est
2863 1186 3229 1243 resurrectio:
3261 1195 3317 1243 et
3368 1188 3731 1246 certissimum

2123 1278 2333 1335 militiae
2356 1286 2558 1336 nostra:
2587 1278 2917 1349 stipendium
2958 1287 3044 1334 est
3088 1278 3400 1352 incorrupta
3430 1281 3730 1352 aeternitas,

2123 1388 2232 1430 non
2259 1372 2329 1429 ad
2357 1387 2531 1443 poenae
2569 1371 3027 1443 perseverantiam
3055 1386 3302 1439 manens,
3332 1370 3429 1429 sed
3451 1372 3517 1428 ad
3541 1379 3735 1445 perpe-

2125 1476 2234 1523 tuae
2258 1466 2445 1539 gloriae
2478 1466 2713 1523 fructum
2758 1466 3259 1539 iucunditatemque
3299 1480 3408 1523 non
3453 1466 3732 1524 desinens.

2124 1563 2261 1621 Cum
2290 1564 2451 1636 igitur
2500 1563 2618 1621 haec
2656 1572 2835 1620 nostra
2866 1572 3207 1621 terrenorum
3250 1579 3540 1636 corporum
3573 1566 3732 1637 origo

2126 1656 2179 1711 in
2212 1655 2455 1712 habitum
2507 1664 2715 1713 naturae
2771 1656 2996 1728 potioris
3040 1655 3293 1723 excedat,
3347 1664 3403 1713 et
3432 1654 3733 1713 conformis

422 1752 477 1807 in
507 1749 577 1823 (c)
608 1764 672 1805 ea
712 1758 903 1804 natura
935 1760 1039 1817 qua
1071 1743 1212 1800 Dcus
1241 1751 1323 1799 est
1354 1741 1493 1813 quod
1525 1747 1644 1797 est:
1674 1748 1730 1793 ut
1770 1739 1837 1793 sit
1876 1735 2021 1793 Deus
2050 1754 2098 1816 Β
2124 1747 2314 1818 gloriae
2336 1747 2595 1803 dominici
2624 1748 2870 1818 corporis
2920 1747 3014 1802 ﬁat
3042 1747 3225 1815 ;Deus
3265 1746 3319 1803 in
3366 1747 3538 1804 forma
3592 1748 3737 1804 servi

421 1843 595 1897 omnia
622 1841 677 1895 in
717 1838 985 1904 omnibus,
1016 1835 1100 1907 (ά)
1129 1842 1241 1892 ιοιο
1280 1833 1391 1905 jam
1436 1833 1490 1888 in
1522 1832 1692 1887 Deum
1721 1846 1789 1887 cx
1827 1845 1890 1887 ea
1918 1844 2022 1901 qua

422 1939 587 1993 homo
610 1945 695 1992 est
722 1932 1129 2004 dispensatione
1168 1943 1446 1985 mansuro.
1479 1926 1590 1983 Nec
1619 1941 1748 1982 sane
1778 1924 1846 1981 dc
1880 1932 2022 1980 tem-

424 2045 556 2099 pore
588 2028 754 2085 tacuit
776 2028 1000 2083 dicens:
1039 2023 1109 2078 Et
1139 2023 1276 2079 Deus
1303 2022 1608 2094 glori/ienuit
1634 2036 1751 2075 eum
1775 2020 1829 2075 in
1856 2035 1910 2074 se
1930 2061 1944 2088 ,
1978 2028 2027 2074 et

422 2122 563 2178 Deus
594 2123 829 2193 protinus
862 2117 1165 2192 glori/ienuit
1204 2132 1320 2171 eum
1361 2112 1652 2187 (Ibidem):
1682 2122 1742 2169 ut
1784 2113 1907 2185 quia
1950 2111 2024 2184 (e)

428 2216 730 2288 prodeunte
769 2214 836 2269 ad
881 2211 1240 2283 proditionem
1289 2209 1425 2265 Juda
1469 2208 1693 2280 gloriam
1717 2250 1732 2275 ,
1765 2223 1885 2279 quas
1924 2206 2024 2262 sibi

424 2318 547 2381 post
572 2307 880 2381 passionem
911 2304 983 2379 (Ι)
1010 2310 1365 2360 consecutura
1406 2300 1803 2357 resurrectione
1847 2298 2026 2355 futura

422 2411 600 2471 esset,
641 2401 1001 2473 signiﬁcasset
1024 2399 1077 2452 in
1104 2409 1377 2467 praesens;
1410 2408 1530 2449 eam
1552 2434 1565 2457 .
1598 2409 1702 2465 qua
1731 2392 1784 2448 in
1812 2407 1872 2447 se
1899 2406 2024 2447 eum

424 2498 569 2554 Deus
597 2494 997 2568 gloriﬁcaturus
1043 2498 1221 2555 esset,
1261 2489 1313 2543 in
1362 2494 1638 2559 posterum
1685 2493 2022 2550 reservaret;

423 2592 521 2648 Dei
552 2592 605 2647 in
640 2605 708 2646 eo
730 2588 902 2661 gloria
929 2601 1027 2656 per
1049 2585 1302 2640 virtutem
1330 2579 1745 2637 resurrectionis
1773 2587 1985 2635 ostensa
2004 2618 2021 2646 ,

421 2686 542 2757 ipso
571 2698 703 2739 vero
729 2683 781 2737 in
813 2680 906 2735 Dei
934 2678 1161 2750 gloriam
1181 2718 1195 2744 ,
1230 2674 1281 2731 id
1317 2682 1430 2742 est,
1474 2674 1527 2728 in
1559 2672 1730 2729 Deum
1757 2670 1938 2728 omnia
1968 2669 2024 2725 in

421 2774 672 2832 omnibus
700 2789 768 2829 ex
796 2767 1153 2842 subiectionis
1179 2765 1585 2838 dispensatione
1613 2778 1889 2820 mansuro.

492 2870 584 2927 45.
618 2866 996 2940 Subjectionem
1044 2878 1200 2936 prave
1241 2860 1578 2933 intelligentes
1622 2868 2025 2914 coercentur.—

422 2971 490 3028 Et
541 2969 595 3025 in
644 2982 712 3024 eo
751 2966 968 3037 quidem
1019 2967 1219 3033 quanta
1273 2957 1471 3013 furoris
1515 2956 1752 3012 haeretici
1797 2953 2022 3011 stultitia

425 3074 527 3133 est,
560 3065 639 3137 (θ)
665 3061 957 3133 desperare
985 3056 1040 3113 id
1080 3056 1210 3121 Deo,
1233 3052 1379 3125 quod
1406 3050 1659 3108 humanis
1683 3050 1797 3107 suis
1822 3050 2023 3121 spebus

2128 1847 2407 1909 repertus,
2435 1839 2564 1895 licet
2579 1837 2691 1910 jam
2721 1838 3051 1910 gloriﬁcatus
3082 1840 3134 1894 in
3182 1853 3413 1910 corpore
3445 1838 3515 1895 sit
3543 1853 3739 1895 secun-

2127 1932 2256 1988 dum
2292 1931 2439 2004 quod
2481 1933 2534 1988 in
2564 1931 2735 1988 forma
2765 1930 2912 1989 servi
2934 1939 3040 2001 est,
3088 1940 3270 1988 tamen
3298 1931 3591 1987 conformis
3621 1930 3735 1988 Deo

2130 2040 2236 2081 non
2267 2024 2372 2080 erit
2398 2040 2413 2091 ;
2439 2033 2497 2080 ut
2519 2026 2607 2096 qui
2630 2024 2789 2081 nobis
2815 2025 3043 2080 fortnam
3068 2024 3353 2096 gloriﬁcati
3379 2024 3626 2096 corporis
3651 2021 3739 2079 sui

2136 2117 2357 2185 tribuet,
2385 2115 2505 2189 ipse
2532 2120 2746 2191 corpori
2784 2133 2887 2175 suo
2910 2116 3046 2175 nihil
3074 2119 3209 2174 ultra
3243 2119 3413 2190 possit
3432 2134 3595 2191 quam
3635 2132 3737 2174 no-

2129 2209 2211 2266 bis
2241 2225 2305 2267 ac
2348 2209 2415 2283 (i)
2468 2210 2572 2268 sibi
2598 2212 2670 2268 sit
2714 2209 2796 2287 (5)
2834 2212 2887 2267 in
2932 2227 3219 2268 commune
3251 2212 3565 2283 praestare?
3613 2210 3731 2268 Hoc

2130 2303 2274 2358 enim
2305 2302 2449 2374 quod
2472 2303 2673 2359 dictum
2701 2311 2786 2361 est
2809 2323 2822 2358 :
2845 2302 2991 2359 Tunc
3032 2304 3287 2378 subjectus
3324 2307 3420 2360 erit
3457 2305 3553 2370 illi,
3585 2304 3675 2377 qui
3695 2304 3740 2360 ei

2128 2395 2341 2466 subjecit
2384 2397 2574 2464 omnia,
2604 2408 2659 2451 ut
2684 2398 2749 2453 sit
2779 2395 2920 2453 Deus
2968 2397 3142 2452 omnia
3166 2397 3221 2451 in
3250 2396 3484 2452 omnibus
3513 2395 3559 2470 (l
3585 2394 3737 2467 Con,

2130 2505 2226 2557 xv,
2256 2488 2351 2559 28)
2388 2507 2401 2557 ;
2432 2491 2677 2562 plerique
2702 2492 3081 2547 haereticorum
3107 2490 3183 2547 ita
3211 2489 3488 2547 afﬁrmant
3520 2509 3535 2547 :
3565 2499 3627 2545 ut
3653 2489 3738 2546 id-

2129 2582 2277 2638 circo
2306 2582 2675 2653 subjiciendus
2702 2584 2772 2638 sit
2800 2581 2912 2639 Deo
2940 2584 3076 2655 patri
3121 2583 3313 2651 Filius,
3344 2592 3402 2638 ut
3450 2583 3610 2639 Pater
3630 2598 3737 2655 per

2128 2676 2516 2747 subjectionem
2531 2675 2654 2732 Filii
2677 2677 2817 2733 Deus
2836 2680 2906 2732 sit
2928 2678 3104 2733 omnia
3129 2678 3180 2733 in
3206 2676 3477 2743 omnibus;
3500 2674 3577 2751 (Ις)
3600 2685 3742 2732 tam-

2128 2785 2289 2843 quam
2316 2778 2371 2826 et
2395 2770 2573 2827 adhuc
2601 2770 2862 2841 perfectio
2891 2768 2970 2844 (4)
3002 2770 3115 2826 Deo
3136 2769 3299 2838 desit,
3326 2784 3485 2842 quam
3517 2784 3615 2840 per
3644 2765 3740 2824 ﬁlii

2129 2864 2519 2933 Sttbjectionem
2540 2862 2612 2920 sit
2634 2863 2925 2935 adepturus
2952 2881 2966 2918 :
2989 2862 3249 2920 absolutas
3276 2864 3455 2934 itaque
3479 2877 3542 2919 ac
3566 2859 3742 2920 beata:

2128 2956 2426 3014 divinitatis
2454 2958 2611 3030 inops
2650 2956 3059 3028 intelligendus,
3091 2955 3138 3012 si
3168 2956 3310 3013 Deus
3326 2970 3447 3013 esse
3472 2955 3655 3012 omnia
3684 2954 3739 3011 in

2129 3051 2378 3108 omnibus
2409 3066 2504 3122 per
2531 3051 2936 3122 provectionem
2966 3055 3274 3121 tomum
3290 3056 3682 3121 consequetur.

422 3156 730 3215 blandiatur
756 3170 773 3220 ;
802 3152 883 3227 (2)
914 3158 975 3207 ut
1016 3148 1097 3220 (lt)
1122 3146 1265 3218 quod
1295 3146 1347 3201 in
1394 3144 1615 3201 homine
1663 3143 1805 3199 Deus
1833 3151 2025 3213 potens
2054 3152 2101 3218 α
2201 3144 2292 3199 44.
2323 3142 2435 3199 Deo
2462 3144 2612 3215 pleno
2639 3143 2714 3198 nil
2742 3144 2901 3212 deest,
2931 3143 3006 3198 nil
3034 3141 3333 3199 accedit.-—
3353 3144 3435 3199 Ac
3460 3142 3596 3199 mihi
3616 3140 3745 3213 qui-

424 3250 517 3320 sit,
546 3248 600 3305 id
643 3248 700 3305 in
729 3260 789 3302 se
827 3245 945 3316 ipso
973 3238 1261 3300 efﬁciendo
1285 3237 1532 3295 inﬁrmus
1562 3236 1676 3294 sit?
1704 3235 1814 3293 Nec
1842 3250 2027 3293 sermo

522 3387 577 3442 ll
603 3382 952 3441 Desideratur
972 3380 1047 3435 in.

522 3387 544 3442 ι
603 3387 850 3441 Desidera

494 3387 577 3533 Σεὲ
601 3456 665 3511 Et
691 3454 850 3527 quod.

497 3595 577 3668 (a)
605 3591 931 3668 ApudBad.,
946 3590 1039 3647 Er.
1059 3588 1271 3661 etLips.
1294 3587 1631 3668 desideratur
1654 3601 1759 3645 vox
1787 3586 2027 3668 nominis.

421 3660 569 3723 Tum
614 3660 668 3721 in
700 3666 873 3720 tribus
919 3678 1049 3718 mss.
1098 3660 1380 3734 perperam
1408 3660 1650 3734 _additur
1691 3660 1914 3715 verbum
1943 3668 2026 3734 est

422 3749 545 3811 post
591 3735 944 3811 intelligentia.
979 3730 1264 3811 an'enim
1318 3730 1429 3811 sibi.
1455 3731 1565 3811 vult
1590 3748 1604 3785 :
1634 3746 1755 3811 cum
1788 3747 1882 3811 per
1896 3732 2027 3811 £19-

423 3802 563 3867 riosa
596 3809 688 3864 ﬁlii
742 3802 975 3862 Hominis
1001 3815 1148 3876 gesta
1203 3802 1433 3875 intelligi
1471 3803 1665 3859 debeat
1694 3804 1868 3875 gloria
1896 3803 2020 3872 Dei,

424 3883 583 3952 cujus
603 3882 805 3935 virtute
833 3878 923 3933 illa
956 3876 1270 3952 factasunt.
1593 3943 1626 3952 Α
1665 3945 1701 3952 __
1794 3881 1799 3884 ’

494 3943 898 4025 Zb)Particnlam
921 3948 1322 4025 etrestituimus
1343 3960 1409 4001 ex
1431 3961 1562 4025 mss.
1586 3943 1741 4000 Colb.
1762 3955 1818 4000 et
1836 3945 2023 4001 Germ.

496 4018 571 4096 (ε)
599 4020 916 4092 Ρτιιτιιοςίιὶο
958 4022 1047 4096 in,
1094 4034 1214 4096 quae
1260 4018 1328 4096 ab
1370 4018 1621 4073 omnibus
1665 4032 1833 4086 prope
1883 4031 2019 4072 mss.

424 4090 597 4154 abest.
625 4090 880 4164 expressa
900 4092 1041 4146 tollit
1070 4090 1497 4164 ambiguitatem.

499 4165 580 4238 (ιι)
609 4159 738 4219 Bad.
759 4176 815 4238 et
840 4164 929 4218 Er.
959 4172 1092 4238 _tota_.
1124 4160 1258 4238 Tum
1300 4161 1448 4230 Lips.
1478 4162 1593 4238 j_am
1606 4160 1672 4238 in
1723 4159 1832 4238 Deo
1864 4176 1883 4214 :
1912 4176 2019 4238 non

425 4230 585 4301 male,
619 4235 911 4290 secundum
956 4233 1108 4294 illud,
1142 4233 1237 4286 lib.
1290 4249 1363 4296 ιι,
1393 4248 1448 4286 ιι.
1493 4234 1565 4284 7‘:
1602 4230 1670 4284 Ut
1719 4231 2022 4302 unigenitus

426 4308 565 4362 Deus
582 4308 723 4361 nasci
748 4306 910 4367 vellet,
938 4320 1177 4358 mansuro
1194 4305 1249 4357 in
1287 4314 1532 4358 tetermtm
1560 4304 1611 4355 in
1641 4302 1769 4365 Deo,
1795 4304 2020 4356 homine.

430 4379 652 4434 Vulgata
679 4387 856 4430 tamen
902 4375 1061 4430 lectio
1084 4374 1435 4429 conﬁrmatur
1462 4389 1527 4427 ex
1552 4374 1834 4429 subnexis.
1869 4374 2025 4431 Unde

428 4444 558 4505 illud
582 4449 635 4503 in
660 4446 830 4501 Deum
871 4462 1110 4500 mansuro
1142 4444 1192 4499 id
1222 4454 1325 4511 est,
1354 4444 1445 4499 ubi
1472 4445 1527 4499 in
1562 4445 1728 4500 Deum
1759 4446 2021 4499 transfor-

428 4535 605 4578 matus
648 4519 785 4583 fuit,
840 4519 918 4573 sic
963 4531 1177 4586 semper
1221 4531 1481 4571 mansuro
1510 4557 1525 4577 .
1571 4531 1667 4571 seu
1726 4533 2027 4586 numquam

413 4593 693 4647 ‘amissuro
715 4590 924 4645 divinas
955 4585 1272 4654 illas’dotes,
1303 4602 1436 4658 quas
1482 4601 1552 4643 ex
1590 4587 1779 4657 glorise
1811 4585 2018 4657 plenio-

427 4666 505 4720 ris
533 4666 773 4734 prol'cCtu
804 4660 1110 4734 cnpcssivit.

498 4727 569 4805 (ἑ)
597 4734 801 4802 Retnig.
976 4730 1276 4805 prodeuntia
1324 4730 1392 4786 ad
1443 4729 1788 4803 proditionem
1815 4727 1971 4805 Iuda:
2001 4745 2024 4786 :

429 4802 784 4862 renitentibus
829 4803 952 4858 aliis
977 4802 1174 4868 ‘libris,
1221 4818 1379 4857 sacro
1427 4802 1597 4870 textu,
1631 4817 1693 4857 ac
1723 4802 1903 4856 verbis
1930 4818 2026 4857 su-

429 4879 727 4948 perioribus
753 4875 879 4931 libri
901 4892 975 4941 ιχ,
1008 4892 1061 4929 ιι.
1095 4874 1187 4941 60,
1213 4873 1305 4929 ubi
1323 4875 1473 4929 locus
1495 4874 1637 4928 idem
1662 4880 1944 4927 tractatur.

497 4972 565 5042 (ι’)
597 4971 735 5025 Editi
779 4977 1012 5042 excepto
1058 4969 1179 5024 Par.
1229 4977 1499 5024 consecuta
1534 4968 1908 5022 resurrectione
1931 4969 2019 5037 fst-

427 5041 543 5097 tura
570 5052 718 5103 esset,
767 5041 823 5095 in
873 5052 1128 5112 posterum
1156 5049 1434 5095 reservaret
1460 5056 1479 5094 :
1525 5045 1899 5112 restaurantnr
1936 5053 2017 5112 ex

425 5115 545 5169 aliis
575 5113 743 5168 libris.
776 5108 883 5167 llic'
902 5113 1051 5167 locus
1079 5115 1257 5167 lavere
1285 5112 1495 5167 videtur
1525 5109 1744 5165 lectioni
1770 5108 2028 5177 superius-

426 5192 719 5249 annotatae,
751 5181 893 5238 Deus
917 5184 1149 5248 protinus
1176 5182 1483 5252 glori/icabit
1508 5197 1646 5235 eum.
1674 5178 2023 5235 Arbitrantur

428 5266 604 5313 tamen
628 5255 715 5311 hic
744 5256 934 5324 respici
962 5263 1016 5309 et
1046 5255 1098 5308 in
1126 5254 1427 5322 proximum
1459 5252 1682 5324 Joannis
1702 5261 1757 5306 et
1786 5252 1836 5305 in
1857 5266 2019 5324 stipe.

427 5328 626 5382 rioretn
648 5320 875 5393 apostoli
900 5326 1097 5389 locum.
1122 5320 1277 5395 cujus
1327 5322 1631 5395 illustrandi
1671 5336 1833 5379 causa
1854 5320 2032 5395 Joan-

427 5401 508 5454 nis
530 5398 689 5453 verba
703 5399 864 5453 allata
878 5406 1000 5452 sunt
1019 5413 1033 5447 :
1054 5405 1110 5450 nt
1132 5393 1203 5452 ei
1225 5408 1449 5464 utquue
1465 5396 1568 5449 alia
1581 5393 1835 5449 doceatur
1853 5393 2030 5461 gloria

426 5485 527 5539 qua
559 5468 803 5526 Christus
825 5470 1055 5525 donatur
1083 5468 1136 5523 in
1166 5482 1396 5535 corpore
1418 5466 1656 5539 preprio,
1677 5464 1780 5520 alia
1832 5480 1936 5534 qua
1967 5465 2031 5519 in

428 5536 682 5596 membris
708 5557 723 5606 ;
745 5557 809 5595 ac
830 5541 1003 5611 prima
1031 5539 1247 5610 quidem
1277 5537 1574 5611 secundum
1598 5536 1861 5611 Joannem
1892 5550 2029 5605 pro-

427 5615 570 5683 tinus
611 5622 731 5683 post
768 5608 1230 5683 resurrecﬁnem
1272 5610 1398 5667 data
1444 5609 1538 5676 sit,
1567 5608 1740 5683 altera
1768 5621 1897 5662 vero
1926 5620 2023 5683 se-

425 5677 658 5759 cundum
699 5682 927 5759 Paulum
958 5684 1009 5738 in
1038 5677 1315 5759 posset-um
1353 5689 1651 5759 reservata.
1700 5677 2021 5759 Cumonim

423 5750 693 5822 Christus,
720 5763 778 5810 ut
804 5753 1004 5811 dictum
1030 5749 1117 5812 est
1159 5753 1252 5811 lib.
1277 5770 1338 5825 ιι,
1365 5769 1422 5811 ιι.
1452 5749 1548 5821 25,
1578 5760 1634 5810 et
1670 5749 1820 5816 alibi,
1850 5749 2023 5808 totius

2136 3235 2260 3293 dem
2316 3236 2488 3294 Deum
2515 3235 2632 3294 sola
2663 3235 3017 3293 veneratione
3051 3236 3398 3308 intelligenti,
3426 3248 3536 3293 non
3559 3234 3744 3291 minus

2229 3377 2285 3445 '5)
2310 3375 2424 3434 Sibi
2451 3376 2519 3432 sit
2547 3392 2836 3433 commune.
3404 3446 3413 3447 ί
3484 3440 3490 3447 ι

2229 3377 2285 3445 '5)
2310 3376 2424 3434 Sibi
2451 3376 2519 3432 sit
2547 3392 2836 3433 commune.
3484 3440 3490 3447 ι

2203 3376 2283 3521 ξι)
2312 3447 2443 3517 Dei;
2464 3450 2626 3523 paulo
2652 3458 2793 3521 post,
2819 3448 3183 3524 intelligendus
3203 3448 3290 3517 sit,
3312 3447 3357 3506 si
3385 3446 3546 3507 Deus.

2141 3590 2363 3649 humani
2407 3593 2624 3663 generis
2651 3601 2897 3665 naturam
2938 3594 3315 3665 assumpserit,
3339 3591 3583 3664 sequitur
3612 3607 3739 3653 eum

2140 3665 2378 3719 nondum
2400 3679 2533 3736 esse
2565 3665 2721 3735 plene
2753 3664 3100 3736 perfectaque
3128 3664 3452 3736 gloriosum,
3483 3665 3744 3736 quamdiu

2142 3734 2595 3820 pendetalicujus
2644 3752 2708 3793 ex
2729 3734 2964 3820 genere
2984 3734 3222 3820 Humano
3251 3738 3424 3819 gloria
3452 3753 3464 3789 :
3494 3734 3601 3819 qua
3627 3753 3746 3819 om-

2140 3808 2299 3863 nibus
2349 3806 2569 3863 Cltristo
2623 3806 2893 3864 mediante
2934 3808 3080 3871 data.
3114 3806 3273 3865 Deus'
3310 3808 3417 3864 erit
3453 3808 3636 3864 omnia
3689 3808 3743 3864 iu

2140 3879 2414 3946 omnibus,
2450 3887 2507 3933 ιιι
2535 3890 2694 3934 erunt
2719 3880 2899 3934 omnia
2924 3879 3143 3935 Christo
3170 3878 3431 3945 subjecta.

2214 3948 2291 4024 (g)
2316 3949 2451 4024 Tres
2498 3966 2629 4024 mss_.
2665 3948 2925 4024 Vaticani,
2961 3949 3200 4024 Marum,
3254 3950 3627 4024 Remig.,_etc.
3656 3950 3747 4005 dc-

2134 4019 2346 4091 spefare
2389 4022 2444 4074 id
2472 4022 2535 4076 dc
2580 4019 2716 4093 Deo.
2765 4021 2943 4093 Colb.,
2976 4022 3163 4079 Germ.
3195 4038 3318 4093 cum
3349 4019 3469 4091 Erl,
3501 4022 3651 4091 Lips.
3691 4031 3744 4078 et

2135 4094 2259 4150 Par.
2294 4092 2571 4165 desperare
2592 4095 2649 4165 in
2681 4092 2808 4147 Deo.
2838 4092 2998 4148 Solus
3025 4094 3197 4149 Codex
3226 4092 3351 4150 Vat.
3381 4093 3503 4165 bas.
3531 4109 3743 4165 sperare

2130 4165 2190 4218 id
2212 4167 2274 4235 de
2296 4162 2424 4218 Deo.
2460 4163 2805 4221 Prml‘erimus
2835 4180 2955 4220 cum
2974 4165 3111 4235 ,Bad.
3141 4177 3195 4220 et
3224 4180 3357 4220 mss.
3384 4162 3575 4230 Corb.,
3602 4163 3745 4235 Car-

2136 4232 2255 4308 ιιιιιΣ
2283 4235 2531 4307 aliisque,
2565 4236 2835 4307 desperare
2872 4236 2924 4290 id
2952 4234 3086 4303 Deo,
3119 4237 3222 4292 hoc
3248 4247 3355 4303 est,
3386 4237 3656 4308 denegare
3683 4232 3739 4293 id

2139 4308 2194 4363 in
2223 4305 2498 4363 Christum
2532 4305 2701 4363 Deum
2725 4310 3040 4377 convenire,
3071 4309 3213 4380 quod
3246 4308 3347 4364 sibi
3393 4305 3635 4379 sperant.

2212 4397 2295 4471 (It)
2318 4397 2468 4471 Apud
2502 4397 2658 4464 Bad.,
2686 4399 2775 4454 Er.
2809 4407 2866 4455 et
2885 4400 2936 4454 in
2966 4415 3101 4455 mss.
3141 4408 3211 4465 et,
3238 4413 3345 4455 non
3368 4407 3442 4453 ut.
3472 4397 3602 4471 Ilios,
3622 4412 3746 4471 ve_r-

2139 4468 2565 4540 bum'efﬁciendo
2594 4471 2893 4526 omiserant
2938 4471 3085 4538 Lips.
3117 4483 3170 4526 et
3214 4471 3305 4526 Er.
3338 4480 3458 4541 post
3498 4468 3744 4541 Bad.Ea

2141 4544 2254 4610 ipsa
2283 4544 2549 4613 sententia
2588 4557 2712 4596 mox
2756 4544 2985 4613 repetita
3013 4541 3248 4599 habetur
3272 4540 3354 4598 his
3380 4541 3561 4613 verbis
3588 4540 3747 4613 :Alm-

2058 4601 2115 4662 D
2139 4601 2316 4686 potens
2364 4612 2459 4667 sibi
2530 4613 2595 4668 sit
2645 4614 2741 4668 hoc
2798 4601 2853 4669 se
2903 4624 3063 4668 totum
3112 4622 3360 4685 praestare
3411 4611 3548 4683 quod
3601 4610 3746 4667 Deus

2142 4696 2240 4755 est,
2265 4693 2373 4742 etc.

2211 4776 2279 4849 (i)
2309 4778 2365 4833 In
2393 4779 2625 4850 esensis,
2667 4779 2755 4850 qui
2784 4775 2925 4832 Deus
2944 4785 2993 4831 et
3020 4776 3172 4831 homo
3197 4786 3291 4832 est.
3314 4774 3655 4850 Concinnius
3682 4775 3738 4831 in

2140 4848 2275 4905 mss.
2309 4851 2392 4919 qui
2419 4848 2560 4905 Deus
2590 4848 2687 4917 est,
2717 4850 2834 4905 scil.
2894 4863 2959 4905 ex
3009 4855 3221 4909 natura.
3256 4863 3353 4918 per
3372 4848 3741 4915 dispensatio-

2142 4936 2266 4977 nem
2293 4924 2455 4977 etiam
2489 4925 2650 4976 homo
2674 4932 2775 4977 est.
2803 4920 2938 4975 Tum
2966 4920 3118 4980 illud,
3142 4920 3396 4990 impotens
3417 4920 3515 4972 sibi
3542 4920 3629 4983 sit,
3653 4932 3743 4990 re-

2135 4992 2308 5047 fertur
2338 4994 2402 5047 ad
2454 4993 2783 5048 sententiam
2831 4990 3166 5057 superiorem
3196 4989 3355 5045 :Nec
3377 5004 3546 5047 sermo
3572 4989 3738 5056 istud,

2137 5079 2228 5118 nec
2248 5080 2426 5119 sensus
2454 5066 2669 5119 rationis
2697 5078 2863 5136 captu:
2879 5063 3106 5133 loquitur
3126 5071 3207 5117 ut.

2212 5154 2278 5228 (j)
2308 5156 2568 5211 Addimus
2617 5157 2671 5228 in
2727 5169 2793 5228 es
2836 5168 2977 5228 mss.
3010 5153 3131 5228 vat.
3185 5153 3303 5228 bas.
3334 5167 3441 5207 uno
3494 5150 3745 5228 Colb._et

2140 5222 2312 5283 altera
2344 5228 2573 5284 Sorbon.
2605 5226 2780 5284 Simili
2835 5225 3090 5295 loquendi
3144 5223 3305 5279 modo
3358 5239 3520 5296 supra
3560 5241 3616 5279 ιι.
3645 5222 3742 5296 28,

2141 5299 2444 5354 habemus:
2481 5299 2616 5366 Quia
2666 5294 2936 5368 utrumque
2973 5313 3065 5369 per
3107 5294 3439 5351 constitutum
3479 5296 3636 5365 ﬁnem
3683 5294 3741 5350 in

2143 5386 2410 5426 commune
2435 5371 2502 5424 sit
2520 5386 2621 5424 non
2649 5385 2776 5426 esse.

2213 5462 2287 5535 (lt)
2316 5462 2407 5519 Sic
2431 5461 2766 5533 antiquiores
2793 5476 2926 5535 mss.
2977 5459 3097 5535 vat.
3132 5458 3274 5527 has.,
3312 5455 3495 5535 Colb.,
3528 5455 3743 5535 Cet-59.,

2138 5526 2383 5611 natura,
2414 5526 2601 5611 CorbI,
2628 5532 2867 5611 etc._nisi
2891 5532 3036 5611 quod
3080 5533 3136 5611 in
3162 5526 3445 5589 nonnullis
3471 5526 3587 5611 orni

2139 5605 2400 5673 particula
2430 5616 2497 5661 et.
2527 5604 2599 5660 At
2627 5604 2756 5662 editi
2790 5602 2925 5660 cum'
2969 5602 3205 5674 Bemig.,
3233 5612 3513 5674 tamquam,
3540 5602 3587 5674 ei
3617 5616 3742 5673 per-

2135 5670 2290 5761 fectio
2322 5677 2418 5760 Dei
2467 5674 2643 5734 desit:
2682 5675 2828 5748 quod
2869 5683 2939 5741 et
2970 5670 3175 5733 habent
3212 5670 3420 5745 aliquot
3468 5670 3565 5729 alii
3607 5670 3747 5731 mss.

2135 5763 2341 5805 01111850
2357 5765 2423 5803 ει.
