4106 6192
272 269 374 337 42')

1488 268 1578 329 DE
1606 265 1981 331 TRINITATE
2020 265 2225 327 LIBER
2263 266 2358 324 Xl.

3460 265 3570 323 450

278 388 355 444 bis
382 387 713 459 respondere
755 386 980 459 impimn
1008 387 1242 455 videtur,
1266 399 1425 458 quam
1455 387 1688 454 adesse;
1718 398 1772 444 ct
1801 388 1869 446 de
1896 391 1947 452 Α
1975 388 2173 464 (Esai.,
2212 403 2287 457 ιι,
2320 384 2400 459 6),
2429 385 2522 455 qui
2570 392 2628 443 ct
2666 384 2745 441 ait
2774 398 2786 440 :
2841 384 3012 441 Nemo
3051 385 3191 443 novit
3218 385 3438 454 Filium,
3469 388 3569 443 nisi

274 491 475 546 natura,
508 498 633 553 qua:
680 480 897 537 humani
933 496 1129 537 sensus
1157 480 1567 550 conceptionem
1611 481 1860 547 excedat,

275 574 444 630 verbis
473 591 702 644 quorum
729 574 908 631 adhuc
932 574 1257 642 signiﬁcatio
1286 575 1567 645 angustior
1590 590 1750 647 quam
1786 575 1869 632 in-

277 666 565 736 telligentia
612 667 704 736 sit,
735 667 1023 723 enuntiare
1053 681 1115 722 se
1163 681 1322 735 posse
1366 665 1643 723 conﬁdere
1669 681 1733 722 ac
1759 668 1869 739 pri-

272 775 410 815 mum
436 758 735 830 ambigere,
753 758 968 816 desitne
998 758 1125 831 quid
1149 758 1280 826 Deo,
1309 774 1378 815 an
1413 759 1603 829 plenus
1627 760 1745 831 ipse
1772 759 1867 828 sit,

270 854 352 909 vel
384 853 542 923 pleno
567 854 676 922 jam
717 852 1012 923 pleniorem
1037 866 1160 908 esse
1188 851 1265 922 (l)
1296 852 1561 923 reliquum
1592 854 1681 907 sit.
1714 850 1869 919 Quod

273 946 314 1000 si
340 945 500 1009 Deus,
526 944 614 1000 cui
641 960 748 1000 non
779 943 1000 1000 aliunde
1039 952 1124 999 est
1166 943 1309 1015 quod
1333 943 1478 999 Deus
1519 958 1735 1014 semper
1762 952 1868 1011 est,

274 1038 566 1110 profectum
612 1040 828 1105 habeat,
861 1046 921 1093 nt
947 1038 1061 1110 plus
1093 1039 1162 1094 sit
1202 1038 1534 1107 aliquando;
1563 1055 1668 1093 non
1691 1047 1873 1110 potest

275 1140 444 1187 tamen
466 1130 535 1187 ad
565 1131 617 1186 id
642 1131 947 1203 pervenire,
978 1145 1048 1186 ne
1075 1130 1181 1186 sibi
1210 1129 1340 1186 nihil
1371 1129 1720 1204 mdesit:
1746 1132 1869 1202 quia

273 1226 351 1281 cui
401 1233 611 1280 natura:
643 1225 915 1295 profectus
955 1233 1038 1280 est
1075 1223 1341 1293 reliquus,
1376 1238 1669 1295 numquam
1711 1222 1873 1278 intela

279 1320 458 1391 ligitur
486 1320 604 1375 sine
631 1318 817 1390 aliqua
862 1319 1204 1373 incremento
1256 1316 1474 1372 residuo
1530 1317 1868 1389 proiecisse;

274 1414 396 1469 dum
430 1421 617 1469 natura
650 1411 716 1467 ad
773 1410 1095 1483 ρτοῑεοῑυιιν
1117 1418 1398 1481 spectans,
1431 1410 1719 1479 proﬁciens
1747 1408 1875 1464 licet

273 1520 507 1574 semper,
555 1519 770 1573 semper
819 1511 997 1558 tamen
1040 1512 1217 1574 pateat
1256 1500 1323 1556 ad
1348 1500 1667 1572 profectum.
1717 1498 1873 1570 Quod

274 1604 452 1652 autem
484 1599 536 1652 in
567 1594 899 1667 plenitudine
926 1594 1163 1667 perlecta
1196 1602 1737 1665 manet,semperque
1766 1601 1870 1661 est,

276 1704 378 1745 non
411 1689 511 1746 sibi
565 1688 785 1760 reliquit
830 1698 888 1743 ut
934 1688 1143 1758 plenius
1178 1686 1290 1743 sit:
1336 1685 1459 1756 quia
1502 1685 1872 1741 accessionem

1972 481 2131 538 Pater
2178 495 2390 551 ;neque
2430 477 2643 535 Patrem
2691 480 2805 550 quis
2853 480 3010 546 novit,
3044 481 3143 535 nisi
3183 479 3376 551 Filius,
3417 492 3464 536 et
3485 482 3570 537 cui

1967 575 2183 631 uoluerit
2215 571 2261 626 F
2263 574 2383 628 ilius
2406 571 2975 644 revelare(Mattlt.,x1,
2999 573 3120 645 25).
3144 573 3252 630 Sed
3281 576 3567 631 adversum

1967 668 2269 725 imbecillas
2310 676 2519 724 mentes
2565 675 2801 733 nostras,
2825 676 2882 723 et
2918 683 2977 723 se
3006 667 3073 723 ad
3103 667 3425 725 deﬁnienda:
3462 671 3571 725 cir-

1968 760 2505 832 cumscribettqune
2548 768 2757 816 natum:
2806 759 3003 816 divinae
3029 760 3407 832 demergentes
3438 778 3569 833 pro-

1969 853 2216 920 fundum,
2249 852 2592 910 confessione
2632 852 2947 923 apostolicze
2986 853 3392 923 protestationis
3414 864 3570 911 uten-

1970 948 2097 1005 dum
2128 958 2211 1006 est
2242 963 2257 1004 :
2287 963 2357 1005 ne
2388 947 2671 1004 temeraria
2705 946 2784 1021 (5)
2825 946 3009 1018 Opinio
3038 947 3117 1018 ω)
3141 946 3341 1019 aliquid
3370 948 3470 1005 sibi
3499 948 3568 1006 de

1972 1042 2106 1109 Deo,
2127 1051 2322 1112 praeter
2348 1056 2507 1113 quam
2538 1039 2785 1105 docetur,
2819 1046 3065 1108 usurpet.

2043 1137 2132 1192 46.
2163 1136 2364 1202 Ωιιωὺι
2407 1136 2687 1190 humanum
2730 1136 2918 1189 cadant
2961 1132 3290 1189 intellectum.
3319 1132 3572 1190 —-Comv

1972 1228 2150 1283 tnunis
2177 1237 2356 1282 autem
2399 1226 2516 1282 haec
2543 1226 2869 1282 naturalium
2899 1241 3184 1281 causarum
3220 1226 3573 1297 intelligentia

1973 1328 2078 1386 est,
2111 1317 2247 1374 nihil
2295 1318 2349 1373 in
2381 1333 2598 1373 sensum
2647 1318 2865 1385 cadere,
2910 1318 3011 1372 nisi
3042 1317 3185 1388 quod
3217 1317 3403 1373 sensui
3448 1308 3578 1372 sub-

1971 1413 2139 1487 jacet,
2164 1419 2224 1467 ut
2249 1422 2342 1468 aut
2368 1411 2440 1484 (e)
2470 1410 2734 1486 Mres
2764 1412 2943 1483 aliqua
2966 1410 3241 1483 proposita
3262 1411 3455 1477 oculis,
3485 1420 3578 1467 aut

1975 1521 2112 1578 opus
2130 1505 2384 1579 quodque
2414 1506 2532 1576 ipso
2558 1521 2725 1562 sensu
2753 1514 2944 1561 nostro
2968 1520 3031 1561 ac
3054 1514 3238 1562 mente
3263 1505 3532 1575 posterius
3559 1523 3572 1561 :

1975 1615 2206 1671 quorum
2240 1616 2431 1669 unum,
2459 1598 2538 1673 (4)
2572 1598 2714 1670 quod
2740 1599 2811 1673 (Γ)
2857 1607 2952 1656 aut
2981 1606 3299 1655 attrectatur
3341 1606 3436 1654 aut
3464 1614 3581 1655 ecr-

1977 1693 2144 1760 nitur,
2188 1692 2441 1750 concedit
2494 1692 2636 1748 intra
2686 1690 2958 1763 opinionis
3009 1700 3210 1748 nostra:
3230 1692 3577 1759 sententiam,

278 1783 624 1860 plenitudinis
650 1781 725 1857 (a)
756 1781 1013 1854 plenioris
1066 1780 1304 1852 perfecta
1341 1779 1616 1851 plenitudo
1644 1795 1751 1835 non
1779 1795 1870 1836 ca-
1897 1778 1945 1841 Β
1974 1785 2091 1856 ipso
2111 1794 2260 1841 tactu
2279 1786 2502 1856 visuque
2524 1783 2943 1853 moderandum;
2976 1783 3121 1839 aliud
3149 1798 3299 1851 vero,
3328 1784 3407 1857 (5)
3436 1785 3580 1856 quod

280 1880 406 1951 piat.
440 1876 510 1933 Et
538 1876 654 1932 haec
692 1874 910 1945 quidem
942 1872 1011 1929 de
1041 1872 1152 1928 Deo
1182 1874 1256 1928 ita
1302 1870 1555 1944 opinandi
1584 1872 1686 1943 piae
1723 1873 1880 1928 intel-

279 1971 510 2044 ligentia
525 1969 735 2040 species
749 1978 854 2034 est,
880 1967 990 2023 Deo
1012 1966 1138 2025 nihil
1156 1965 1368 2031 deesse,
1391 1965 1715 2037 plenumque
1736 1980 1877 2022 esse.

342 2065 445 2121 65.
469 2063 537 2118 In
565 2061 851 2136 cogitandis
882 2058 977 2113 Dei
1003 2059 1150 2114 rebus
1193 2058 1429 2128 Apostoli
1475 2057 1783 2131 exemplum.
1812 2087 1882 2098 -—

283 2155 553 2212 Caeterum
599 2168 705 2211 non
741 2155 951 2222 ignorat
992 2149 1304 2222 Apostolus,
1345 2150 1646 2221 cujusmodi
1677 2148 1745 2205 de
1771 2149 1884 2207 Deo

284 2250 645 2308 confessionis
687 2264 818 2305 voce
849 2246 1151 2304 testandum
1203 2246 1294 2314 sit,
1324 2245 1512 2303 dicens
1543 2263 1555 2301 :
1594 2246 1639 2301 0
1670 2250 1887 2320 profun-

283 2348 409 2400 dum
448 2344 745 2398 divitiarum
792 2352 839 2399 et
885 2342 1151 2414 sapientia:
1195 2349 1243 2395 et
1284 2341 1512 2396 scientiae
1538 2337 1688 2397 Dei!
1733 2357 1886 2407 quam

289 2438 823 2511 incomprehensibilia
884 2446 1003 2493 sunt
1035 2434 1240 2509 judicia
1277 2435 1412 2506 ejus,
1439 2444 1487 2489 et
1516 2435 1888 2506 inuestigabiles

288 2532 376 2587 vita
393 2531 553 2603 ejus!
586 2529 717 2593 Quis
735 2529 870 2585 enim
896 2528 1133 2603 cognovit
1156 2543 1358 2582 sensum
1384 2524 1637 2582 Domini?
1660 2538 1745 2581 aut
1774 2528 1888 2599 quis

290 2622 617 2677 consiliarius
639 2624 751 2695 ejus
775 2622 870 2692 fuit
902 2611 1038 2684 ?,aut
1066 2619 1178 2691 quis
1206 2618 1347 2690 prior
1372 2617 1446 2691 (ὁ)
1472 2618 1629 2685 dedit,
1662 2628 1709 2673 et
1737 2619 1888 2674 retri-

291 2717 472 2771 buetur
497 2716 575 2770 illi
596 2715 623 2769 .9
650 2715 906 2783 Quoniam
948 2732 1015 2772 ea:
1043 2717 1178 2787 ipso,
1205 2724 1251 2772 et
1277 2734 1369 2789 per
1394 2717 1588 2788 ipsum,
1620 2725 1668 2770 et
1700 2717 1751 2770 in
1776 2716 1890 2786 ipso

290 2819 402 2863 sunt
442 2809 660 2865 omnia:
715 2808 817 2879 ipsi
861 2808 1026 2882 gloria
1075 2810 1128 2863 in
1198 2809 1388 2864 sarcula
1430 2809 1758 2864 saeculorum.
1813 2807 1890 2878 (2)

288 2899 500 2972 (Rom,
524 2917 600 2962 xt.
631 2900 724 2965 55,
755 2900 888 2973 etc.)
916 2899 1031 2955 Non
1054 2901 1512 2957 circumscribitur
1540 2900 1683 2957 Deus
1711 2907 1892 2955 mente

293 3008 502 3053 terrena
530 2994 633 3068 (ν.
654 2996 744 3053 lib.
776 3012 850 3061 tv,
891 3013 947 3049 η.
984 2994 1094 3067 14),
1130 3011 1303 3067 neque
1342 2994 1445 3050 huc
1473 2996 1750 3066 sapientia:
1780 3009 1893 3049 sua:

291 3088 616 3160 profundum
645 3103 809 3144 sensu
833 3086 1202 3159 intelligentia:
1226 3088 1565 3159 penetrantis
1586 3086 1890 3158 attingitur,

290 3199 383 3240 nec
413 3182 617 3253 judicia
664 3182 1109 3239 constitutionum
1159 3198 1378 3238 suarum
1434 3166 1962 3252 perscrutantiumC

295 3277 509 3349 ingenio
557 3275 1057 3347 apprehenduntur,
1089 3291 1189 3331 nec
1239 3276 1338 3331 via:
1394 3274 1720 3346 cognitionis
1771 3277 1890 3344 ejus

295 3371 704 3443 investigabiles
774 3385 835 3428 se
909 3372 1333 3427 consectantium
1389 3369 1583 3425 studiis
1653 3367 1891 3424 derelin-

295 3476 484 3535 quunt.
537 3462 607 3535 (c)
654 3465 711 3519 ln
759 3464 1211 3536 comprehensum
1256 3461 1586 3532 profundum
1639 3462 1892 3518 demersa

290 3556 399 3627 ejus
431 3557 613 3612 omnia
660 3566 806 3625 sunt,
837 3557 1078 3629 nihilque
1117 3558 1183 3613 de
1232 3556 1394 3613 rebus
1421 3556 1537 3627 ejus
1568 3556 1887 3626 reperietur,

291 3649 422 3704 nihil
444 3650 866 3706 consectabitur.
897 3649 1130 3706 Sensum
1179 3649 1326 3705 enim
1357 3648 1476 3719 ejus
1508 3664 1669 3703 nemo
1688 3662 1891 3718 cogno-

293 3741 400 3797 vit:
440 3752 492 3799 et
521 3742 751 3797 consilio
799 3756 903 3797 non
935 3745 1082 3813 eguit
1110 3752 1355 3798 externo.
1386 3740 1464 3797 De
1510 3741 1667 3796 nobis
1707 3748 1887 3795 autem

270 3850 433 3895 .nunc
476 3837 653 3891 omnis
698 3834 784 3891 hic
811 3850 993 3891 sermo
1046 3846 1169 3903 est,
1214 3851 1320 3891 non
1367 3833 1528 3889 etiam
1560 3833 1629 3889 de
1657 3849 1746 3900 eo,
1794 3849 1891 3901 per

290 3943 450 3999 quem
504 3928 688 3985 omnia
731 3938 893 3998 sunt,
924 3928 1019 4001 qui
1045 3936 1133 3986 est
1171 3927 1353 4000 magni
1393 3926 1606 3984 consilii
1646 3925 1888 3997 Angelus

354 4090 375 4161 (
387 4091 402 4143 Ι
424 4089 443 4157 )
462 4088 528 4145 Ei
553 4089 811 4161 reliquum
832 4088 915 4142 sit.

354 4153 448 4233 (2)
471 4153 673 4217 Codex'
700 4160 899 4217 Veron.
932 4159 1019 4216 hic
1065 4156 1251 4230 adjicit
1312 4174 1461 4214 amen
1489 4173 1507 4213 :
1536 4153 1677 4227 quod
1706 4162 1890 4212 exstat

294 4234 341 4289 et
359 4232 433 4288 in’
450 4250 624 4303 graeco
647 4242 816 4287 textu.

352 4307 447 4377 (5)
483 4304 760 4378 Opinione.

320 4521 332 4533 ι
353 4445 442 4522 (a)
470 4443 623 4533 apud
653 4443 809 4510 Bad.,
837 4440 930 4498 Er.
965 4450 1020 4499 et
1060 4441 1208 4514 Lips.
1255 4439 1452 4498 desunt
1480 4452 1663 4505 voces,
1690 4436 1889 4510 plenio-
1918 4436 1966 4497 D

291 4528 638 4591 risperfecla-
752 4584 783 4591 _
854 4585 866 4591 _
1121 4586 1150 4591 _
1189 4583 1222 4591 ,,
1551 4582 1563 4591 .
1794 4578 1846 4591 ..

354 4579 435 4665 (l1)
464 4579 522 4646 in
579 4603 712 4644 mss.
743 4584 907 4665 Corb:
962 4602 1069 4641 uno
1112 4583 1262 4665 colit.
1309 4599 1374 4665 ac
1412 4582 1596 4665 paucis
1640 4580 1764 4636 aliis
1794 4579 1882 4665 hic

287 4648 702 4737 jnx‘tagrzecnm
730 4668 783 4714 et
807 4657 1109 4737 vulgatam,
1138 4648 1669 4737 deditei.._ht'i‘ttl‘ra.
1700 4669 1755 4706 n.
1786 4648 1878 4716 47,

294 4724 344 4790 in
372 4724 531 4789 nullis
552 4731 782 4786 habetur
810 4730 874 4783 ei.
902 4724 1068 4784 Paulo
1098 4737 1226 4783 ante
1256 4735 1309 4781 et
1331 4727 1466 4781 infra
1498 4724 1754 4779 Erasmus
1785 4736 1883 4793 pro

293 4821 441 4861 more
465 4802 744 4859 substituit
774 4800 1223 4867 ininvesttgabiles,
1252 4814 1349 4868 pro
1379 4794 1771 4865 investtgnbiles.

362 4875 436 4948 (c)
466 4874 788 4948 Prmpositio
814 4873 898 4948 in,
916 4887 944 4925 a
990 4865 1173 4941 Lipsio
1200 4865 1433 4940 primum
1462 4876 1747 4939 expuncta,
1780 4865 1883 4919 huc

290 4942 570 5006 revocatur
592 4942 656 5001 ex
681 4943 833 5009 ΒΜ..
858 4942 951 4999 Er.
985 4950 1041 4998 et
1061 4958 1191 4997 mss.

363 5019 451 5092 (ἀ)
473 5019 530 5075 ln
560 5033 694 5073 mss.
723 5008 984 5086 opinione.
1033 5014 1229 5069 Postea
1258 5009 1427 5066 codex
1461 5008 1581 5064 Vat.
1615 5009 1729 5064 bas.
1761 5009 1881 5092 alii-

292 5079 396 5162 que
423 5079 550 5162 duo,
582 5079 768 5162 praeter
819 5102 974 5157 quam
997 5094 1217 5162 Oportet,
1244 5099 1361 5162 non
1380 5092 1565 5152 printer
1592 5098 1770 5162 quamﬁ
1787 5079 1879 5162 do-

291 5151 454 5217 cetur.
471 5151 605 5217 Tum
631 5156 795 5215 Corb.
824 5151 948 5212 cum
978 5151 1253 5212 nonnullis
1274 5151 1415 5216 aliis,
1442 5151 1713 5222 usurpem.
1739 5151 1882 5208 Satis

292 5232 577 5304 placeret,
634 5231 943 5302 opinione...
993 5237 1179 5301 praeter
1230 5241 1385 5297 quam
1434 5224 1700 5290 docentur,
1726 5239 1879 5278 usur-

291 5314 435 5375 ρεηστ

363 5372 539 5447 (ι)1ιι
572 5391 702 5429 mss.
755 5371 865 5447 nisi
903 5370 1045 5439 quod
1086 5367 1374 5447 inmodice
1422 5366 1545 5447 Vat.
1596 5364 1714 5447 has.
1766 5374 1887 5436 post

288 5434 569 5518 proposita.
597 5434 963 5518 cxstatﬂetiant
990 5442 1243 5514 opposita.
1270 5434 1336 5495 Et
1360 5438 1413 5494 in
1438 5438 1693 5509 vulgatis,
1715 5434 1888 5492 utaut

291 5515 625 5592 rwppgsila
659 5515 840 5572 oculis.
1047 5586 1060 5592 _
1124 5584 1138 5592 _
1270 5582 1305 5592 __
1817 5578 1831 5592 ν

659 5536 687 5569 0
722 5536 749 5568 ll
827 5556 840 5569 .

368 5536 717 5661 Wﬁlin;
738 5536 904 5661 pnr‘ope
957 5584 1142 5661 scripti
1188 5582 1403 5661 codices
1465 5596 1593 5661 eum
1629 5578 1884 5661 Anausis,

268 5648 465 5731 gnum
482 5661 625 5731 quid.
652 5648 966 5731 Legendum
991 5648 1209 5731 omnino
1240 5653 1377 5727 quod
1401 5648 1882 5731 cum_Telleriano.

293 5722 502 5787 Deinde
548 5728 675 5788 editi
723 5722 1041 5799 particulam
1098 5728 1225 5782 dum
1254 5722 1662 5799 praeponebant
1716 5722 1885 5779 verbo

274 5802 520 5856 'conccdit
548 5821 565 5857 :
597 5800 991 5872 refragantibus
1020 5815 1147 5854 mss.

1982 1878 2040 1933 ﬁt
2089 1877 2169 1953 (g)
2222 1879 2275 1935 in
2331 1887 2616 1949 tempore,
2671 1888 2728 1934 et
2770 1877 3004 1950 quodam
3056 1876 3276 1948 juniore
3334 1894 3365 1933 a
3419 1878 3581 1937 nobis

1983 1978 2078 2027 aut
2123 1972 2362 2044 gignitur
2405 1982 2499 2028 aut
2538 1972 2887 2029 constituitur
2912 1970 3137 2028 exordio
3161 2010 3177 2036 .
3204 1971 3328 2044 quia
3356 1986 3579 2028 sensum

1985 2063 2357 2136 intelligentia:
2410 2080 2518 2120 non
2573 2065 2854 2136 praevenit,
2893 2062 3101 2135 judicio
3129 2078 3345 2136 quoque
3390 2078 3585 2121 sensus

1986 2157 2333 2231 dijudicantis
2363 2157 2655 2212 obnoxium
2688 2165 2794 2213 est.
2850 2155 2965 2212 Non
2996 2156 3141 2213 enim
3182 2165 3277 2212 aut
3327 2165 3584 2229 aspectus

1987 2251 2482 2309 nosterinvisibilia
2509 2251 2788 2323 dijudicat,
2822 2250 2916 2321 qui
2944 2266 3051 2307 non
3081 2251 3185 2306 nisi
3217 2259 3421 2307 tantum
3453 2266 3587 2308 con-

1984 2356 2171 2419 specta
2200 2345 2477 2403 discernat
2506 2363 2519 2400 :
2552 2352 2647 2401 aut
2692 2359 2844 2401 mens
2874 2351 3059 2400 nostra
3090 2359 3148 2399 se
3172 2343 3225 2399 in
3276 2344 3350 2407 id.
3381 2344 3462 2415 (It)
3482 2360 3590 2416 quo

1991 2455 2100 2497 non
2152 2438 2348 2505 extitit,
2387 2447 2599 2510 tempus
2638 2436 2963 2504 exstendet,
3011 2444 3067 2490 et
3117 2435 3420 2507 antiquiora
3466 2446 3591 2493 ortu

1991 2548 2093 2590 suo
2116 2532 2517 2605 pervestigabit,
2549 2546 2671 2588 cum
2696 2545 2802 2587 non
2826 2529 2928 2585 nisi
2952 2544 3138 2584 earum
3154 2545 3347 2585 rerum
3371 2529 3434 2602 (i)
3470 2538 3591 2587 tan-

1994 2636 2105 2682 tum
2133 2624 2315 2696 opinio
2343 2622 2422 2697 (6)
2452 2624 2525 2689 ei,
2553 2637 2778 2692 quarum
2808 2621 2926 2693 ipse
2983 2622 3052 2676 sit
3082 2621 3287 2689 senior,
3320 2623 3594 2694 relinqua-

1996 2726 2086 2774 tur
2117 2734 2129 2769 :
2155 2732 2275 2789 qua:
2303 2717 2625 2787 plerumque
2648 2715 2763 2785 ipsa
2798 2729 2895 2783 per
2920 2713 3300 2768 necessitatem
3333 2713 3595 2770 naturalis

1995 2828 2105 2870 sua:
2130 2810 2457 2868 inﬁrmitatis
2490 2811 2715 2872 incerta,
2742 2806 3042 2863 absolutam
3074 2804 3351 2862 scientiam
3384 2806 3436 2862 in
3468 2821 3598 2864 cau-

2000 2922 2183 2963 sarum
2238 2904 2547 2976 cognitione
2587 2918 2695 2958 non
2725 2909 2935 2966 teneat;
2972 2900 3044 2973 (j)
3070 2898 3271 2954 nedum
3319 2900 3479 2956 modo
3506 2916 3597 2956 ea-

1999 3016 2139 3064 rum,
2169 3013 2289 3070 qum
2336 3007 2461 3051 ante
2508 3009 2567 3049 se
2596 2994 2706 3048 sint
2747 3002 2947 3049 aeterna
2999 2991 3231 3059 ratione,
3265 3006 3427 3048 sensu
3458 2990 3595 3048 ultra

1999 3090 2333 3147 nativitatem
2359 3101 2512 3142 suam
2558 3084 2818 3142 redeunte
2846 3082 3127 3154 percipiat.

2067 3183 2157 3237 47.
2185 3179 2325 3235 Deus
2348 3175 2787 3248 imperscrutabile
2813 3177 3147 3247 profundum.
3175 3170 3372 3229 Nullus
3392 3182 3598 3263 eg“.—

1997 3275 2062 3331 Et
2108 3272 2312 3330 idcirco
2366 3270 2684 3342 Apostolus,
2711 3268 2837 3340 quia
2881 3282 3174 3338 numquam
3198 3265 3304 3322 nisi
3329 3281 3393 3322 ea
3427 3268 3479 3321 in
3505 3281 3599 3322 co-

1993 3366 2289 3441 gnitionem
2336 3365 2617 3432 caderent,
2666 3379 2786 3434 qme
2842 3361 3026 3416 sensui
3058 3360 3356 3433 posteriora
3404 3375 3597 3417 succe-

1994 3462 2225 3525 derent,
2270 3463 2695 3515 commemorato
2739 3450 3019 3524 sapientiae
3061 3452 3157 3509 Dei
3206 3450 3494 3525 profundo,
3545 3461 3601 3509 et

1999 3554 2500 3613 inexscrutabilium
2537 3549 2862 3622 judiciorum
2894 3546 3179 3615 inﬁnitate,
3206 3556 3260 3602 et
3308 3545 3600 3618 investiga-

1992 3646 2181 3706 hilium
2228 3642 2434 3700 viarum
2488 3651 2724 3707 secreto,
2770 3650 2821 3695 et
2866 3636 3122 3710 incogniti
3166 3653 3359 3694 sensus
3386 3639 3601 3711 ignora-

1996 3739 2164 3804 tione,
2190 3747 2246 3794 et
2274 3735 2487 3791 consilii
2544 3750 2650 3788 non
2691 3729 3071 3787 communicati
3105 3728 3179 3802 (k)
3230 3728 3599 3801 ininlelligen-

1993 3833 2086 3897 lia,
2118 3828 2395 3900 subjecit:
2455 3826 2582 3893 Quis
2609 3825 2744 3879 enim
2791 3823 2935 3895 prior
2986 3820 3146 3890 dedit,
3196 3831 3243 3875 et
3289 3821 3599 3877 retribuetur

1991 3926 2120 3982 illi?
2158 3924 2416 3994 Quoniam
2466 3938 2529 3977 ex
2578 3920 2692 3992 ipso
2739 3927 2787 3974 et
2840 3933 2930 3989 per
2960 3917 3128 3988 ipsum
3159 3924 3207 3971 et
3255 3916 3309 3971 in
3338 3915 3450 3987 ipso
3476 3926 3595 3972 sunt

2176 4084 2440 4220 sit.
2774 4218 2787 4233 .
2870 4206 2883 4233 δ

2086 4228 2144 4300 6)
2167 4224 2348 4283 Codex
2385 4223 2581 4281 Veron.
2614 4219 2812 4277 omittit
2834 4234 2882 4274 et

2086 4219 2144 4300 6)
2167 4219 2348 4283 Codex
2385 4223 2581 4281 Veron.
2614 4219 2812 4277 omittit
2834 4219 2902 4274 ei.

2168 4429 2296 4489 Mss.
2319 4432 2457 4489 quod
2472 4430 2560 4485 sit.

2084 4451 2118 4560 Ζ
2168 4431 2296 4489 Mss.
2319 4432 2457 4505 quod
2472 4431 2560 4485 sit.

2063 4432 2083 4577 ξ
2122 4431 2141 4578 i
2170 4502 2311 4561 Editi
2341 4518 2467 4578 cum
2494 4499 2741 4578 pluribus
2762 4508 2894 4551 mss.
2923 4494 3061 4578 quod
3083 4510 3187 4550 non
3208 4498 3398 4554 exstitit
3422 4511 3442 4554 :
3470 4513 3592 4557 cor-

1990 4565 2240 4648 riguntur
2267 4594 2330 4631 ex
2362 4565 2567 4645 optimo
2590 4571 2743 4648 Coll).
2773 4565 2985 4648 necnon
3006 4565 3191 4648 Germ.

2064 4638 2126 4722 (i)
2157 4650 2331 4703 Verba
2362 4638 2558 4701 tdntum
2584 4654 2639 4699 et
2662 4644 2741 4722 ei,
2774 4639 2827 4722 in
2860 4638 3341 4722 vulgatis-semisse,
3371 4642 3587 4711 supple-

1992 4711 2120 4775 mtis'
2142 4736 2205 4775 ex
2235 4733 2366 4773 mss.
2397 4731 2627 4785 quorum
2659 4711 2854 4785 deinde
2876 4711 3217 4785 auctoritate,
3245 4725 3343 4779 pro
3362 4727 3583 4785 quorum

1991 4793 2123 4858 ipsa.
2155 4780 2466 4859 reponimus
2513 4800 2746 4859 quorum
2766 4784 2897 4849 ipse,
2927 4780 3087 4859 videi.
3118 4792 3269 4836 ortus
3312 4800 3323 4834 :
3349 4784 3583 4840 maxime

1991 4851 2110 4916 cum
2134 4851 2381 4929 superius
2404 4851 2609 4929 lcgainr
2629 4856 2836 4926 juniore
2861 4851 3093 4905 exordio.

2059 4934 2131 5008 (jl
2162 4922 2323 4997 Editi,
2356 4922 2776 5008 nedum:qu
2821 4937 2941 5008 qua:
2957 4932 3075 5008 ante
3093 4938 3148 4976 se
3176 4922 3301 5008 sint,
3332 4932 3580 5008 (sternant

1985 4991 2257 5065 rationem,
2289 4991 2393 5058 etc.
2420 5001 2546 5055 Mss.
2577 4999 2789 5053 Martin.
2818 5002 2876 5048 et
2896 4991 3019 5048 Vat.
3050 4992 3166 5048 bas.
3198 4996 3387 5050 nedum
3425 4998 3579 5052 modo

1985 5092 2163 5131 eorum
2191 5090 2307 5146 qua?
2331 5084 2481 5146 cauta
2520 5087 2623 5146 non
2651 5072 2751 5123 sint
2802 5074 2993 5146 (eterna
3032 5067 3231 5146 ratione
3258 5068 3485 5146 {minus
3510 5067 3578 5123 ad

1989 5164 2124 5205 rem.
2157 5135 2349 5203 verius
2367 5145 2483 5211 alii,
2511 5141 2696 5198 nedum
2737 5135 2886 5193 modo
2911 5151 3093 5211 earum
3124 5138 3358 5211 (supple,
3382 5154 3576 5211 causa.

1988 5236 2108 5274 rum
2138 5215 2441 5287 scientiam)
2470 5207 2823 5287 'quwautese
2878 5207 2979 5261 sint
3010 5215 3201 5263 (eterna
3224 5236 3229 5241 ο
3254 5207 3491 5265 ratione:
3524 5209 3579 5265 id

1989 5300 2093 5355 est,
2126 5292 2170 5345 si
2228 5305 2332 5344 non
2382 5281 2807 5355 comprehendit
2843 5293 2996 5333 mens
3024 5295 3144 5355 qua:
3193 5289 3319 5355 ante
3364 5296 3422 5355 se
3450 5290 3580 5335 sunt

1990 5349 2165 5433 aliqua
2193 5362 2423 5424 ratione,
2447 5349 2613 5433 inuno
2633 5369 2778 5423 saepe
2800 5353 3001 5432 incerta
3020 5349 3259 5433 ﬁuctuat
3284 5350 3336 5407 in
3368 5351 3432 5406 iis
3458 5367 3581 5422 qua:

1991 5448 2052 5489 se
2081 5422 2384 5503 posteriora
2405 5422 2564 5503 sunt;
2597 5422 2756 5497 lenge
2779 5422 2953 5480 minus
2981 5423 3209 5493 attinget
3230 5437 3351 5493 qua:
3377 5432 3579 5480 interna

1991 5499 2199 5561 ratione
2224 5518 2283 5559 se
2310 5499 2633 5573 praecedant.

2062 5576 2136 5647 (k)
2175 5563 2325 5643 Lips:
2352 5570 2663 5647 iqnorantia.
2695 5564 2978 5647 Editiones‘
3022 5563 3143 5647 alia!
3172 5579 3297 5620 cum
3328 5566 3574 5647 scriptis,

1988 5636 2345 5718 intelligentia.
2372 5636 2727 5718 Rep‘ottimus‘
2758 5636 3171 5718 inint_elligentia,
3204 5638 3475 5718 quomodo
3508 5638 3583 5695 le-

1988 5706 2221 5791 gendum)
2272 5706 2653 5791 suspicatum}:
2689 5706 2995 5791 Erasmus,
3023 5720 3088 5764 ac
3136 5706 3241 5764 non
3297 5708 3415 5767 sine
3448 5725 3581 5766 mss.

1990 5778 2314 5847 auctoritate
2339 5778 2569 5859 legimus
2599 5781 2691 5839 lib.
2725 5796 2781 5851 x,
2814 5796 2870 5837 n.
2898 5778 2989 5835 50.
