4106 6192
425 271 532 331 451

1648 263 1898 324 SANCTI
1924 261 2183 322 HILARH
2220 260 2525 323 EPISCOPI

3630 260 3744 322 432

431 390 624 456 omnia,
656 388 757 460 ipsi
810 387 978 461 gloria
1021 385 1076 440 in
1108 384 1295 440 δίκαια
1348 382 1655 439 διεοιιιονιιηι
1687 381 1886 454 (Rom.,
1912 397 2026 447 xxt,
2056 382 2113 442 Α
2135 380 2229 437 sed
2254 395 2315 437 se
2344 382 2516 453 ipsum
2549 377 2887 444 exinanicns,
2912 385 2967 434 ct
2994 378 3129 433 intra
3167 391 3229 435 sc
3267 379 3465 443 latens,
3505 386 3561 433 ct
3597 379 3735 433 intra

435 484 508 540 55
532 491 581 538 et
610 481 727 554 56).
751 481 916 547 Deus,
947 479 1035 550 qui
1063 493 1280 550 semper
1326 485 1431 543 est,
1486 492 1593 532 non
1648 476 1923 547 subjectus
1951 483 2038 530 est

430 574 808 643 modo,ncque
834 572 900 627 ab
925 571 1195 626 anteriore
1217 569 1297 626 sui
1329 569 1509 640 aliquo
1536 576 1686 623 motu
1718 567 1915 623 mentis
1943 576 2035 623 aut

432 666 810 737 intelligentia:
858 664 1208 737 praevenitur.
1240 663 1309 720 Et
1355 662 1558 718 idcirco
1591 659 1959 731 investigabile
1980 668 2035 716 et

431 757 905 831 imperscrutahile
934 758 1049 830 ipse
1073 766 1219 815 totus
1247 755 1572 828 profundum
1619 764 1719 811 est.
1745 753 1915 810 Totus
1939 768 2035 809 au-

430 861 542 909 tem
571 852 665 920 ita,
684 860 869 907 utnon
886 868 982 923 per
1009 851 1113 907 hoc
1138 851 1389 907 deﬁnitus
1412 849 1492 923 (l)
1520 849 1571 904 in
1592 848 1668 921 (a)
1696 847 1914 903 modum
1940 848 2031 916 sit,

432 946 532 1003 sed
558 946 864 1002 intellectus
889 945 959 1001 sit
976 946 1029 999 in
1055 944 1343 1001 immenso:
1368 943 1490 1016 quia
1513 957 1544 996 a
1559 941 1774 998 nemine
1791 940 1934 1012 quod
1953 949 2037 997 est

431 1036 688 1109 sumpsit,
717 1053 819 1094 nec
845 1038 995 1109 prior
1022 1037 1073 1095 ei
1113 1036 1265 1093 dedit
1309 1036 1524 1108 aliquis,
1548 1046 1609 1093 ut
1662 1034 1891 1093 retribui
1916 1032 2037 1089 ofﬁ-

431 1127 576 1185 cium
605 1127 755 1185 danti
781 1127 1150 1201 oporteat.Ex
1170 1128 1291 1200 ipso
1321 1128 1465 1186 enim
1489 1139 1545 1185 et
1576 1143 1670 1200 per
1698 1129 1874 1200 ipsum
1897 1134 1954 1183 et
1979 1127 2034 1182 in

425 1220 548 1292 ipso
581 1222 765 1278 omnia
803 1232 947 1279 sunt.
974 1222 1093 1279 Non
1119 1231 1243 1295 eget
1262 1238 1329 1279 ex
1351 1238 1410 1281 se
1431 1232 1487 1280 et
1513 1239 1612 1296 per
1640 1238 1700 1279 se
1725 1232 1780 1279 et
1809 1221 1950 1278 intra
1974 1236 2036 1279 se

328 1366 339 1377 ,
430 1316 818 1384 manentibus;
849 1331 950 1374 nec
977 1318 1068 1389 qui
1109 1316 1282 1389 origo,
1317 1332 1418 1374 nec
1455 1317 1545 1389 qui
1597 1315 1773 1386 opifex
1797 1325 1902 1383 est,
1933 1329 2036 1372 nec

436 1410 528 1483 qui
557 1411 844 1468 continens
867 1419 951 1467 est
971 1455 986 1479 ,
1013 1409 1095 1484 (2)
1125 1420 1179 1468 ct
1205 1411 1433 1468 internis
1462 1408 1538 1484 (b)
1564 1418 1843 1479 externus,
1871 1407 2034 1483 M5

432 1511 490 1561 et
518 1503 724 1561 eﬂ'ectis
761 1503 1011 1561 conditor
1043 1513 1137 1561 :et
1154 1519 1375 1562 suorum
1408 1504 1525 1576 ipse
1554 1520 1718 1577 egens
1738 1519 2033 1575 numquam

430 1604 532 1654 est.
562 1597 706 1653 Nihil
730 1608 856 1654 ante
883 1607 985 1666 est,
1015 1596 1153 1653 nihil
1180 1598 1419 1667 aliunde,
1447 1596 1525 1671 (3)
1555 1599 1685 1655 nihil
1711 1607 1860 1655 extra
1883 1596 1958 1670 (c)
1974 1613 2035 1655 se

426 1696 529 1744 est.
562 1688 682 1758 Quo
725 1689 891 1761 igitur
938 1698 1090 1747 caret
1136 1690 1491 1761 plenitudinis
1539 1690 1805 1761 profectu,
1836 1700 1895 1746 ut
1937 1705 2035 1761 per

2135 491 2287 531 suam
2316 477 2432 546 ipse
2463 475 2806 531 vacuefactus
2848 482 3167 544 potestatem
3204 490 3216 526 :
3243 472 3367 526 dum
3396 487 3456 527 se
3478 487 3645 542 usque
3666 471 3737 528 ad

2137 568 2362 625 formam
2393 576 2660 639 temperat
2686 567 2901 623 habitus
2936 566 3175 632 humani,
3209 580 3276 620 ne
3314 574 3589 637 potentem
3628 565 3734 618 im-

2134 677 2486 733 mensamque
2513 672 2759 717 naturam
2802 670 3093 730 assumpta:
3129 658 3442 713 humilitatis
3465 672 3587 725 ⁸ιιοιι
3628 656 3743 710 fcr—

2136 766 2220 813 ret
2249 756 2571 824 infirmitas;
2621 754 2716 812 sed
2763 756 2816 811 in
2857 763 3063 810 tantum
3117 767 3178 809 se
3224 750 3393 808 virtus
3441 751 3737 805 incircum-

2135 849 2337 920 scripta
2385 849 2782 915 moderaretur,
2837 847 2892 903 in
2959 857 3217 918 quantum
3288 852 3565 915 oporteret
3613 858 3738 900 eam

2139 957 2309 1015 usque
2339 942 2405 998 ad
2437 942 2750 1014 patientiam
2775 940 3006 998 connexi
3052 939 3159 995 sibi
3208 938 3453 1008 corporis
3492 936 3734 993 obedire.

2136 1035 2291 1106 Quod
2317 1045 2497 1093 autem
2540 1051 2599 1093 se
2642 1036 2818 1106 ipsum
2866 1036 3002 1090 intra
3041 1048 3103 1090 se
3138 1031 3511 1089 vacuefaciens
3563 1031 3741 1086 conti-

2138 1128 2273 1203 nuit,
2302 1128 2687 1185 detrimentum
2715 1144 2825 1184 non
2857 1126 3033 1183 attulit
3083 1125 3370 1198 potestati;
3421 1141 3543 1181 cum
3593 1127 3739 1180 intra

2137 1222 2276 1280 hanc
2294 1224 2651 1280 exinanientis
2673 1238 2733 1280 se
2750 1222 3132 1290 humilitatem,
3152 1223 3350 1279 virtute
3373 1231 3548 1277 tamen
3570 1218 3737 1292 506

2137 1316 2313 1374 omnis
2338 1312 2628 1373 exinanitae
2652 1318 2791 1372 intra
2821 1331 2881 1372 se
2907 1330 3037 1372 usus
3062 1316 3133 1371 sit
3159 1314 3461 1387 potestatis.

2209 1409 2299 1467 49.
2344 1409 2497 1478 Quod
2526 1409 2709 1481 itaque
2729 1409 2871 1465 Deus
2912 1409 3016 1465 erit
3043 1409 3225 1464 omnia
3255 1409 3310 1463 in
3342 1406 3613 1473 omnibus,
3645 1418 3741 1460 as-

2137 1502 2463 1576 sumptionis
2515 1512 2716 1560 nostra:
2763 1502 3036 1576 profectus
3076 1510 3179 1559 est.
3223 1500 3326 1569 Qui
3380 1500 3558 1567 enim,
3612 1512 3743 1555 cum

2139 1607 2287 1656 esset
2316 1598 2369 1654 in
2390 1597 2564 1654 forma
2596 1598 2715 1664 Dei,
2745 1606 2992 1668 repertus
3018 1604 3102 1653 est
3129 1596 3182 1652 in
3211 1595 3379 1650 forma
3407 1593 3570 1660 servi,
3610 1608 3742 1647 rur-

2142 1707 2263 1747 sum
2286 1690 2624 1748 conﬁtendus
2655 1689 2817 1747 estin
2840 1690 3009 1762 gloria
3034 1691 3125 1746 Dei
3156 1688 3322 1761 patris
3352 1705 3364 1740 :
3394 1695 3451 1744 ut
3473 1701 3579 1743 non
3625 1700 3740 1740 am-

425 1789 646 1853 tempus
671 1780 847 1839 adhuc
873 1783 1019 1839 Deus
1045 1785 1229 1841 omnia
1259 1784 1312 1839 in
1343 1785 1596 1841 omnibus
1623 1785 1727 1841 sit?
1757 1784 1851 1840 Vel
1885 1783 2030 1840 unde
2058 1772 2106 1834 Β
2136 1785 2294 1857 bigue
2334 1785 2390 1841 in
2424 1784 2540 1856 ejus
2576 1784 2748 1841 forma
2795 1799 3023 1842 manens
3070 1785 3432 1859 intelligatur,
3478 1788 3538 1843 in
3584 1788 3739 1859 cujus

426 1883 626 1944 sumet,
650 1884 801 1932 extra
827 1891 988 1948 quem
1010 1876 1145 1932 nihil
1166 1877 1293 1934 est?
1321 1876 1451 1933 nihil
1479 1887 1657 1933 autem
1688 1877 1785 1945 ita,
1803 1883 1860 1932 ut
1887 1891 2033 1932 sem-

427 1982 526 2038 per
546 1968 666 2040 ipse
711 1970 801 2026 sit.
836 1969 905 2026 Et
931 1971 1026 2042 qui
1076 1970 1192 2042 ipse
1239 1985 1455 2043 semper
1475 1980 1580 2038 est,
1613 1981 1667 2028 et
1689 1979 1837 2027 extra
1869 1985 2033 2042 quem

429 2061 566 2119 nihil
622 2072 727 2134 εει,
758 2079 866 2136 quo
902 2064 1242 2122 incremento
1292 2065 1593 2136 explendus
1644 2074 1747 2132 est,
1792 2066 1877 2121 vel
1923 2081 2030 2137 quo

430 2164 722 2228 augmento
772 2156 1129 2214 demutandus
1160 2166 1266 2226 est,
1297 2156 1485 2213 dicens
1512 2154 1662 2229 :Ego
1690 2173 1825 2224 sum,
1856 2165 1902 2211 et
1927 2173 2031 2212 non

428 2247 666 2306 demutor
688 2247 933 2320 (Malac.,
960 2266 1041 2320 Ill,
1070 2250 1127 2322 6)
1151 2268 1166 2306 :
1199 2266 1324 2307 cum
1346 2266 1455 2306 non
1483 2249 1821 2321 relinquatur
1852 2250 1933 2306 vel
1961 2248 2064 2305 ad.

427 2345 854 2402 demutationem
884 2345 1059 2413 locus,
1091 2344 1177 2401 vel
1202 2345 1268 2401 ad
1300 2343 1598 2416 profectum
1639 2357 1823 2412 causa,
1853 2342 1936 2398 vel
1961 2342 2030 2399 ad

427 2439 783 2496 aeternitatem
825 2438 1103 2508 anterius,
1155 2438 1241 2495 vel
1288 2438 1356 2494 ad
1406 2438 1577 2495 Deum
1637 2437 1781 2494 aliud
1830 2445 2030 2510 praeter

427 2548 589 2606 quam
619 2533 762 2590 Deus
792 2531 875 2606 (ά)
896 2533 1011 2605 ipse
1048 2533 1174 2589 est?
1201 2530 1320 2588 Non
1352 2547 1484 2604 ergo
1512 2547 1610 2604 per
1639 2531 2028 2602 subiectionem

422 2625 553 2685 Filii
580 2628 724 2684 Deus
763 2625 869 2683 erit
922 2625 1105 2682 omnia
1131 2625 1188 2681 in
1242 2625 1498 2682 omnibus
1528 2643 1540 2679 :
1573 2639 1749 2696 neque
1779 2640 1875 2696 per
1900 2640 2028 2681 cau-

425 2734 542 2778 sam
597 2717 1088 2784 consummabitur,
1121 2734 1188 2775 ex
1214 2735 1320 2791 quo
1364 2728 1418 2776 ct
1468 2734 1566 2790 per
1594 2733 1752 2790 quem
1776 2727 1840 2773 et
1887 2718 2027 2773 intra

423 2827 585 2885 quem
637 2812 814 2868 omnis
851 2826 1013 2885 causa
1057 2810 1338 2868 consistat.
1397 2812 1579 2867 Manet
1624 2811 1806 2882 itaque
1859 2819 2030 2868 utest

421 2878 638 2977 semper
667 2904 832 2970 Deus,
862 2878 964 2960 ιιέε
1034 2903 1279 2976 profectu
1311 2914 1434 2976 eget
1465 2904 1537 2975 (ε)
1587 2904 1680 2975 qui
1705 2878 1772 2959 ad
1799 2903 1853 2960 id
1880 2904 2028 2975 quod

426 3006 529 3064 est,
562 3011 628 3052 ex
654 3010 715 3052 se
743 3010 807 3051 ac
833 2994 937 3051 sibi
964 3008 1181 3065 semper
1201 3005 1305 3052 est.

496 3088 590 3145 48.
630 3087 801 3144 Filius
827 3086 1229 3144 indemutabilis.
1262 3088 1577 3145 Exinaniens
1605 3105 1660 3145 se
1694 3105 1797 3145 non
1834 3098 1909 3145 est
1938 3089 2030 3145 de-

2135 1878 2238 1934 erit
2267 1877 2436 1948 gloria
2481 1876 2840 1934 conﬁtendus.
2900 1877 3243 1948 Dispensatio
3304 1876 3485 1951 itaque
3527 1887 3737 1936 tantum

2134 1976 2239 2037 est,
2272 1983 2381 2026 non
2408 1968 2709 2026 demutatio
2759 1969 2860 2025 :in
2884 1983 2952 2026 eo
3004 1971 3148 2026 enim
3196 1980 3301 2035 est,
3354 1972 3405 2027 in
3445 1987 3553 2043 quo
3597 1982 3737 2029 erat.

2133 2059 2241 2118 Sed
2263 2076 2386 2118 cum
2408 2062 2643 2118 medium
2673 2071 2758 2117 cst
2784 2063 2928 2133 quod
2951 2077 3071 2119 csse
3094 2063 3277 2134 (repit,
3321 2063 3373 2119 id
3421 2077 3525 2127 cst.
3574 2066 3742 2124 homo

2135 2169 2327 2228 natus;
2361 2168 2530 2215 totum
2553 2160 2602 2216 ci
2622 2167 2848 2226 natur-te,
2874 2172 2997 2230 quas
3022 2168 3177 2215 antea
3205 2160 3344 2214 Deus
3376 2175 3483 2214 non
3508 2158 3626 2226 fuit,
3646 2176 3739 2217 ac-

2133 2253 2393 2324 quiritur,
2439 2268 2565 2309 cum
2588 2254 2729 2310 Deus
2758 2268 2880 2309 csse
2908 2254 3085 2308 omnia
3115 2254 3168 2307 in
3197 2253 3447 2310 omnibus
3498 2254 3570 2327 (ι’)
3616 2262 3742 2326 post

2132 2354 2531 2402 sacramentum
2557 2330 2979 2416 dispensationis
3018 2343 3338 2401 ostenditur.
3395 2345 3586 2402 Nostra
3620 2347 3740 2404 ba-c

2131 2439 2313 2511 itaque
2359 2439 2508 2495 lucra
2561 2449 2722 2507 sunt,
2783 2449 2836 2495 et
2879 2442 3049 2495 nostri
3103 2441 3420 2511 profectus,
3482 2457 3580 2498 nos
3630 2442 3745 2499 sci-

2132 2532 2260 2589 licet
2297 2532 2607 2589 conformes
2642 2531 2717 2604 (g)
2773 2531 3045 2589 efﬁciendi
3088 2532 3275 2605 gloria:
3317 2534 3561 2606 corporis
3617 2534 3738 2592 Dei.

2129 2622 2395 2681 Caeterum
2419 2624 2725 2697 unigenitus
2747 2624 2913 2692 Deus,
2962 2626 3087 2681 licet
3135 2634 3189 2681 et
3229 2625 3394 2683 homo
3435 2635 3594 2683 natus
3641 2627 3735 2694 sit,

2130 2733 2237 2774 non
2271 2727 2446 2774 tamen
2472 2717 2615 2773 aliud
2646 2733 2806 2784 quam
2832 2718 2975 2774 Deus
3013 2719 3191 2774 omnia
3235 2719 3288 2774 in
3329 2719 3577 2776 omnibus
3625 2728 3733 2777 est.

2129 2809 2403 2881 Snbjectio
2444 2811 2587 2867 enim
2632 2810 2724 2865 illa
2765 2810 3032 2881 corporis,
3076 2825 3174 2881 per
3223 2826 3382 2881 quam
3414 2810 3566 2883 quod
3613 2827 3737 2868 car-

2132 2904 2253 2960 nale
2277 2904 2354 2977 (h)
2381 2903 2430 2961 ei
2478 2914 2582 2973 est,
2639 2905 2691 2959 in
2725 2913 2968 2959 naturam
3019 2904 3242 2975 Spiritus
3269 2903 3581 2972 devoratur,
3613 2918 3742 2962 esse

2131 3000 2299 3056 Deum
2343 3001 2521 3055 omnia
2553 3000 2605 3055 in
2638 2998 2888 3055 omnibus
2917 3014 3061 3066 eum,
3105 2999 3195 3071 qui
3228 3008 3424 3070 praeter
3462 3000 3632 3055 Deum
3679 3009 3740 3056 et

2132 3091 2296 3148 homo
2320 3102 2423 3159 est,
2467 3091 2759 3148 constituet
2793 3109 2806 3146 :
2836 3101 3023 3148 noster
3045 3098 3225 3147 autem
3257 3091 3352 3147 ille
3382 3090 3545 3146 homo
3579 3091 3646 3163 (ἰ)
3680 3092 3739 3148 in

426 3182 674 3240 uitiatus.
702 3181 994 3239 Deumesse
1015 3183 1188 3238 omnia
1238 3184 1293 3238 in
1323 3185 1556 3239 omnibus
1602 3185 1863 3255 profectus
1902 3202 2025 3241 nos-
2054 3171 2099 3235 C
2134 3183 2185 3239 id
2237 3185 2467 3255 proﬁcit.
2518 3184 2787 3240 Cmterum
2834 3201 2932 3241 nos
2979 3184 3036 3240 in
3091 3184 3329 3241 hominis
3383 3184 3556 3241 nostri
3604 3199 3741 3241 cou-

426 3284 503 3331 ter
529 3284 621 3330 est.
645 3304 716 3317 —
735 3273 843 3331 Sed
871 3290 940 3331 ne
964 3274 1021 3329 in
1045 3275 1377 3346 unigenitum
1400 3275 1618 3347 quidem
1644 3277 1810 3332 Deum
1843 3277 2032 3333 demu-

427 3367 608 3424 tandte
635 3377 841 3424 natura:
863 3368 1009 3424 cadit
1038 3371 1355 3426 necessitas.
1392 3371 1532 3426 Deus
1560 3370 1705 3426 enim
1749 3380 1854 3440 est,
1885 3371 2029 3442 quod

422 3461 603 3535 plenas
642 3477 705 3518 ac
756 3461 1011 3534 perfectae
1055 3462 1361 3518 divinitatis
1405 3471 1492 3519 est
1529 3479 1748 3520 nomen.
1795 3462 1928 3521 Nam
1969 3473 2030 3520 ut

427 3554 680 3628 superius
717 3554 1023 3622 docuimus,
1060 3564 1117 3612 et
1158 3556 1403 3627 repetita:
1450 3557 1636 3629 gloria:
1678 3556 2023 3629 signiﬁcatio,

430 3656 488 3705 et
556 3647 906 3715 subjectionis
967 3662 1129 3704 causa
1184 3658 1286 3717 est,
1331 3658 1390 3704 ut
1433 3650 1503 3705 sit
1551 3649 1693 3706 Deus
1752 3648 1933 3706 omnia
1971 3650 2027 3705 in

425 3740 713 3808 omnibus;
754 3757 878 3798 esse
926 3749 1108 3799 autem
1160 3741 1330 3798 Deum
1380 3743 1562 3799 omnia
1612 3743 1670 3799 in
1729 3743 1979 3800 omnibus
2009 3785 2026 3812 ,

421 3844 822 3893 sacramentum
885 3845 990 3904 est,
1034 3852 1141 3892 non
1175 3838 1492 3894 necessitas.
1556 3837 1616 3894 In
1666 3837 1837 3894 forma
1882 3839 2025 3895 enim

422 3927 524 3985 Dei
552 3943 780 3987 manens
803 3927 1031 3986 fermam
1054 3929 1198 3987 servi
1218 3930 1531 4001 assumpsit,
1552 3944 1661 3988 non
1692 3931 2025 3999 demutatus,

501 4088 670 4164 (1)11:
695 4090 869 4147 modo.

505 4162 591 4233 (2)
620 4164 783 4219 Deest
804 4172 889 4234 et;
921 4178 1051 4220 mox
1081 4172 1133 4220 et
1161 4162 1329 4233 effecti
1354 4164 1607 4236 cognitor.

496 4301 575 4376 (a)
598 4304 674 4359 Ita
712 4319 846 4360 mss.
878 4306 949 4361 At
979 4304 1128 4371 editi,
1159 4304 1213 4360 in
1263 4306 1434 4360 modo.

497 4375 575 4459 (ὁ)
608 4376 663 4429 1η
687 4389 790 4459 ms:
818 4376 1030 4459 Martia.
1078 4377 1292 4459 internis
1349 4378 1592 4459 exterior,
1612 4376 1674 4459 .in
1701 4375 1894 4459 eiectis
1925 4391 2016 4431 co-

424 4446 609 4519 gnitor
643 4447 847 4502 :male.
881 4446 960 4501 Ita
1000 4447 1317 4516 intelligere
1331 4458 1429 4519 est
1457 4448 1649 4519 effectis
1677 4450 1933 4519 conditor,
1959 4456 2020 4503 ut

423 4517 569 4576 Deus
599 4518 665 4573 iis
692 4534 800 4572 non
829 4526 980 4588 egeat
1006 4534 1125 4587 quae
1151 4517 1411 4586 condidit,
1437 4517 1526 4576 vel
1548 4519 1710 4575 etiam
1744 4527 1801 4573 ut
1829 4518 2017 4575 eﬁeeta

421 4591 596 4648 Deum
623 4588 858 4645 habeant
876 4590 1236 4646 conditorem.

495 4661 564 4735 (c)
608 4660 867 4718 Voculam
910 4677 985 4730 se,
1034 4662 1087 4716 in
1146 4660 1377 4733 vulgatis
1433 4663 1712 4732 omissam,
1768 4662 2020 4734 supplent

422 4750 556 4792 mss.

498 4805 580 4879 (d)
614 4805 671 4862 In
699 4804 922 4876 antiquo
943 4820 1047 4861 ms.
1074 4802 1230 4862 Colb.
1260 4805 1371 4876 ipse
1396 4806 1481 4862 sit.

2134 3277 2364 3333 formem
2395 3277 2622 3349 gloriam
2653 3277 3024 3349 proﬁciemus,
3071 3277 3210 3334 etin
3259 3277 3586 3350 agnitionem
3635 3278 3740 3334 Dei

2133 3370 2399 3435 renovati,
2442 3368 2510 3423 ad
2554 3367 2831 3425 Creatoris
2865 3370 3153 3440 imaginem
3182 3370 3620 3440 reformabimur,
3648 3385 3742 3426 se-

2131 3464 2366 3519 cundum
2388 3462 2633 3534 Apostoli
2648 3462 2852 3519 dictum
2888 3480 2902 3517 :
2928 3462 3091 3518 Exuti
3104 3472 3318 3519 veterem
3346 3464 3600 3519 hominem
3618 3480 3741 3519 cum

2131 3557 2328 3612 actibus
2348 3557 2480 3622 suis,
2513 3566 2560 3611 et
2588 3556 2756 3612 induti
2777 3574 2965 3613 novum
2991 3575 3127 3626 eum,
3156 3561 3242 3629 qui
3262 3560 3536 3614 innovatur
3565 3559 3644 3633 (4)
3680 3561 3741 3614 in

2135 3653 2446 3726 agnitionem
2467 3650 2567 3708 Dei
2585 3653 2866 3708 secundum
2894 3652 3169 3726 imaginem
3191 3656 3302 3727 ejus
3321 3654 3408 3726 qui
3436 3654 3628 3709 creavit
3659 3653 3741 3727 (j)

2136 3761 2252 3800 eum
2284 3743 2506 3818 (Coloss.
2535 3760 2614 3811 ιιι,
2641 3744 2675 3801 9
2708 3755 2754 3800 et
2777 3744 2891 3819 10).
2917 3744 3337 3802 Consummatur
3372 3748 3550 3818 itaque
3568 3746 3741 3802 homo

2135 3838 2312 3909 imago
2340 3838 2455 3895 Dei.
2481 3837 2722 3910 Namque
2749 3837 3044 3895 conformis
3073 3839 3298 3896 effectus
3324 3840 3513 3912 gloriae
3539 3854 3741 3912 corpo-

2137 3930 2213 3988 ris
2245 3931 2363 4002 Dei,
2406 3932 2463 3988 in
2494 3931 2783 4005 imaginem
2834 3933 3111 3989 Creatoris
3155 3934 3388 4003 excedit,
3438 3935 3739 3993 secundum

2212 4091 2295 4164 (ᾗ)
2335 4091 2486 4164 ΜΙιὶι
2508 4101 2655 4148 extra
2674 4101 2769 4161 est,
2798 4094 2917 4150 sine
2941 4112 3015 4150 se.

2210 4161 2293 4236 (4)
2330 4162 2401 4218 1η
2426 4165 2704 4237 agnitione.
2733 4165 2856 4222 Mox
2885 4166 3151 4224 omittitur
3173 4183 3289 4223 eum
3317 4176 3441 4241 post
3466 4169 3697 4241 creavit;

2124 4319 2179 4358 ιι.
2213 4304 2286 4359 4:
2323 4303 2475 4380 Quod
2508 4312 2699 4380 autem,
2754 4306 2947 4378 inquit,
2993 4307 3228 4380 spiritale
3278 4308 3412 4364 dixit
3454 4325 3640 4380 corpus
3678 4311 3737 4367 in

2127 4377 2499 4451 resurrectione
2548 4377 2959 4451 futurumfnmt
2987 4377 3262 4450 propterea
3310 4377 3592 4451 putandum
3634 4393 3735 4449 est,

2126 4446 2268 4523 quod
2292 4463 2393 4500 non
2415 4446 2629 4523 corpus,
2659 4448 2749 4523 sed
2777 4446 2997 4523 spiritus
3016 4452 3115 4523 erit
3136 4468 3155 4505 :
3177 4452 3266 4507 sed
3288 4446 3518 4522 spiritale
3542 4446 3737 4523 corpus

2130 4519 2268 4594 omni
2306 4518 2457 4594 modo
2489 4520 2698 4594 spiritui
2726 4521 2987 4594 subditum
3024 4522 3149 4577 dicit
3174 4524 3285 4578 sine
3311 4518 3487 4594 aliqua
3515 4518 3741 4592 corrup-

2130 4592 2267 4644 tione
2292 4590 2371 4645 vel
2421 4601 2602 4666 morte.
2653 4590 3286 4666 lluicjnterpretationi.
3333 4590 3407 4666 uti
3451 4597 3560 4666 jam
3588 4590 3736 4651 vidri-

2131 4677 2270 4739 mus,
2295 4663 2565 4739 consentit
2592 4662 3053 4739 noster__llil:iritts_,
3073 4666 3187 4739 nisi
3216 4665 3358 4736 quod
3397 4662 3736 4739 AuguStinus

2051 4737 2107 4799 1)
2131 4733 2370 4807 spiritale
2396 4747 2601 4807 corpus;
2645 4734 2907 4807 intelligat
2952 4733 3729 4807 subditnm'spiritui'nostro,

2132 4805 2222 4881 ille
2241 4804 2639 4881 _divino._U_nde
2659 4805 2717 4881 in
2751 4804 2891 4881 [εει.
2926 4821 3005 4881 ιιι,
3040 4825 3093 4861 ιι.
3120 4807 3177 4881 74,
3212 4804 3451 4879 ait—quod
3483 4825 3573 4881 per
3604 4804 3734 4864 sub;

499 4876 574 4970 (ε)
614 4897 811 4953 Excusi
841 4898 963 4968 quia
983 4898 1057 4951 id.
1086 4896 1420 4953 Concinnius
1442 4913 1577 4965 mss,
1599 4898 1688 4969 qui
1707 4897 1776 4952 ad
1798 4897 1854 4953 id
1876 4915 1895 4954 :
1917 4911 2026 4971 quo
2122 4876 2402 4971 ξξξξίζτθζη
2417 4877 2715 4971 “fdi-ﬁmi?
2744 4876 3036 4971 (1290);]?
3092 4876 3595 4971 άξυίέιαηξξηαηξξαηι
3632 4882 3734 4971 Im:

427 4969 576 5025 Deus
601 4983 758 5024 suum
782 4970 884 5025 sibi
914 4984 1037 5025 esse
1066 4969 1385 5040 principium
1414 4970 1740 5026 declaretur.

499 5063 568 5136 (f)
604 5063 770 5136 §olus
797 5063 974 5119 codex
1003 5063 1216 5136 Martin.
1249 5080 1339 5136 per
1370 5073 1789 5136 sacramentum:
1843 5064 2022 5119 minus

424 5134 574 5191 vere.
601 5134 820 5204 Triplex
857 5137 1000 5190 enim
1044 5135 1130 5190 hic
1159 5135 1535 5192 consideratur
1572 5134 1774 5191 Christi
1828 5144 2020 5200 status,

422 5218 553 5278 puta
576 5206 629 5262 in
653 5206 822 5261 forma
850 5206 966 5270 Dei,
989 5206 1042 5260 in
1068 5208 1236 5279 forma
1258 5208 1422 5273 servi,
1446 5217 1495 5262 et
1519 5207 1572 5261 in
1598 5208 1768 5279 gloria
1796 5207 1891 5263 Dei
1918 5206 2021 5262 Pa-

423 5277 523 5334 tris
572 5295 586 5331 :
640 5287 812 5333 status
849 5286 1028 5332 autem
1086 5277 1296 5333 medius
1356 5287 1579 5333 vocatur
1616 5277 2019 5334 'sacramentnm

422 5348 865 5433 dispensationis,
896 5363 1055 5420 quam
1077 5349 1293 5419 excepit
1315 5359 1551 5420 paternae
1580 5351 1770 5421 gloriae
1794 5365 2022 5406 consor-

423 5431 580 5477 tium.

453 5492 594 5635 πῖ(ἐξ)
647 5492 740 5550 Sic
785 5505 983 5564 magno
1037 5506 1307 5549 consensu
1357 5507 1491 5549 mss.
1542 5492 1615 5548 At
1653 5493 1707 5549 in
1751 5492 2020 5566 vulgatis,

537 5582 576 5620 ι.

426 5579 576 5620 emet.

498 5656 601 5732 (lt}_
617 5657 969 5732 Restituimus
994 5672 1060 5715 ex
1089 5673 1224 5732 mss.
1256 5660 1323 5728 ei,
1368 5658 1725 5732 quodgdecrat
1766 5659 1819 5716 in
1858 5675 2023 5717 excu-

423 5728 681 5805 sis._Haec
703 5731 949 5805 nituntur
974 5731 1156 5805 verbis
1180 5728 1447 5805 Apostoli,
1491 5730 1681 5805 Surget
1703 5748 1889 5805 corpus
1915 5733 2024 5805 spi-

421 5798 573 5854 ritale
599 5816 619 5855 ι
648 5816 766 5870 quae
787 5802 1066 5871 explicans
1087 5798 1631 5874 Augustinus’contra
1650 5798 1830 5861 Adini.
1854 5819 1907 5861 ε.
1926 5798 2017 5875 12,

2129 4964 2296 5001 mana:
2341 4948 2706 5021 assumptionis
2747 4948 3076 5021 absorbeatur
3125 4951 3417 5021 inﬁrmitas.
3466 4952 3733 5009 Remanet

2131 5031 2309 5073 autem
2338 5020 2481 5090 quod
2512 5019 2696 5074 obedit
2727 5036 2741 5074 :
2773 5019 2866 5074 sed
2896 5035 3003 5075 non
3038 5019 3283 5077 remanet
3314 5025 3574 5079 naturalis
3593 5039 3729 5080 con-

2130 5090 2264 5167 ditio
2289 5092 2621 5159 caruis,sive
2643 5090 2940 5167 indicitur,
2971 5107 3026 5146 ιι.
3075 5091 3147 5148 40
3180 5110 3201 5167 :_
3241 5097 3432 5149 terreni
3475 5097 3727 5167 corporis,

2129 5162 2213 5215 cui
2236 5176 2300 5233 cx
2330 5177 2390 5217 se
2418 5162 2693 5233 corruptio
2722 5162 2900 5218 debita
2929 5174 3053 5219 est:
3090 5172 3150 5218 ut
3189 5165 3241 5219 in
3289 5162 3587 5222 naturalem
3632 5162 3732 5223 Dei

2130 5231 2495 5289 conditionem
2539 5231 2797 5302 transeat,
2848 5235 3209 5308 corruptionis
3260 5251 3483 5307 prorsus
3532 5253 3732 5309 exper-

2131 5310 2259 5359 tem.

2205 5374 2271 5446 (i)
2306 5373 2585 5441 Vat.,has.
2619 5391 2725 5434 ms.
2749 5377 2802 5432 in
2835 5376 2964 5433 Deo.
2995 5376 3145 5434 Unus
3173 5378 3324 5436 Colb.
3351 5388 3407 5436 et
3434 5381 3571 5437 alter
3600 5380 3731 5439 Sor-

2132 5445 2261 5523 bon.
2294 5449 2348 5501 in
2373 5449 2693 5523 eo_pro[ecit.
2734 5450 2829 5505 Hic
2852 5457 3038 5505 notatu
3065 5450 3285 5522 dignum
3313 5460 3417 5517 est,
3438 5453 3528 5523 qui
3556 5464 3732 5510 uasta-

2132 5518 2337 5593 Itomo_a
2371 5520 2528 5593 nobis
2552 5519 2912 5593 distinguatur
2944 5539 2959 5575 :
2986 5531 3045 5576 ut
3070 5518 3313 5578 nostrum
3344 5518 3725 5583 boniinemsli-

2130 5600 2222 5666 eat
2245 5590 2484 5666 llilarius
2517 5590 2762 5666 naturam
2793 5608 2823 5646 a
2854 5590 3071 5648 Christo
3098 5604 3450 5666 assumptam.

2202 5660 2374 5787 (jhln
2402 5664 2785 5719 vetustioribus
2816 5679 2947 5720 mss.
2977 5679 3084 5719 non
3114 5660 3301 5720 exstaf
3336 5683 3449 5723 eum
3490 5685 3506 5722 :
3549 5683 3581 5724 e
3610 5668 3729 5740 qui-

2202 5747 2226 5787 s
2307 5733 2469 5787 arlin.
2503 5745 2658 5787 antea
2687 5733 2871 5787 habet.
2902 5734 3096 5787 Exuite
3136 5748 3353 5787 veterem
3398 5738 3727 5787 hominem---

2124 5731 2237 5809 bus'
2257 5731 2469 5809 Martin.
2503 5745 2658 5792 antea
2687 5733 2871 5806 habet,
2902 5734 3096 5793 Exuite
3132 5748 3353 5809 veterem
3398 5731 3729 5802 hominem...

2120 5814 2172 5859 et
2200 5804 2417 5860 induite.
