4106 6192
316 227 414 284 455

1489 220 1576 277 DE
1607 218 1985 279 TRINITATE
2031 220 2238 278 LIBER
2276 220 2392 277 XII.

3491 230 3603 289 434

315 343 612 414 dispositam
644 341 798 411 primi
833 340 1065 396 hominis
1113 339 1504 412 ﬁgurationem.
1537 339 1603 394 Et
1625 347 1744 411 post
1771 352 1897 410 pec-
1923 339 1977 400 Α
2075 338 2252 392 denter
2277 338 2592 394 demonstrat
2617 338 2915 410 Sapientia,
2945 358 3062 396 cum
3097 358 3199 398 non
3227 345 3378 399 modo
3403 361 3458 401 se
3481 357 3601 404 ante

311 450 478 497 catum
502 446 845 507 veteremque
877 436 1174 501 hominem,
1207 436 1259 490 in
1304 434 1629 506 agnitionem
1665 435 1757 490 Dei
1791 450 1890 490 no-

313 547 404 588 vus
431 531 584 585 homo
611 528 804 595 factus,
851 528 1255 583 constitutionis
1291 541 1403 582 sua:
1433 528 1639 583 obtinet
1682 526 1886 598 periec—

313 624 519 687 tionem,
552 636 851 693 agnoscens
880 621 1044 676 Denm
1067 636 1244 688 suum,
1271 630 1324 676 et
1348 636 1440 690 per
1464 621 1514 676 id
1542 621 1717 693 imago
1738 620 1889 691 ejus:

310 728 359 776 et
387 733 474 789 per
501 718 812 788 religionem
844 717 1130 788 proﬁciens
1158 716 1223 771 ad
1266 717 1646 785 mternitatem,
1702 723 1757 772 et
1796 729 1892 787 per

311 819 650 874 mternitatem
678 815 954 873 Creatoris
977 816 1058 870 sui
1091 815 1265 885 imago
1295 829 1600 870 mansurus.

535 970 895 1046 407.403
935 969 1142 1028 LIBER
1184 967 1644 1026 DUODECIMUS.

309 1089 549 1144 Adversus
574 1088 822 1142 solemnia
865 1087 1224 1142 Iurreticorum
1259 1083 1436 1151 effata,
1479 1083 1593 1139 Non
1617 1083 1716 1139 fuit
1739 1091 1892 1139 ante-

371 1197 524 1254 quam
558 1188 892 1245 nasceretur,
936 1188 1011 1245 et,
1060 1179 1133 1233 De
1181 1193 1286 1232 non
1333 1176 1668 1231 exstantibus
1718 1175 1892 1231 iactus

369 1283 466 1340 est,
508 1282 751 1328 retentam
791 1272 1114 1338 divinumque
1138 1269 1324 1325 Christi
1349 1269 1663 1323 nativitatem
1701 1278 1886 1323 tuetur.

370 1367 434 1421 Et
457 1368 561 1422 illis
585 1367 791 1436 quidem
835 1365 1117 1420 volentibus
1153 1374 1440 1418 creaturam
1467 1381 1580 1418 eum
1613 1380 1740 1429 esse,
1768 1363 1891 1433 quia

368 1459 426 1514 de
449 1476 502 1513 se
545 1459 824 1529 Sapientia:
877 1459 1078 1512 nomine
1120 1458 1327 1522 dixerit,
1377 1457 1638 1512 Dominus
1688 1456 1892 1512 creavit

368 1569 467 1618 tne,
501 1553 690 1608 resistit
721 1552 992 1617 Hilarius;
1020 1554 1072 1606 1ο
1095 1553 1217 1622 quia
1255 1552 1442 1607 colitur
1483 1549 1734 1617 Christus,
1773 1567 1889 1605 cum

368 1649 546 1702 vetitus
574 1650 638 1701 sit
667 1648 833 1700 cultus
855 1655 1140 1713 creaturae;
1169 1645 1233 1699 Ξυ
1279 1647 1402 1716 quia
1445 1655 1626 1700 cuncta
1654 1661 1744 1715 per
1772 1661 1887 1700 eum

368 1741 570 1794 condita
595 1751 735 1807 sunt,
783 1751 829 1794 et
877 1740 1145 1810 proprium
1175 1739 1219 1795 ei
1260 1737 1515 1794 Creatoris
1541 1749 1629 1808 est
1676 1756 1890 1804 nomen;
1922 1743 1969 1802 B

371 1835 422 1891 5°
447 1835 570 1904 quia
601 1839 652 1888 in
679 1851 796 1888 eum
827 1852 927 1889 non
956 1836 1093 1888 cadit
1123 1845 1176 1890 ut
1226 1845 1414 1906 speret,
1484 1845 1536 1888 ut
1575 1835 1782 1900 serviat,
1832 1843 1888 1888 ut

369 1947 459 1986 non
486 1941 670 2003 sponte
715 1931 971 2001 subjectus
1020 1932 1103 1997 sit,
1150 1942 1202 1986 ut
1243 1931 1535 1985 liberandus
1565 1930 1629 1984 sit
1661 1945 1678 1983 :
1707 1929 1887 2000 quibus

368 2026 586 2079 obnoxia
607 2035 700 2091 est,
730 2027 1009 2082 secundum
1036 2029 1363 2099 Apostolum,
1397 2030 1563 2084 omnis
1611 2041 1888 2096 creatura;

365 2121 424 2176 ri“
445 2121 572 2188 quia
601 2137 714 2174 cum
745 2124 914 2192 forma
953 2121 1050 2177 Dei
1079 2125 1144 2178 sit
1185 2132 1368 2184 natura
1399 2123 1516 2192 Dei,
1560 2126 1603 2180 si
1653 2123 1888 2180 Christus

364 2215 410 2268 in
432 2216 605 2285 forma
626 2215 726 2270 Dei
754 2234 964 2274 nutriens
996 2230 1232 2275 creatura
1261 2230 1355 2284 est,
1390 2222 1484 2275 erit
1513 2238 1710 2293 quoque
1731 2220 1888 2276 Pater

364 2321 635 2375 creatura;
666 2313 728 2367 5°
753 2315 873 2384 quia
907 2313 1054 2368 Patri
1100 2325 1146 2368 et
1178 2313 1317 2370 Filio
1347 2316 1561 2388 wqualis
1605 2316 1771 2371 honor
1815 2325 1888 2370 est

363 2401 708 2475 deferendas;
753 2405 816 2460 δυ
865 2409 985 2477 quia
1025 2405 1180 2460 Pater
1229 2407 1362 2462 uteri
1411 2409 1615 2463 nomine
1663 2407 1812 2463 illum
1862 2425 1890 2462 e

365 2500 576 2568 propria
601 2500 889 2555 substantia
917 2518 1026 2557 sese
1054 2504 1286 2575 genuisse
1309 2505 1564 2576 significat
1591 2519 1610 2558 ,ο
1635 2515 1888 2576 postremo

363 2592 477 2660 quia
513 2609 766 2661 nusquam
789 2610 902 2647 eum
927 2592 1086 2649 Pater
1114 2596 1214 2649 nisi
1244 2597 1512 2668 praprium
1559 2595 1758 2649 Filium
1795 2611 1890 2665 ap—

364 2685 543 2755 pellat,
568 2703 660 2740 nec
688 2686 776 2740 ille
807 2685 966 2740 Deum
997 2688 1098 2742 nisi
1123 2690 1390 2760 proprium
1436 2689 1663 2745 Patrem.
1700 2687 1891 2744 Contra

363 2780 446 2834 alii
475 2779 611 2834 Filii
631 2783 990 2855 significantur
1028 2784 1173 2854 facti,
1223 2801 1323 2838 non
1362 2785 1502 2848 nati;
1542 2802 1633 2839 nec
1672 2799 1890 2853 usquam

366 2875 692 2946 praprietatis
721 2877 923 2931 nomine
968 2876 1245 2932 donantur.
1299 2875 1398 2932 Ubi
1443 2879 1578 2932 enim
1607 2879 1680 2932 ait
1723 2877 1886 2944 Deus,

365 2967 530 3025 Filios
556 2971 748 3041 genui,
779 2989 883 3028 non
907 2972 1054 3027 addit
1079 2987 1248 3028 meos.
1273 2972 1367 3028 lta
1390 2989 1504 3028 vero
1531 2973 1673 3038 dicit,
1721 2973 1889 3029 Filius

363 3077 512 3118 meus
545 3065 932 3136 primogenitus
963 3065 1148 3131 Israel,
1192 3075 1244 3120 ut
1275 3080 1429 3122 meus
1479 3067 1533 3121 in
1579 3064 1890 3138 primogeni-

366 3165 487 3220 tum,
527 3174 628 3212 non
654 3159 709 3213 in
732 3158 780 3212 F
782 3160 928 3214 ilium
951 3161 1123 3214 cadat.

303 3245 488 3304 Deinde
520 3252 852 3306 ceternitatem
879 3253 1085 3325 attingit
1110 3253 1389 3308 nativitatis
1417 3253 1629 3321 Christi,
1662 3273 1694 3309 a
1739 3261 1889 3311 ciete-

363 3360 537 3398 rarum
559 3361 733 3399 rerum
771 3347 967 3419 origine
1007 3363 1065 3401 eo
1114 3345 1416 3415 differentis,
1463 3350 1602 3420 quod
1644 3351 1749 3406 illa:
1801 3369 1890 3425 per

365 3452 570 3491 causam
600 3454 714 3506 qua:
743 3455 804 3493 ex
832 3439 993 3494 nihilo
1034 3441 1117 3505 sit,
1173 3450 1223 3496 et
1264 3451 1378 3512 post
1407 3450 1604 3513 tempus
1642 3460 1742 3514 quo
1787 3462 1890 3499 non

363 3529 575 3599 fuerint,
600 3533 765 3603 fiant;
810 3533 919 3602 ipse
943 3549 1061 3588 vero
1087 3551 1200 3588 cum
1227 3551 1290 3590 ea:
1311 3552 1368 3590 eo
1398 3539 1462 3590 sit
1494 3537 1580 3608 qui
1605 3549 1701 3606 est,
1731 3555 1890 3609 neque

363 3639 458 3678 non
485 3625 794 3693 aliquando,
821 3643 982 3698 neque
1020 3643 1084 3682 ea:
1125 3643 1284 3682 causa
1322 3629 1484 3683 nihilo
1523 3646 1764 3702 umquam
1800 3632 1890 3688 ob-

364 3718 518 3771 noxia
538 3719 716 3787 fuerit.

306 3806 703 3879 Objectantibus,
737 3813 798 3867 Si
823 3825 970 3869 natus
1023 3826 1115 3880 est,
1160 3817 1435 3889 aliquando
1457 3819 1571 3873 ‘non
1624 3820 1757 3891 fuit;
1787 3837 1889 3875 non

361 3905 486 3957 enim
517 3905 616 3974 fuit
662 3915 932 3977 antequam
959 3920 1248 3964 nasceretur
1277 3928 1294 3965 :
1327 3911 1638 3980 Respondet,
1690 3913 1888 3968 Filium

365 3997 420 4050 ab
443 4007 641 4052 wterno
667 3998 826 4054 Patre
853 4010 1048 4066 natum,
1077 4003 1287 4072 perinde
1311 4013 1558 4058 eeternum
1581 4023 1706 4060 esse.

303 4088 369 4141 Ad
389 4092 437 4144 id
464 4094 611 4165 quod
637 4105 908 4162 reponunt,
945 4095 1108 4150 Omne
1129 4097 1266 4166 quod
1297 4107 1473 4150 natum
1498 4110 1590 4164 est,
1620 4116 1719 4152 non
1749 4101 1887 4171 fuit;

363 4185 472 4252 quia
503 4186 556 4237 in
588 4186 641 4238 id
664 4197 838 4240 natum
864 4197 934 4240 est
967 4197 1020 4240 ut
1042 4198 1165 4242 esset
1199 4205 1218 4242 :
1255 4188 1350 4242 hoc
1385 4188 1448 4242 de
1476 4189 1625 4245 rebus
1652 4191 1890 4247 humanis

366 4285 618 4347 concedit,
652 4293 802 4357 negat
830 4283 892 4337 de
919 4283 1124 4350 divinis,
1151 4283 1203 4336 in
1248 4283 1429 4353 quibus
1477 4294 1534 4338 ut
1574 4301 1773 4356 semper
1815 4298 1889 4341 est

370 4377 544 4446 Pater,
575 4379 648 4432 ita
677 4388 720 4432 et
747 4394 943 4448 semper
970 4387 1044 4433 est
1082 4375 1125 4430 F
1129 4377 1247 4431 ilius
1284 4392 1301 4431 :
1336 4381 1482 4451 cujus
1509 4380 1748 4434 nativitas
1774 4396 1888 4436 cum

363 4483 473 4526 aute
500 4483 731 4542 tempora
772 4480 963 4527 (eterna
1001 4469 1085 4535 sit,
1132 4485 1222 4524 nec
1250 4471 1468 4541 tempori
1497 4471 1742 4543 subjacet,
1794 4488 1888 4528 nec

363 4576 533 4620 nostro
561 4567 753 4618 sensui.

303 4654 494 4713 Instant
525 4676 543 4714 :
573 4659 634 4713 Si
663 4675 761 4711 non
791 4659 1067 4732 percipitur
1088 4675 1188 4713 non
1211 4659 1372 4730 fuisse
1396 4669 1671 4728 antequam
1715 4669 1884 4726 natus,

365 4751 654 4806 sentiendus
684 4761 757 4806 est
798 4762 945 4807 natus
967 4769 1076 4806 esse
1103 4753 1189 4823 qui
1209 4763 1338 4807 erat.
1383 4753 1584 4820 Quibus
1621 4756 1887 4827 responsio

364 4859 454 4911 est,
513 4849 743 4919 eumqui
796 4857 948 4902 natus
995 4848 1328 4916 pra’dicatur,
1387 4863 1488 4901 non
1517 4849 1714 4920 percipi
1744 4850 1889 4920 prius

366 4942 521 5010 fuisse
546 4957 566 5006 ;
593 4943 723 4996 sicut
743 4958 837 4995 nec
859 4940 1074 5012 intelligi
1112 4939 1394 5010 aliquando
1433 4956 1534 4995 non
1579 4941 1759 5012 fuisse,
1805 4942 1892 5012 qui

369 5051 563 5105 semper
595 5043 745 5089 natus
765 5034 1001 5090 sentitur.

305 5123 478 5197 Neque
503 5129 750 5199 efficacius
780 5127 950 5182 Deum
975 5145 1077 5182 non
1108 5143 1306 5198 semper
1333 5138 1529 5201 patrem
1569 5129 1729 5199 fuisse
1769 5145 1892 5185 con-

369 5220 601 5290 ﬁngunt;
637 5221 684 5274 si
721 5221 925 5291 quidem
967 5236 1032 5273 ea:
1072 5219 1388 5286 Salomonis,
1432 5219 1602 5275 David
1643 5231 1688 5275 et
1732 5219 1891 5277 Pauli

368 5314 527 5368 verbis
548 5331 646 5369 non
672 5315 910 5386 ambigua
933 5323 1006 5369 est
1028 5312 1156 5369 Filii
1177 5317 1453 5370 (eternitas.
1489 5314 1638 5371 Hanc
1673 5317 1747 5371 ita
1789 5317 1892 5372 evi-

374 5431 447 5504 (a)
477 5433 810 5489 Veterrimus
850 5433 1017 5488 codex
1062 5430 1230 5486 Vatic.
1259 5431 1371 5487 bas.
1417 5445 1630 5504 necnon
1667 5430 1894 5504 Teller.,

303 5501 534 5574 Remig,
558 5505 763 5561 Theod.
789 5520 850 5559 ac
877 5507 1102 5558 Cisterc.
1127 5505 1228 5559 IIOC
1252 5519 1359 5573 [ιι-ω
1383 5518 1439 5558 se
1468 5501 1898 5574 feruntinitium:

302 5573 434 5644 Lege
462 5580 613 5635 frater
635 5579 689 5632 in
711 5575 917 5631 Christo
950 5586 994 5630 et
1022 5592 1224 5630 sensum
1252 5573 1758 5630 accommoda.Tum
1778 5590 1899 5632 cum

309 5647 430 5701 aliis
463 5649 676 5717 habent,
714 5648 1013 5714 Tendimus,
1033 5658 1138 5703 etc.

382 5717 456 5790 (b)
489 5718 642 5778 Iidem
691 5735 821 5778 mss.
863 5735 1074 5779 necnon
1118 5718 1331 5778 Martia.
1381 5717 1470 5775 hic
1509 5719 1824 5790 subtexunt,
1852 5720 1905 5775 in

311 5804 462 5855 apere
491 5805 592 5845 suo.

2069 432 2255 486 swcula
2281 431 2572 502 fundatam,
2606 432 2694 487 sed
2715 443 2762 488 et
2790 443 2994 490 caterua:
3028 452 3200 490 rerum
3228 440 3600 509 praeparationi

2066 525 2314 595 adfuisse,
2345 536 2392 580 et
2412 525 2620 596 perinde
2641 529 2841 582 aeternis
2864 537 3170 584 coceternam
3189 548 3301 586 esse
3327 532 3593 589 declarat:

2067 627 2123 671 ut
2170 617 2430 672 Christum
2474 628 2592 673 ante
2636 618 2860 675 Mariam
2905 623 3162 678 exstitisse
3207 623 3424 681 Iudaeus
3477 626 3598 684 hinc

2068 712 2296 764 convinci
2337 711 2490 782 facile
2523 713 2699 782 possit.

1997 801 2223 858 Moveret
2250 806 2381 874 forte
2408 805 2544 874 quod
2571 813 2795 860 creatam
2825 823 2879 862 se
2909 807 3066 876 dicat,
3099 808 3198 862 nisi
3237 825 3290 864 se
3316 810 3521 866 doceret
3544 821 3595 867 et

2067 898 2307 968 genitam.
2336 895 2515 970 Neque
2543 915 2660 954 vero
2685 900 2908 972 idipsum
2937 902 3136 958 duobus
3179 904 3341 959 verbis
3389 907 3592 978 signiﬁ-

2067 1007 2208 1046 casse
2236 992 2578 1047 existimanda
2606 1003 2701 1060 est,
2730 1010 2845 1064 qua:
2887 1006 3111 1050 creatam
3152 1013 3205 1052 se
3245 1015 3337 1067 per
3361 1014 3592 1069 causam,

2071 1098 2188 1143 ante
2215 1104 2428 1143 causam
2455 1097 2625 1142 autem
2645 1090 2871 1161 genitam
2903 1092 3191 1160 proﬁtetur.

1994 1178 2083 1236 Ita
2105 1181 2258 1234 etiam
2303 1181 2423 1233 dum
2456 1179 2666 1235 Patrem
2696 1181 2872 1236 mundi
2903 1183 3260 1254 fabricatorem
3287 1200 3398 1240 esse
3425 1187 3592 1254 docet,

2067 1274 2279 1343 impium
2307 1274 2454 1328 illum
2501 1289 2703 1329 sensum
2751 1285 2942 1342 enecat,
2976 1293 3078 1346 quo
3123 1278 3289 1347 ipsam
3334 1279 3390 1332 in
3440 1295 3599 1349 opera

2070 1379 2294 1423 creatam
2324 1371 2396 1422 ita
2425 1370 2844 1440 interpretantur,
2880 1379 2935 1424 ut
2961 1371 3135 1426 saeculi
3164 1371 3411 1442 efficiendi
3439 1389 3596 1428 causa
3678 1373 3690 1387 '

2067 1460 2301 1515 Christus
2335 1463 2555 1531 primunt
2584 1461 2790 1530 effectus
2829 1463 2894 1516 sit
2942 1479 2960 1517 :
3008 1479 3123 1517 cum
3163 1481 3264 1518 non
3293 1465 3594 1531 nativitatis,

2066 1556 2155 1610 sed
2181 1557 2579 1627 dispensationis
2604 1572 2712 1612 sua:
2730 1568 2960 1627 respectu
2989 1557 3225 1613 Christus
3248 1559 3417 1614 dictus
3445 1559 3512 1612 sit
3540 1560 3595 1612 in

2066 1663 2221 1717 Opera
2247 1659 2482 1714 creatus;
2502 1665 2654 1717 quam
2680 1649 2886 1719 quidem
2912 1649 3348 1718 dispensationem
3391 1649 3454 1702 ab
3492 1650 3594 1703 iui-

2069 1745 2139 1798 tio
2160 1744 2335 1798 steculi
2357 1743 2556 1810 abierit,
2590 1743 2713 1796 dum
2735 1759 2824 1813 per
2851 1752 3169 1815 assumptum
3202 1745 3358 1798 varia:
3376 1743 3594 1799 creatio-

2068 1837 2394 1906 nisupeciem
2418 1835 2564 1900 Adae,
2598 1835 2746 1902 Cain,
2789 1834 2934 1902 Abel,
2961 1833 3099 1904 Noe,
3149 1835 3311 1908 Agar,
3352 1835 3594 1902 Abrahaz,

2069 1928 2262 1998 Moysi,
2286 1926 2448 1981 Jacob
2471 1926 2687 1999 aliisque
2709 1927 2952 1981 Patribus
2967 1945 3020 1982 se
3040 1928 3436 1998 conspicabilem
3458 1944 3596 2000 pra:-

2065 2023 2192 2077 buit.
2229 2020 2327 2076 llic
2355 2023 2646 2094 attingitur,
2672 2039 2832 2092 neque
2858 2023 3089 2092 rejicitur
3122 2033 3178 2077 ut
3205 2023 3386 2094 impia,
3417 2023 3508 2078 sed
3533 2032 3591 2078 ut

2064 2116 2288 2179 indocta,
2321 2115 2662 2187 quorumdam
2688 2117 3059 2188 interpretatio,
3082 2117 3168 2187 qui
3190 2125 3432 2171 (sternam
3458 2132 3593 2187 quo-

2062 2225 2158 2279 que
2176 2208 2489 2263 nativitatem
2509 2210 2576 2264 ibi
2599 2219 2825 2264 creatum
2846 2224 2906 2264 ea
2923 2211 3030 2279 fere
3047 2213 3243 2266 ratione
3264 2210 3365 2264 dici
3381 2220 3595 2284 putant,

2063 2327 2161 2382 qua
2187 2309 2444 2367 Christum
2469 2327 2533 2366 ea:
2577 2310 2749 2365 Maria
2769 2327 2882 2366 vere
2927 2319 3123 2377 natum,
3178 2315 3372 2382 factum
3424 2319 3592 2364 tamen

2067 2405 2268 2463 Paulus
2299 2407 2638 2478 praedicarit:
2681 2416 2736 2462 ut
2777 2407 3020 2462 nimirum
3057 2406 3222 2462 omnis
3271 2405 3325 2459 in
3371 2420 3592 2476 genera-

1991 2515 2006 2543 -‘
2065 2501 2200 2556 tione
2225 2501 2366 2556 illius
2392 2501 2645 2572 passionis
2672 2501 2843 2572 opinio
2892 2510 3207 2554 amoveatur.
3234 2496 3465 2552 Tandem
3495 2494 3594 2550 Hi-

2066 2596 2227 2649 larius
2253 2596 2570 2667 confessione
2591 2593 2714 2665 ﬁdei
2735 2609 2841 2648 sua:
2864 2593 2928 2648 de
2944 2592 3126 2659 Patre,
3155 2589 3298 2646 Filio
3315 2598 3363 2645 et
3384 2588 3588 2661 Spiritu

2066 2689 2258 2745 Sancto
2280 2689 2466 2744 librum
2492 2689 2624 2742 hunc
2646 2704 2706 2742 ac
2728 2697 2889 2742 totum
2919 2703 3048 2757 apus
3073 2685 3308 2740 absolvit.

2066 2784 2118 2838 I.
2143 2782 2306 2856 509
2330 2782 2458 2855 Ipsa
2485 2781 2842 2838 haereticorum
2872 2780 3068 2854 objecta
3095 2779 3288 2833 ducunt
3312 2775 3380 2831 ad
3400 2776 3590 2831 verita-

1995 2881 2220 2946 tem.j—
2276 2877 2349 2950 (a)
2395 2877 2689 2934 Tendimus
2738 2875 2977 2942 tandem,
3012 2874 3125 2946 jam
3166 2879 3354 2928 sancto
3384 2869 3591 2940 Spiritu

1995 2979 2373 3041 prosequente,
2405 2971 2472 3026 ad
2518 2978 2690 3026 tutum
2727 2984 2932 3026 secum
2960 2967 3087 3024 ﬁdei
3131 2965 3590 3038 tranquillumque

1995 3073 2230 3134 portum.
2263 3065 2438 3136 Atque
2475 3065 2550 3120 ita
2597 3074 2653 3118 ut
2687 3062 2856 3119 multo
2894 3062 3032 3117 mari
3074 3069 3341 3130 ventoque
3375 3055 3591 3128 iactatis

1917 3143 1963 3210 C
1995 3157 2241 3214 accidere
2270 3158 2568 3228 smpissime
2593 3157 2750 3224 solet,
2779 3164 2840 3211 ut
2859 3170 2981 3212 cum
3008 3169 3104 3211 eos
3141 3152 3283 3209 circa
3308 3165 3434 3207 oras
3457 3163 3589 3221 por-

1997 3257 2146 3306 tuum
2178 3252 2419 3324 impediti
2451 3258 2505 3308 et
2525 3266 2720 3325 graves
2737 3249 2931 3307 ﬂuctus
2949 3263 3352 3319 nonnumquam
3371 3259 3591 3302 moren—

1993 3353 2100 3412 tur,
2141 3345 2208 3401 ad
2256 3346 2500 3402 ultimum
2538 3346 2592 3402 in
2622 3353 2804 3400 notam
2850 3344 2954 3399 sibi
2992 3342 3264 3413 ﬁdamque
3301 3339 3590 3395 stationem

1994 3441 2109 3510 ipse
2139 3440 2228 3496 ille
2272 3441 2502 3513 ingentis
2532 3439 2894 3511 terribilisque
2931 3437 3089 3494 unda:
3128 3444 3292 3492 :estus
3323 3433 3585 3505 impellat.

1992 3533 2146 3602 Quod
2176 3534 2352 3602 nobis,
2377 3543 2436 3589 ut
2463 3549 2646 3606 spero,
2678 3531 3000 3588 duodecimo
3021 3530 3126 3586 ltoc
3153 3529 3441 3586 adversum
3480 3525 3593 3581 ha:-

1993 3631 2213 3686 reticam
2256 3637 2630 3700 tempestatem
2680 3625 2976 3683 nitentibus
3003 3625 3142 3681 libro
3180 3625 3496 3693 continget:
3531 3628 3592 3676 ut

1991 3739 2115 3780 cum
2147 3724 2198 3778 in
2228 3736 2294 3779 eo
2318 3723 2648 3794 gravissimae
2678 3720 2969 3790 impietatis
2997 3717 3182 3774 ﬂuctui
3201 3715 3586 3773 communitam

1992 3817 2215 3890 puppim
2246 3818 2455 3882 damus,
2483 3819 2597 3888 ipse
2626 3815 2717 3871 ille
2747 3829 2844 3870 nos
2863 3814 3058 3869 ﬂuctus
3083 3812 3150 3868 ad
3173 3819 3369 3882 optatae
3391 3808 3590 3880 quietis

1991 3911 2169 3967 sinum
2203 3910 2453 3966 devehat.
2485 3908 2746 3964 Omnibus
2767 3907 2911 3962 enim
2944 3907 3150 3961 incerto
3176 3903 3438 3959 doctrina:
3459 3917 3590 3958 ven-

1992 4015 2046 4061 to
2075 4003 2438 4070 circumactis,
2497 4001 2623 4058 liinc
2671 4009 2866 4065 metus,
2908 3999 3034 4083 hinc
3094 3997 3417 4069 perieulum,
3463 3995 3591 4052 hinc

1993 4099 2156 4156 etiam
2179 4112 2324 4168 smpe
2349 4095 2683 4166 naufragium
2712 4104 2816 4161 est,
2839 4094 2963 4164 quia
2989 4092 3302 4164 unigenitus
3323 4091 3465 4146 Deus
3487 4090 3589 4148 sub

1993 4193 2305 4264 prophetica
2343 4188 2664 4245 auctoritate
2699 4196 2945 4245 creatura
2989 4199 3113 4243 esse
3161 4183 3496 4240 defenditur:
3530 4192 3591 4240 ut

1993 4287 2046 4343 in
2078 4301 2144 4342 eo
2186 4300 2293 4342 non
2324 4284 2394 4340 sit
2416 4283 2690 4351 nativitas,
2722 4281 2819 4338 sed
2847 4280 3073 4346 creatio,
3103 4281 3226 4352 quia
3255 4295 3326 4336 ex
3356 4293 3588 4350 persona

1989 4380 2279 4452 Sapientia:
2307 4378 2510 4435 dictum
2537 4385 2641 4446 est,
2666 4375 2916 4433 Dominus
2945 4376 3131 4432 creavit
3153 4391 3230 4430 me
3251 4375 3458 4431 initium
3479 4375 3593 4430 via-

1989 4491 2106 4531 rum
2148 4489 2362 4530 suarum
2403 4471 2587 4545 (Prov.
2631 4473 2748 4538 vin,
2783 4469 2902 4541 22).
2928 4468 3004 4543 (b)
3036 4467 3133 4526 Hic
3162 4468 3358 4525 hiemis
3402 4482 3592 4524 eorum

1914 4547 1970 4609 D
1995 4571 2264 4626 maximus
2286 4567 2480 4623 ﬂuctus
2501 4575 2605 4635 est,
2626 4566 2742 4621 haec
2760 4567 2987 4622 tortuosi
3007 4564 3238 4621 turbinis
3257 4565 3435 4636 gravis
3447 4563 3590 4618 unda

1991 4672 2108 4721 est:
2135 4678 2254 4734 qua:
2281 4669 2508 4731 excepta
2543 4675 2575 4716 a
2599 4660 2776 4724 nobis,
2806 4669 2859 4714 et
2885 4674 3077 4714 securo
3107 4656 3316 4727 navigio
3343 4656 3591 4726 infracta,

1991 4773 2163 4828 usque
2190 4756 2255 4812 ad
2278 4757 2452 4826 ipsum
2471 4769 2572 4811 nos
2592 4753 2919 4810 tutissimum
2951 4761 3166 4824 portum
3195 4751 3363 4822 optati
3390 4749 3589 4809 littoris

1995 4850 2359 4923 prosequitur.

2066 4944 2122 4998 2.
2155 4940 2305 4998 Certa
2345 4942 2410 4997 de
2440 4938 2582 4995 Filio
2610 4939 2733 5010 ﬁdei
2771 4937 3062 4994 veritas.'—-
3093 4937 3211 4994 Non
3237 4938 3460 4994 incertis
3496 4954 3593 4995 au-

1997 5045 2103 5094 tem
2133 5050 2309 5107 neque
2335 5034 2546 5100 otiosis,
2577 5043 2861 5089 nautarum
2884 5031 3067 5101 modo,
3100 5033 3325 5088 nitimur
3356 5033 3587 5104 spebus:

1994 5147 2132 5204 quos
2159 5131 2429 5187 interdum
2461 5127 2604 5184 votis
2636 5128 2809 5200 magis
2840 5143 3000 5199 quam
3029 5127 3223 5184 ﬁducia
3252 5129 3588 5201 navigantes,

1993 5227 2112 5298 vagi
2153 5224 2537 5296 instabilesque
2569 5223 2718 5280 venti
2745 5231 2838 5278 aut
2862 5221 3135 5291 deserunt,
3171 5231 3263 5279 aut
3290 5223 3586 5295 depellunt.

1993 5318 2260 5375 Caeterum
2297 5317 2455 5374 nobis
2495 5316 2650 5372 adest
2687 5313 2764 5388 (c)
2794 5315 3171 5388 inseparabilis
3202 5315 3324 5372 ﬁdei
3358 5315 3593 5386 Spiritus

2075 5431 2145 5506 (c)
2174 5430 2341 5500 Editi,
2377 5429 2779 5506 insuperabilis;
2819 5428 3176 5506 renitentibus
3208 5442 3592 5506 _magno_con-

2005 5498 2168 5561 sensu
2211 5498 2344 5560 mss.
2377 5503 2475 5558 Hic
2500 5498 2748 5572 quaedam
2780 5509 2864 5555 est
2893 5498 3178 5555 antithesis
3208 5500 3348 5572 inter
3368 5500 3592 5566 spiritus

2004 5586 2286 5632 ventorum
2318 5577 2408 5643 qui
2457 5571 2645 5630 nautas
2675 5587 2821 5642 smpe
2863 5571 3136 5638 deserunt,
3167 5581 3222 5626 et
3251 5571 3511 5639 Spiritum
3533 5574 3595 5626 ti-

2010 5649 2093 5703 dei
2127 5648 2274 5719 quia
2318 5645 2567 5701 ﬁdelibus
2612 5657 2904 5719 numquam
2954 5651 3254 5719 separatur.
3284 5644 3415 5719 Item
3468 5659 3594 5719 vera

2012 5713 2157 5774 ﬁdcs'
2178 5719 2468 5790 opponitur
2491 5716 2771 5790 pravitati
2795 5713 3194 5790 lia'retieorum,
3227 5717 3316 5786 qui
3363 5715 3599 5790 prophe-

2015 5791 2180 5847 ticum
2207 5783 2263 5847 et
2283 5783 2648 5859 evangelicum
2681 5786 2944 5859 Spiritum
2971 5783 3210 5844 dividere
3234 5783 3607 5847 mox'convim
