4106 6192
407 275 520 340 ,455

1612 272 1859 331 SANC'I‘I
1902 270 2058 330 llil.l\
2071 271 2159 329 [ill
2203 273 2509 332 EPISCOPI

3614 274 3722 329 456

414 391 560 447 done
598 388 858 462 unigeniti
892 389 984 445 Dei
1025 401 1370 460 permanens,
1413 396 1469 444 et
1497 403 1595 443 nos
1635 386 2007 443 indetnutahili
2037 393 2089 453 Α
2184 387 2237 442 4.
2270 388 2505 443 Christus
2522 388 2730 462 proprie
2753 396 2952 442 creator
2968 396 3315 460 nuncupatur.
3338 410 3413 427 ι-
3437 387 3712 445 Parumne

412 500 580 543 cursu
618 482 683 540 ad
724 484 1012 555 tranquilla
1055 481 1362 538 deducens:
1389 481 1505 537 Non
1537 480 1681 536 ειιὶπι
1725 479 2009 535 Dominum

414 577 690 635 Christum
719 584 1046 638 creaturam,
1078 571 1155 645 (1)
1190 573 1311 639 quia
1340 572 1414 644 (a)
1437 587 1611 641 neque
1635 571 1751 641 ipse
1772 581 1854 626 est
1878 586 1892 637 ;
1920 586 2016 627 ne-

414 683 521 740 que
550 668 832 731 facturam,
865 665 987 736 quia
1016 664 1345 720 iacturarum
1373 664 1613 719 omnium
1646 663 1762 733 ipse
1788 670 1872 718 est
1902 661 2013 716 Do-

413 762 631 816 minus:
666 758 761 813 sed
810 758 976 813 Deum
1018 757 1288 824 novimus,
1323 750 1489 812 Deum
1541 755 1635 811 Dei
1687 754 1854 826 patris
1892 768 2016 823 pro-

414 851 586 923 priam
615 849 1038 921 generationem.
1076 848 1186 904 Nos
1212 847 1428 920 quidem
1464 862 1673 913 omnes,
1716 846 2014 903 secundum

405 944 675 1002 bonitatis
723 943 1110 1014 dignationem,
1140 941 1268 997 dicti
1298 941 1668 1013 assumpthue
1697 954 1883 995 sumus
1921 938 2015 995 Dei

414 1038 552 1103 ﬂlii;
584 1036 677 1093 sed
725 1037 813 1092 ille
862 1050 1024 1091 verus
1062 1050 1200 1090 unus
1250 1035 1387 1105 patri
1432 1034 1541 1090 Deo
1569 1034 1732 1098 illius,
1787 1041 1840 1087 et
1890 1047 2016 1088 vera

418 1138 581 1201 atque
626 1128 893 1193 absoluta,
948 1126 1021 1199 (ὁ)
1066 1141 1292 1182 manens
1342 1135 1548 1181 tantum
1594 1124 1652 1180 in
1707 1124 2018 1195 cognitione

417 1222 720 1292 utriusque,
759 1220 1031 1274 nativitas.
1079 1218 1271 1274 Nostra
1317 1233 1450 1273 vero
1491 1225 1696 1271 tantum
1739 1216 1855 1271 iure
1901 1214 2020 1271 sola

414 1315 606 1386 religio
652 1321 756 1380 est,
788 1312 983 1367 Filium
1018 1310 1264 1367 conﬁteri
1294 1326 1403 1365 non
1432 1309 1765 1379 adeptivum,
1797 1307 1892 1364 sed
1924 1322 2019 1362 na-

308 1396 317 1405 ’
417 1415 566 1473 tum;
597 1420 774 1477 neque
819 1407 1071 1471 electum,
1101 1404 1195 1458 sed
1221 1410 1558 1473 generatum.
1590 1400 1705 1456 Non
1739 1400 1882 1455 enim
1924 1408 2020 1454 aut

417 1502 644 1565 factum,
664 1508 754 1554 aut
778 1498 944 1571 5.10
960 1513 1064 1553 non
1089 1508 1270 1552 natum
1296 1494 1653 1565 praedicamus
1669 1512 1682 1548 :
1698 1494 1819 1564 quia
1841 1506 2018 1562 neque

417 1592 730 1653 Creatorem
759 1590 1023 1644 creaturis
1046 1601 1446 1658 comparamus,
1470 1602 1643 1656 neque
1683 1586 2017 1640 nativitatem

416 1684 535 1741 sine
565 1683 916 1755 generatione
947 1682 1259 1735 mentimur.
1292 1679 1410 1734 Non
1440 1693 1536 1749 per
1567 1692 1628 1734 se
1668 1686 1772 1743 est,
1800 1678 1890 1748 qui
1923 1691 2020 1748 per

416 1777 757 1832 nativitatem
786 1783 891 1828 est.
920 1772 1104 1843 Neque
1134 1787 1242 1827 non
1283 1777 1442 1825 natus
1469 1780 1575 1832 est,
1600 1769 1694 1840 qui
1738 1768 1881 1824 illius
1911 1776 2015 1822 est.

417 1869 605 1940 Neque
627 1869 715 1939 qui
741 1866 883 1925 illius
901 1875 1005 1933 est,
1034 1865 1196 1921 aliter
1222 1871 1402 1935 potest
1425 1877 1587 1934 quam
1611 1861 1884 1923 uascerio
1901 1873 2024 1916 esse

422 1964 569 2036 quod
597 1960 741 2018 Illius
767 1967 872 2018 est.

490 2056 544 2111 ὅ.
580 2056 732 2125 Apud
759 2054 980 2107 Arianos
1010 2060 1202 2123 pugnat
1232 2065 1404 2109 secum
1435 2048 1763 2120 praphsticus
1791 2054 1839 2101 et
1868 2061 2023 2101 euan-

421 2150 613 2223 gelicos
636 2147 885 2214 Spiritus.
907 2173 980 2189 —-—
999 2143 1210 2199 Nemini
1232 2154 1411 2197 autem
1433 2140 1657 2196 dubium
1682 2146 1787 2204 est,
1809 2147 2025 2194 contra-

422 2243 533 2297 rlas
583 2253 799 2309 semper
845 2236 1267 2306 obnitentesque
1316 2232 1609 2304 impietatis
1655 2246 1849 2287 causas
1901 2245 2025 2289 esse

425 2333 607 2389 causis
647 2331 1004 2402 religionum:
1036 2343 1211 2399 neque
1240 2340 1401 2396 posse
1429 2325 1484 2380 id
1513 2326 1601 2395 pie
1628 2324 1849 2394 suscipi,
1878 2321 2026 2393 quod

423 2426 590 2496 impie
612 2433 925 2495 susceptum
966 2435 1090 2477 esse
1118 2416 1463 2476 decernitur:
1495 2415 1572 2490 (ο)
1589 2425 1650 2475 ιιι
1672 2425 1768 2473 ant
1796 2415 1851 2471 hi
1878 2428 2024 2471 nunc

421 2518 548 2574 novi
593 2517 904 2587 apostolicae
949 2513 1077 2570 ﬁdei
1120 2511 1503 2570 emendatores
1551 2509 1922 2579 evangelicum
1969 2516 2025 2563 et

420 2609 799 2683 propheticum
830 2607 1094 2679 Spiritum
1120 2605 1175 2663 in
1218 2605 1343 2663 lites
1371 2600 1635 2668 dividant,
1666 2610 1724 2661 et
1750 2602 1802 2659 in
1844 2598 2024 2672 iurgia

419 2702 740 2775 partiamur;
755 2710 849 2757 aut
864 2701 916 2756 hi
929 2699 1087 2755 aliter
1102 2695 1562 2769 prophetaverint.
1577 2705 1631 2755 et
1645 2694 1697 2751 hi
1709 2693 1867 2752 aliter
1882 2709 2023 2764 prae-

419 2797 752 2854 dicaverint:
785 2796 909 2866 quia
930 2792 1184 2852 Salomon
1220 2790 1287 2849 ad
1308 2799 1571 2849 creatum
1599 2804 1697 2848 nos
1718 2786 2024 2845 veneratio-

419 2906 545 2947 nem
570 2899 747 2955 vocet,
772 2888 971 2946 Paulus
988 2901 1117 2943 vero
1138 2885 1434 2943 servientes
1459 2890 1720 2941 creatura:
1743 2889 2018 2950 coarguat.

420 2983 550 3052 Quae
573 2983 759 3052 utique
782 2996 886 3037 non
908 2978 1154 3039 videntur
1178 2976 1281 3033 sibi
1312 2974 1607 3033 secundum
1631 2973 1710 3046 (ιι)
1731 2973 2022 3057 impietatis

420 3075 830 3146 intelligentiam
850 3072 1140 3131 convenire
1160 3068 1307 3139 (Gal.
1333 3084 1371 3131 ι.
1403 3067 1522 3138 15.)
1546 3075 1606 3123 ιιι
1630 3068 1933 3138 Apostolus,
1966 3076 2022 3124 et

2118 483 2295 554 arguit
2321 482 2465 539 hanc
2494 481 2783 552 ialsiloquii
2813 481 3169 552 impietatem,
3200 482 3429 552 loquens
3460 483 3513 537 in
3546 482 3716 538 Paulo

2116 575 2367 631 Christus
2398 575 2538 630 Deus
2560 575 2584 628 Ἰ
2610 574 2880 628 Parumne
2907 572 3199 628 demntatzc
3229 573 3471 629 veritatis
3498 573 3725 628 menda-

2116 666 2259 723 cium
2288 665 2550 721 damnat?
2590 665 2692 720 Per
2720 664 3007 719 Dominum
3039 666 3182 720 enim
3224 663 3499 720 Christum
3540 676 3718 721 creata

2117 759 2296 815 omnia
2321 768 2446 814 sunt
2472 777 2485 813 :
2524 767 2579 813 et
2610 757 2814 812 idcirco
2843 758 2890 812 ei
2922 758 3199 827 proprium
3232 774 3427 812 nomen
3454 765 3539 814 est
3560 760 3638 828 (ε)
3664 767 3722 815 ιιι

2117 860 2331 907 creator
2359 852 2448 906 sit.
2481 850 2595 906 Non
2634 850 2780 905 cadit
2810 850 2862 904 in
2887 863 3013 905 eum
3053 848 3355 907 cl'licientise
3384 862 3498 905 sum
3530 861 3585 906 et
3616 866 3715 905 na-

2121 952 2241 999 tura
2273 952 2329 1000 et
2378 945 2728 1015 nuncupatio.
2760 942 2939 998 Testis
2991 942 3145 997 nobis
3187 952 3271 999 est
3301 942 3722 1010 Melchisedech,

2121 1046 2424 1093 creatorem
2450 1035 2576 1091 coeli
2607 1043 2768 1102 atque
2796 1043 2950 1089 terra:
2975 1032 3046 1105 (Γ)
3084 1034 3248 1089 Deum
3278 1033 3348 1088 ita
3390 1034 3724 1104 praedicans:

2127 1126 2440 1183 Benedictus
2461 1127 2727 1182 Abraham
2749 1125 2861 1181 Deo
2892 1143 3113 1190 suntme,
3146 1126 3233 1196 qui
3257 1127 3442 1182 creavit
3469 1127 3657 1182 caelum
3680 1139 3728 1183 et

2121 1233 2309 1278 terram
2339 1220 2495 1291 (Gen.
2528 1237 2640 1283 xw,
2668 1220 2780 1293 19).
2807 1219 2985 1275 Testis
3016 1229 3100 1274 est
3118 1227 3172 1275 et
3199 1220 3276 1293 (g)
3289 1218 3430 1276 Osee
3448 1219 3715 1292 propheta

2123 1315 2347 1371 dicens:
2375 1310 2622 1369 Firmana
2647 1313 2851 1377 coelum,
2875 1320 2923 1367 et
2948 1327 3125 1366 creans
3151 1320 3337 1366 terram
3360 1327 3453 1383 ego
3472 1310 3727 1367 Dominus

2126 1403 2266 1458 Deus
2295 1413 2434 1471 tuus,
2481 1408 2631 1479 cujus
2679 1421 2860 1459 manus
2905 1415 3201 1460 creaverunt
3245 1421 3446 1460 omnem
3491 1405 3727 1460 militiam

2119 1497 2414 1570 cceli(0see,
2438 1515 2553 1567 xm,
2578 1497 2659 1571 4).
2684 1499 2861 1555 Testis
2881 1511 2933 1556 et
2953 1499 3145 1556 Petrus
3168 1500 3238 1555 ita
3254 1500 3502 1557 scribens
3524 1518 3536 1557 :
3563 1501 3726 1568 Quasi

2121 1592 2264 1662 ﬁdeli
2279 1593 2497 1647 creatori
2517 1593 2923 1649 commendantes
2969 1595 3167 1649 animas
3204 1605 3394 1650 vestras
3433 1594 3470 1665 (l
3504 1594 3621 1650 Pet.
3646 1611 3723 1661 ιν,

2125 1684 2238 1753 19).
2290 1683 2428 1753 Quid
2469 1683 2649 1754 operis
2696 1700 2892 1741 nomen
2948 1686 3128 1756 Opiﬁci
3170 1687 3544 1757 imponimus?
3573 1688 3715 1756 Quid

2050 1787 2100 1848 Β
2129 1779 2327 1835 nostris
2361 1777 2444 1851 (It)
2476 1779 2642 1835 Deum
2664 1781 3147 1851 cognominamus?
3175 1781 3399 1838 Creator
3421 1780 3720 1857 411nm-

2124 1881 2209 1929 ter
2236 1882 2345 1937 est,
2373 1884 2590 1929 creator
2615 1876 2792 1929 omnis
2823 1875 3029 1931 militiae
3055 1876 3293 1932 ccclesiis
3322 1884 3423 1931 est.

2200 1968 2255 2024 5.
2311 1967 2548 2023 Christus
2582 1969 2753 2041 nequit
2797 1970 2901 2024 dici
2947 1980 3181 2025 creatura
3209 2000 3281 2012 —
3325 1969 3451 2026 Ha-c
3496 1985 3617 2027 cum
3659 1969 3729 2026 ad

2124 2059 2346 2127 Filium,
2374 2076 2469 2131 per
2492 2076 2653 2132 quem
2685 2061 2821 2117 tacta
2852 2069 2981 2116 sunt
3006 2063 3207 2126 omnia.
3240 2063 3535 2133 apostolica
3565 2071 3727 2132 atque

2124 2153 2435 2223 evangelica
2461 2152 2564 2209 [ide
2594 2153 2944 2225 intelligenda
2972 2154 3315 2222 referantur;
3346 2155 3619 2227 quomodo
3641 2156 3726 2212 his

2125 2243 2259 2314 ipsis
2287 2260 2406 2315 quas
2436 2245 2604 2316 gessit
2623 2246 2947 2316 aequabitur,
2973 2256 3027 2301 et
3058 2247 3110 2301 in
3139 2262 3201 2303 ea
3228 2249 3332 2303 erit
3363 2258 3567 2303 natura:
3589 2264 3730 2303 nun-

2124 2338 2435 2406 cupatione,
2483 2353 2586 2407 qua
2636 2348 2831 2394 cuncta
2886 2337 2951 2412 (i)
2996 2339 3160 2395 sunt?
3210 2340 3450 2396 Primum
3504 2340 3722 2411 quidem

2127 2428 2375 2484 humanae
2399 2429 2770 2501 intelligentiae
2805 2446 2998 2486 sensus
3027 2431 3143 2487 hac
3172 2432 3398 2502 respuit,
3429 2441 3487 2487 ut
3509 2441 3727 2488 creator

2124 2530 2375 2579 creature
2402 2522 2512 2588 sit;
2543 2522 2667 2595 quia
2694 2522 2902 2578 erectio
2931 2538 3029 2594 per
3054 2534 3360 2579 creatorem
3392 2532 3498 2581 est.
3542 2523 3643 2590 Qui
3677 2524 3724 2579 si

2123 2623 2375 2673 creatura
2417 2614 2520 2682 sit;
2546 2623 2602 2671 et
2625 2615 2963 2687 corruptioni
2987 2615 3235 2672 subditus
3263 2626 3368 2683 est,
3393 2626 3447 2671 et
3473 2627 3727 2688 expecta-

2127 2707 2264 2764 tioni
2300 2710 2566 2765 obnoxius
2604 2719 2708 2778 est,
2755 2719 2814 2768 et
2862 2712 3110 2767 servituti
3161 2714 3438 2783 subjectus
3481 2723 3584 2768 est.
3634 2714 3725 2768 Ait

2125 2803 2270 2859 enim
2322 2803 2466 2859 idem
2516 2805 2704 2860 beatus
2751 2806 3031 2874 apostolus
3070 2807 3311 2865 Paulus:
3355 2806 3562 2863 Etenim
3611 2808 3721 2862 lon-

2124 2899 2317 2969 ginqua
2345 2900 2655 2969 exspectatio
2691 2911 2942 2958 creatura:
2987 2904 3346 2958 reuelationem
3372 2904 3594 2975 filiorum
3625 2903 3723 2959 Dei

2130 3000 2409 3061 exspectat.
2470 2990 2696 3048 Vanitati
2749 2996 2883 3048 enim
2942 3005 3177 3050 creatura
3222 2996 3454 3069 subjecta
3497 3007 3573 3053 est
3620 3015 3723 3052 non

2123 3094 2320 3155 sponte,
2353 3085 2441 3140 sed
2462 3095 2674 3155 propter
2693 3103 2809 3141 eum
2832 3087 2912 3160 (ὃ)
2933 3089 3022 3155 qui
3043 3092 3114 3163 (j)
3154 3090 3378 3145 subdidit
3403 3106 3514 3145 eam
3538 3094 3591 3145 in
3609 3108 3719 3155 spe.

423 3184 519 3239 per
551 3170 719 3238 legem
752 3166 998 3231 edoctus.
1033 3176 1085 3220 et
1108 3179 1205 3235 per
1246 3162 1662 3235 prmiinitionem
1685 3172 2016 3233 segregatus,

2128 3176 2262 3242 Quia
2288 3187 2335 3231 et
2356 3177 2472 3246 ipsa
2499 3187 2738 3233 creatura
2764 3162 3117 3236 liberabitura
3142 3184 3382 3237 servitute
3422 3184 3718 3255 corruptio-

420 3262 493 3332 (ll
522 3262 637 3315 Car.
673 3276 788 3322 xm.
813 3258 895 3329 ὃ),
918 3266 973 3313 ει
1005 3272 1101 3326 per
1121 3256 1428 3325 loquentem
1462 3255 1512 3309 in
1559 3269 1618 3309 se
1644 3252 1915 3309 Christum
1938 3254 2019 3309 io-

419 3369 617 3424 quens,
646 3350 979 3421 prophetiam
1011 3358 1101 3403 aut
1126 3348 1450 3416 ignoraverit
1475 3358 1565 3401 aut
1588 3363 1692 3403 non
1724 3348 2019 3415 ignoratum

419 3444 726 3503 dissolverit
745 3461 758 3501 :
782 3449 839 3498 et
853 3441 1103 3498 inesciei'it
1118 3441 1196 3513 (i)
1222 3452 1523 3497 creaturam
1546 3438 1844 3508 Christum,
1861 3457 2019 3507 quem

418 3547 721 3596 creatorem
748 3536 1156 3604 nuncupaverit;
1185 3544 1239 3589 et
1258 3534 1492 3593 vetuerit
1513 3544 1774 3591 creatura:
1788 3535 2022 3616 geligio-

419 3647 568 3697 nem.
594 3632 687 3702 qui
720 3628 819 3687 Soli
860 3627 1103 3685 Creatnii
1129 3625 1472 3683 serviendum
1504 3626 2018 3685 nionueriidicens:

420 3718 932 3790 Quitmmutaveruut
952 3720 1211 3779 veritatem
1226 3715 1326 3773 Dei
1340 3718 1393 3773 in
1417 3718 1760 3787 mendacium,
1778 3727 1825 3775 et
1844 3721 2024 3777 seruie-

416 3828 538 3877 runt
566 3826 820 3877 creatura
850 3813 1107 3885 praterito
1142 3808 1405 3882 Creatore,
1434 3812 1521 3887 qui
1541 3821 1618 3869 est
1648 3811 1938 3871 benedictus
1967 3813 2023 3870 in

411 3912 603 3971 mula
628 3911 938 3969 saeculorum
962 3905 1145 3980 (Rom.
1170 3921 1214 3975 ι,
1234 3902 1354 3977 25).

484 4030 574 4175 ιιι

419 4224 639 4276 cuntur.
666 4214 837 4271 Forte
866 4212 1028 4267 etiam
1061 4210 1428 4281 respiciuntur
1455 4210 1573 4266 haec
1596 4210 1798 4267 Christi
1830 4212 2016 4282 verba,

414 4289 551 4349 Eces
592 4302 686 4360 ego
731 4283 986 4343 vobiscum
1033 4300 1147 4343 sum
1189 4298 1348 4351 usque
1412 4282 1484 4336 ad
1528 4285 2018 4341 consummationem

418 4360 677 4507 δέξὲἷιὶιε
709 4424 841 4507 Bad.
866 4438 991 4507 cum
1016 4424 1270 4507 omnibus
1295 4438 1427 4507 mss.
1455 4423 1511 4479 in
1542 4421 1661 4507 aliis
1690 4434 1876 4507 autem
1902 4427 2017 4481 edi-

415 4495 680 4562 tionibus,
710 4497 833 4567 quia
860 4497 968 4566 ipse
998 4504 1070 4551 est
1099 4498 1185 4566 qui
1213 4498 1401 4550 creauit
1422 4495 1597 4550 omnia
1620 4511 1639 4561 ;
1659 4512 1820 4568 neque
1848 4500 2017 4568 factu.

415 4592 528 4631 ram
553 4583 659 4631 etc.
688 4569 979 4638 glossema.

2124 3268 2203 3322 nis
2228 3268 2283 3323 in
2312 3267 2595 3324 libertatem
2624 3270 2875 3326 claritatis
2894 3272 3124 3342 ﬁliorum
3154 3273 3249 3328 Dei
3277 3274 3298 3347 (
3331 3274 3481 3330 Rom.
3509 3290 3621 3342 vm,
3657 3276 3720 3330 l0

2123 3369 2233 3417 etc.
2276 3358 2317 3431 ).
2356 3358 2411 3415 Si
2445 3361 2606 3429 igitur
2647 3361 2898 3418 Christus
2942 3376 3189 3421 creatura
3219 3378 3342 3433 est,
3378 3381 3598 3423 necesse
3639 3379 3724 3422 est

2123 3450 2226 3507 sub
2272 3465 2371 3521 spe
2422 3450 2727 3523 longinquae
2765 3456 3187 3526 exspectationis
3239 3458 3477 3513 incertus
3527 3459 3614 3523 sit,
3668 3467 3724 3514 ιιι

2126 3545 2283 3615 longe
2325 3543 2445 3614 ejus
2479 3548 2821 3617 exspectatio
2850 3548 2928 3621 (k)
2973 3562 3158 3606 nostra
3200 3553 3376 3622 potius
3418 3563 3718 3623 exspectet,

2126 3644 2182 3693 et
2208 3649 2502 3708 expectans
2531 3656 2592 3695 ea
2635 3640 2857 3696 vanitati
2889 3641 3167 3711 subjectus
3195 3642 3286 3709 sit,
3313 3653 3368 3699 et
3396 3658 3492 3713 per
3532 3660 3721 3700 neces-

2125 3730 2300 3787 sitatis
2315 3733 2708 3806 subiectionem
2742 3748 2847 3788 non
2873 3744 3067 3802 sponte
3088 3736 3461 3803 subjectussit.
3491 3736 3719 3806 Suhjvc-

2124 3828 2213 3881 tus
2236 3835 2414 3882 autem
2443 3842 2553 3883 non
2578 3836 2773 3897 sponte
2801 3841 2924 3882 cum
2956 3826 3047 3893 sit,
3078 3841 3303 3883 necesse
3343 3836 3431 3884 est
3451 3838 3507 3885 et
3532 3846 3725 3887 servus

2123 3914 2230 3982 sit;
2262 3931 2454 3976 servus
2479 3929 2662 3976 autem
2692 3933 2816 3975 cum
2845 3919 2938 3985 sit,
2968 3928 3186 3976 nisiieat
3223 3920 3385 3977 etiam
3435 3922 3489 3979 in
3532 3937 3724 3978 corru-

2220 4029 2276 4101 5)
2307 4032 2407 4098 Qui
2434 4033 2664 4105 subdidit
2700 4032 2758 4089 in
2798 4048 2928 4102 spe:
2974 4030 3127 4104 juxta
3165 4046 3425 4105 meum,
3463 4037 3547 4094 τὸν
3591 4037 3723 4094 ὕπο-

2118 4102 2345 4165 τάξαντα
2362 4106 2441 4163 ἐπ’
2470 4104 2655 4165 ὶλπίδι.

2199 4218 2276 4291 (9)
2305 4220 2576 4287 Gillotius,
2623 4223 2743 4278 loco
2776 4221 2925 4287 Osee,
2963 4222 3315 4279 substituent
3346 4221 3556 4280 Esaias:
3589 4240 3721 4284 sane

2122 4290 2248 4360 quia
2273 4290 2557 4367 ba'cgapnd
2574 4293 2712 4350 Osee
2736 4295 3032 4367 secundum
3053 4294 3333 4365 Vulgatam
3359 4311 3466 4351 non
3494 4301 3719 4367 reperit,

2120 4376 2242 4418 cum
2271 4365 2648 4438 apudEsaiam
2665 4381 2791 4431 xcv,
2811 4366 2902 4431 12,
2933 4368 3121 4421 horum
3153 4366 3345 4422 similia
3373 4365 3615 4438 quaedam
3646 4365 3724 4422 te;

2119 4447 2246 4501 gere
2282 4436 2372 4508 sit.
2400 4435 2471 4490 At
2495 4436 2636 4506 apud
2667 4438 3016 4508 Septuaginta
3042 4453 3115 4508 ea
3137 4438 3249 4506 ipsa
3284 4435 3509 4494 totidem
3540 4442 3719 4497 verhis

2121 4505 2368 4574 reperire
2412 4518 2494 4561 est
2518 4505 2545 4560 ί
2576 4522 2674 4577 pro
2723 4505 2918 4576 Quibus
2971 4511 3021 4564 in
3073 4505 3297 4577 Vulgata
3351 4516 3719 4568 tantummodo

2121 4585 2333 4653 exstat;
2365 4578 2473 4649 Ego
2493 4589 2661 4653 autem
2690 4579 2937 4653 Dominus
2962 4580 3096 4634 Deus
3141 4591 3280 4636 tuus.
3312 4580 3530 4637 Frustra
3558 4583 3721 4653 igitur

488 4645 566 4719 (ὸ)
597 4632 853 4723 Verbum.
874 4654 1109 4723 manens.
1138 4652 1180 4723 ε,
1215 4634 1474 4723 subactis
1523 4652 1685 4723 prava
1720 4639 2015 4723 interpun-
2042 4632 2095 4693 D
2120 4632 2611 4723 Cillotiippirectio
2637 4632 2930 4720 aprudPar.
2964 4632 3528 4709 ὶέιέηιᾱέέίξιίιῐῶἑᾱ

414 4707 597 4776 ctione
644 4711 1018 4780 separabatur.
1064 4707 1325 4780 Nativitas
1355 4708 1442 4764 illa
1484 4707 1665 4765 manet
1717 4707 1921 4766 tantum
1955 4713 2008 4767 in

413 4778 723 4859 cognitione
770 4778 943 4837 Patris
972 4788 1029 4837 et
1077 4779 1231 4847 Filii;
1262 4780 1386 4852 quia
1434 4797 1582 4835 nemo
1628 4783 1768 4837 nouit
1810 4781 2011 4839 Filium

413 4858 513 4914 nisi
541 4858 720 4920 Pater,
749 4862 853 4907 etc.

491 4931 567 5009 (c_)
620 4929 676 4983 ln
709 4922 980 5009 vulgatis,
1018 4932 1072 4977 ut
1218 4939 1353 5009 nunc
1383 4925 1586 5009 omisso
1624 4933 1746 5009 aut;
1775 4937 2007 5009 clamos,

415 4994 647 5056 dividunt
672 4996 791 5050 etin
807 4994 987 5069 jurgia
1006 4996 1321 5065 partiuntur,
1347 5004 1402 5048 ut
1422 4995 1475 5049 hi
1494 4996 1662 5063 aliter,
1687 5004 1793 5052 etc.
1818 4997 2012 5068 Sequi-

413 5088 538 5128 mur
567 5084 698 5126 mss.

483 5143 567 5215 (ά)
591 5137 763 5215 AEditi,
790 5137 1072 5215 secundum
1093 5136 1299 5215 pietatis
1454 5136 1873 5215 intelligentiam:
1905 5139 2009 5215 nisi

411 5206 559 5286 quod
588 5213 727 5286 Par._
750 5209 1066 5286 vocabulum
1227 5208 1444 5263 omittit.
1475 5211 1541 5265 At
1566 5206 2010 5286 tussesecundum

408 5279 685 5361 impietatis
711 5279 1113 5361 intelligentiam,
1143 5279 1194 5332 id
1218 5288 1325 5345 est,
1343 5279 1590 5361 q‘nteelsi
1609 5280 1715 5361 sibi
1745 5298 1850 5361 non
1879 5296 2011 5361 con-

406 5348 654 5419 veniunt,
683 5348 1030 5423 concedenda
1057 5359 1236 5423 tamen
1265 5348 1410 5423 sunt,
1435 5349 1481 5404 si
1510 5348 1677 5420 probs
1702 5360 1788 5407 est
1814 5353 2006 5423 impio-

409 5443 530 5484 rum
573 5425 894 5496 Arianorum
947 5420 1319 5490 intelligentia.
1352 5420 1632 5493 Frequens
1681 5424 1824 5481 enim
1866 5420 2009 5496 apud

414 5497 677 5572 Hilarium
711 5502 795 5572 est
818 5492 1253 5572 abstractumnut
1288 5492 1504 5572 uocant,
1530 5509 1727 5551 nomen
1756 5510 1855 5571 pro
1878 5492 2005 5552 con.

412 5575 584 5635 creto,
607 5565 853 5636 impietas
882 5578 936 5619 v.
968 5578 1019 5635 g.
1040 5577 1146 5636 pro
1174 5562 1373 5634 impiis.

516 5656 541 5693 e
570 5632 876 5694 'Ve'tustior
903 5632 1008 5692 ms.
1027 5632 1183 5691 Colb.
1224 5632 1346 5690 cum
1367 5632 1551 5692 Germ.
1582 5644 1640 5692 ut
1661 5647 1896 5694 creatura
1922 5640 2010 5695 sit.

491 5639 562 5779 Et;
589 5708 770 5766 Codex
796 5704 972 5766 Vatic.
1003 5704 1124 5767 has.
1159 5720 1282 5764 cum
1325 5705 1539 5767 Martio.
1568 5706 1873 5779 Dominum,
1905 5726 2010 5773 non

516 5656 541 5693 e
600 5641 876 5694 Vetustior
903 5651 1008 5692 ms.
1027 5641 1183 5691 Colb.
1224 5650 1346 5690 cum
1367 5641 1551 5692 Germ.
1582 5644 1640 5692 ut
1661 5647 1896 5694 creatura
1922 5641 2010 5695 sit.

416 5641 770 5837 Πεζίέιϐοιὶει
796 5704 972 5766 Vatic.
1003 5704 1124 5767 has.
1159 5720 1282 5764 cum
1325 5705 1539 5767 Martio.
1568 5706 1873 5784 Dominum,
1905 5726 2015 5773 non

468 5795 602 5837 eum.

2119 4717 2211 4773 Er.
2241 4729 2296 4774 ει
2333 4718 2480 4791 Lips.
2508 4717 2739 4794 forma-ns
2770 4724 2970 4790 caelum,
3002 4739 3106 4777 non
3164 4725 3397 4794 ﬁrmans.

2215 4808 2272 4885 h)
2303 4811 2559 4869 Erasmus
2607 4825 2794 4869 contra
2842 4816 2998 4871 tidem
3046 4823 3288 4871 veterum
3331 4817 3587 4873 librorum
3632 4818 3721 4875 hic

2117 4883 2324 5010 pddidlit
2343 4886 2772 4969 cognominibus:
2795 4901 2953 4957 quam
2980 4902 3165 4942 vocem
3186 4890 3459 4944 retinuere
3486 4906 3718 4963 sequun-

2140 4969 2201 5011 es
2228 4972 2256 5010 c
2300 4969 2507 5012 IllollCS.
2640 4984 2645 4991 '

2416 4976 2507 5011 lL‘S.

2190 5034 2255 5108 (i)
2279 5034 2512 5090 Rursum
2537 5037 2621 5114 hic
2639 5037 2898 5114 Erasmus
2921 5038 2987 5095 de
3008 5053 3106 5096 suo
3129 5039 3374 5107 inseruit,
3397 5056 3513 5113 qua:
3540 5045 3712 5114 [actin

2119 5120 2220 5162 nec
2249 5116 2439 5176 postea
2465 5110 2759 5180 castigatus
2786 5110 2904 5165 fuit.

2185 5199 2254 5275 (i)
2287 5201 2342 5287 in
2372 5218 2518 5287 mss...
2540 5203 2656 5287 δίει.
2691 5206 2805 5261 bas.
2839 5213 2895 5262 et
2921 5205 3135 5262 Martin.
3165 5205 3393 5261 subdidit
3421 5208 3613 5265 omnia.
3645 5208 3704 5265 In

2113 5269 2338 5327 Carnut.
2370 5272 2595 5328 subdidit
2625 5291 2705 5329 ea.

2184 5362 2263 5433 (k)
2292 5362 2478 5419 Codex
2516 5364 2645 5445 γει.
2691 5366 3225 5445 ὺιιεηειιιιι--Μξι-ιιίη.
3278 5378 3509 5445 nostram
3545 5375 3717 5445 potius

2113 5445 2366 5505 exspectet
2392 5437 2773 5492 reuelationem.
2808 5440 2889 5495 Ah
2916 5438 3102 5495 Hilarii
3127 5445 3394 5496 sententia
3420 5437 3597 5498 minus
3627 5461 3715 5501 re.

2111 5507 2349 5584 cederet,
2378 5508 2469 5578 qui
2500 5509 2852 5584 substitueret
2875 5519 3101 5584 nostram
3126 5513 3298 5579 potius
3323 5524 3578 5584 exspectet
3601 5518 3712 5573 cla-

2113 5578 2351 5656 ritatem:
2379 5579 2521 5656 quod
2563 5595 2869 5656 repugnare
2917 5582 3114 5656 innuit,
3130 5578 3266 5656 quia
3320 5578 3569 5641 Christus
3599 5588 3714 5656 jam

2116 5650 2331 5720 propria
2361 5650 2561 5721 gaudet
2587 5650 2781 5721 gloria,
2809 5668 2968 5723 quam
3018 5650 3177 5709 nobis
3217 5650 3716 5718 communicaturus

2113 5728 2215 5789 est,
2237 5735 2414 5797 neque
2433 5722 2730 5785 claritatem
2757 5722 3033 5799 exapectat
3056 5725 3212 5790 nobis
3236 5742 3604 5792 communem.
