4106 6192
365 270 477 331 457

1558 269 1646 329 DE
1695 267 2072 331 TRINITATE
2099 270 2308 331 LIBER
2340 272 2457 332 ΧΠ.

3572 287 3680 345 458

369 391 556 463 ptione
574 396 803 446 natura.
830 386 956 446 ﬂare
971 387 1116 445 enim
1138 386 1318 445 omnia
1338 396 1601 446 creatura
1616 386 1837 460 propria
1853 401 1979 447 esse
2003 393 2057 456 Α
2082 389 2229 446 enim
2257 388 2466 447 eaedem
2485 391 2852 448 venerationis
2875 390 3121 461 ejusdem
3145 400 3275 451 sunt
3295 409 3313 450 :
3342 394 3415 468 (ε)
3441 398 3566 468 quia
3589 411 3683 455 aut

368 480 674 554 Apostolus
700 482 861 538 docet
888 498 902 535 :
932 495 962 536 a
991 479 1190 551 quibus
1207 494 1304 551 per
1325 479 1671 552 longinquam
1692 488 1978 551 exspecta-

369 579 578 635 tionem
602 573 908 642 liberanda,
937 574 1235 630 secundum
1275 574 1565 630 humanam
1593 573 1824 647 gloriam
1859 573 1975 630 cla-

368 677 574 726 rescet.
606 669 676 724 Et
700 684 735 724 o
762 665 1162 738 imprudentem
1183 665 1253 723 de
1274 666 1388 723 Deo
1411 675 1575 738 atque
1604 666 1822 738 impiam
1849 680 1978 737 pro-

370 761 693 828 fessionem,
752 760 839 815 his
909 775 1033 816 cum
1090 774 1186 830 per
1268 769 1534 817 creaturae
1588 760 1975 817 contumeliam

371 854 623 913 ludibriis
675 854 959 926 deputare,
990 862 1051 910 ut
1087 861 1290 925 speret,
1323 862 1382 910 ut
1428 855 1651 924 serviat,
1675 863 1735 911 ut
1759 865 1978 911 coactus

371 949 464 1017 sit,
498 947 574 1022 (a)
612 959 674 1004 ut
712 948 962 1018 cognitus
991 947 1086 1013 sit,
1116 954 1179 1003 ut
1201 946 1514 1004 liberandus
1560 949 1635 1003 sit
1662 948 1715 1002 in
1756 958 1967 1015 nostra,

375 1059 485 1101 non
513 1044 568 1099 in
612 1057 731 1110 sua,
764 1056 886 1098 cum
940 1039 1011 1097 de
1058 1040 1174 1097 suis
1203 1054 1304 1098 nos
1343 1040 1413 1097 ad
1462 1042 1667 1113 aliquid
1707 1040 1975 1113 proveha-

370 1152 518 1194 mur.

443 1230 499 1286 6.
533 1230 599 1287 Si
630 1237 868 1285 creatura
908 1236 1005 1298 est,
1044 1214 1281 1283 creatura
1313 1228 1506 1297 pariter
1534 1236 1607 1283 est
1635 1226 1796 1282 Pater
1814 1243 1834 1283 .'
1855 1228 1979 1298 quia

370 1320 523 1378 Filio
552 1332 737 1378 natura
763 1333 839 1378 est
877 1320 1074 1376 Patris.
1105 1319 1412 1376 Exinanitio
1465 1320 1613 1375 Verbi
1639 1330 1715 1375 est
1744 1320 1974 1377 abolitio.

370 1447 447 1461 --
469 1418 577 1475 Sed
618 1419 866 1489 impietas
905 1426 1092 1473 nostra
1116 1433 1240 1473 cum
1267 1417 1473 1488 ingenti
1527 1416 1769 1487 perﬁdia:
1802 1418 1977 1474 incre-

375 1514 567 1565 mento
594 1526 689 1579 per
719 1511 858 1566 hanc
883 1509 1087 1566 illicita:
1115 1511 1263 1565 vocis
1291 1509 1570 1565 audaciam
1600 1509 1877 1579 procedit:
1920 1517 1980 1564 ut

366 1604 499 1676 quia
529 1603 698 1659 Filius
718 1612 968 1659 creatura
997 1604 1088 1668 sit,
1122 1602 1284 1659 Pater
1316 1617 1533 1673 quoque
1562 1618 1669 1658 non
1710 1602 1925 1658 diil‘erat
1946 1617 1977 1657 a

367 1706 639 1751 creatura.
671 1692 924 1750 Christus
964 1694 1111 1751 enim
1155 1695 1209 1749 in
1254 1695 1424 1749 forma
1451 1693 1550 1749 Dei
1588 1709 1832 1759 manens,
1863 1693 1979 1750 l‘or-

2080 496 2328 539 summus
2372 482 2548 539 honor
2589 484 2808 556 indigne
2865 483 3212 542 inferioribus
3247 486 3542 559 deleretur,
3589 502 3685 549 aut

2082 587 2207 630 cum
2226 576 2556 632 contumelia
2577 577 2921 648 superiorum
2946 577 3202 635 interiora
3224 579 3309 636 his
3327 584 3682 654 cquabuntur

2081 665 2136 722 in
2165 666 2393 723 honore.
2421 667 2592 724 Filius
2618 679 2798 725 autem
2827 668 2893 743 (Ι)
2922 670 2968 724 si
2997 679 3056 726 ut
3080 673 3287 729 creatio
3316 676 3495 745 potius
3520 692 3680 746 quam

2081 758 2334 814 nativitas
2359 758 2450 828 sit,
2484 775 2580 831 per
2627 763 3030 818 venerationem
3063 762 3144 837 (g)
3172 768 3546 837 exatquabitur
3582 770 3682 824 Pa-

2080 851 2154 907 tri
2184 868 2200 918 ;
2230 852 2377 909 nulla
2415 854 2573 910 nobis
2618 854 2807 927 religio
2835 854 3055 911 honoris
3093 857 3160 912 ad
3193 856 3408 915 Patrem
3434 870 3539 928 est,
3561 876 3681 919 cum

2082 953 2230 1002 tanta
2275 945 2437 1002 nobis
2470 947 2588 1017 ejus
2616 948 2898 1003 veneratio
2925 949 3172 1018 imposita
3224 952 3315 1019 sit,
3350 963 3548 1023 quanta
3596 966 3680 1012 est

2080 1045 2377 1094 creaturae:
2427 1037 2525 1093 sed
2571 1039 2694 1110 quia
2743 1038 2857 1094 Deo
2909 1038 3052 1111 patri
3077 1039 3134 1096 in
3164 1055 3251 1109 eo,
3304 1044 3447 1113 quod
3502 1060 3568 1101 ex
3618 1063 3684 1102 eo

2082 1128 2224 1184 Deus
2250 1138 2335 1185 est
2363 1138 2543 1198 natus,
2571 1131 2796 1202 aequalis
2819 1141 2902 1187 est
2926 1148 2941 1199 ;
2970 1145 3056 1188 est
3074 1136 3236 1189 etiam
3257 1137 3482 1207 aqualis
3504 1137 3559 1194 in
3586 1138 3684 1196 ho-

2080 1235 2234 1277 nore.
2263 1221 2431 1278 Filius
2459 1222 2603 1277 enim
2628 1232 2731 1291 est,
2767 1238 2874 1278 non
2899 1232 3171 1281 creatura.

2152 1313 2205 1369 8.
2239 1310 2382 1368 Deus
2424 1311 2657 1385 partibus
2691 1329 2873 1370 carens
2900 1331 2964 1369 ea:
3009 1324 3153 1371 utero
3198 1316 3388 1373 dicitur
3429 1322 3682 1391 genuisse,

2079 1408 2199 1478 quia
2226 1423 2290 1461 ea:
2309 1424 2381 1462 se.
2418 1408 2615 1462 Filium
2633 1408 2697 1461 de
2724 1408 2885 1464 nihilo
2910 1409 3194 1486 volentibus
3214 1428 3318 1467 non
3346 1418 3564 1486 suppetit
3586 1418 3684 1472 loci

2082 1499 2206 1553 dicti
2226 1516 2423 1554 sensus.
2440 1530 2512 1541 ——
2532 1500 2600 1555 Et
2621 1500 2737 1557 hinc
2756 1501 2825 1557 de
2843 1501 2936 1556 illo
2957 1478 3212 1572 pra-clara
3235 1519 3340 1560 vox
3362 1478 3536 1562 Patris
3557 1517 3679 1577 est,

2081 1590 2169 1647 Ea:
2204 1604 2345 1647 utero
2385 1600 2503 1646 ante
2539 1591 2813 1663 luciferum
2862 1595 3016 1664 genui
3046 1594 3111 1648 t'e.
3158 1593 3275 1650 Non
3308 1598 3686 1668 praeiudicatur

2082 1691 2260 1738 autem
2292 1682 2427 1753 Deo,
2477 1693 2535 1740 ut
2563 1698 2709 1771 saepe
2735 1684 2846 1754 jam
2896 1684 3155 1753 diximus,
3185 1701 3284 1756 per
3317 1688 3682 1746 inﬁrmitatem

367 1802 521 1844 mam
548 1787 690 1843 servi
715 1787 962 1857 accepit:
994 1795 1050 1842 et
1079 1786 1170 1857 qui
1200 1785 1255 1841 in
1286 1784 1461 1841 forma
1490 1785 1586 1842 Dei
1613 1793 1716 1852 est,
1746 1787 1791 1840 si
1821 1800 1972 1842 crea-
2006 1793 2058 1855 Β
2085 1786 2284 1831 nostra?
2327 1776 2732 1848 intelligentiae;
2769 1786 2831 1832 ιιι
2869 1792 2967 1848 Per
2998 1777 3075 1846 id.
3107 1778 3248 1849 quod
3298 1796 3362 1835 ea:
3403 1790 3546 1837 utero
3586 1799 3675 1855 ge-

370 1892 494 1938 tura
523 1891 607 1939 est
632 1922 649 1949 ,
682 1881 824 1937 Deus
861 1896 969 1937 non
997 1880 1173 1937 aberit
1198 1896 1228 1935 a
1255 1888 1525 1948 creatura,
1557 1880 1683 1950 quia
1714 1881 1765 1935 in
1801 1880 1973 1936 forma

376 1977 479 2033 Dei
518 1976 591 2031 sit
615 1985 884 2033 creatura.
922 1975 1057 2031 Esse
1091 1984 1271 2031 autem
1303 1976 1357 2030 in
1394 1973 1565 2029 forma
1596 1974 1710 2042 Dei,
1737 1989 1843 2030 non
1871 1974 1977 2030 alia

372 2066 730 2138 intelligentia
770 2074 875 2135 est,
919 2081 1083 2136 quam
1117 2066 1169 2120 in
1196 2064 1292 2120 Dei
1332 2080 1555 2121 manere
1600 2074 1832 2121 natura:
1880 2080 1978 2136 per

370 2161 523 2234 quod
570 2169 626 2217 et
672 2161 816 2217 Deus
863 2168 1113 2216 creatura
1155 2157 1319 2232 412
1358 2168 1462 2225 est,
1512 2159 1637 2230 quia
1685 2159 1739 2215 in
1786 2170 1980 2216 natura

370 2257 496 2328 ejus
531 2257 605 2312 sit
633 2264 906 2311 creatura.
937 2254 1038 2323 Qui
1064 2263 1246 2311 autem
1273 2254 1327 2309 in
1368 2253 1541 2311 forma
1573 2255 1668 2311 Dei
1695 2262 1831 2320 erat,
1868 2254 1979 2312 Deo

374 2362 438 2404 se
460 2347 722 2419 aequalem
751 2360 877 2403 esse
899 2362 1008 2404 non
1038 2346 1215 2418 rapuit
1240 2362 1256 2410 ;
1283 2346 1405 2416 quia
1435 2360 1501 2402 ex
1525 2346 1618 2402 Dei
1649 2346 1976 2417 aequalitate,

376 2442 431 2496 id
444 2449 551 2509 est,
578 2455 643 2496 es
675 2443 847 2496 forma
871 2438 991 2510 ejus
1024 2438 1079 2495 in
1111 2438 1255 2494 servi
1283 2436 1514 2494 formam
1566 2437 1853 2495 decederet
1879 2437 1978 2510 (V.

374 2534 469 2589 tib.
503 2549 578 2603 ιι,
599 2550 656 2588 τι.
688 2532 804 2605 14).
838 2531 1112 2589 Decedere
1138 2540 1319 2588 autem
1347 2546 1417 2588 ex
1451 2531 1563 2588 Deo
1595 2530 1650 2587 in
1678 2531 1975 2598 hominem,

373 2628 481 2684 nisi
528 2640 590 2682 se
636 2640 706 2684 ex
748 2624 847 2682 Dei
899 2623 1072 2682 forma
1119 2623 1261 2680 Deus
1300 2637 1591 2691 evacuans,
1625 2639 1734 2680 non
1782 2623 1975 2695 potuit.

376 2720 660 2777 Evacuans
702 2728 884 2775 autem
913 2732 974 2774 se
1013 2732 1123 2772 non
1167 2716 1401 2775 abolitus
1427 2725 1532 2783 est,
1582 2717 1662 2790 (b)
1688 2732 1757 2773 ne
1784 2726 1970 2784 esset;

372 2827 501 2869 cum
530 2819 678 2868 esset
701 2810 848 2866 aliud
872 2824 1032 2879 quam
1061 2809 1272 2867 fuisset.
1302 2808 1488 2879 Neque
1515 2808 1659 2864 enim
1684 2807 1883 2865 defecit
1909 2824 1979 2866 ex

370 2920 521 2973 sese,
548 2906 637 2978 qui
666 2920 730 2961 se
772 2905 1053 2961 evacuavit
1074 2903 1131 2959 in
1183 2919 1335 2960 sese:
1367 2918 1491 2961 cum
1538 2903 1754 2960 virtutis
1778 2902 1855 2976 (c)
1881 2918 1978 2973 po-

374 3007 546 3055 testas
572 2998 734 3055 etiam
789 2996 844 3053 in
871 2996 1169 3054 evacuandi
1210 3011 1272 3053 se
1315 3004 1585 3068 potestate
1623 3006 1974 3068 permaneat;

372 3091 513 3148 etin
541 3089 771 3147 formam
802 3089 948 3146 servi
995 3089 1281 3157 transisse,
1328 3104 1439 3145 non
1481 3088 1556 3144 sit
1598 3099 1847 3145 naturam
1880 3088 1976 3146 Dei

2079 1871 2265 1926 nuisse
2306 1884 2365 1926 se
2404 1870 2541 1926 dixit
2580 1870 2755 1943 (Psal.
2802 1886 2914 1939 ctx,
2943 1870 3023 1943 5),
3052 1886 3120 1928 ex
3163 1873 3407 1944 partibus
3451 1876 3686 1935 internis

2079 1962 2431 2035 externisque
2457 1979 2553 2035 per
2577 1964 2818 2021 membra
2845 1966 3189 2035 coeuntibus,
3236 1976 3509 2040 tamquam
3558 1986 3684 2029 cor-

2084 2058 2355 2129 poralium
2377 2072 2663 2114 causarum
2685 2058 2987 2129 originibus
3011 2061 3310 2117 consistat:
3362 2077 3486 2119 cum
3530 2074 3683 2120 extra

2082 2152 2411 2208 naturalium
2442 2152 2831 2209 necessitatum
2877 2168 3097 2210 causam
3126 2155 3267 2212 liber
3306 2168 3471 2228 atque
3520 2161 3684 2217 abso-

2083 2249 2249 2315 lutus,
2280 2257 2490 2304 naturae
2518 2248 2683 2305 totius
2713 2249 2970 2307 dominus
3016 2267 3265 2321 manens,
3295 2256 3682 2326 proprietatem

2083 2340 2379 2397 nativitatis
2407 2339 2682 2412 Unigeniti
2702 2342 2786 2398 sui
2810 2357 2880 2398 ex
2906 2344 3315 2403 indemutabilis
3341 2356 3553 2404 natura;
3572 2362 3685 2406 sum

2083 2433 2276 2489 virtute
2289 2431 2662 2503 signiﬁcet.Ex
2675 2434 2866 2504 spiritu
2882 2435 3418 2509 enimﬂlaspiritus
3433 2454 3681 2507 nascens,

2092 2526 2219 2582 licet
2246 2526 2314 2582 de
2344 2526 2675 2596 proprietate
2701 2527 2944 2598 Spiritus,
2975 2544 3072 2600 per
3101 2545 3263 2601 quam
3290 2538 3347 2587 et
3374 2533 3491 2604 ipse
3519 2536 3651 2606 spiri
3668 2562 3684 2575 ο

2083 2630 2168 2678 tus
2186 2630 2291 2688 est,
2323 2631 2607 2677 nascatur:
2630 2635 2740 2677 non
2756 2629 2936 2677 tamen
2962 2622 3129 2679 alia‘ei
3155 2633 3351 2693 praeter
3372 2642 3534 2697 quam
3563 2642 3687 2699 per-

2081 2714 2344 2771 fectarum
2372 2714 2454 2787 (h)
2491 2722 2656 2786 atque
2710 2714 3174 2772 indemutabilium
3217 2732 3507 2774 causarum
3536 2719 3607 2776 ad
3632 2722 3685 2778 id

2082 2806 2225 2879 quod
2260 2808 2499 2863 nascitur
2536 2823 2699 2865 causa
2745 2816 2850 2865 est.
2879 2809 2950 2866 Et
2972 2825 3037 2865 ex
3069 2825 3232 2867 causa
3277 2810 3405 2868 licet
3447 2812 3683 2884 perfecta

2083 2908 2246 2969 atque
2272 2899 2642 2957 indemutabili
2688 2915 2936 2970 nascens,
2969 2916 3195 2959 necesse
3232 2911 3319 2959 est
3343 2918 3411 2960 ex
3435 2919 3596 2962 causa
3626 2907 3685 2963 in

2084 3006 2265 3048 causa:
2291 2993 2460 3064 ipsius
2502 2995 2834 3066 pr0prietate
2863 3007 3133 3053 nascatur.
3168 2997 3476 3068 Proprietas
3501 2978 3683 3057 autem

2089 3083 2449 3141 humanarum
2482 3086 2548 3159 (i)
2576 3089 2962 3145 necessitatum
2990 3088 3130 3146 intra
3158 3103 3350 3146 causas
3384 3092 3523 3148 uteri
3552 3107 3684 3150 con-

374 3182 699 3254 perdidisse,
731 3196 854 3238 cum
900 3180 1129 3238 formam
1174 3180 1272 3237 Dei
1317 3195 1608 3238 evacuasse
1651 3181 1787 3238 nihil
1832 3180 1976 3238 aliud
2006 3193 2052 3258 ρ
2085 3179 2305 3236 tinetur.
2332 3178 2438 3235 Sed
2469 3181 2580 3236 Deo
2601 3196 2708 3237 non
2756 3197 2823 3239 ex
2880 3182 3121 3253 partibus
3167 3182 3235 3255 (ᾔ)
3283 3186 3546 3256 perfecto,
3586 3188 3685 3243 sed

370 3291 538 3347 quam
566 3277 738 3332 virtus
766 3275 964 3332 divinae
987 3276 1059 3331 sit
1087 3275 1392 3347 potestatis.

448 3374 504 3430 7.
535 3371 679 3431 Filio
726 3373 937 3429 debetur
968 3372 1137 3428 honor
1162 3371 1376 3443 aequalis
1405 3368 1575 3427 Patri.
1598 3401 1673 3413 —
1700 3369 1854 3427 Adeo
1882 3384 1976 3426 au-

374 3476 488 3523 tem
518 3467 571 3521 in
599 3466 770 3523 turma
796 3466 891 3523 Dei
921 3481 1063 3532 esse,
1107 3466 1242 3521 nihil
1286 3464 1430 3521 aliud
1459 3473 1546 3521 est
1586 3479 1749 3535 quam
1789 3479 1974 3535 aequa-

374 3562 485 3619 lem
516 3561 630 3618 Deo
674 3577 830 3619 esse:
882 3570 942 3617 ut
983 3560 1265 3632 mqualitas
1313 3558 1537 3616 honoris
1566 3557 1797 3615 Domino
1845 3557 1976 3615 Jesu

370 3654 621 3724 Christo,
640 3656 730 3727 qui
760 3654 815 3711 in
843 3654 1016 3711 forma
1036 3652 1132 3709 Dei
1157 3662 1263 3722 est,
1287 3651 1569 3721 debeatur,
1596 3652 1715 3722 ipso
1734 3650 1972 3710 dicente:

379 3745 448 3803 Ut
474 3764 648 3803 omnes
683 3747 1023 3819 honori/iectu
1056 3744 1277 3813 Filium,
1325 3746 1456 3800 sicut
1484 3743 1829 3815 honorificam
1872 3742 1974 3798 Pa-

375 3854 528 3899 trem.
560 3842 662 3912 Qui
684 3859 792 3898 non
811 3842 1125 3912 honoriﬁcat
1165 3838 1386 3904 Filium,
1415 3855 1519 3895 non
1541 3839 1845 3908 honoriﬁcat
1868 3837 1975 3892 Pa-

376 3947 507 3992 trem
532 3938 621 4008 qui
646 3937 785 3991 misit
823 3935 975 3991 illum
1005 3935 1187 4007 (Joan.
1216 3951 1275 4001 v,
1301 3934 1420 4004 23).
1451 3933 1765 4004 Numquam
1795 3933 1977 3989 diver-

376 4030 513 4086 sitas
537 4045 743 4100 rerum,
795 4028 898 4085 nisi
927 4038 983 4086 et
1011 4028 1092 4101 (ά)
1132 4029 1187 4084 in
1233 4030 1437 4086 honore
1475 4027 1696 4084 diverso
1721 4036 1825 4083 est.
1870 4028 1976 4085 Res

426 4213 529 4287 .(a)
554 4212 1217 4287 Verba,iut_cogn_ilusis_it,
1244 4227 1366 4287 qua:
1383 4226 1579 4287 magno
1602 4226 1871 4268 consensu
1890 4211 1976 4267 ha-

382 4283 514 4342 bent
541 4300 673 4340 mss.
704 4285 815 4339 sola
847 4284 1014 4339 Mirati
1038 4283 1203 4339 editio
1230 4283 1471 4339 retinuit.
1505 4283 1842 4353 Quamquam
1888 4293 1975 4339 at-

376 4355 662 4414 tendentes
689 4356 822 4411 illud
864 4355 1035 4417 Pauli,
1068 4354 1194 4426 Ipsa
1214 4365 1450 4426 creatura
1475 4356 1777 4411 liberabitur
1806 4374 1839 4409 a
1865 4371 1969 4411 ser-

380 4430 538 4484 vitute
559 4429 929 4500 corruptionis,
970 4425 1179 4500 necnon
1209 4425 1312 4481 hoc
1346 4427 1554 4500 llilat‘ii,
1589 4426 1779 4482 Servus
1805 4437 1975 4481 autem

374 4517 488 4556 cum
512 4501 598 4565 sit,
628 4499 833 4554 maneat
881 4500 1031 4552 etiam
1058 4499 1112 4551 in
1141 4499 1464 4567 corruptione
1491 4510 1711 4562 natura’,
1747 4513 1843 4564 pro
1883 4514 1972 4552 co-

373 4573 549 4651 gnitus
576 4570 969 4651 restituendum
1001 4585 1122 4625 esse
1149 4580 1421 4640 corruptus
1451 4569 1611 4625 dubio
1640 4568 1837 4641 procul
1870 4569 1970 4624 du-

372 4658 569 4698 cimus.

448 4714 522 4785 (ὁ)
562 4714 726 4779 Editi,
753 4722 809 4767 ut
832 4729 932 4767 non
960 4722 1117 4785 esset:
1151 4711 1372 4785 Aliquot
1402 4725 1535 4767 mss.
1582 4726 1647 4765 ne
1675 4727 1777 4765 non
1825 4721 1974 4785 esset.

373 4783 800 4843 At'vetustiores
830 4801 895 4839 ne
911 4794 1059 4838 esset.
1093 4783 1358 4838 Particula
1387 4799 1469 4849 ne,
1503 4797 1601 4853 pro
1619 4795 1675 4836 ut
1702 4799 1803 4837 non
1826 4784 1975 4839 Hila-

372 4857 460 4913 rio
483 4857 639 4914 valde
668 4854 949 4911 l’atniliaris
980 4864 1083 4910 est.

450 4927 782 5001 (cllnedit.
826 4925 945 5001 Min.
977 4925 1115 4980 utin
1167 4940 1317 5001 mss.
1354 4925 1474 5001 Vat.
1521 4924 1737 5001 bas.__et_
1764 4924 1978 4984 Martin.

372 4995 467 5057 hic
484 4995 736 5070 adjicitur
756 5014 882 5055 suw.
909 4998 1236 5054 Potestatem
1266 4997 1409 5052 illam
1433 4996 1504 5052 ita
1536 4998 1588 5051 in
1615 4995 1831 5052 Christo
1855 5013 1979 5064 per-

373 5068 665 5135 mansisse,
695 5082 755 5127 ut
790 5086 851 5127 ea
887 5070 1050 5125 etiam
1096 5071 1366 5124 interdum
1399 5076 1660 5136 uteretur,
1713 5068 2015 5139 superiori'

368 5144 518 5200 libro
543 5143 823 5213 probatum
852 5151 939 5198 est
967 5157 1115 5196 num.
1140 5141 1230 5197 48.

446 5211 724 5341 (ἕέιίἀειη
750 5228 880 5270 mss.
920 5214 975 5267 in
1014 5213 1196 5268 honori
1229 5211 1517 5267 diversitate
1544 5219 1638 5265 est.
1670 5211 1736 5268 ν.
1773 5211 1866 5267 lib.
1896 5228 1973 5280 rx,

372 5301 430 5342 n.
540 5325 555 5338 .

2082 3275 2456 3333 indemutabili
2496 3291 2596 3347 per
2637 3278 2886 3348 spiritum
2910 3320 2929 3348 ,
2975 3279 3100 3351 quia
3140 3280 3285 3337 Deus
3330 3282 3553 3353 spiritus
3597 3294 3684 3343 est

2083 3372 2265 3446 (Joan.
2288 3374 2490 3445 mil),
2514 3389 2621 3430 non
2634 3385 2719 3431 est
2743 3374 3079 3432 internarum
3109 3389 3394 3434 causarum
3423 3381 3683 3438 naturalis

2082 3464 2399 3524 necessitas.
2463 3467 2572 3526 Sed
2614 3472 2740 3541 quia
2767 3471 2922 3528 nobis
2970 3473 3193 3544 Spiritus
3212 3476 3282 3533 de
3311 3478 3503 3549 spiritu
3546 3481 3688 3536 nati-

2083 3558 2303 3615 vitatem
2358 3561 2709 3630 prredicabat,
2761 3577 2980 3621 sensum
3010 3575 3255 3624 nostrum
3282 3568 3362 3643 (It)
3390 3587 3674 3631 causarum

2079 3661 2391 3709 nostrarum
2419 3654 2655 3712 instituit
2683 3658 2971 3730 exemplo;
3003 3675 3114 3717 non
3133 3663 3187 3718 in
3213 3668 3522 3737 exemplum
3545 3670 3685 3726 nati-

2078 3748 2283 3815 vitatis,
2315 3748 2410 3804 sed
2434 3748 2502 3805 ad
2532 3749 2942 3822 intelligentiam
2971 3756 3371 3825 generationis;
3398 3770 3458 3814 ut
3485 3774 3674 3816 exem-

2079 3841 2227 3913 plum
2255 3841 2386 3898 illud
2410 3857 2518 3898 non
2538 3843 2606 3897 ad
2635 3845 3013 3901 necessitatem
3041 3849 3305 3917 proﬁciat,
3330 3850 3428 3907 sed
3453 3851 3520 3907 ad
3550 3867 3677 3908 sen-

2080 3947 2224 3989 sum.
2249 3934 2306 3991 Si
2326 3934 2492 4006 igitur
2531 3934 2741 3991 creatio
2770 3943 2858 3993 est
2901 3937 3207 4009 unigenitus
3241 3941 3382 3998 Deus
3417 3960 3430 3997 :
3464 3952 3519 3999 et
3548 3945 3677 4015 quid

2081 4026 2183 4083 sibi
2214 4026 2328 4082 vult
2372 4027 2698 4100 signiﬁcatio
2738 4028 3140 4101 intelligentiae,
3168 4048 3290 4103 qua
3316 4049 3417 4106 per
3443 4049 3676 4093 consue~

2081 4212 2203 4295 vat.
2229 4211 2369 4295 bas.,
2393 4212 2583 4295 ϐοτη..
2613 4212 2855 4295 Bemig.,
2877 4214 3094 4275 Martin.
3122 4228 3229 4295 etc.
3262 4223 3610 4295 restituentcs
3637 4227 3682 4282 si

2079 4294 2136 4338 ut
2156 4285 2382 4367 creati_o,_
2400 4285 2719 4354 particulam
2748 4285 2968 4367 ita_ante
2992 4298 3044 4344 ut
3068 4291 3283 4367 tacitam
3307 4294 3679 4367 intelligimus,

2079 4365 2239 4440 puta,
2277 4357 2456 4440 sitita‘
2489 4373 2579 4428 per
2607 4360 2981 4415 uenerationem
3020 4364 3367 4434 excequabitur
3410 4357 3583 4437 Pa'tri,
3627 4357 3680 4425 ut

2081 4437 2271 4483 creatio
2296 4437 2383 4497 sit,
2408 4437 2511 4485 etc.

2121 4522 2228 4607 .(g).
2259 4522 2317 4578 In
2373 4524 2623 4607 vulgatis,
2651 4542 2756 4607 qua
2798 4526 3148 4607 eaequabitur.
3198 4527 3318 4587 Non
3355 4541 3531 4589 exstat
3577 4550 3679 4605 qua

1999 4631 2055 4694 Β
2078 4597 2184 4650 nisi
2216 4597 2267 4649 in
2300 4610 2405 4650 uno
2436 4610 2539 4651 ms.
2568 4597 2722 4652 Colb.
2755 4597 2910 4654 valde
2939 4611 3212 4669 suspecto.

2121 4685 2234 4766 ηςΙι)
2280 4685 2371 4766 His
2402 4686 2616 4766 Lipsius
2641 4689 2935 4766 substituit,
2966 4692 3204 4766 perfectte
3226 4702 3377 4766 atque
3390 4694 3680 4750 indemuta-

2080 4756 2222 4819 bilis,
2246 4759 2541 4837 mortarium
2562 4774 2582 4812 .°
2634 4761 2776 4827 quod
2805 4756 3071 4837 Erasmus
3089 4764 3146 4837 iu_
3157 4756 3414 4837 margine
3436 4767 3678 4837 adscrip-

2081 4837 2246 4893 serat,
2287 4827 2495 4894 Hilarii,
2526 4838 2585 4883 ut
2606 4840 2759 4899 puto,
2806 4847 3027 4887 sensum
3057 4827 3330 4902 indicans,
3353 4852 3459 4891 non
3487 4827 3674 4894 verba.

2166 4918 2426 5005 (i)__[_.ips.
2478 4929 2533 5005 et
2575 4921 2811 5005 ξένη-,εχ
2837 4923 3043 5005 Erasmi
3070 4926 3680 5005 margine_humanarnm

2084 4993 2432 5047 nativitatum:
2481 4993 2849 5048 obnitentihus
2872 4995 3121 5051 omnibus
3154 4993 3282 5054 niss.
3313 4999 3680 5059 Necessitates

2084 5065 2171 5119 hic
2200 5074 2480 5137 vocantur,
2542 5081 2660 5134 qua:
2709 5065 2775 5119 ad
2822 5067 3053 5137 aliquem
3090 5068 3340 5125 eﬁ‘ectum
3371 5075 3680 5130 necessario

2083 5136 2385 5213 secundum
2437 5146 2641 5213 natura:
2693 5137 2840 5205 leges
2890 5136 3255 5213 requiruntur.
3322 5141 3508 5213 Itaque
3559 5152 3682 5213 post

2082 5208 2246 5262 verba
2271 5250 2285 5273 ,
2308 5206 2643 5285 _Proprietas
2691 5218 2884 5285 a_utem_
2906 5206 3253 5267 humanarum
3298 5206 3677 5285 necessitatum,

2080 5294 2188 5359 non
2220 5279 2361 5334 male
2383 5281 2563 5333 animo
2586 5280 2918 5351 suppleveris
2943 5323 2957 5346 ,
3010 5285 3209 5341 ratione
3237 5284 3409 5343 habita
3434 5286 3505 5342 ad
3524 5279 3678 5359 gene;

447 5358 522 5428 (ε)
550 5356 625 5413 Ita
673 5371 805 5414 mss.
856 5354 957 5412 nisi
988 5354 1130 5428 quod
1186 5355 1239 5411 in
1273 5369 1380 5411 uno
1412 5353 1551 5428 AVat.
1586 5353 1700 5410 bas.
1751 5354 1974 5428 Otnnino
2074 5351 2344 5428 rationem.

372 5426 548 5484 autem
566 5445 814 5491 summus.
847 5437 953 5483 etc.
986 5427 1130 5485 Editi
1153 5442 1303 5493 vero,
1334 5426 1454 5498 quia
1480 5437 1533 5481 ut
1558 5443 1787 5481 summus
1810 5426 1975 5481 honor

373 5501 587 5573 indigne
612 5499 941 5570 inferioribus
982 5500 1231 5570 defertur,
1259 5500 1331 5553 ita
1368 5514 1481 5552 cum
1502 5499 1828 5565 contumelia,
1861 5506 1971 5555 etc.

2150 5420 2221 5495 (j)
2244 5421 2300 5476 In
2327 5439 2427 5477 ms.
2463 5422 2677 5479 Martin.
2713 5427 2963 5497 profecto.

2169 5511 2244 5585 (k)
2276 5515 2498 5587 Erasnio
2540 5517 2713 5585 magis
2739 5517 3014 5581 arriserat,
3059 5519 3449 5587 qenerotionum
3477 5531 3684 5578 nostra-

457 5591 528 5665 (f)
561 5593 651 5648 Er.
684 5601 741 5649 et
766 5594 886 5649 Mir.
929 5579 1072 5665 cuni
1105 5593 1313 5663 aliquot
1348 5590 1742 5648 recentioribus
1769 5605 1902 5665 mss.
1944 5594 1989 5665 si
2094 5579 2246 5641 runt;
2280 5586 2421 5665 quod
2446 5579 2656 5665 ﬂustra“
2676 5588 2891 5657 Lipsius
2912 5604 2978 5643 ex
3002 5579 3147 5665 illius
3173 5592 3414 5665 margine
3436 5595 3685 5665 arripuit,

383 5657 695 5723 mia-eam.
739 5666 884 5735 Lips.
925 5677 978 5720 ei
1033 5663 1159 5719 Par.
1192 5657 1314 5719 eum
1361 5665 1585 5733 antiquo
1627 5662 1989 5735 ιιιωιίυιιιδί
2095 5672 2196 5711 nec
2251 5658 2392 5725 apud
2447 5657 2569 5735 Par.
2604 5667 2880 5735 correctus
2903 5671 3006 5715 est.
3056 5661 3128 5717 At
3154 5657 3410 5719 certe'hic
3440 5657 3685 5722 non'tam

386 5737 603 5793 creatio.
648 5732 1062 5793 Vindocinensis
1088 5736 1281 5798 codex.
1310 5736 1442 5790 sicut
1484 5732 1694 5789 creatio.
1728 5732 1846 5788 Non
1873 5733 1986 5790 dis-

390 5808 645 5881 pliceret,
673 5809 718 5867 si
744 5809 836 5884 _sic
883 5815 941 5864 ut
964 5810 1173 5866 creatio.
1205 5806 1448 5881 Namque
1475 5821 1543 5865 ex
1592 5805 1722 5864 Bad.
1771 5814 1828 5864 et
1852 5820 1986 5866 mss.

2096 5742 2283 5855 ᾔει-ινα
2326 5735 2411 5782 εει
2449 5729 2516 5785 de
2533 5730 2897 5801 generationis
2920 5740 3041 5788 actu
3069 5774 3084 5801 ,
3131 5749 3293 5805 quam
3322 5735 3393 5794 de
3422 5737 3687 5795 materiali

2096 5815 2109 5855 ι
2156 5815 2236 5855 ius
2256 5814 2437 5855 causa.

2094 5814 2236 5856 llllllS
2256 5814 2437 5857 causa.
