4106 6192
300 294 392 353 ιιι

1466 287 1552 344 DE
1590 283 1966 342 TRINITATE
1999 283 2200 340 LlllEll
2239 282 2352 337 XII.

3463 282 3574 337 442

302 429 410 470 mus
437 410 577 467 enim
610 406 901 481 aliquando
952 407 1048 463 ﬁlii
1079 405 1375 463 iracundia:
1425 405 1645 479 (Epttes.
1674 419 1735 472 ll,
1768 404 1866 474 5);
1897 413 1948 474 Α
1977 403 2088 458 tilio
2121 400 2287 457 israel
2314 398 2589 470 proprium
2620 408 2806 466 esset,
2854 398 2998 469 quod
3028 397 3415 470 primogenitus
3439 406 3566 464 est;

303 505 388 561 sed
419 503 506 558 ﬁlii
534 503 643 557 Deo
676 518 770 573 per
798 501 1050 573 spirizmn
1094 500 1402 571 adeptionis
1428 499 1628 562 eil‘ecti,
1671 506 1726 553 et
1763 496 1870 552 dici

300 598 346 655 id
373 611 633 651 meremur
677 596 858 667 potius
913 608 1073 665 quam
1107 595 1400 649 nascimur.
1446 592 1512 647 Et
1549 592 1671 662 quia
1709 605 1871 646 omne

297 688 423 760 quod
454 689 530 754 lit,
559 697 684 742 ante
714 702 874 758 quant
905 687 1018 754 ﬁat,
1050 701 1158 741 non
1191 685 1288 740 fuit
1322 703 1336 752 ;
1370 700 1470 741 nos
1496 700 1617 740 cum
1644 684 1737 739 lilii
1763 700 1869 739 non

296 782 587 845 fuissemus,
619 780 685 834 ad
708 780 759 833 ιιι
788 779 931 850 quod
959 794 1148 835 sumus
1189 778 1481 833 efficimur.
1535 778 1676 834 Ante
1724 776 1870 831 enim

296 875 377 929 lilii
407 888 507 928 non
537 886 793 929 eramus:
823 871 919 928 sed
953 882 1074 943 post
1122 887 1283 943 quam
1317 870 1614 926 meruimus
1645 870 1747 924 hoc
1779 883 1872 924 su-

296 981 417 1022 mus.
464 964 665 1019 Sumus
691 972 870 1019 autem
898 979 1005 1019 non
1032 963 1163 1031 nati,
1195 964 1288 1019 sed
1320 964 1479 1033 laeti;
1513 976 1687 1033 neque
1707 975 1872 1032 gene-

298 1059 404 1122 rati,
428 1057 523 1111 sed
545 1056 816 1128 acquisiti.
859 1055 1159 1128 Acquisivit
1207 1057 1354 1111 enim
1402 1055 1503 1109 sibi
1530 1054 1672 1110 Deus
1702 1067 1871 1124 popu-

292 1152 387 1207 lutn
438 1150 481 1225 (1
510 1150 629 1206 Pet.
664 1168 740 1217 tt,
773 1150 872 1221 9):
918 1163 974 1207 et
1028 1167 1124 1222 per
1182 1152 1284 1207 hoc
1326 1151 1528 1220 genuit.
1605 1149 1871 1206 Genuisse

289 1254 450 1299 autem
487 1245 656 1299 Deum
689 1243 848 1311 ﬁlios,
883 1259 1172 1313 numquam
1201 1259 1323 1298 cum
1367 1244 1712 1315 proprietatis
1761 1244 1869 1313 sig-

291 1335 590 1392 niﬁcatione
614 1337 1017 1407 cognoscimus.
1057 1335 1172 1391 Non
1201 1337 1346 1392 enim
1374 1337 1486 1392 ait:
1519 1335 1686 1392 Filios
1717 1351 1868 1393 meos

290 1429 429 1499 genui
471 1440 526 1485 et
553 1431 826 1485 exaltari:
872 1428 968 1485 sed
995 1428 1098 1485 hoc
1129 1439 1380 1486 tantum:
1435 1428 1598 1485 Filios
1642 1430 1793 1502 genui
1817 1439 1868 1485 et

289 1523 494 1579 exaltari
525 1521 694 1592 (Esttt'.
724 1537 762 1591 l,
790 1522 873 1595 2).

349 1618 430 1671 li.
485 1615 718 1686 Objectio
744 1617 882 1689 quod
910 1615 1081 1671 Israel
1100 1627 1147 1671 et
1176 1616 1418 1687 preprius
1451 1618 1654 1671 dicatur
1680 1627 1724 1671 et
1751 1617 1861 1688 {ac-

286 1720 370 1765 tus.
393 1739 467 1759 ν-
498 1709 608 1764 Νἰκί
641 1710 782 1765 forte
807 1711 858 1765 in
890 1725 956 1765 eo
980 1710 1125 1781 quod
1151 1711 1267 1765 ait:
1298 1709 1471 1765 Filius
1499 1711 1868 1782 primogenitus

1980 495 2052 569 (c)
2084 503 2212 549 nato
2240 507 2371 549 vero
2400 493 2487 548 nni
2523 492 2632 548 Deo
2656 491 3000 548 manifestum
3028 494 3099 546 sit
3124 490 3398 561 proprium
3430 504 3572 560 esse,

1974 593 2116 665 quod
2148 592 2287 648 illius
2317 592 2407 646 sit.
2474 590 2590 647 Non
2622 600 2705 646 est
2753 591 2933 661 itaque
2973 603 3100 644 vera
3129 597 3182 644 et
3206 589 3445 660 perfecta
3474 602 3570 643 na-

1976 686 2178 751 tivitas,
2210 684 2300 739 ubi
2331 682 2621 754 deputatur
2651 682 2842 753 magis,
2882 696 3045 753 quam
3067 687 3358 751 generatur
3385 696 3399 736 :
3442 679 3569 752 quia

1976 793 2083 833 non
2110 777 2420 849 ambiguum
2450 784 2534 831 est
2557 790 2680 829 eum
2706 774 2964 845 populum
2988 816 3003 840 ,
3037 772 3130 844 qui
3158 771 3213 827 itt
3246 772 3415 826 illium
3446 785 3571 826 nas-

1973 885 2148 940 catur.
2173 884 2226 929 et
2251 872 2390 929 ﬁeri.
2434 870 2588 938 Quod
2617 880 2795 925 autent
2827 870 2883 924 lit
2921 884 3044 924 cum
3089 882 3196 923 non
3243 866 3433 923 fuisset
3458 908 3473 931 ,
3514 875 3572 922 et

1975 982 2074 1038 per
2116 967 2166 1022 id
2199 964 2339 1037 quod
2367 963 2564 1019 factum
2593 971 2677 1018 est
2707 960 2905 1017 dicitur
2935 960 3082 1015 nasci
3111 977 3127 1025 ;
3171 974 3278 1014 non
3307 967 3390 1015 est
3428 957 3484 1014 in
3506 971 3574 1014 eo

1973 1076 2099 1117 vera
2127 1060 2397 1126 nativitas,
2425 1057 2547 1129 quia
2579 1067 2704 1111 ante
2729 1052 2872 1110 aliud
2890 1068 3050 1125 quam
3070 1061 3253 1107 natum
3272 1062 3353 1107 est
3384 1051 3566 1108 luerit.

1976 1155 2041 1211 Et
2061 1155 2263 1211 idcirco
2291 1153 2375 1225 (d)
2406 1168 2511 1208 non
2544 1150 2641 1207 fuit
2667 1152 2744 1221 (3)
2789 1158 3073 1218 antequam
3108 1155 3421 1203 nasceretur
3449 1188 3464 1213 ,
3514 1145 3568 1201 id

1973 1255 2092 1313 est,
2133 1256 2419 1316 antequam
2449 1245 2639 1300 ﬁeret:
2687 1241 2808 1313 quia
2861 1241 2950 1311 qui
3009 1255 3074 1295 ex
3126 1238 3378 1310 gentibus
3427 1237 3569 1293 ﬁlius

1973 1347 2076 1406 est,
2101 1353 2234 1410 gens
2266 1347 2347 1393 est
2369 1346 2679 1410 antequam
2714 1334 2889 1390 ﬁlius:
2915 1334 2986 1405 (ε)
3015 1347 3079 1388 ac
3108 1347 3203 1402 per
3228 1331 3281 1387 id
3313 1346 3419 1387 non
3443 1347 3570 1387 vere

1976 1432 2138 1499 ﬁlius,
2160 1430 2285 1503 quia
2313 1446 2417 1485 non
2449 1444 2664 1499 semper
2690 1428 2851 1483 ﬁlius.
2882 1425 3199 1497 Unigenitus
3229 1435 3408 1479 autem
3428 1424 3570 1479 Deus

1976 1541 2150 1597 neque
2192 1540 2296 1579 non
2336 1523 2405 1596 (f)
2439 1522 2537 1579 fuit
2558 1520 2848 1592 aliquando
2876 1534 2980 1575 non
3012 1518 3154 1575 ﬁlius
3185 1560 3199 1584 ,
3262 1532 3437 1588 neque
3466 1516 3566 1571 fuit

1972 1616 2170 1686 aliquid
2218 1625 2345 1671 ante
2379 1629 2538 1685 quant
2562 1614 2721 1680 lilius,
2770 1627 2943 1682 neque
2989 1612 3279 1682 quidquam
3336 1609 3414 1683 (g)
3467 1609 3566 1665 ali-

1972 1710 2099 1780 quid
2133 1711 2247 1779 ipse
2293 1708 2393 1763 nisi
2422 1708 2583 1762 ﬁlius.
2628 1708 2802 1775 Atque
2832 1705 2904 1759 ita
2935 1703 3026 1774 qui
3051 1717 3268 1773 semper
3295 1713 3377 1757 est
3401 1701 3562 1768 illius,

284 1820 413 1857 meus
446 1802 612 1858 Israel
638 1801 835 1875 (Exod.
882 1819 956 1869 tv,
985 1804 1082 1875 2!.)
1106 1846 1119 1869 ,
1148 1804 1428 1875 quisquam
1458 1806 1561 1860 hoc
1583 1805 1725 1876 quod
1760 1806 1866 1874 pri-
1898 1814 1946 1875 Β
1974 1806 2053 1880 (4)
2088 1819 2192 1859 non
2234 1803 2454 1874 reliquit
2480 1802 2531 1857 id
2556 1802 2621 1857 de
2645 1816 2704 1857 se
2734 1798 3129 1872 intelligentiae,
3176 1810 3245 1853 ne
3272 1795 3564 1868 aliquando

284 1896 561 1967 mogenittts
587 1911 728 1949 meus
757 1895 913 1958 dixit,
943 1896 1008 1951 ad
1035 1896 1424 1953 detrahendam
1454 1897 1594 1953 Filio
1624 1897 1864 1967 prapt'ie-

284 1997 437 2043 latent
483 1987 848 2059 generationis
886 1988 1189 2060 intelliget;
1238 2000 1298 2044 ut
1345 1990 1466 2061 quia
1499 2000 1553 2045 ct
1593 1990 1662 2046 de
1701 1989 1863 2047 Israel

285 2080 475 2136 dixerit
510 2097 676 2148 meus,
721 2081 1022 2152 assumptio
1046 2081 1310 2136 factorum
1337 2081 1572 2137 ﬁliorum
1604 2096 1702 2152 pro
1728 2082 1866 2137 nati-

283 2176 453 2231 vitatis
477 2173 804 2245 proprietate
858 2184 1112 2245 usurpata
1164 2173 1285 2230 sit?
1340 2185 1394 2230 et
1430 2174 1632 2231 idcirco
1665 2188 1771 2229 non
1794 2174 1864 2230 sit

283 2270 535 2325 nativitati
566 2269 660 2325 Dei
695 2269 991 2341 proprium,
1017 2268 1158 2339 quod
1180 2268 1249 2324 dc
1271 2284 1337 2324 eo
1367 2270 1569 2325 dictum
1602 2278 1687 2325 est
1714 2286 1727 2322 :
1763 2268 1866 2322 Hic

286 2374 348 2418 est
380 2363 520 2434 filius
566 2378 710 2416 meus
736 2362 954 2417 dilectus
980 2361 1195 2433 (Matth.
1226 2377 1359 2430 xvn,
1395 2363 1450 2435 5)
1481 2381 1494 2428 ;
1558 2377 1679 2417 cum
1722 2377 1866 2417 meus

284 2455 433 2512 etiam
462 2454 574 2509 illis
622 2457 897 2526 proprium
940 2470 1062 2511 esse
1087 2454 1337 2521 dicatur,
1376 2470 1512 2526 quos
1562 2472 1669 2513 non
1711 2467 1867 2513 natos

285 2564 396 2604 esse
424 2549 766 2604 manifestum
819 2557 922 2604 est.
984 2547 1102 2604 Non
1143 2560 1297 2603 natos
1325 2562 1506 2606 autem
1529 2566 1652 2607 esse
1682 2593 1697 2616 ,
1741 2551 1868 2607 licet

285 2644 383 2698 nati
408 2657 529 2699 esse
555 2641 823 2706 dicantur.
849 2644 931 2699 vel
954 2657 1021 2698 ex
1044 2657 1111 2699 eo
1140 2647 1366 2700 docetur
1388 2658 1509 2699 cum
1531 2643 1868 2710 dicitur,Po-

283 2736 395 2806 pulo
419 2737 509 2806 qui
534 2743 791 2800 nascetur,
818 2751 965 2807 quem
992 2736 1112 2806 fecit
1140 2735 1389 2793 Dominus
1411 2737 1582 2809 (Psal.
1609 2755 1719 2805 χχι,
1748 2739 1863 2811 '52).

347 2829 431 2884 l5.
462 2827 631 2884 Israel
657 2845 758 2883 non
791 2831 1030 2900 proprius
1058 2830 1200 2900 ﬁlius
1221 2873 1235 2896 ,
1287 2831 1379 2885 sed
1405 2833 1646 2903 proprius
1675 2832 1869 2903 primo-

282 2923 490 2994 genitus.
533 2921 651 2977 Non
680 2933 754 2977 est
781 2924 991 2994 proprie
1016 2924 1158 2995 ﬁlias
1182 2926 1268 2994 qui
1292 2926 1357 2979 sit
1384 2941 1502 2979 cum
1533 2942 1633 2979 non
1663 2927 1861 2997 fuisset.

284 3046 347 3059 ——
376 3016 515 3090 Ergo
542 3018 773 3088 pepulus
798 3019 961 3075 Israel
990 3021 1075 3090 (1)
1103 3020 1343 3076 nascitur
1373 3021 1475 3094 (tt),
1526 3030 1585 3077 ut
1609 3022 1702 3078 liat
1730 3040 1743 3077 :
1773 3038 1867 3079 ne-

285 3124 382 3180 que
405 3125 497 3181 per
520 3109 573 3165 id
605 3110 745 3182 qttod
770 3111 920 3167 nasci
947 3110 1172 3180 dicitur,
1215 3129 1322 3168 non
1353 3113 1519 3188 416
1547 3115 1866 3187 intelligitur

1967 1912 2074 1954 non
2110 1897 2286 1953 fuerit.

2040 1992 2128 2048 16.
2160 1991 2329 2047 Rebus
2353 1990 2591 2044 Immanis
2613 2004 2877 2044 commune
2896 1996 2967 2042 est
2992 1985 3272 2057 aliquando
3294 2000 3394 2039 non
3406 1983 3567 2057 fuisse

1966 2092 2013 2138 et
2042 2098 2107 2138 ea:
2131 2083 2294 2137 nihilo
2318 2098 2444 2137 esse.
2476 2110 2550 2122 —-
2604 2080 2672 2136 Et
2700 2079 3007 2135 nativitates
3054 2077 3273 2150 quidem
3305 2076 3558 2132 humana:

1969 2174 2167 2231 habent
2204 2177 2255 2229 in
2286 2188 2529 2247 tempore
2560 2188 2665 2230 non
2700 2173 2905 2229 fuisse:
2952 2172 3183 2243 primum
3223 2171 3345 2240 quia
3372 2184 3565 2226 omnes

1967 2288 2036 2328 ex
2066 2271 2149 2327 his
2171 2270 2443 2335 omnibus,
2477 2272 2567 2343 qni
2590 2280 2714 2326 ante
2734 2270 2812 2343 (5)
2841 2283 2945 2324 non
2978 2267 3060 2341 (It)
3085 2267 3303 2332 fuerint,
3336 2279 3564 2321 nascan-

1970 2378 2075 2425 tur.
2118 2368 2249 2425 Nam
2291 2370 2505 2424 tametsi
2557 2367 2843 2439 unicuique
2889 2367 3225 2424 nascentium
3268 2379 3334 2421 ex
3384 2378 3450 2420 eo
3490 2362 3564 2419 sit

1967 2464 2120 2534 origo
2149 2461 2451 2533 quifnerit;
2496 2472 2678 2518 tamen
2722 2461 2836 2531 ipse
2868 2461 2993 2524 ille,
3049 2475 3115 2515 ex
3144 2474 3253 2531 quo
3299 2459 3557 2526 nascitur,

1970 2574 2075 2612 non
2106 2556 2205 2612 fuit
2232 2565 2357 2611 ante
2385 2570 2544 2628 quam
2571 2566 2727 2611 natus
2750 2565 2851 2611 cst.
2910 2555 3116 2610 Dehine
3143 2558 3258 2625 ipse
3287 2554 3380 2625 qui
3405 2562 3561 2609 natus

1969 2661 2072 2717 est,
2106 2660 2227 2724 post
2256 2666 2414 2721 quam
2445 2666 2551 2706 non
2585 2650 2681 2705 fuit
2712 2658 2870 2704 natus
2891 2659 2993 2715 est,
3028 2657 3271 2719 tempore
3298 2658 3424 2704 ante
3451 2663 3563 2703 ma-

1970 2756 2153 2810 nente,
2182 2758 2341 2815 quam
2375 2745 2633 2799 nascitur.
2712 2742 2950 2798 Nascens
2992 2742 3133 2796 enitn
3163 2739 3323 2796 hodie
3350 2781 3365 2806 ,
3414 2740 3465 2794 itt
3494 2756 3562 2795 eo

1968 2840 2113 2914 quod
2143 2840 2455 2895 hesternum
2481 2839 2583 2895 fuit
2609 2853 2713 2894 non
2741 2837 2872 2903 fuit;
2931 2838 3061 2894 etin
3094 2836 3143 2893 id
3167 2835 3309 2907 quod
3349 2843 3452 2897 est,
3493 2850 3561 2891 ex

1967 2946 2035 2987 eo
2058 2930 2201 3003 quod
2224 2945 2330 2986 non
2357 2928 2478 2997 fuit,
2506 2931 2692 3002 coepit,
2724 2940 2777 2985 et
2820 2929 2959 2984 intra
3000 2925 3412 2998 intelligentiam
3449 2940 3553 2982 no-

1968 3034 2134 3080 stram
2163 3032 2284 3090 est,
2349 3024 2607 3080 hesterno
2634 3022 2684 3078 id
2712 3064 2727 3091 ,
2767 3023 2908 3091 quod
2958 3021 3116 3078 hodie
3147 3022 3408 3089 nascitur,
3453 3035 3559 3076 non

1967 3118 2152 3175 fuisse.
2187 3118 2362 3189 Atque
2386 3116 2549 3192 417
2589 3118 2659 3173 ita
2690 3117 2942 3172 nativitas
2972 3117 3108 3186 ejus,
3141 3131 3237 3189 per
3265 3130 3427 3186 quam
3455 3124 3560 3179 est,

282 3216 333 3256 et
361 3200 491 3256 ﬁeri.
534 3202 614 3257 Ex
647 3202 936 3274 adoptiOne
964 3204 1108 3259 enim
1130 3214 1218 3260 est
1244 3204 1408 3272 ﬁlius,
1456 3223 1562 3261 non
1604 3224 1668 3261 ex
1697 3223 1863 3279 gene—
1890 3201 1936 3265 C
1970 3221 2090 3282 post
2120 3210 2173 3267 id
2201 3210 2344 3283 quod
2369 3226 2474 3266 non
2493 3209 2787 3265 l'uitmanct
2811 3227 2827 3271 ;
2851 3210 2975 3280 quia
3000 3208 3159 3265 hodie
3183 3211 3411 3279 primum
3441 3216 3565 3279 post

283 3296 510 3362 ratione;
557 3312 734 3366 neque
754 3296 802 3351 ei
858 3296 1164 3367 praprietas
1191 3341 1205 3364 ,
1242 3298 1337 3353 sed
1388 3300 1716 3370 nuncupatio
1758 3309 1861 3356 est.

284 3385 405 3443 Nam
429 3389 557 3445 licet
581 3391 951 3460 primogenitae
977 3406 1118 3444 meus
1137 3390 1206 3446 de
1229 3407 1295 3447 eo
1326 3392 1587 3463 scriptum
1611 3394 1681 3448 sit
1707 3410 1722 3459 ;
1748 3393 1867 3449 ion-

285 3496 345 3551 ge
372 3493 541 3538 tamen
575 3483 911 3553 multmnque
940 3481 1143 3548 dilfert,
1170 3482 1339 3539 Filius
1376 3502 1518 3541 meus
1537 3485 1772 3555 dilectus,
1809 3496 1865 3545 et

288 3571 441 3630 Filius
484 3576 849 3646 primogenita
888 3592 1049 3631 meus.
1125 3575 1225 3633 Ubi
1264 3578 1409 3634 enim
1450 3580 1702 3636 nativitas
1738 3589 1860 3648 est,

290 3665 354 3722 ibi
397 3667 562 3723 Filius
605 3685 745 3723 meus
791 3668 1044 3724 dilectus:
1102 3670 1189 3727 ubi
1238 3685 1369 3726 vero
1418 3671 1616 3730 eleCtio
1644 3689 1709 3730 ex
1732 3687 1865 3743 gen-

290 3760 417 3815 tibus
472 3770 586 3828 est,
669 3768 725 3815 et
790 3761 1008 3831 adoptio
1059 3777 1159 3833 per
1210 3762 1543 3820 voluntatem
1597 3774 1711 3827 est.
1789 3765 1864 3820 ibi

291 3850 439 3909 Filius
464 3855 831 3927 primogenitus
859 3871 1020 3911 meus.
1066 3856 1161 3911 llic
1188 3856 1333 3927 quod
1359 3872 1487 3913 suus
1509 3868 1615 3925 est,
1663 3858 1730 3914 ad
1756 3860 1867 3930 pri-

290 3948 597 4017 mogenitum
626 3957 743 4004 est:
792 3947 902 4003 illic
948 3947 1091 4019 quod
1119 3964 1247 4005 suus
1278 3957 1362 4005 est
1390 3989 1407 4015 ,
1455 3950 1524 4005 ad
1553 3951 1722 4006 lilium
1749 3962 1855 4008 est.

304 4037 368 4109 (2)
397 4039 461 4097 Et
487 4040 539 4095 in
564 4040 845 4096 nativitatc
874 4041 950 4114 (ὁ)
983 4041 1124 4096 lilius
1155 4042 1386 4112 primum
1417 4055 1546 4097 suus
1591 4053 1646 4098 et
1666 4044 1745 4099 sic
1771 4043 1856 4099 di-

292 4130 440 4190 lectus
467 4151 482 4198 ;
533 4143 589 4191 et
616 4135 669 4190 in
702 4134 968 4191 electione
1010 4134 1152 4189 ﬁlius
1178 4134 1413 4205 primum
1446 4136 1855 4207 primogenitns;

290 4229 419 4285 etsie
442 4241 624 4301 postea
656 4244 821 4285 suus:
871 4236 950 4297 ut,
975 4230 1232 4299 adoptato
1273 4245 1341 4283 ex
1368 4229 1618 4285 omnibus
1646 4231 1859 4301 populis

449 4393 726 4489 Nascetur,
757 4403 891 4459 tum,
920 4351 1083 4462 neque
1109 4409 1199 4464 per
1222 4391 1280 4447 id
1299 4392 1437 4462 quod
1464 4394 1707 4462 nascitur,
1748 4410 1853 4451 non
1878 4426 1931 4489 Β

285 4467 593 4538 ialelliyetttr.

344 4537 415 4611 (2)
447 4539 513 4595 Et
533 4542 589 4595 in
609 4539 872 4594 nativitate
898 4538 1030 4609 ﬁlii;
1063 4551 1210 4603 mox,
1238 4547 1284 4592 et
1305 4536 1359 4591 in
1381 4536 1624 4593 electione
1649 4539 1768 4609 ﬁlii.

345 4676 412 4749 (α)
445 4677 749 4747 Exemplar.
774 4677 899 4734 Vat.
926 4675 1051 4749 bas.
1071 4674 1157 4749 hie
1188 4689 1381 4749 praise
1401 4673 1643 4749 fertita;
1703 4673 1848 4749 quod

283 4744 480 4805 tacitum
512 4744 813 4820 intelligere
865 4758 965 4805 est.
1032 4744 1273 4820 Subinde
1304 4747 1356 4800 in
1390 4744 1636 4817 pluribus
1662 4744 1848 4817 prebae

279 4830 404 4893 noue
429 4837 559 4877 mss.
587 4819 744 4892 neque
764 4836 854 4893 per
876 4820 933 4873 id
947 4820 1084 4892 quod
1108 4819 1360 4893 noscitat:

341 4891 411 4965 (b)
455 4894 508 4948 In
538 4887 931 4965 antiquioribus
958 4887 1087 4965 inss.
1116 4889 1294 4965 Quid,
1326 4889 1480 4965 Rem.
1512 4887 1851 4965 etc.3deside-

279 4960 413 5018 ratur
438 4979 535 5019 vox
564 4960 704 5034 ﬁlius
725 4979 746 5019 :
776 4963 930 5034 cujus
957 4963 1077 5017 loco
1126 4961 1325 5034 habent
1362 4960 1523 5034 Bad.,
1555 4961 1674 5027 Er.,
1701 4962 1846 5029 Lips.

278 5043 325 5087 et
353 5035 525 5104 plures
553 5032 686 5090 mss.
719 5032 859 5106 ﬁlii:
910 5035 1054 5106 quod
1092 5032 1483 5103 praeferendum
1508 5073 1524 5099 ,
1571 5034 1618 5088 si
1665 5041 1849 5102 postea

278 5116 386 5160 cum
416 5106 604 5162 iisdem
632 5104 764 5162 edit.
793 5112 850 5161 et
875 5104 1128 5161 omnibus
1163 5119 1332 5174 prope
1377 5118 1509 5159 mss.
1554 5111 1851 5172 anteponit.

279 5183 357 5247 tur
401 5188 448 5233 et
490 5179 548 5232 in
590 5179 834 5232 electione
858 5177 979 5247 ﬁlii.
1023 5176 1209 5231 Lectio
1255 5190 1414 5245 quam
1442 5177 1739 5232 retinemus
1768 5183 1854 5232 est

278 5243 410 5313 Pan,
436 5264 536 5304 ms.
569 5249 783 5304 Martia.
813 5243 868 5303 et
892 5247 1101 5315 aliquot
1127 5243 1375 5303 aliorum.
1410 5248 1421 5315 ᾖ

348 5319 417 5390 (c)
458 5319 577 5375 Vat.
631 5322 747 5375 bas.
805 5335 907 5390 ms.
939 5320 1202 5373 nativitate
1239 5334 1396 5390 vero:
1447 5318 1623 5373 minus
1650 5315 1847 5386 placet.

281 5385 410 5463 Tum?
441 5391 833 5463 editigexcepto
865 5389 991 5446 Par.
1011 5391 1290 5463 ~unigenito
1314 5389 1463 5463 Deo):
1511 5385 1850 5463 imminutam

278 5461 518 5518 exhibent
549 5459 762 5519 Hilarii'
790 5459 1158 5529 sententiam,
1213 5476 1317 5533 qua
1340 5462 1477 5533 rvult
1502 5461 1617 5527 uni,
1676 5459 1729 5515 id
1768 5469 1853 5516 est

275 5533 394 5606 soli.)
421 5534 524 5590 Deo
551 5542 680 5590 nato
697 5535 973 5606 proprium
999 5548 1127 5606 esse
1152 5532 1298 5606 quod
1326 5532 1468 5606 ﬁlius
1489 5533 1579 5586 sit.

341 5604 415 5676 (ά)
446 5602 714 5661 Particula
753 5602 954 5677 negans
995 5605 1048 5660 in
1075 5602 1309 5677 vulgatis
1345 5603 1543 5659 omissa
1573 5602 1853 5677 suppletur

273 5687 337 5748 ex
365 5672 487 5732 mss.
516 5692 748 5748 quorum
773 5672 1096 5748 «iustiores
1120 5672 1371 5741 subinde,
1402 5684 1460 5730 ut
1484 5672 1726 5748 etalias.
1759 5672 1854 5728 ha-

272 5744 414 5821 bent,
435 5744 547 5817 ante
564 5765 721 5821 quam
745 5751 992 5804 nascitur.
1022 5747 1415 5821 Proximeppst
1438 5746 1659 5804 verbum
1686 5745 1852 5818 ﬁeret,

274 5813 327 5873 tit
352 5810 501 5880 adt‘éa
540 5810 666 5894 post
690 5830 793 5879 non
818 5822 936 5894 fuit,
968 5819 1228 5881 relicctttr
1254 5810 1419 5889 ﬁliust

1968 3303 2277 3359 hesternum
2304 3318 2515 3373 tempus
2545 3317 2664 3359 esse
2689 3316 2908 3358 necesse
2934 3312 3037 3368 est,
3067 3310 3124 3356 ιιι
3148 3301 3198 3357 ei
3238 3300 3309 3356 sit
3339 3301 3393 3356 in
3422 3308 3560 3355 tem-

1968 3410 2101 3467 pore
2130 3409 2237 3450 non
2267 3394 2432 3450 fuisse
2493 3395 2561 3451 Et
2585 3393 2703 3449 lucc
2727 3393 2944 3465 quidem
2968 3394 3273 3448 communia
3300 3394 3352 3447 itt
3380 3407 3559 3447 rerum

1966 3488 2324 3543 humanarum
2352 3487 2560 3556 origine
2589 3496 2735 3553 sunt,
2779 3496 2835 3541 ut
2864 3488 3043 3541 omnia
3076 3486 3281 3541 initium
3316 3486 3563 3552 sui,cum

1966 3589 2125 3637 antea
2157 3594 2263 3635 non
2286 3580 2535 3642 fuissent.
2584 3579 2888 3649 accipiant:
2934 3579 3168 3650 primum
3197 3577 3455 3649 quidem,
3508 3587 3568 3635 ut

1966 3672 2274 3738 docuimus,
2307 3689 2407 3744 per
2438 3683 2672 3743 tempus,
2720 3672 2917 3728 deinde
2947 3687 3045 3743 per
3070 3686 3315 3728 causam.
3376 3671 3446 3727 Et
3472 3687 3566 3740 per

1968 3775 2180 3836 tempus
2210 3766 2425 3836 quidem
2481 3781 2586 3821 non
2635 3763 2945 3834 ambiguum
2987 3772 3093 3830 est,
3140 3763 3270 3836 quin
3299 3778 3383 3829 ea,
3433 3778 3556 3834 quae

1967 3873 2110 3916 nunc
2129 3858 2415 3929 coeperint,
2459 3869 2586 3914 ante
2608 3873 2714 3912 non
2743 3856 2977 3913 fuerint:
3030 3870 3125 3927 per
3152 3870 3370 3912 causam
3403 3869 3555 3921 vero,

1968 3954 2092 4024 quia
2125 3953 2208 4009 his
2235 3967 2341 4008 non
2371 3950 2433 4024 (ἰ)
2463 3968 2532 4008 ex
2555 3966 2715 4007 causa
2743 3959 2959 4006 constet
2978 3963 3100 4006 esse
3120 3947 3262 4020 quod
3287 3955 3563 4004 maneant.

1970 4047 2207 4104 Revolve
2254 4046 2396 4103 enim
2440 4061 2629 4101 omnes
2679 4042 2950 4114 originum
3008 4056 3239 4109 causas,
3295 4050 3349 4097 et
3398 4040 3562 4098 intel-

1969 4141 2244 4212 ligentiam
2267 4143 2319 4196 ιιι
2348 4140 2618 4197 anteriora
2650 4147 2909 4194 converte
2940 4155 2952 4192 :
3007 4136 3251 4193 invenies
3288 4135 3422 4190 nihil
3449 4148 3563 4189 cce-

1969 4235 2114 4304 pisse
2140 4248 2237 4304 per
2261 4247 2506 4301 causam,
2552 4232 2680 4287 dum
2725 4229 2908 4287 omnia
2957 4244 3054 4300 per
3100 4224 3472 4284 virtutcmDei
3501 4224 3569 4280 ad

2090 4394 2113 4541 ζ
2138 4396 2419 4467 Antequam
2448 4397 2692 4451 nascitur.

2146 4469 2265 4541 (Van
2294 4469 2559 4541 relinquit.

2052 4467 2113 4539 4)
2146 4469 2265 4523 Non
2294 4469 2559 4539 relinquit.

2057 4540 2113 4614 5)
2144 4540 2428 4597 Omittitur
2459 4556 2585 4596 non.

2030 4676 2103 4748 (c)
2130 4675 2313 4732 Codex
2342 4675 2466 4748 Va_t.
2514 4675 2631 4731 bas.
2684 4674 3013 4748 suifragante
3041 4672 3260 4748 Martio.
3300 4689 3363 4748 ac
3393 4686 3486 4741 per
3509 4671 3566 4726 id

1957 4743 2096 4819 quod
2123 4763 2225 4801 non
2253 4762 2364 4800 vere
2386 4745 2590 4813 Filius,
2633 4763 2759 4819 gens
2794 4743 2905 4810 est;
2938 4745 3295 4815 imprudentis
3325 4743 3566 4812 interpo-

1959 4818 2147 4876 latoris
2189 4832 2376 4886 Opera.

2029 4889 2099 4961 (f)
2142 4888 2278 4943 Illud
2325 4905 2429 4943 non
2470 4888 2539 4943 ab
2567 4886 2793 4942 Erasmo
2819 4886 3050 4961 primum
3091 4901 3222 4941 mss.
3273 4886 3559 4943 renitenti-

1958 4957 2424 5030 bus'expunctum
2495 4973 2838 5013 revocamus.
2882 4957 3234 5012 Pleenasmus
3301 4966 3429 5030 est,
3506 4969 3565 5013 ιιι

1960 5029 2185 5097 Graecis,
2216 5033 2287 5086 ita
2314 5040 2370 5086 et
2400 5030 2603 5086 llilario
2637 5034 2885 5096 usitatus,
2915 5030 3213 5099 negationis
3241 5029 3425 5096 prinue
3452 5030 3558 5084 vim

1960 5119 2067 5159 non
2102 5103 2297 5159 tollens
2327 5144 2343 5170 ,
2392 5102 2487 5157 sed
2520 5117 2721 5173 augens
2751 5144 2765 5169 ,
2811 5100 2985 5173 quasi,
3016 5116 3193 5173 neque
3216 5114 3437 5171 prorsus
3464 5100 3563 5156 luit

1958 5175 2248 5242 aliquando
2279 5189 2385 5229 non
2411 5174 2572 5228 ﬁlius.

2030 5241 2107 5320 (9)
2131 5244 2296 5320 Elim;
2325 5246 2469 5320 (ῖβίιιά
2493 5246 2623 5320 ἱρεε.
2655 5245 2726 5300 At
2751 5259 2882 5320 mss.
2907 5246 3102 5320 aliquid
3130 5245 3261 5316 ipse,
3286 5241 3390 5299 nisi
3416 5243 3560 5315 quod

1959 5317 2015 5374 in
2039 5315 2227 5389 retere
2251 5315 2406 5389 Colb.
2433 5327 2486 5389 et
2513 5315 2697 5389 Germ.
2726 5318 2923 5388 aliquid
2945 5315 3065 5389 ipsi.

2031 5388 2112 5466 (It)
2143 5388 2445 5466 iiuju§_loci
2475 5383 2908 5466 emendationem
2933 5383 3210 5466 debemus
3222 5386 3400 5466 codici
3427 5383 3548 5440 Vat.

1959 5458 2266 5516 bas.'alteri
2286 5459 2570 5526 Vaticano,
2612 5459 2930 5516 Martiniano
2957 5470 3011 5516 et
3040 5458 3394 5515 Pratellcnsi:
3428 5473 3549 5513 cum

1958 5533 2014 5590 in
2037 5532 2156 5588 aliis
2183 5531 2523 5588 desideretur
2553 5530 2816 5601 particula
2838 5547 3061 5603 negans.

2029 5605 2091 5678 (t')
2131 5603 2189 5660 ld
2219 5615 2322 5678 est,
2358 5618 2466 5678 n_on_
2494 5599 2564 5657 es
2584 5618 2763 5678 cause
2800 5599 2991 5678 primae
3024 5602 3360 5678 substantia;
3393 5599 3559 5678 adeo-

1958 5673 2159 5747 que'ex
2187 5674 2356 5729 nihilo
2383 5674 2582 5730 habent
2609 5673 2841 5729 initium.
2867 5675 3092 5731 Animus
3122 5675 3209 5747 Itie
3228 5674 3291 5729 ad
3353 5675 3558 5747 primos

1957 5762 2130 5819 usque
2156 5757 2409 5819 parentes
2440 5754 2656 5802 nostros
2676 5756 2982 5819 revocatur,
3009 5756 3067 5803 ut
3093 5762 3156 5802 ex
3183 5746 3247 5801 iis
3276 5747 3366 5817 qui
3391 5761 3460 5804 ex
3482 5746 3559 5802 ni

1960 5817 2074 5878 bile
2103 5817 2307 5878 conditi
2330 5819 2460 5891 sint,
2482 5829 2662 5878 ortum
2689 5817 2896 5879 habere
2930 5820 3338 5880 convincatuur.
