4106 6192
405 260 515 319 44⁸5

1615 262 1860 320 SANCTI
1905 262 2162 320 lllLARll
2203 264 2504 325 EPISCOPI

3603 267 3707 326 ΑΗ

407 384 461 442 id
484 384 626 456 quod
656 366 782 441 sunt
807 392 1065 443 creantur
1085 427 1100 451 ,
1152 400 1257 443 non
1290 385 1453 442 etiam
1485 394 1779 443 nascuntur
1805 400 1872 441 ex
1901 384 1997 441 ali-
2026 384 2075 445 A
2103 399 2226 441 eum
2258 401 2352 455 per
2380 384 2456 453 id,
2482 385 2625 457 quod
2647 399 2864 457 semper
2882 384 3062 452 fuerit,
3094 385 3421 457 pmdicare:
3455 386 3579 458 quia
3603 385 3705 442 hu-

408 492 536 551 quo.
588 477 668 534 Es
698 493 809 549 quo
832 477 998 535 etiam
1029 477 1322 549 unicuique
1366 479 1551 549 generi
1581 492 1675 549 per
1699 478 2004 535 successio-

409 588 536 630 nem
590 575 760 644 ipsam
816 574 1058 630 naturale
1080 583 1193 642 est,
1246 590 1316 631 nc
1356 590 1461 630 non
1489 573 1651 631 fuerit
1672 583 1728 631 et
1751 573 2002 644 cmperit,

409 665 536 721 dum
568 677 620 725 et
650 674 772 735 post
796 676 1009 738 tempus
1038 666 1091 722 in
1115 676 1357 738 tempore
1383 677 1467 723 est
1494 684 1508 722 :
1557 678 1608 723 et
1635 681 1756 722 culti
1788 682 2005 737 semper

414 758 670 815 universa
717 766 841 829 post
889 770 1100 828 tempus
1153 760 1281 825 sint,
1318 776 1535 816 causam
1580 761 1664 816 sui
1695 776 1907 833 quoque
1937 761 2007 817 de

409 859 565 905 antea
598 866 703 906 non
736 852 1081 909 exstantibus
1123 845 1364 918 sumunt,
1400 853 1527 908 dum
1558 869 1624 909 ex
1648 853 1730 909 his
1771 869 2007 910 nascun-

414 951 499 996 tur
526 958 646 1013 quae
689 952 846 997 antea
879 958 982 998 non
1010 942 1244 1000 fuerint:
1303 946 1423 1013 ipso
1455 945 1549 1001 illo
1573 945 1746 1015 primo
1786 945 2004 1003 humani

409 1032 626 1107 generis
655 1047 877 1106 parente
899 1038 1068 1094 Adam
1103 1053 1167 1095 ex
1216 1045 1362 1094 terra
1386 1080 1400 1105 ,
1444 1056 1564 1108 quae
1610 1056 1674 1096 ex
1705 1039 1872 1095 nihilo
1901 1050 2004 1108 est,

411 1138 466 1185 et
495 1140 615 1199 post
640 1139 872 1200 tempus.
902 1130 977 1203 (a)
1004 1131 1055 1187 id
1076 1142 1179 1199 est,
1208 1134 1564 1204 postcmlum,
1596 1144 1814 1196 terram.
1839 1134 2003 1202 diem,

409 1222 601 1289 solem,
630 1223 808 1278 lunam
841 1232 895 1277 et
921 1235 1063 1277 astra
1097 1222 1351 1291 formato,
1398 1227 1487 1296 qui
1530 1235 1585 1281 et
1625 1225 1698 1301 (ὁ)
1744 1227 2007 1298 originem

410 1331 517 1372 non
551 1316 799 1372 habuerit
831 1317 1086 1373 nascendi
1115 1324 1170 1373 et
1199 1320 1425 1388 cmperit
1448 1333 1569 1374 cum
1600 1336 1704 1373 non
1729 1318 1936 1375 fuisset.

484 1409 570 1465 17.
616 1408 923 1480 Unigenilus
961 1425 1119 1478 neque
1162 1411 1440 1479 aliquando
1477 1428 1579 1466 non
1608 1413 1729 1482 fuit,
1761 1428 1920 1481 neque
1948 1428 2010 1467 ea:

409 1502 592 1558 nihilo.
625 1532 698 1544 —
744 1503 847 1557 Sed
881 1503 1157 1571 unigenito
1188 1504 1318 1567 Deo,
1347 1505 1555 1559 cuinon
1585 1518 1774 1575 przrest
1798 1514 2011 1576 tempus

409 1596 670 1662 anterius,
722 1610 826 1650 non
874 1596 1198 1665 relinquitur
1242 1607 1298 1650 ut
1343 1596 1631 1667 aliquando
1678 1614 1781 1653 non
1827 1598 2008 1666 fuerit,

409 1688 532 1757 quia
560 1687 633 1759 (c)
668 1691 845 1757 ipsum
877 1687 1009 1744 illud
1055 1676 1334 1760 aliquando
1360 1693 1469 1760 jam
1510 1692 1657 1759 prius
1687 1702 1788 1759 est,
1817 1691 2011 1748 deinde

2108 480 2251 535 mani
2314 495 2508 537 sensus
2549 479 2624 554 (g)
2682 481 2937 551 opinione
2995 479 3047 536 id
3096 480 3242 552 quod
3284 496 3500 551 semper
3568 482 3707 549 fuit,

2108 587 2212 629 non
2236 572 2313 645 (4)
2337 575 2568 645 patiatur
2593 584 2653 630 ut
2682 586 2866 632 natum
2883 576 2984 641 sit;
3013 592 3032 627 ι
3058 574 3312 632 nascendi
3342 587 3523 632 autem
3545 591 3707 632 causa

2106 665 2198 732 sit,
2232 675 2290 721 ut
2326 666 2397 721 sit
2423 667 2565 737 quod
2605 683 2711 722 non
2761 677 2907 724 erat:
2939 682 3062 725 esse
3106 683 3238 724 vero
3263 669 3407 739 quod
3442 668 3709 736 nonfuit,

2107 759 2243 815 nihil
2293 759 2438 814 aliud
2479 760 2580 815 sub
2606 760 2883 817 communi
2925 775 3087 816 sensu
3115 775 3262 827 esse,
3291 776 3452 831 quam
3503 761 3705 816 nasci.»

2107 852 2381 921 Adjiciant
2409 868 2538 909 vero
2558 854 2673 908 hmc
2696 863 2882 924 arguta
2914 854 3045 909 satis
3071 863 3234 924 atque
3261 853 3466 913 auditui
3495 853 3710 922 placen-

2108 949 2216 1004 tia:
2257 968 2276 1001 ι
2308 949 2406 1016 Si,
2451 950 2658 1019 inquit,
2688 956 2846 1004 natus
2877 958 2991 1015 est,
3029 950 3224 1018 cmpit;
3250 959 3452 1004 etcum
3504 948 3669 1017 C(Bpit
3694 988 3710 1012 ,

2108 1054 2214 1095 non
2240 1039 2367 1107 fuit;
2397 1048 2596 1096 etcum
2625 1055 2729 1095 non
2759 1040 2880 1108 fuit,
2904 1055 3012 1096 non
3045 1041 3247 1110 patitur
3276 1040 3357 1113 (It)
3392 1050 3450 1095 ut
3470 1040 3650 1097 fuerit.
3687 1061 3706 1096 ι

2108 1131 2286 1202 Atque
2334 1133 2535 1188 idcirco
2567 1133 2666 1203 piae
2689 1133 3057 1204 intelligentia:
3087 1148 3395 1188 sermonem
3421 1148 3543 1191 esse
3574 1148 3709 1189 cou-

2111 1227 2353 1292 tendant,
2421 1226 2581 1284 cNon
2631 1228 2730 1282 fuit
2764 1236 3052 1297 antequam
3096 1236 3444 1283 nasceretur:
3491 1228 3610 1298 quia
3657 1235 3717 1281 nt

2110 1328 2259 1375 esset
2287 1318 2379 1389 qui
2420 1334 2524 1375 non
2565 1329 2704 1385 erat,
2752 1318 2832 1392 (5)
2862 1335 2965 1375 non
2991 1319 3056 1391 (i)
3095 1320 3187 1390 qui
3219 1331 3335 1375 erat
3367 1329 3525 1374 natus
3551 1326 3656 1374 est.
3685 1337 3705 1371 ι

2110 1411 2300 1482 Neque
2337 1414 2483 1483 eguit
2516 1414 2800 1468 nativitate
2837 1413 2932 1484 qui
2966 1420 3104 1479 erat,
3133 1427 3257 1468 cum
3295 1411 3362 1467 ad
3395 1412 3447 1467 id
3485 1418 3544 1467 ut
3572 1420 3719 1468 esset

2115 1504 2204 1575 qui
2233 1520 2337 1558 non
2361 1513 2476 1559 erat
2508 1517 2839 1571 nasceretur.

2186 1597 2274 1655 l9.
2323 1597 2674 1665 Quaestionum
2709 1598 3060 1667 captiosarum
3100 1599 3258 1652 virus.
3301 1595 3400 1651 His
3429 1596 3558 1666 fides
3577 1611 3715 1669 prre~

2115 1691 2347 1764 fei'enda.
2374 1689 2546 1746 —Ac
2593 1692 2823 1761 primum
2872 1699 3190 1761 oportuerat
3214 1690 3460 1745 homines
3499 1688 3717 1759 religio-

408 1793 518 1834 nou
564 1777 733 1834 fuisse
767 1779 876 1847 jam
925 1780 1183 1849 temporis
1227 1790 1342 1836 est:
1390 1789 1447 1836 et
1478 1782 1700 1853 incipiet
1745 1798 1850 1838 non
1896 1794 2013 1854 post
2044 1781 2090 1840 B
2117 1801 2232 1841 sam
2280 1785 2581 1840 divinarum
2635 1800 2815 1842 rerum
2861 1785 3144 1840 scientiam
3195 1781 3581 1853 prteferentes,
3629 1781 3720 1837 ubi

406 1886 529 1926 eum
563 1879 775 1941 tempus
803 1887 946 1938 esse,
980 1872 1075 1927 sed
1108 1873 1221 1945 ipse
1264 1888 1387 1929 esse
1416 1883 1539 1946 post
1570 1883 1805 1944 tempus,
1835 1875 1922 1931 cui
1958 1878 2008 1932 in

408 1979 474 2020 eo
503 1964 648 2035 quod
696 1976 823 2022 ante
872 1982 1035 2037 quam
1085 1968 1325 2023 nascitur
1375 1968 1629 2035 nonfuit,
1670 1956 1725 2025 id
1751 1970 1925 2041 ipsum
1960 1971 2011 2026 in

409 2067 516 2126 quo
545 2072 652 2111 non
681 2055 780 2111 fuit
811 2053 889 2129 (i)
920 2057 1256 2127 prmferetur.
1287 2059 1490 2115 Deinde
1515 2061 1603 2130 qui
1628 2077 1696 2115 ex
1723 2076 1787 2116 eo
1811 2063 1901 2132 qui
1932 2070 2015 2117 est

409 2161 567 2204 natus
588 2158 691 2217 est,
723 2150 953 2219 intelligi
978 2167 1084 2204 non
1115 2159 1293 2221 potest
1317 2167 1384 2208 es
1412 2168 1478 2211 eo
1503 2152 1766 2225 quodnon
1793 2153 1888 2208 fuit
1914 2168 2012 2208 na-

411 2248 498 2297 tus
523 2255 679 2296 esse:
720 2239 800 2314 (2)
830 2240 951 2310 quia
984 2239 1067 2314 (ά)
1108 2242 1157 2298 ei
1204 2243 1249 2297 is
1289 2242 1379 2312 qui
1421 2254 1522 2312 est,
1564 2244 1631 2323 ad
1660 2244 1711 2299 id
1740 2244 1881 2316 quod
1909 2257 2013 2314 est,

411 2348 578 2389 causa
601 2342 718 2399 est;
754 2349 859 2411 non
891 2334 1053 2390 etiam
1084 2336 1136 2391 id
1169 2336 1312 2407 quod
1340 2354 1445 2397 non
1476 2348 1582 2403 est,
1606 2339 1759 2410 origo
1791 2354 2019 2395 nasccn—

409 2425 465 2479 di
487 2434 592 2482 est.
626 2426 772 2497 Ergo
801 2428 885 2483 cui
915 2442 1091 2498 neque
1111 2428 1163 2484 in
1198 2436 1443 2501 tempore
1468 2442 1570 2496 est,
1598 2430 1667 2503 (ε)
1695 2441 1751 2486 ιιι
1777 2431 2017 2503 aliquan-

408 2520 479 2575 do
508 2537 613 2576 non
647 2522 842 2589 fuerit;
883 2539 1060 2594 neque
1090 2524 1140 2578 in
1179 2535 1353 2596 patre,
1385 2525 1554 2601 418
1581 2526 1633 2584 id
1665 2537 1771 2596 est,
1797 2539 2018 2585 auctore

410 2621 514 2680 est,
545 2623 603 2668 ut
627 2614 889 2671 subsistat
910 2630 975 2671 ex
1004 2616 1196 2671 nullis:
1229 2632 1335 2673 non
1358 2619 1575 2691 reliquit
1604 2620 1658 2675 id
1684 2619 1751 2677 de
1776 2636 1836 2678 se
1862 2636 2017 2678 occa-

410 2706 601 2773 sionis,
636 2717 693 2761 ut
721 2716 815 2763 aut
857 2722 925 2763 es
953 2707 1124 2765 nihilo
1153 2718 1312 2767 natus
1340 2711 1431 2779 sit,
1474 2719 1567 2768 aut
1587 2726 1694 2771 non
1722 2713 1887 2771 fuerit
1912 2731 2013 2772 an-

412 2805 627 2870 tequam
660 2810 996 2856 nasceretur.

486 2891 572 2947 18.
617 2893 926 2947 Arianorum
954 2902 1132 2948 contra
1159 2890 1288 2949 Filii
1313 2896 1644 2952 wlernilatem
1674 2898 1913 2970 argutiae.
1942 2928 2016 2940 -—

412 2981 533 3037 Non
565 2998 683 3038 sum
713 2993 889 3041 autem
917 2986 1128 3041 nescius
1162 2986 1453 3058 plerosque
1473 3003 1686 3054 eorum,
1711 2991 1907 3060 quibus
1924 3000 2018 3048 aut

415 3089 512 3145 per
557 3076 887 3147 impietatem
937 3078 1125 3134 obtusa
1157 3094 1308 3134 mens
1352 3090 1753 3138 sacramentum
1790 3084 1883 3139 Dei
1909 3099 2015 3140 non

413 3168 577 3239 capit,
611 3176 705 3224 aut
728 3186 822 3240 per
849 3170 1059 3226 adversi
1084 3171 1303 3243 spiritus
1326 3171 1748 3229 dominationem
1771 3176 1873 3231 sub
1896 3190 2015 3247 spe-

413 3263 497 3319 cie
542 3264 823 3334 religionis
850 3266 1187 3321 obtrcctandi
1239 3265 1348 3321 Deo
1388 3266 1539 3325 furor
1562 3282 1767 3339 pronus
1798 3280 1899 3338 est,
1927 3266 1987 3325 af

416 3356 636 3411 firmare
682 3357 1073 3427 simpliciorum
1124 3357 1347 3414 auribus
1396 3359 1447 3414 id
1485 3361 1693 3418 solere:
1744 3376 1843 3418 nos
1893 3378 2014 3420 cum

414 3461 630 3516 semper
670 3446 866 3503 Filium
920 3448 1084 3505 fuisse
1129 3449 1393 3517 dicamus,
1447 3468 1623 3524 neque
1670 3454 1870 3525 aliquid
1922 3457 2022 3512 ali-

417 3538 634 3611 quando
653 3538 840 3608 fuisse,
890 3542 968 3614 (5)
999 3542 1142 3615 quod
1172 3558 1278 3599 non
1324 3544 1426 3601 fuit
1454 3544 1553 3621 (f);
1586 3545 1703 3604 sine
1746 3548 2023 3608 natit'itate

489 3676 569 3894 gl;
610 3677 949 3749 Prw/eratur.

511 3750 547 3803 2
615 3750 749 3814 Quia
769 3754 880 3808 etis
900 3771 949 3822 qt

516 3822 572 3894 ὅ)
617 3821 733 3891 Quo
758 3840 859 3879 non
881 3825 949 3894 [ut

511 3750 569 3819 2)
615 3750 749 3822 Quia
769 3754 880 3808 etis
900 3753 989 3822 qui
1012 3762 1107 3809 est.

516 3822 572 3895 ὅ)
617 3821 733 3891 Quo
758 3840 859 3879 non
881 3821 1001 3897 fuit.

489 3941 569 4013 (a)
610 3940 903 4019 Sc_ultetus
930 3960 1051 4001 cum
1096 3945 1352 4002 llilarium
1398 3948 1608 4018 arguit,
1657 3948 1800 4019 quod
1837 3958 2014 4006 contra

421 4013 625 4091 Mosen,
656 4013 823 4091 Deum
862 4018 1081 4074 simulet
1105 4018 1260 4075 semel
1297 4013 1487 4075 omnia"
1516 4013 1716 4076 creasie
1758 4028 2011 4091 senserit,

419 4093 579 4160 atque
608 4086 663 4160 in
701 4087 859 4160 hujus
884 4104 1127 4160 censuris
1149 4105 1259 4145 sua:
1285 4090 1443 4145 fidem
1466 4108 1628 4147 unum
1661 4093 1790 4146 citat
1814 4086 2010 4149 librum

425 4171 500 4211 χιι
525 4159 591 4212 de
622 4157 785 4212 Trin;
831 4160 917 4215 vel
939 4159 1066 4216 hinc
1094 4162 1296 4217 indicat
1316 4177 1375 4217 se
1397 4163 1557 4218 etiam
1588 4164 1641 4219 in
1667 4165 1878 4219 caeteris
1899 4181 2006 4219 non

422 4229 554 4309 satis
580 4244 791 4297 mquum
826 4231 1003 4309 [uisse
1018 4232 1256 4309 judicent
1285 4236 1700 4300 sententiarum,
1734 4249 1882 4309 quas.
1912 4237 2013 4292 Pa-

422 4306 789 4378 trestuentur.
819 4300 979 4358 Certe
1021 4300 1261 4378 si_homo
1310 4314 1430 4375 post
1471 4318 1706 4378 tempus,
1737 4300 2017 4378 quia'post

421 4369 642 4452 malum,
675 4382 890 4439 terram,
918 4383 1024 4430 etc.
1070 4369 1361 4442 formatus;
1392 4393 1497 4434 non
1536 4369 1700 4434 siinui
1738 4369 1803 4433 ac
1844 4369 2015 4437 semel

422 4455 601 4495 omnia
628 4452 808 4497 creata
834 4454 977 4499 sunt.

496 4512 571 4589 (ὁ)
612 4513 798 4589 idest,
848 4519 1002 4587 cujus
1052 4520 1220 4589 prima
1246 4520 1396 4589 origo
1434 4537 1539 4577 non
1563 4530 1644 4576 est
1666 4519 1916 4576 nativitas
1945 4538 2010 4579 ex

420 4585 719 4656 substantia
752 4585 1011 4656 parentis,
1034 4585 1128 4646 sed
1151 4585 1356 4647 creatio
1383 4608 1444 4647 ex
1478 4592 1667 4649 nihilo.

2125 1876 2453 1947 evangelica:
2495 1885 2657 1946 atque
2710 1876 3028 1947 apostolica:
3076 1874 3479 1947 praedicationis
3525 1874 3723 1928 veritas

2119 1969 2189 2045 (j)
2221 1967 2561 2039 prmferebat,
2605 1968 2817 2022 callidae
2866 1967 3224 2038 philosophiae
3264 1975 3534 2021 tortuosas
3575 1980 3726 2033 qua:-

2117 2062 2325 2116 stiones
2369 2059 2625 2130 abjicere,
2670 2069 2727 2117 et
2750 2058 2950 2117 sectari
2972 2059 3152 2130 potius
3184 2059 3344 2114 fidem
3374 2074 3493 2128 qua-
3525 2058 3575 2111 in
3612 2059 3722 2111 Deo

2121 2164 2233 2211 est:
2264 2155 2393 2225 quia
2426 2169 2644 2210 sensum
2689 2153 2960 2210 infirmum
2989 2152 3147 2210 facile
3171 2152 3295 2208 fidei
3330 2166 3443 2206 sum
3475 2152 3726 2222 praesidio

2119 2248 2396 2318 Sophisma
2442 2248 2791 2318 syllogisticte
2838 2246 3279 2318 interrogationis
3321 2254 3565 2310 exueret,
3597 2260 3724 2298 cum

2122 2342 2362 2413 captiosa
2394 2342 2695 2412 propositio
2723 2340 3130 2413 responsionem
3159 2338 3483 2408 simplicem,
3513 2336 3727 2406 sibique

2119 2434 2417 2493 secundum
2480 2434 2958 2505 interrogationem
3008 2447 3189 2489 rerum
3234 2428 3720 2493 obsecundantem,

2120 2528 2187 2585 ad
2214 2528 2459 2582 ultimum
2482 2526 2593 2597 jam
2628 2540 2823 2582 sensus
2848 2526 2932 2582 sui
2975 2524 3398 2594 interrogatione
3420 2521 3723 2595 Spoliaret;

2120 2630 2179 2677 ut
2215 2619 2361 2691 quod
2410 2619 2742 2691 professione
2788 2618 3085 2686 amisisset,
3142 2615 3196 2671 id
3231 2616 3345 2686 jam
3382 2613 3717 2670 conscientia

2121 2728 2229 2768 non
2276 2719 2506 2769 teneret.
2540 2710 2680 2779 Quid
2720 2710 2866 2766 enim
2896 2717 3002 2764 tam
3054 2707 3365 2764 necessario
3410 2706 3717 2776 interroga-

2116 2804 2249 2863 tioni
2276 2802 2685 2870 obsecundabit,
2714 2817 2874 2872 quam
2906 2811 2964 2856 ut
2985 2817 3107 2856 cunt
3128 2815 3158 2854 a
3189 2798 3341 2855 nobis
3361 2796 3525 2871 519
3562 2812 3713 2868 qua:-

2118 2912 2293 2967 ratur,
2323 2900 2493 2956 Estne
2515 2898 2719 2970 aliquid
2765 2906 3053 2969 antequam
3105 2893 3385 2950 nascitur?
3412 2893 3468 2949 ln
3520 2890 3731 2962 profes-

2122 2996 2277 3051 sione
2323 3002 2505 3049 nostra
2551 2993 2643 3054 sit.
2674 3004 2782 3046 non
2815 2989 2979 3046 fuisse
3021 2986 3097 3060 (It)
3124 2997 3251 3042 ante
3280 2985 3420 3058 quod
3446 2983 3729 3039 nascitur?

2119 3087 2307 3158 Neque
2331 3086 2477 3142 enim
2522 3094 2614 3139 aut
2646 3083 2698 3138 in
2725 3091 2912 3138 natura
2958 3089 3050 3135 aut
3076 3081 3129 3135 itt
3175 3078 3497 3136 necessitate
3527 3087 3630 3142 est,
3661 3087 3720 3132 ut

2122 3182 2264 3255 quod
2291 3190 2376 3237 est
2418 3189 2709 3238 nascatur:
2755 3192 2877 3233 cum
2910 3177 3056 3233 nasci
3089 3174 3216 3246 quid
3243 3175 3314 3230 ob
3345 3173 3399 3228 id
3436 3182 3642 3227 tantum
3667 3183 3729 3226 ut

2124 3278 2215 3344 sit,
2250 3274 2314 3346 (l)
2338 3288 2443 3330 non
2476 3273 2598 3343 quia
2627 3280 2764 3339 erat,
2799 3283 3022 3325 necesse
3045 3268 3134 3323 sit.
3165 3267 3320 3337 Quod
3344 3281 3464 3320 cum
3494 3279 3721 3320 conces-

2123 3384 2243 3425 sum
2296 3365 2458 3422 fuerit
2486 3379 2515 3419 a
2554 3364 2733 3430 nobis,
2806 3360 2928 3433 quia
2972 3370 3121 3417 recte
3160 3358 3507 3424 conceditur;
3576 3358 3729 3412 eauti

2127 3460 2209 3535 (6)
2236 3458 2717 3515 lideiconscientia
2749 3454 2864 3527 (ιιι),
2898 3455 3039 3528 capti
3063 3454 3172 3524 iam
3196 3452 3378 3524 impiis
3402 3460 3564 3523 atque
3593 3450 3731 3505 alie-

2131 3555 2217 3609 nis
2241 3552 2434 3609 studiis
2460 3549 2878 3620 acquiescimus.

2315 3688 2438 3744 Non
2462 3688 2678 3759 patitur.

2212 3691 2245 3746 ὃ
2315 3688 2438 3744 Non
2462 3688 2678 3759 patitur.

2310 3762 2432 3836 Αἴθῃ
2448 3761 2569 3836 quia
2588 3769 2719 3836 erat,
2749 3765 2881 3825 tum,
2904 3756 3025 3828 quia
3048 3771 3152 3811 non
3181 3764 3306 3810 erat.

2207 3832 2265 3906 6)
2304 3832 2458 3889 Fidei
2486 3832 2716 3888 scientia.

2122 3962 2294 4017 stere,
2318 3960 2425 4007 etc.
2468 3950 2681 4020 Quippe
2707 3961 2839 4003 voce
2867 3946 3029 4016 patris
3057 3942 3315 4015 qualibet
3349 3957 3510 3998 causa
3535 3943 3621 4000 hic
3648 3945 3725 4000 si-

2167 4026 2433 4079 nilicatttr.

2128 4041 2433 4097 gntucautr.

2142 4134 2159 4150 .
2189 4097 2263 4169 (Ῑ)
2303 4094 2469 4169 Iidem
2522 4094 2761 4169 codices,
2815 4104 2916 4169 quo
2949 4086 3228 4169 nonfuit:
3267 4101 3441 4169 neque
3468 4085 3557 4142 hic
3598 4088 3716 4169 pia:

2118 4157 2263 4222 cen't'.
2320 4166 2557 4237 Negatur
2603 4164 2771 4237 Filius
2798 4157 3014 4237 aliquid
3040 4158 3327 4229 aliquando
3360 4157 3545 4222 fuisse,
3573 4157 3716 4226 quod

2121 4253 2228 4293 non
2269 4229 2487 4310 semper
2526 4236 2709 4310 fuerit,
2754 4248 2850 4288 seu
2888 4229 3181 4302 quidquam
3221 4243 3566 4300 comparasse
3608 4246 3718 4302 quo

2124 4307 2412 4386 aliquando
2441 4307 2699 4386 caruerit-
2733 4375 2750 4386 ,
3238 4373 3278 4386 -ι
3346 4372 3359 4386 -
3566 4374 3598 4386 -·

2174 4372 2250 4465 (εἰ)
2275 4375 3058 4465 κάμενορετάρ.ε.τετεεξβπ,ιῑιψιιε
3075 4372 3716 4465 [πλεξςὲξτιξιξῐιξλθςξίιξξξυ

2117 4446 2459 4509 referendum
2477 4446 2551 4505 ad
2580 4449 2848 4517 id,‘,quasi,
2866 4446 2919 4500 id
2937 4462 3037 4500 non
3065 4446 3298 4499 admittat
3327 4454 3383 4499 ut
3401 4456 3577 4517 natum
3597 4447 3685 4500 sit.

2188 4525 2272 4597 (lt)
2310 4524 2528 4595 Aliquot
2549 4514 2732 4597 proba:
2763 4532 2901 4575 noue
2924 4532 3054 4573 mss.
3080 4527 3135 4572 ut
3169 4534 3271 4573 non
3292 4517 3461 4588 fuerit.
3491 4514 3573 4571 An
3595 4533 3711 4588 pro,

2115 4607 2169 4649 ut
2198 4592 2301 4651 non
2328 4592 2431 4650 non
2460 4592 2660 4667 fuerit?

493 4655 576 4751 {fi
611 4656 1154 4751 ξέῑξὲπξιξξὶρυόξοεε,
1204 4664 1358 4751 ipsud
1411 4665 1567 4749 illud.
1598 4664 2010 4751 Tum‘edities:
2038 4688 2092 4748 Ῑ)
2187 4668 2252 4751 (ἡ)
2293 4667 2422 4723 Bad.
2452 4655 2512 4751 et
2534 4665 2922 4751 pluresiuss.,
2956 4677 3053 4715 non
3082 4660 3204 4730 quia
3225 4668 3334 4715 erat
3360 4668 3441 4716 et:
3466 4669 3521 4716 ct
3559 4675 3704 4724 nios.

420 4738 578 4797 cepto
622 4729 747 4785 Par.
798 4732 1076 4802 aliquando
1118 4729 1234 4810 fani
1269 4739 1519 4810 temporis
1561 4746 1672 4791 est:
1709 4745 1758 4791 el
1799 4737 2012 4810 incipiet

421 4810 527 4880 etc.
578 4812 949 4880 restaurantur
990 4820 1061 4861 ex
1098 4808 1219 4880 aliis
1265 4807 1436 4863 libris.
1486 4807 1877 4880 Argumentum
1906 4807 2013 4880 :hic

422 4868 654 4953 habetur
685 4877 1061 4953 gravissimum
1109 4878 1371 4953 adversus
1415 4868 1647 4936 Arian'os
1690 4882 1780 4953 qui
1814 4882 1864 4953 in
1896 4878 2009 4936 fore

422 4942 583 4999 mulis
623 4942 755 5011 suis,
809 4950 1141 5023 Antiochena
1160 4951 1387 5016 scilicet,
1440 4963 1664 5023 utraque
1704 4942 2010 5015 Sirmiensi.

421 5028 632 5069 necnon
681 5019 1251 5089 pseudo-Sardicensi,
1292 5034 1399 5079 etc.
1425 5019 1619 5079 Filium
1648 5034 1776 5080 ante
1811 5023 2010 5079 saecula

422 5093 477 5139 et
501 5094 738 5159 tempora
773 5092 1185 5159 profitebantur.

494 5157 575 5227 (ιι)
620 5157 787 5236 ζῐάίιὶξ
807 5162 929 5226 quia
966 5167 1076 5234 ejus
1102 5166 1191 5236 qui
1224 5174 1339 5236 esi:
1370 5172 1479 5220 tum
1507 5166 1656 5236 Lips.
1687 5176 1740 5223 et
1769 5165 1920 5229 Par.,
1945 5166 2015 5219 ad

420 5226 477 5281 id
495 5226 635 5311 quod
660 5242 734 5289 est
776 5249 933 5288 causa
962 5226 1125 5306 ῥητοί
1148 5248 1241 5311 est.
1267 5226 1612 5306 Castigantur
1643 5255 1712 5295 ex
1753 5251 1883 5311 mss.
1907 5226 2014 5293 Su-

424 5309 606 5367 perius
655 5313 931 5359 ostensum
963 5317 1065 5370 est,
1112 5309 1267 5363 nobis
1291 5320 1469 5363 ortum
1500 5326 1620 5365 esse
1647 5327 1710 5366 ex
1743 5309 1935 5374 nihilo,
1962 5318 2018 5364 et

423 5385 532 5451 non
560 5388 624 5451 ex
656 5387 853 5431 causa:
897 5392 1038 5432 nunc
1061 5377 1187 5433 Filii
1213 5381 1366 5451 origo
1387 5396 1452 5435 es
1476 5395 1657 5447 causa,
1704 5399 1810 5437 non
1833 5396 1900 5439 ex
1928 5381 2013 5435 ni-

426 5441 537 5496 hilo
560 5444 981 5504 demonstratur.

450 5587 462 5599 .
497 5516 572 5589 (ε)
613 5519 668 5570 ln
693 5528 905 5599 vetule
934 5520 1122 5599 codice
1148 5520 1302 5599 Colb.
1335 5531 1392 5599 et
1418 5523 1603 5599 Germ.
1638 5540 1846 5582 necnon
1876 5525 2017 5581 Mar-

425 5591 556 5668 ιξιι.ἱ
583 5599 639 5642 ut
667 5604 767 5643 non
801 5591 1081 5662 aliquando
1108 5611 1209 5668 non
1240 5596 1415 5668 [ueri].
1445 5596 1631 5652 Melius
1662 5599 1714 5653 io
1748 5599 1867 5653 aliis
1895 5611 2019 5667 par-

430 5659 589 5715 ticula
621 5675 822 5730 negans
859 5659 964 5736 non
992 5659 1313 5736 geminatur.
1347 5666 1457 5722 Hoc
1485 5673 1629 5724 enim
1661 5670 1758 5725 sibi
1788 5659 1933 5724 vult':
1964 5667 2018 5724 in

436 5743 611 5813 quem“
647 5747 761 5813 non
804 5735 949 5791 cadit
994 5735 1089 5794 aut
1123 5752 1371 5811 respectu
1413 5744 1671 5813 temporis
1732 5740 2023 5813 aliquando

443 5815 554 5858 non
585 5800 774 5871 fuisse.
829 5816 923 5865 aut
965 5800 1230 5883 respectu'
1259 5819 1494 5873 auctoris
1528 5800 1601 5874 ex
1636 5814 1799 5873 nullis
1827 5800 2027 5871 'subsi-

2119 4742 2367 4816 quia_no_n
2406 4748 2513 4794 erat
2545 4742 2894 4816 nasceretur.“
2927 4803 2939 4816 .

2196 4811 2265 4884 (j)
2306 4811 2400 4865 Er.
2424 4825 2487 4864 ac
2507 4803 3433 4884 sequenteseditiones,_prizcellebat
3456 4819 3485 4884 :_
3501 4813 3555 4857 at
3577 4803 3712 4883 Bad.

2122 4891 2177 4953 et
2206 4875 2365 4948 iussn,
2390 4875 2713 4953 praeferebat,
2740 4877 2859 4933 scil.
2883 4891 3063 4953 rerum
3078 4876 3381 4953 divinarum
3411 4875 3714 4953 scientiam.

2123 4945 2412 5024 Egregium
2464 4945 2749 5024 monitum,
2798 4960 2855 5003 ut
2896 4948 2985 5004 ubi
3020 4946 3143 5024 ﬁdei
3179 4946 3438 5024 doctrina
3474 4945 3713 5024 afl‘ulget,

2120 5018 2378 5095 captiosis
2422 5022 2862 5095 philosOphorutn
2909 5018 3298 5095 quaestionibus
3340 5019 3718 5095 nonprtebea-

2122 5089 2243 5151 mus
2267 5089 2475 5159 aurem,
2500 5109 2600 5150 nec
2630 5089 2698 5148 ab
2722 5106 2785 5147 ea
2817 5105 2916 5146 nos
2960 5090 3067 5145 ulla
3092 5089 3301 5145 ratione
3331 5089 3514 5146 divelli
3549 5091 3717 5158 patia-

2122 5182 2263 5223 mur.
2298 5168 2562 5234 Quocirca
2606 5179 2714 5221 non
2746 5163 3070 5233 placetcum
3111 5160 3300 5219 codice
3326 5161 3556 5227 Pratel.,
3577 5177 3715 5233 pra:-

2147 5239 2402 5294 'erebatur.

2125 5239 2402 5382 (afﬁgi:
2433 5309 2553 5364 Par.
2595 5322 2715 5363 cum
2744 5304 3046 5377 potioribus
3098 5318 3228 5361 mss.
3271 5303 3377 5360 Alii
3416 5317 3544 5360 vero
3566 5302 3709 5371 libri,

2120 5381 2239 5437 ante
2261 5398 2413 5451 quant
2442 5381 2691 5435 nascitur.

2198 5445 2282 5524 (l)'
2302 5455 2586 5521 Antiquior
2620 5451 2790 5506 codex
2820 5448 2979 5505 Colb.
3013 5462 3135 5524 cum
3164 5445 3380 5524 liartin.
3412 5455 3470 5524 et
3496 5448 3713 5524 Gern_i.,

2128 5518 2347 5596 non'qui
2378 5518 2506 5592 erat,
2532 5523 2735 5596 omissa
2762 5529 2889 5596 ante
2911 5518 3279 5596 _v0c_ula_gui_d:
3313 5533 3419 5596 non
3451 5520 3521 5596 ita
3553 5519 3713 5596 male.

2200 5590 2295 5668 (nt)
2339 5595 2395 5651 In
2426 5590 2669 5666 vulgatis,
2693 5594 2815 5665 ﬁdei
2846 5590 3293 5668 scientia.Verius
3320 5591 3374 5668 in
3400 5590 3718 5668 melioribus

2127 5660 2287 5741 mss,
2332 5668 2455 5741 ﬁdei
2498 5660 2835 5741 coitscientia:
2873 5674 2953 5731 ut,
2976 5661 3427 5741 quemadmodum
3469 5660 3719 5741 superius

2132 5733 2380 5814 habetur,
2407 5739 2542 5812 quod
2564 5737 2881 5814 professione
2918 5735 3191 5803 amisisset,
3222 5733 3279 5795 id
3308 5735 3426 5809 jam
3451 5734 3713 5793 conscien-

2143 5812 2217 5870 tia
2244 5828 2347 5871 non
2369 5819 2575 5872 teneret.

3778 1944 3814 1977 9
