4106 6192
325 284 446 343 “5

1554 286 1643 344 DE
1690 284 2061 346 TRINITATE
2101 287 2303 346 LIBER
2342 288 2459 348 Xll.
2510 311 2517 319 ο

3536 295 3641 353 416

326 442 335 457 .
404 404 501 460 20.
546 402 647 459 Ηίε
691 420 792 459 non
847 402 1084 459 caveri/ite
1128 410 1345 472 tantum,
1378 403 1468 460 sed
1511 413 1558 457 et
1594 404 1941 477 confutandtc.
1972 413 2020 477 Α
2051 407 2213 464 Patre
2231 409 2320 480 qui
2340 425 2538 482 semper
2557 419 2649 464 est.
2673 409 2954 467 —Cesset
2980 409 3159 482 itaque
3191 410 3499 465 sollit-iludn
3532 428 3643 482 prr-

330 496 503 553 Fides
529 499 681 553 docta
708 498 832 570 quid
852 508 1055 570 prastat
1084 496 1325 553 indocta.
1349 527 1425 540 -—
1459 496 1614 567 Quod
1641 498 1937 569 providens

332 602 471 649 ante
495 592 687 649 beatus
732 593 1026 664 Apostolus
1060 591 1277 660 Paulus,
1306 592 1463 647 sicuti
1492 592 1804 664 frequenter
1842 606 1936 647 os-

336 688 634 751 tendimus,
664 698 719 742 ut
740 701 1059 743 caveremus
1092 684 1391 756 admonuit,
1418 686 1636 742 dicens:
1671 685 1850 741 Videte
1876 701 1941 740 ne

334 784 454 854 quis
476 798 561 837 vos
592 781 776 853 spoliet
804 796 895 853 per
931 779 1317 853 philosophiam
1347 791 1392 833 et
1432 778 1637 833 inanem
1680 778 1939 845 deceptio~

338 894 480 941 nem,
504 876 787 931 secundum
809 875 1155 949 .traditionem
1180 875 1463 942 hominum,
1517 874 1795 928 secundum
1833 874 1940 929 ele-

337 980 512 1025 menta
541 970 741 1036 mundi,
765 978 815 1024 et
839 985 943 1024 non
964 969 1247 1025 secundum
1276 966 1558 1035 Christum,
1589 970 1643 1023 in
1665 985 1765 1040 quo
1791 968 1943 1022 inha-

343 1066 468 1120 bitat
510 1067 676 1119 omnis
714 1064 977 1133 plenitudo
1017 1061 1301 1117 divinitatis
1345 1063 1681 1133 corporaliter
1714 1058 1937 1134 (Coloss.

342 1174 408 1224 lt,
439 1159 474 1215 8
503 1168 553 1213 et
577 1157 661 1229 9).
688 1156 996 1214 Cavendum
1044 1157 1207 1228 igitur
1232 1156 1516 1212 adversum
1547 1155 1942 1227 philosophiam

337 1259 446 1313 est.
465 1259 523 1308 et
539 1251 895 1306 humanarum
918 1249 1266 1306 traditionum
1290 1261 1518 1304 nontam
1547 1249 1793 1305 evitanda
1817 1254 1945 1304 sunt

336 1343 520 1401 studia
541 1386 555 1410 ,
584 1357 742 1414 quam
783 1341 1085 1398 refutanda.
1124 1341 1312 1411 Neque
1350 1341 1490 1397 enim
1538 1341 1621 1396 his
1653 1341 1724 1395 ita
1747 1354 1941 1396 conce-

336 1441 579 1496 dendum
601 1447 704 1506 est,
728 1438 882 1509 quasi
909 1439 1129 1492 vincant
1151 1436 1328 1508 potius
1374 1451 1533 1507 quam
1560 1436 1747 1491 fallant
1774 1454 1786 1488 :
1820 1436 1942 1505 quia

338 1549 448 1589 nos
476 1531 749 1589 Chrismm
779 1531 872 1587 Dei
908 1532 1163 1587 virtutem
1196 1538 1251 1587 et
1278 1529 1371 1586 Dei
1399 1530 1715 1600 sapientiam
1750 1528 1943 1599 prmdi-

339 1636 553 1694 cantes,
578 1640 792 1697 acquum
816 1630 903 1679 est
932 1624 1192 1678 humanas
1223 1621 1499 1677 doctrinas
1521 1636 1627 1676 non
1651 1629 1756 1685 tam
1780 1619 1943 1676 ditiu-

349 1734 502 1791 gere,
543 1733 702 1789 quam
738 1716 1022 1782 refellere;
1064 1728 1118 1772 et
1148 1716 1221 1789 (a)
1251 1714 1630 1785 simpliciores,
1661 1731 1727 1770 ue
1760 1714 1828 1769 ab
1858 1714 1945 1769 his

2045 498 2217 556 ﬁdite:
2248 517 2423 573 neque
2450 518 2646 575 negare
2672 518 2791 570 nos,
2821 504 2944 576 quia
2972 505 3083 576 ipsa
3112 520 3218 559 non
3245 506 3511 577 intelligit.
3533 506 3645 561 cxi—

2044 595 2252 662 stitnet,
2275 594 2416 666 quod
2437 596 2610 651 solum
2635 612 2663 650 a
2697 595 2850 652 nobis
2874 597 3009 652 bene
3038 608 3090 653 et
3116 598 3433 671 intelligitur
3455 609 3509 654 ct
3528 616 3646 657 cne-

2043 688 2209 745 ditur.
2241 688 2376 744 Nam
2411 689 2523 761 ipsa
2553 706 2863 746 sermonum
2896 694 3271 749 enuntiatione
3307 710 3428 749 cum
3458 706 3642 753 uatum

2045 780 2127 856 (4)
2178 783 2519 855 proﬁtemur,
2550 800 2658 839 non
2704 795 2881 840 tamen
2908 801 3014 840 non
3052 794 3234 842 natum
3268 787 3641 857 praedicamus.

2042 874 2229 949 Neque
2275 877 2416 931 enim
2447 877 2497 931 id
2547 877 2719 948 ipsum
2766 886 2850 933 est
2894 893 3001 934 non
3023 888 3204 934 natum
3252 888 3413 952 atque
3454 882 3641 938 nasci:

2044 970 2167 1041 quia
2194 970 2324 1025 illud
2348 971 2416 1025 ab
2442 968 2637 1039 altero,
2674 971 2777 1026 hoc
2813 985 2943 1025 vero
2967 986 2996 1025 a
3035 971 3253 1026 nemine
3274 982 3375 1053 est.
3408 971 3471 1026 Et
3502 971 3644 1026 aliud

2044 1072 2126 1117 est
2166 1062 2283 1118 sine
2323 1074 2543 1118 auctore
2571 1079 2693 1119 esse
2738 1079 2952 1134 semper
3001 1074 3283 1132 teternum,
3310 1062 3454 1119 aliud
3500 1064 3640 1135 quod

2047 1157 2206 1227 patri,
2240 1156 2291 1211 id
2323 1166 2426 1225 est,
2452 1157 2657 1212 auctori
2699 1166 2785 1211 est
2809 1168 3158 1213 coaeternum.
3184 1155 3284 1212 Ubi
3318 1156 3465 1212 enim
3494 1167 3645 1227 pater

2046 1260 2234 1305 auctor
2256 1259 2359 1315 cst,
2386 1249 2457 1306 ibi
2480 1260 2537 1307 et
2574 1251 2826 1306 nativitas
2855 1261 2970 1317 est;
2993 1260 3045 1305 at
3078 1266 3204 1305 vero
3230 1251 3320 1306 ubi
3344 1260 3533 1306 auctor
3567 1268 3642 1305 tc-

2048 1354 2234 1401 ternus
2259 1354 2363 1412 est,
2414 1346 2486 1400 ibi
2527 1356 2579 1401 ει
2623 1344 2701 1419 (h)
2737 1344 3032 1400 nativitatis
3056 1346 3329 1399 :ctcrnitas
3374 1355 3484 1399 est:
3520 1346 3644 1415 quia

2047 1437 2187 1493 sicut
2214 1438 2463 1493 nativitas
2496 1438 2565 1492 ab
2589 1448 2810 1493 auctore
2860 1447 2961 1503 est,
2992 1439 3067 1493 ita
3095 1446 3149 1492 et
3174 1437 3243 1492 ab
3283 1446 3487 1492 aeterno
3513 1453 3641 1491 anc-

2048 1537 2166 1585 tore
2186 1539 2387 1585 aeterna
2418 1529 2668 1585 nativitas
2694 1541 2798 1586 est.
2828 1529 3001 1586 Omne
3028 1539 3229 1596 autem,
3258 1529 3400 1603 quod
3431 1545 3645 1600 semper

2047 1634 2154 1689 est,
2184 1627 2345 1681 etiam
2373 1635 2633 1680 mternum
2678 1634 2780 1680 est.
2812 1625 2916 1681 Sed
2949 1635 3123 1679 tamen
3152 1640 3258 1679 non
3291 1640 3471 1691 omne,
3501 1624 3642 1696 quod

2048 1727 2308 1772 mternum
2337 1726 2440 1785 est,
2465 1718 2625 1773 etiam
2658 1718 2900 1773 innatum
2928 1727 3030 1772 est.
3056 1716 3189 1786 Quia
3217 1716 3359 1787 quod
3389 1719 3455 1769 ab
3486 1725 3644 1771 teter-

339 1809 669 1880 spolientur,
700 1817 756 1865 et
778 1808 1069 1866 obstruere
1095 1816 1151 1865 et
1191 1810 1480 1864 instruere.
1513 1807 1645 1863 Nam
1673 1822 1794 1863 cum
1822 1823 1944 1879 pos-
1973 1816 2020 1877 Β
2051 1826 2120 1863 no
2168 1809 2428 1874 nascitur,
2483 1809 2644 1865 habet
2690 1818 2951 1866 :eternum
2978 1827 3098 1866 esse
3138 1810 3281 1882 quod
3313 1821 3494 1867 natum
3535 1821 3639 1867 est.

343 1903 420 1956 sit
449 1901 626 1956 omnia
654 1943 669 1967 ,
722 1899 802 1973 (l)
832 1901 884 1955 in
920 1916 981 1955 ea
1014 1900 1087 1975 (b)
1122 1900 1237 1971 ipsa
1274 1900 1457 1956 omnia
1500 1900 1773 1970 sapienter
1803 1900 1943 1956 Deus

338 1991 538 2064 possit,
566 2006 667 2047 nec
687 1990 872 2047 virtuti
898 1989 1016 2062 ejus
1041 1992 1202 2057 ratio,
1229 2006 1329 2047 nec
1348 1992 1542 2047 rationi
1565 1990 1735 2046 virtus
1762 1990 1833 2065 (c)
1849 1992 1944 2046 ab-

340 2088 536 2156 sistat;
577 2095 793 2157 oportet
829 2101 955 2153 eas,
1007 2086 1097 2158 qui
1128 2086 1404 2143 Christum
1440 2085 1740 2157 przedicant
1779 2100 1941 2139 mun-

341 2181 437 2247 do,
482 2180 799 2252 lrreligiosis
842 2180 1028 2235 mundi
1076 2180 1516 2252 imperfectisque
1544 2179 1806 2236 doctrinis
1848 2192 1945 2250 per

341 2275 625 2330 scientiam
654 2274 916 2345 sapientis
944 2275 1357 2344 omnipotentiae
1382 2275 1697 2342 contraire,
1747 2288 1943 2329 secun-

340 2368 475 2423 dum
505 2368 635 2423 illud
663 2368 807 2423 beati
827 2368 1073 2439 Apostoli
1105 2367 1309 2423 dictum
1334 2386 1347 2423 :
1397 2367 1592 2423 Nostra
1620 2368 1753 2422 enim
1798 2385 1944 2423 arma

346 2479 449 2517 non
480 2472 595 2517 sunt
630 2463 886 2529 carnalia,
914 2463 1004 2517 sed
1036 2463 1264 2533 potentia
1289 2459 1422 2529 Deo,
1448 2463 1516 2516 ad
1551 2463 1945 2517 destructionem

344 2558 709 2624 mrtitionunt,
755 2554 981 2611 rationes
1021 2556 1352 2622 destruentia,
1383 2565 1430 2610 et
1479 2572 1677 2610 omnem
1710 2556 1944 2610 altitudi-

345 2668 464 2707 nem
500 2652 746 2707 eleuatum
774 2650 1019 2704 adversus
1039 2650 1379 2723 cognitionem
1429 2649 1524 2705 Dei
1550 2649 1615 2722 (ll
1646 2649 1768 2706 Cor.
1811 2665 1867 2716 χ,
1911 2648 1946 2706 4

345 2754 397 2800 et
422 2743 507 2818 5).
540 2743 729 2800 Fidem
762 2756 865 2798 non
891 2743 1087 2799 nudam
1116 2745 1407 2815 Apostolus
1422 2751 1586 2814 atque
1614 2745 1827 2814 inopem
1861 2758 1947 2798 ra-

345 2838 510 2894 tionis
558 2836 812 2909 reliquit:
854 2852 975 2908 quae
997 2839 1243 2908 quamvis
1292 2837 1574 2908 potissima
1608 2837 1675 2893 ad
1713 2838 1942 2893 salutem

344 2932 440 2999 sit,
484 2941 665 2987 tamen
718 2931 823 2986 nisi
879 2945 975 3000 per
1018 2930 1317 2987 doctrinam
1371 2931 1693 3000 instruatur,
1726 2932 1946 2990 habebit

348 3022 570 3094 quidem
602 3021 742 3079 inter
764 3022 986 3078 adversa
1016 3029 1187 3078 tutum
1215 3022 1294 3096 (2)
1321 3022 1621 3095 refugiendi
1647 3025 1729 3099 (ά)
1760 3041 1944 3082 reces-

346 3132 493 3183 sum,
524 3132 633 3172 non
674 3117 838 3172 etiam
880 3118 1135 3173 retinebit
1179 3129 1515 3174 constantem
1549 3120 1619 3191 (e)
1666 3121 1946 3180 obnitcndl

2047 1900 2199 1970 Quod
2238 1913 2418 1957 autem
2465 1918 2571 1958 non
2615 1913 2798 1958 natum
2838 1913 2940 1971 est,
2973 1904 3023 1958 id
3052 1920 3173 1960 cum
3213 1907 3642 1960 acternitatenou

2048 2004 2230 2052 natum
2277 2005 2377 2051 est.
2409 1995 2562 2065 Quod
2608 2012 2740 2053 vero
2784 2013 2849 2053 ex
2894 2010 3097 2053 rcterno
3138 2010 3320 2053 natum
3371 2009 3474 2065 εει,
3516 1997 3567 2052 id
3598 1997 3643 2053 si

2048 2106 2154 2146 non
2187 2101 2448 2146 aeternum
2494 2102 2675 2146 natum
2707 2103 2811 2156 est,
2840 2091 2950 2164 jam
2986 2106 3091 2145 non
3117 2090 3217 2147 erit
3251 2104 3305 2148 et
3338 2102 3490 2163 pater
3516 2105 3644 2144 auc-

2048 2190 2133 2237 tor
2176 2192 2435 2239 maternus.
2468 2183 2523 2241 Si
2568 2183 2696 2255 quid
2720 2182 2882 2255 igitur
2912 2184 2982 2249 ei,
3017 2185 3103 2253 qui
3137 2186 3203 2239 ab
3239 2196 3448 2239 mterno
3491 2193 3642 2254 patre

2050 2290 2208 2334 natus
2237 2289 2336 2346 est,
2369 2295 2436 2334 ex
2481 2279 2785 2335 {cleruitalc
2825 2276 3081 2343 defuerit,
3116 2277 3166 2332 id
3214 2279 3389 2349 ipsum
3436 2275 3641 2330 auctori

2059 2375 2125 2446 (i)
2164 2389 2268 2429 non
2300 2385 2383 2430 est
2406 2373 2715 2445 ambiguum
2748 2370 2987 2429 defuisse
3014 2391 3026 2427 :
3084 2372 3206 2445 quia
3234 2370 3376 2444 quod
3407 2371 3642 2443 gignenti

2053 2478 2136 2524 est
2165 2468 2431 2525 infinitum
2452 2512 2466 2536 ,
2492 2468 2758 2523 inﬁnitum
2786 2476 2869 2522 est
2899 2466 3061 2521 etiam
3096 2468 3358 2521 nascenti.
3411 2464 3642 2520 Medium

2049 2561 2192 2617 enim
2224 2561 2349 2631 quid
2395 2562 2537 2616 inter
2578 2560 2914 2615 nativitatem
2946 2559 3039 2614 Dei
3089 2558 3206 2626 ﬁlii,
3239 2569 3293 2613 et
3335 2558 3642 2629 generatio-

2049 2668 2172 2708 nem
2196 2652 2291 2707 Dei
2333 2653 2520 2723 patris,
2552 2668 2651 2707 nec
2695 2653 2832 2706 ratio
2859 2666 2958 2707 nec
2988 2664 3180 2705 sensus
3208 2649 3481 2705 admittit:
3519 2648 3643 2721 quia

2038 2754 2104 2802 et
2129 2747 2185 2802 in
2226 2746 2576 2819 generatione
2605 2744 2856 2800 nativitas
2882 2753 2982 2808 εει,
3011 2752 3065 2799 ει
3094 2745 3148 2799 in
3179 2741 3457 2797 nativitate
3476 2757 3645 2813 gene-

2048 2840 2188 2898 ratio
2219 2850 2320 2896 est.
2363 2840 2518 2909 Quod
2563 2850 2856 2908 utrumque
2906 2838 3024 2894 sine
3071 2836 3357 2893 intervallo
3405 2837 3489 2891 sui
3534 2844 3640 2903 est,

2049 2933 2171 3004 quia
2202 2932 2322 2988 sine
2358 2941 2588 3004 utroque
2618 2930 2688 3008 (j)
2749 2946 2848 2988 nec
2878 2941 3127 2986 neutrum
3182 2939 3285 2985 est.
3313 2927 3468 2997 Quod
3511 2944 3643 2999 ergo

2051 3027 2153 3081 nisi
2183 3043 2248 3083 ex
2293 3033 2523 3096 utroque
2545 3024 2621 3100 (5)
2670 3041 2775 3081 non
2806 3026 2879 3098 (k)
2914 3023 3180 3087 consis1it,
3215 3023 3266 3078 id
3306 3022 3361 3077 in
3395 3020 3646 3077 omnibus

2050 3120 2151 3178 nisi
2174 3132 2462 3194 utrumque
2494 3139 2598 3177 non
2623 3132 2899 3193 permanet
2924 3137 2936 3173 :
2966 3115 3125 3192 421
3140 3117 3262 3189 quia
3292 3116 3343 3171 in
3359 3115 3535 3187 aliquo
3565 3115 3645 3168 al-

343 3210 962 3282 securitatem;eritque
986 3217 1048 3265 ut
1068 3208 1368 3267 inﬁrmibus
1393 3211 1462 3286 (f)
1485 3222 1611 3268 sunt
1627 3224 1747 3284 post
1764 3214 1940 3287 fugam
1969 3216 2014 3280 C
2048 3225 2218 3271 terum
2270 3231 2381 3271 non
2430 3215 2780 3285 relinquatur,
2828 3211 3051 3283 quodid
3095 3212 3268 3281 ipsum
3308 3208 3535 3263 alterum
3588 3207 3639 3259 in

348 3315 547 3370 castra,
575 3320 681 3360 non
719 3305 882 3360 etiam
930 3313 986 3359 ut
1015 3315 1192 3360 castra
1233 3306 1552 3362 habentibus
1596 3307 1749 3363 adcst
1776 3309 1942 3365 inter—

344 3400 451 3454 rita
479 3398 755 3454 fortitudo.
783 3397 949 3472 520
967 3397 1375 3455 Contundenda:
1400 3407 1527 3455 sunt
1546 3416 1675 3473 ergo
1704 3402 1943 3458 insolen-

346 3500 428 3549 tes
474 3490 761 3547 adversum
805 3492 971 3546 Deum
1009 3492 1446 3562 disputationes,
1494 3504 1548 3548 et
1605 3492 1936 3551 destruenda

346 3584 617 3640 rationum
649 3583 918 3638 fallaciam
951 3583 1307 3650 munimenta,
1336 3592 1392 3639 et
1411 3584 1618 3640 elevata
1649 3585 1715 3640 ad
1748 3587 1941 3655 impie-

348 3688 513 3733 tatem
540 3677 755 3747 ingenia
778 3677 1132 3744 conterenda,
1165 3691 1269 3733 nec
1294 3678 1602 3735 carnalibus
1628 3680 1819 3747 armis,
1841 3681 1939 3736 sed

344 3770 712 3841 Spiritalibus;
757 3786 861 3828 nec
903 3780 1117 3827 terrena
1157 3771 1422 3841 doctrina,
1463 3773 1558 3827 sed
1603 3774 1811 3830 caelesti
1856 3790 1945 3831 sa-

343 3863 546 3936 pientia
571 3882 584 3918 :
614 3874 671 3920 ut
691 3872 892 3936 quanta
923 3879 1104 3921 rerum
1138 3864 1444 3921 divinarum
1478 3867 1944 3940 lmmanarumque

343 3958 601 4016 discretio
624 3966 729 4025 est,
775 3956 854 4031 (g)
882 3964 1029 4015 tanta
1056 3957 1196 4014 ultra
1220 3964 1435 4016 terrena
1462 3958 1639 4016 studia
1664 3962 1805 4017 ratio
1830 3976 1945 4020 cce-

347 4051 501 4108 lestis
522 4051 602 4126 (ὅ)
624 4051 876 4107 excedat.

412 4145 511 4202 2i.
550 4142 722 4200 Filius
764 4144 859 4201 etsi
908 4153 1082 4212 natus,
1127 4160 1325 4219 semper
1373 4154 1546 4204 tamen
1588 4155 1685 4217 est,
1721 4148 1842 4222 quia
1861 4148 1947 4221 λάε

418 4285 504 4426 (Ι)
542 4282 611 4339 Ει
640 4300 700 4339 ea
724 4284 877 4353 ipsa;
901 4282 1059 4357 paulo
1079 4292 1224 4356 post,
1251 4282 1480 4341 obsistet.

418 4357 479 4426 (Ξ
543 4356 875 4426 Defugiendi.

414 4356 504 4426 (Ξ)
543 4356 875 4427 Defugiendi.

416 4429 499 4502 (ε)
537 4426 843 4484 Iamnam.

437 4538 493 4615 ᾳ)
538 4538 741 4615 (ὶοιιεξ⁸
764 4537 887 4615 Vat.
937 4537 1081 4615 bas.,
1120 4536 1450 4615 simplicium
1488 4556 1712 4615 sensum.
1792 4540 1943 4601 Unus
1968 4554 2022 4615 ι)

411 4540 493 4666 (a)
538 4540 716 4596 Codex
764 4540 887 4622 Vat.
937 4540 1081 4605 bas.,
1120 4540 1451 4623 simplicium.
1488 4556 1712 4599 sensum.
1792 4540 1943 4601 Unus

341 4610 421 4669 Co
442 4613 500 4668 b.
528 4626 651 4667 cum
692 4610 907 4667 Martio.
935 4608 1165 4668 Sorbon.
1197 4619 1252 4666 et
1288 4609 1452 4668 Mutet
1474 4612 1631 4683 edit.,
1663 4614 1945 4685 simplicio-

342 4700 603 4739 resscnsu.

416 4755 495 4828 (ὑ)
540 4754 750 4828 Bad.et
780 4753 900 4828 Εικ,
932 4762 980 4828 et
1029 4769 1096 4828 ea
1137 4753 1327 4828 omnia.
1384 4753 1608 4828 Mirteus
1637 4757 1944 4828 restituens

339 4828 399 4882 in
419 4824 503 4892 ea,
535 4827 718 4881 omisit
772 4826 907 4896 ipsa.
940 4824 995 4880 ln
1048 4824 1292 4893 pluribus
1322 4841 1454 4881 mss.
1500 4826 1837 4884 desideratur
1865 4833 1938 4887 in.

342 4896 705 4969 Retinendum
729 4912 848 4969 cum
878 4897 1174 4969 potioribus
1199 4905 1247 4951 et
1268 4898 1394 4951 inea
1415 4895 1549 4963 ipsa.
1579 4900 1701 4955 scil.
1728 4903 1942 4969 sapien-

340 4971 437 5025 tia.
469 4968 727 5039 Exemplo
746 4967 861 5033 Dei,
876 4969 967 5038 qui
992 4969 1041 5023 in
1060 4968 1343 5038 sapientia,
1363 4983 1484 5038 quse
1497 4969 1739 5025 Christus
1758 4967 1864 5037 est,
1888 4985 1945 5030 et

340 5042 524 5095 omnia
545 5051 739 5109 potest,
758 5049 812 5095 et
831 5041 1104 5114 sapienter
1140 5045 1336 5109 potest,
1359 5049 1644 5114 monentur
1678 5040 1800 5099 ﬁdei
1828 5060 1945 5114 pro-

339 5119 767 5184 pugnatoresnie
781 5110 996 5165 aliunde
1016 5109 1266 5165 virtutem
1281 5118 1335 5165 et
1350 5125 1405 5164 sa
1405 5109 1662 5235 rientiam
1677 5109 1939 5184 qua-rant.

416 5183 494 5235 (cl
514 5182 672 5235 Editi.
705 5182 933 5235 obsistat.
965 5182 1185 5235 Rectius
1209 5196 1339 5235 mss.
1370 5199 1398 5233 α
1437 5183 1605 5235 sistat.
1638 5183 1689 5235 id
1718 5195 1820 5235 est-
1846 5204 1939 5235 nec

416 5183 494 5256 (c)
514 5182 672 5248 Editi,
705 5182 933 5237 obsistat.
965 5182 1185 5256 Rectius
1209 5196 1339 5256 mss.
1370 5182 1821 5256 absistat,id'est,
1845 5204 1947 5245 nec

343 5251 522 5311 virtus
541 5256 769 5317 ratione,
802 5268 903 5308 nec
930 5254 1124 5307 virtute
1148 5252 1284 5306 ratio
1309 5251 1564 5309 destituta
1588 5255 1677 5310 sit.

414 5325 772 5400 (d)_ln__ms_s_.
825 5324 960 5400 Vat.
991 5322 1506 5400 bas.,__Carnut._et
1550 5326 1752 5400 aliquot
1796 5328 1941 5400 aliis,

337 5392 660 5469 defugiendi.
713 5396 834 5451 Mox
886 5398 939 5452 in
982 5408 1091 5451 uno
1132 5392 1332 5464 Vatic.,
1383 5392 1778 5467 obtinebit,'non
1820 5392 1945 5458 reti-'-

339 5471 502 5525 nebil.
900 5524 909 5531 _

334 5613 383 5668 Ε
416 5539 688 5666 (ε)ιΙ..ἰρε.
731 5549 788 5596 ει
828 5538 983 5607 Pan,
1023 5537 1307 5627 obtinendi,
1345 5539 1736 5597 reluctantibus
1781 5541 1944 5617 Dad.,

386 5630 435 5668 r.
474 5627 505 5668 e
561 5629 689 5668 mss.

386 5630 435 5668 r.
474 5620 530 5668 et
561 5629 689 5668 mss.

417 5684 490 5760 (Ῑ)
531 5683 691 5760 Editi,
735 5690 963 5760 excepto
1002 5681 1324 5760 Bad.,_sinr;
1352 5696 1415 5760 ac
1436 5689 1620 5754 postea
1654 5686 1811 5755 adsit,
1835 5702 1944 5746 non

334 5754 494 5815 adest
515 5770 535 5811 :
562 5763 618 5812 et
634 5758 773 5813 inter
803 5754 938 5817 huic.
982 5770 1127 5810 arma
1165 5754 1485 5823 habentibus,
1524 5770 1621 5825 pro
1655 5767 1826 5816 castra
1852 5762 1947 5820 ha.

337 5827 583 5889 Dentibus
604 5840 627 5887 ι
643 5828 786 5905 quod
811 5844 882 5889 ex
906 5828 1117 5889 Erasml
1138 5826 1382 5902 margine
1403 5828 1653 5888 obtinuit.

2045 3309 2227 3381 aliquo
2266 3325 2371 3364 non
2405 3307 2570 3378 possit
2592 3322 2713 3363 esse
2734 3307 2849 3360 sine
2879 3305 3070 3359 altero.

2114 3402 2208 3457 2‘2.
2246 3401 2476 3477 Objectio
2496 3442 2512 3469 ,
2547 3400 2699 3467 Quod
2730 3409 2904 3452 natum
2933 3409 3026 3462 est,
3057 3413 3157 3450 non
3185 3396 3302 3466 fuit.
3326 3423 3398 3435 -——
3421 3390 3526 3448 Sed
3561 3391 3641 3445 itt-

2046 3495 2195 3564 quiet
2239 3495 2519 3564 quisquam
2565 3488 2735 3546 divini
2784 3490 2943 3561 hujus
2999 3487 3224 3559 incaan
3269 3485 3590 3542 sacramenti
3623 3524 3637 3546 ,

2046 3587 2220 3644 Omne
2263 3588 2406 3659 quod
2438 3595 2620 3642 natum
2653 3595 2772 3652 est,
2806 3601 2911 3639 non
2942 3582 3043 3638 fuit
3081 3600 3097 3638 :
3135 3581 3261 3652 quia
3292 3581 3347 3636 in
3379 3578 3430 3635 id
3458 3585 3641 3633 natum

2046 3694 2151 3754 est,
2182 3692 2241 3738 ut
2269 3692 2431 3738 esset.

2114 3777 2203 3833 2'5.
2230 3775 2297 3832 In
2319 3773 2517 3831 Filium
2542 3788 2742 3843 semper
2762 3780 2938 3829 natum
2962 3785 3063 3824 non
3084 3767 3221 3823 cadit
3244 3782 3345 3821 non
3376 3764 3552 3837 fuisse.
3572 3790 3643 3800 ——

2046 3874 2113 3929 Et
2141 3873 2261 3944 quis
2296 3870 2458 3942 igitur
2486 3868 2757 3939 ambiget,
2797 3865 2925 3937 quin
2955 3880 3073 3934 quae
3106 3861 3158 3917 in
3200 3861 3363 3917 rebus
3393 3855 3644 3912 humanis

2048 3974 2172 4022 nata
2216 3972 2379 4029 sunt,
2408 3960 2698 4031 aliquando
2737 3973 2845 4014 non
2890 3954 3128 4012 fuerint?
3162 3952 3269 4011 Sed
3294 3950 3435 4007 aliud
3466 3956 3644 4004 estex

2047 4073 2115 4116 eo
2136 4058 2289 4115 nasci
2316 4056 2406 4129 qui
2441 4070 2550 4112 non
2577 4050 2696 4119 fuit,
2728 4050 2872 4107 aliud
2904 4066 2968 4106 es
3001 4065 3067 4105 eo
3098 4047 3177 4124 (6)
3210 4056 3391 4101 natum
3424 4056 3544 4099 esse
3577 4038 3639 4112 (t)

2052 4152 2144 4224 qui
2168 4164 2386 4223 semper
2410 4156 2516 4205 est.
2550 4144 2776 4203 Infantia
2798 4144 2945 4201 enim
2973 4140 3174 4209 omnis,
3207 4152 3329 4196 cum
3353 4145 3511 4192 antea
3538 4150 3644 4189 nou

2132 4288 2209 4364 (4)
2249 4289 2585 4364 ςοηβιεηικν·

2158 4350 2214 4432 δ’)
2255 4350 2519 4417 Ριιιιῖἱειιιε
2548 4374 2750 4432 negans
2777 4354 3253 4432 omittiturin‘ms.
3284 4350 3537 4407 Veronte.

2158 4362 2214 4432 5⁷)
2255 4362 2519 4417 Particula
2548 4374 2750 4432 negans
2777 4362 3043 4414 omittitur
3073 4362 3124 4410 in
3153 4368 3253 4408 ms.
3292 4362 3394 4407 Ver

2132 4362 2213 4506 (ὃ)
2252 4433 2376 4492 Esse
2405 4434 2459 4491 in
2489 4431 2746 4489 anteriori
2773 4430 3010 4487 editione
3036 4424 3395 4483 desideratur.

2121 4549 2195 4635 (g)
2218 4549 2294 4605 lta
2325 4549 2565 4635 potiores
2592 4562 2725 4615 mss.
2758 4551 2827 4635 at
2855 4545 3005 4635 editi,
3039 4552 3256 4635 tantum.
3290 4540 3411 4597 Mox
3442 4534 3645 4594 Pratel~

2048 4616 2215 4694 lensis
2241 4616 2434 4685 codex,
2462 4621 2595 4694 ratio
2623 4636 2676 4694 se
2702 4619 2888 4674 cmlesti
2909 4616 3178 4694 extendat.
3260 4692 3266 4694 Α
3299 4682 3365 4694 η,
3529 4679 3561 4694 Α,
3601 4677 3613 4690 ,

2120 4691 2199 4767 (h)
2228 4694 2337 4746 [)uo
2356 4707 2387 4747 e
2413 4682 2726 4767 mssZVatic.
2753 4690 3062 4767 cumABad"
3096 4688 3185 4740 Er.
3220 4692 3274 4767 et
3299 4682 3415 4736 Mir.
3454 4682 3639 4767 nativi-

2046 4754 2343 4818 tas‘ti’terna
2372 4772 2464 4817 est.
2513 4762 2818 4816 Vetustiore
2856 4759 3003 4814 Colb.
3052 4774 3172 4813 cum
3223 4754 3643 4818 Germ.,natiri-

2047 4845 2125 4890 tas
2152 4839 2407 4888 teternitas
2429 4845 2522 4886 est.

2121 4905 2186 4980 (ἱ)
2226 4905 2282 4960 In
2312 4906 2686 4980 duobusmss.
2716 4912 2770 4957 et
2799 4899 3113 4980 Mirasiedit.
3142 4895 3522 4980 subiungitur,‘
3554 4893 3642 4980 qui

2047 4967 2192 5048 pater
2211 4986 2317 5043 est;
2346 4978 2397 5031 in
2425 4976 2583 5031 Corb.
2609 4985 2786 5031 autem
2808 4981 2862 5029 et
2888 4973 3004 5027 aliis
3027 4967 3438 5030 recentioribus,
3468 4967 3522 5020 id
3548 4974 3640 5032 est,

2048 5051 2183 5121 patri
2207 5049 2343 5119 quod
2371 5056 2514 5117 pater
2539 5056 2610 5101 est
2636 5062 2654 5101 :
2678 5048 2967 5118 glo.~sema.

2119 5142 2185 5218 (j)
2228 5141 2551 5218 Particnlam
2565 5156 2669 5218 nec
2693 5138 2989 5218 adjecimus
3011 5136 3330 5218 auctoritate
3374 5148 3505 5218 mss.
3537 5131 3647 5218 sin-

2047 5203 2316 5270 ceﬁbrum
2341 5212 2520 5275 Cnlb.,
2565 5203 2776 5277 Rem,
2801 5209 3012 5278 Gertu.,
3058 5208 3422 5264 Heilettismos
3460 5203 3648 5273 hujus-

2049 5286 2194 5341 modi
2219 5298 2601 5355 saepenumero
2627 5282 2738 5354 jam
2765 5283 3117 5338 advertimus.

2122 5378 2198 5449 (It)
2236 5377 2417 5451 Abest
2447 5393 2551 5432 non
2573 5376 2643 5431 ab
2681 5374 3077 5451 antiquioribus
3107 5387 3239 5428 mss.
3273 5371 3328 5425 in
3346 5367 3642 5451 Vaticanis,

2049 5439 2191 5524 quod
2220 5465 2341 5523 ergo
2376 5450 2486 5503 sine
2514 5458 2730 5524 utroque
2757 5439 3028 5524 consistit:
3059 5453 3329 5515 corrupte.
3367 5439 3649 5524 Acute'hic

2049 5519 2473 5586 demonstratur,
2504 5521 2838 5593 nativitatem
2891 5519 3033 5593 nulla
3085 5531 3142 5571 re
3194 5529 3384 5569 carere
3409 5521 3649 5593 potuisse

2048 5610 2207 5667 quam
2261 5593 2543 5667 generatio
2580 5589 2852 5658 habuerit,
2896 5590 3020 5660 quia
3045 5596 3294 5643 neutrum
3324 5593 3502 5656 potest
3532 5589 3651 5641 sine

2051 5664 2222 5723 altero
2246 5664 2568 5721 consistere.

2048 5776 2063 5809 τ
2125 5760 2193 5837 (ι)
2220 5760 2293 5818 Er
2326 5803 2339 5817 .
2370 5768 2426 5817 et
2459 5759 2790 5837 posteriores
2812 5758 3164 5837 edit.,__nasci.
3190 5755 3255 5813 At
3278 5752 3499 5837 Dadaet
3524 5763 3660 5837 mss.

2049 5822 2292 5909 Ροίῖδΐθε
2314 5874 2330 5904 ι
2377 5822 2552 5890 natum
2587 5848 2605 5889 :
2642 5833 2729 5891 cui
2755 5833 2922 5892 verbo
2956 5822 3177 5890 Martm.
3209 5838 3264 5889 et
3309 5825 3523 5900 quidam
3569 5822 3662 5883 alii
