4106 6192
507 258 612 319 447

1698 244 1946 305 SANC'I‘I
1989 243 2243 302 lllLARll
2285 246 2592 307 EPISCOPI

3700 258 3802 318 448

509 373 722 439 fuisset,
755 368 919 441 coepit
943 381 1008 424 ex
1042 373 1305 437 tempore.
1335 361 1467 432 Qua:
1489 374 1705 417 rursum
1735 360 1796 416 in
1821 360 2101 430 pueritiam
2131 364 2181 426 Α
2210 362 2277 437 (f)
2320 364 2516 421 Sensui
2537 374 2725 422 nostro
2746 374 3017 424 retroacto
3044 382 3366 443 semperque
3383 380 3635 431 revocato
3647 375 3810 433 adin-

510 479 864 530 excrescens,
906 470 1027 534 post
1065 460 1227 517 etiam
1273 456 1691 514 adolescentiam
1720 454 1895 528 coegit
1936 456 1988 510 in
2015 471 2111 528 pa-

430 590 437 595 -
509 570 673 619 trem.
723 559 791 615 Et
816 572 923 614 non
953 569 1168 628 semper
1198 560 1351 625 pater
1374 560 1498 621 est,
1529 552 1618 624 qui
1658 561 1782 608 ante
1817 551 1870 607 in
1897 550 2112 607 adoles-

511 653 748 712 centiam
776 666 873 723 per
907 648 1283 719 pueritiam,et
1307 646 1360 701 in
1391 645 1673 716 pueritiam
1702 659 1800 715 per
1830 643 2109 699 infamiam

513 755 747 816 coeptam
776 740 1083 814 profecerit.
1126 739 1267 810 Ergo
1299 738 1388 808 qui
1416 752 1523 792 non
1552 751 1769 808 semper
1807 744 1959 807 pater
1988 744 2072 792 est
2096 777 2110 804 ,

514 852 622 895 non
649 850 864 906 semper
892 842 947 889 et
974 832 1177 906 genuit.
1212 830 1311 889 Ubi
1343 840 1527 886 autem
1563 844 1778 901 semper
1807 839 1959 901 paler
1987 840 2068 885 est
2096 871 2111 897 ,

513 946 728 1002 semper
768 940 822 986 et
853 928 995 985 ﬁlius
1024 936 1128 987 est.
1158 926 1213 983 Si
1260 925 1439 995 itaque
1483 924 1649 979 habes
1690 924 1743 978 itt
1790 922 2114 994 cogitatione

509 1026 599 1081 vel
626 1039 789 1081 sensu
811 1024 1003 1090 Deum,
1033 1022 1085 1076 in
1108 1021 1261 1090 cujus
1276 1019 1601 1092 cognitionis
1626 1028 1964 1074 sacramento
1991 1033 2116 1089 pro-

513 1120 690 1191 prium
728 1126 812 1174 est
857 1116 1000 1190 quod
1041 1124 1194 1186 pater
1220 1123 1334 1181 est,
1363 1128 1468 1169 non
1497 1127 1713 1183 semper
1759 1120 1965 1182 patrem
1993 1126 2117 1168 esse

515 1212 611 1269 ﬁlii
636 1213 715 1286 (a)
737 1212 934 1285 geniti;
965 1209 1134 1266 habes
1165 1218 1219 1265 et
1247 1210 1299 1264 in
1333 1207 1682 1278 intelligentia
1707 1214 1758 1262 et
1786 1206 1839 1261 in
1866 1206 2113 1276 scientia,

517 1324 624 1365 non
649 1322 864 1379 semper
889 1307 1057 1362 ﬁlium
1087 1320 1209 1363 esse
1239 1304 1328 1376 qni
1358 1304 1570 1375 genitus
1592 1310 1696 1359 est.
1729 1300 1882 1370 Quod
1908 1301 1953 1356 si
1976 1316 2119 1356 sem-

521 1417 618 1474 per
651 1401 793 1477 Patri
830 1401 1105 1473 proprium
1135 1407 1219 1453 est
1247 1397 1388 1469 quod
1431 1411 1648 1467 semper
1672 1402 1756 1451 est
1799 1404 1981 1467 pater;
2025 1410 2120 1452 nc-

516 1508 671 1551 cessc
700 1503 784 1550 est
813 1508 1030 1564 semper
1066 1491 1205 1548 Filio
1256 1490 1531 1562 proprium
1572 1504 1694 1546 esse
1734 1489 1877 1560 quod
1904 1504 2119 1561 semper

521 1597 604 1643 est
629 1585 817 1641 Filius.
850 1585 919 1641 Et
948 1584 1223 1656 quomodo
1256 1584 1309 1639 in
1337 1598 1643 1639 sermonem
1676 1591 1918 1638 nostrum
1958 1591 2120 1654 atque

518 1680 928 1759 intelligentiam
947 1679 1121 1748 cadet,
1150 1687 1207 1733 ut
1229 1692 1338 1734 non
1357 1676 1515 1732 luerit
1532 1684 1658 1731 ante
1678 1692 1840 1747 quam
1863 1691 2118 1732 nascere-

2215 457 2568 529 telligentiam
2600 458 2716 529 ejus
2741 459 2831 529 qui
2860 469 2944 516 est
2971 459 3049 533 (‘2)
3089 459 3157 516 de
3186 476 3251 517 eo
3278 462 3355 536 (g)
3394 462 3448 518 id
3491 465 3666 535 ipsum
3694 474 3811 521 tan-

2215 559 2325 606 tum
2354 593 2369 619 ,
2422 551 2563 621 quod
2596 560 2676 608 est
2703 550 2806 624 (It),
2843 553 2897 609 ei
2918 568 3135 623 semper
3160 557 3401 611 anterius
3425 565 3507 612 est
3552 575 3565 612 :
3597 559 3721 629 quia
3756 559 3813 617 id

2214 642 2363 715 quod
2395 642 2664 698 inﬁnitum
2696 645 2747 699 in
2779 646 2888 701 Deo
2910 654 3012 712 est,
3045 645 3106 720 (ἰ)
3131 662 3349 718 semper
3371 662 3431 704 se
3457 647 3651 705 inﬁniti
3681 667 3814 708 sen-

2216 754 2309 793 sus
2341 738 2511 794 nostri
2544 741 2783 795 recursui
2812 740 3094 796 subtrahat
3126 759 3140 796 :
3170 750 3229 796 ut
3258 751 3385 798 ante
3413 743 3484 811 id,
3510 743 3654 814 quod
3682 760 3816 814 pro-

2215 831 2390 905 prium
2426 832 2535 886 Deo
2555 840 2658 899 est,
2689 848 2903 901 semper
2927 834 3168 909 esse,{(j)
3196 836 3397 907 aliquid
3420 837 3563 893 aliud
3587 838 3817 896 intentio

2174 930 2177 933 ’
2216 934 2487 981 retroacta
2531 942 2639 982 non
2689 927 2894 997 capiat;
2926 927 3049 998 quia
3096 928 3229 983 nihil
3269 928 3412 983 aliud
3444 929 3581 985 ultra
3623 930 3699 1004 (It)
3748 931 3819 988 ad

2218 1018 2629 1089 intelligentiam
2681 1019 2816 1089 Dei,
2875 1021 3177 1077 aeternitate
3227 1022 3591 1090 procedendi,
3652 1040 3820 1095 quam

2219 1111 2389 1168 Deum
2422 1127 2639 1184 semper
2671 1129 2792 1169 esse
2825 1129 3039 1185 semper
3082 1127 3352 1171 occurrat.
3384 1116 3537 1184 Quod
3571 1117 3735 1188 igitur
3765 1127 3825 1175 et

2221 1223 2315 1277 per
2342 1205 2562 1278 Moysen
2590 1206 2656 1263 de
2697 1208 2807 1263 Deo
2837 1208 3199 1279 signiﬁcatum
3228 1251 3243 1279 ,
3277 1218 3329 1264 et
3356 1224 3449 1279 per
3474 1226 3824 1268 communem

2221 1314 2440 1355 sensum
2470 1299 2601 1355 nihil
2640 1300 2784 1356 aliud
2822 1302 2976 1357 nobis
3013 1302 3425 1373 intelligendum
3455 1305 3822 1375 permittitur,

2220 1391 2272 1447 id
2319 1393 2489 1461 ipsum
2521 1393 2799 1465 unigenito
2828 1394 2939 1449 Deo
2969 1408 3091 1449 esse
3124 1395 3398 1465 proprium
3429 1396 3489 1468 (ι)
3525 1396 3821 1469 Evangelia

2222 1494 2490 1549 testantur
2535 1504 2548 1540 :
2583 1501 2707 1541 cum
2753 1487 2806 1542 in
2853 1487 3118 1557 principio
3156 1497 3277 1567 erat
3315 1487 3577 1558 Verbum,
3618 1499 3830 1546 etcum

2224 1579 2326 1635 hoc
2352 1579 2493 1650 apud
2517 1580 2687 1635 Deum
2719 1589 2836 1636 erat
2866 1578 3046 1651 (Joan.
3070 1597 3107 1648 ι,
3144 1580 3225 1653 1),
3257 1591 3306 1638 ει
3339 1597 3462 1637 cum
3490 1591 3607 1639 erat
3640 1584 3832 1641 lumen

2224 1689 2411 1729 verum
2448 1673 2611 1745 (Ibid.
2642 1674 2730 1747 18)
2762 1684 2817 1731 ει
2852 1672 2973 1731 cum
2998 1677 3303 1747 unigenitns
3326 1678 3472 1734 Deus
3496 1680 3547 1735 in
3569 1681 3693 1736 sinu
3725 1681 3836 1737 Pa-

522 1780 627 1840 tnr,
656 1772 744 1828 cui
764 1771 1034 1842 preprium
1062 1778 1146 1827 est
1175 1785 1390 1841 semper
1414 1784 1537 1826 esse
1553 1769 1692 1841 quod
1722 1767 1794 1842 (b)
1825 1776 1981 1823 natus
1998 1769 2119 1824 est?
2151 1765 2196 1826 B
2227 1767 2322 1823 tris
2349 1776 2451 1832 est,
2481 1777 2536 1823 et
2562 1783 2683 1823 cum
2716 1768 2875 1826 Jesus
2902 1770 3151 1827 Christus
3177 1785 3340 1844 super
3364 1774 3545 1829 omnia
3574 1773 3720 1832 Deus
3746 1784 3835 1833 est

592 1864 685 1920 24.
716 1861 886 1918 Filius
916 1872 971 1917 ut
994 1862 1165 1917 omnia
1191 1877 1309 1915 cum
1343 1859 1501 1915 Patre
1528 1860 1677 1915 habet
1699 1860 2020 1926 communia,
2046 1858 2120 1914 ita

519 1965 567 2014 et
593 1972 793 2029 semper
813 1971 941 2010 esse.
974 1953 1124 2009 Patri
1149 1955 1411 2027 proprium
1433 1961 1510 2008 est
1537 1970 1662 2009 esse.
1692 1951 1830 2006 Filio
1854 1952 2120 2025 praprium

520 2058 594 2105 est
620 2057 668 2105 et
698 2064 825 2104 esse.
858 2076 926 2090 -
970 2046 1223 2103 Formam
1262 2047 1440 2117 itaque
1463 2055 1625 2118 atque
1654 2046 1941 2117 imaginem
1983 2044 2122 2100 invi-

518 2144 693 2201 sibilis
730 2143 822 2200 Dei
856 2142 1162 2214 unigenitus
1194 2141 1248 2197 in
1276 2156 1336 2197 se
1363 2141 1503 2196 Deus
1532 2142 1838 2207 continens,
1867 2139 1920 2195 in
1946 2137 2123 2194 omni-

522 2239 623 2297 bus
655 2239 740 2295 his
785 2255 905 2311 qua:
942 2238 1158 2311 propria
1197 2238 1311 2294 Deo
1342 2238 1481 2308 patri
1525 2247 1686 2302 sunt,
1736 2252 1833 2309 per
1883 2235 2118 2308 plenitu-

523 2332 705 2389 dinem
734 2330 804 2406 (c)
832 2347 974 2388 verte
999 2332 1051 2386 in
1076 2346 1137 2386 se
1163 2330 1457 2388 divinitatis
1491 2338 1751 2402 tequatur.
1784 2328 1939 2397 Nam,
1965 2337 2124 2386 utsu-

523 2428 827 2501 perioribus
856 2426 1009 2483 libris
1034 2425 1336 2493 docuimus,
1364 2441 1459 2497 per
1481 2426 1732 2483 virtutem
1760 2436 1814 2483 et
1859 2425 2122 2500 (l)vene-

521 2522 786 2578 rationem
818 2523 899 2594 (ά)
924 2564 939 2590 ,
988 2522 1128 2579 sicut
1168 2522 1347 2590 Pater,
1380 2531 1435 2579 et
1463 2521 1812 2580 honorandus
1845 2534 1901 2579 et
1933 2531 2124 2597 potens

522 2623 606 2671 est
636 2633 649 2669 :
684 2616 755 2670 ita
792 2623 847 2672 et
876 2614 929 2670 in
956 2629 1022 2670 eo
1057 2615 1201 2687 quod
1232 2615 1389 2671 Pater
1420 2631 1637 2687 semper
1665 2624 1782 2685 εει,
1807 2617 1857 2675 ei
1886 2633 2122 2689 quoque,

524 2707 578 2763 in
606 2722 671 2764 eo
697 2706 839 2779 quod
869 2706 1006 2763 ﬁlius
1034 2716 1139 2777 est,
1165 2709 1303 2764 Filio
1328 2724 1542 2780 semper
1564 2725 1687 2766 esse
1708 2704 1999 2783 commune
2020 2720 2122 2769 est.

520 2801 654 2860 Nam
682 2803 976 2859 secundum
1003 2803 1070 2859 ad
1101 2803 1319 2878 Moysen
1349 2806 1576 2874 dictum,
1599 2806 1765 2882 422
1784 2809 1929 2865 Misit
1948 2828 2028 2865 me
2056 2811 2127 2866 ad

523 2912 611 2951 vos
645 2897 688 2952 is
719 2897 808 2966 qui
834 2906 905 2952 est
936 2895 1134 2971 (Exod.
1177 2914 1234 2954 nt
1261 2940 1273 2964 ,
1305 2899 1416 2971 14),
1442 2900 1553 2956 Deo
1595 2903 1870 2973 proprium
1919 2918 2042 2959 esse
2072 2902 2124 2958 id

524 2987 668 3061 quod
715 2996 835 3057 est,
868 3004 978 3045 non
1019 2990 1295 3062 ambigens
1326 3006 1519 3049 sensus
1549 3002 1633 3049 est
1676 2995 1847 3065 :quia
1890 2994 1939 3051 id
1982 2996 2125 3067 quod

528 3087 651 3148 est,
705 3097 812 3137 non
863 3093 1037 3152 potest
1084 3084 1309 3156 intelligi
1368 3085 1585 3158 dicique
1636 3102 1743 3143 non
1796 3103 1940 3146 esse.
1994 3090 2127 3148 Esse

526 3173 671 3230 enim
695 3184 750 3232 et
775 3190 879 3232 non
910 3191 1031 3234 esse
1056 3178 1327 3233 contraria
1357 3188 1483 3234 sunt
1517 3198 1530 3236 :
1560 3196 1736 3252 neque
1779 3181 1866 3237 ha:
1894 3182 2125 3251 diversa:

528 3266 947 3337 signiﬁcationes
1002 3270 1053 3325 in
1101 3285 1271 3326 unum
1306 3279 1466 3340 atque
1516 3272 1657 3327 idem
1707 3284 1942 3341 coeunt;
1997 3276 2119 3347 quia

528 3368 783 3416 manente
816 3360 945 3429 alia,
988 3360 1157 3418 altera
1186 3376 1289 3418 non
1318 3363 1438 3419 erit.
1487 3363 1628 3435 Ergo
1658 3364 1745 3420 ubi
1776 3364 1849 3439 (e)
1875 3375 1966 3434 est,
2013 3382 2121 3424 non

528 3460 708 3523 potest
761 3453 844 3510 vel
892 3467 1112 3511 sensum
1157 3453 1245 3512 vel
1298 3470 1606 3513 sermonem
1652 3456 1793 3514 inire
1835 3472 1944 3517 non
1978 3473 2120 3518 esse.

606 3593 685 3665 (l)
714 3595 1126 3654 Generationem.

2226 1857 2405 1933 (liam.
2437 1877 2513 1930 Ix,
2545 1860 2624 1933 5).

2298 1954 2389 2009 9.5.
2424 1954 2521 2010 Est
2548 1970 2769 2013 wternus
2805 1957 2865 2013 ab
2891 1970 3082 2015 aeterno
3110 1976 3129 2015 :
3161 1959 3386 2031 adeoque
3415 1978 3517 2017 non
3540 1978 3603 2019 ea:
3636 1963 3833 2032 nihilo,

2228 2058 2316 2105 aut
2350 2066 2453 2104 non
2484 2051 2762 2122 aliquando
2804 2053 2925 2124 fuit.
2969 2083 3041 2095 --
3088 2054 3216 2110 Erat
3259 2055 3461 2126 igitur,
3506 2065 3670 2127 atque
3702 2066 3834 2128 est:

2228 2146 2352 2215 quia
2382 2146 2450 2201 ab
2479 2160 2545 2202 eo
2574 2155 2659 2203 est
2679 2188 2693 2214 ,
2743 2148 2833 2219 qui
2860 2148 3004 2218 quod
3031 2158 3114 2205 est
3149 2165 3365 2222 semper
3391 2160 3495 2208 est.
3526 2152 3611 2209 Ab
3639 2167 3707 2207 eo
3735 2167 3840 2210 au-

2231 2246 2337 2294 tem
2368 2252 2490 2295 esse
2513 2280 2527 2304 ,
2562 2239 2615 2295 id
2652 2250 2765 2309 est,
2795 2257 2859 2298 ex
2902 2250 3057 2314 patre
3083 2257 3244 2312 esse,
3279 2244 3531 2301 nativitas
3559 2254 3663 2301 est.
3694 2244 3840 2303 Esse

2226 2349 2407 2397 autem
2450 2357 2668 2414 semper
2694 2342 2762 2398 ab
2792 2358 2858 2398 eo
2886 2343 2977 2412 qui
3009 2352 3092 2399 est
3117 2357 3366 2413 semper,
3398 2343 3676 2399 mternitas
3698 2350 3791 2398 εει
3822 2357 3838 2398 :

2228 2436 2502 2491 teternitas
2532 2451 2659 2493 vero
2688 2452 2793 2491 non
2824 2451 2889 2492 ex
2918 2449 3000 2504 se,
3035 2436 3129 2492 sed
3158 2436 3227 2492 ab
3256 2444 3481 2493 aeterno.
3510 2435 3591 2491 Ex
3619 2443 3841 2492 aeterno

2228 2537 2408 2585 autem
2436 2529 2574 2586 nihil
2596 2529 2762 2599 aliud,
2782 2546 2943 2602 quam
2971 2539 3256 2588 aeternum.
3281 2530 3436 2599 Quod
3454 2531 3499 2587 si
3525 2546 3633 2587 non
3661 2540 3840 2588 teter—

2229 2637 2394 2688 num;
2438 2622 2549 2693 jam
2583 2637 2685 2678 nec
2724 2630 2879 2694 pater
2924 2623 3012 2694 qui
3060 2623 3427 2696 generationis
3475 2630 3561 2679 est
3598 2632 3839 2693 auctor,

2228 2726 2464 2775 aeternus
2494 2726 2599 2775 est.
2635 2717 2896 2791 (ijnod
2925 2732 3046 2774 cum
3081 2717 3157 2773 illi
3190 2726 3394 2789 patrem
3424 2732 3639 2788 semper
3667 2732 3799 2774 esse
3821 2760 3838 2787 ,

2228 2820 2389 2882 atque
2418 2812 2577 2881 hujus
2615 2811 2780 2867 ﬁlium
2825 2826 3042 2882 semper
3083 2827 3206 2869 esse
3243 2813 3314 2869 sit
3357 2812 3633 2884 proprium
3662 2827 3796 2869 esse
3820 2853 3836 2880 ,

2229 2913 2284 2961 et
2310 2906 2362 2959 in
2393 2920 2458 2961 eo
2487 2905 2631 2976 quod
2663 2913 2767 2972 est,
2796 2905 3133 2976 signiﬁcatur
3161 2905 3464 2971 mternitas;
3492 2919 3587 2975 per
3612 2903 3666 2959 id
3695 2919 3843 2975 quo-

2227 3012 2364 3069 que,
2392 3003 2477 3054 cui
2506 2998 2649 3069 quod
2676 3007 2761 3055 est
2797 2998 3071 3070 preprium
3100 3005 3204 3065 est,
3240 2997 3319 3072 (η)
3351 2998 3630 3069 proprium
3659 3007 3752 3053 est
3780 3005 3841 3054 et

2229 3099 2514 3148 aeternum.
2542 3092 2755 3149 Nemini
2780 3102 2963 3149 autem
2999 3092 3221 3148 dubium
3250 3100 3355 3158 est,
3395 3091 3522 3161 quin
3551 3090 3840 3162 generatio

2230 3182 2495 3255 signiﬁcet
2522 3184 2857 3242 nativitatem
2880 3228 2895 3253 ,
2936 3184 3099 3259 423
3143 3194 3198 3241 et
3234 3184 3485 3240 nativitas
3518 3191 3839 3241 manentem

2230 3275 2421 3332 doceat
2442 3279 2581 3347 (cum
2601 3278 2716 3334 scil.
2742 3295 2805 3334 ea:
2832 3295 2932 3351 quo
2953 3288 3123 3333 ortum
3144 3278 3287 3333 ducit
3308 3277 3501 3349 natus),
3531 3292 3636 3333 non
3659 3277 3838 3334 etiam

2232 3386 2339 3428 non
2369 3382 2698 3429 manentem.
2725 3373 2896 3430 Porro
2924 3383 3103 3429 autem
3132 3373 3329 3445 ambigi
3358 3388 3467 3429 non
3497 3380 3696 3444 potest,
3733 3388 3843 3428 ne-

2233 3463 2432 3522 minem
2460 3467 2552 3539 qui
2590 3475 2711 3522 erat
2754 3466 2924 3527 nasci.
2957 3465 3093 3523 Nam
3142 3465 3403 3525 nascendi
3445 3464 3513 3522 ad
3552 3480 3679 3522 eum
3722 3480 3838 3522 non

600 3664 678 3739 (2)
709 3667 839 3736 Deo,
856 3669 1106 3741 subinde,
1131 3671 1270 3744 quod
1292 3682 1366 3729 est
1392 3671 1513 3741 Dei,
1544 3673 1702 3745 paulo
1729 3684 1877 3748 post,
1899 3675 2186 3747 subtrahit;
2220 3687 2354 3745 tum,
2384 3678 2440 3733 id
2466 3677 2662 3750 aliquid
2688 3676 2852 3733 aliud.

527 3821 657 3863 mss.
692 3807 897 3864 addunt
922 3827 1048 3865 esse.
1083 3809 1201 3887 iam
1244 3811 1471 3887 legimus
1494 3828 1548 3867 n.
1576 3811 1644 3868 21
1682 3829 1696 3866 :
1732 3811 1916 3887 Neque
1952 3812 2009 3867 id
2041 3814 2121 3887 ip-

527 3896 640 3934 sum
665 3888 746 3954 est
772 3898 875 3937 non
895 3892 1073 3937 natum
1099 3882 1241 3954 (sine
1262 3882 1391 3954 esse)
1422 3894 1573 3953 atque
1596 3886 1762 3940 nasci.

603 3950 684 4025 (a)
732 3951 805 4008 Ita
837 3969 970 4009 mss.
1013 3950 1133 4009 Vat.
1184 3955 1297 4010 bas.
1324 4000 1338 4019 ,
1373 3950 1575 4023 'Colb.,
1622 3955 1859 4019 Martin..
1909 3954 2121 4025 Germ.,

492 4042 498 4049 ι
526 4020 712 4100 Rem},
742 4034 850 4100 etc.
896 4025 954 4100 In
981 4026 1184 4100 aliquot
1220 4026 1360 4097 aliis,
1392 4028 1490 4099 ﬁlii
1517 4020 1627 4083 ase
1646 4029 1826 4100 geniti.
1851 4029 1921 4084 At
1943 4031 1997 4084 in
2025 4020 2121 4084 ex;

525 4096 694 4162 cusis,
723 4094 819 4167 filii
850 4094 1120 4167 unigeniti.

600 4167 676 4237 (b)
705 4166 833 4239 Mss.
869 4166 1047 4235 Colb.,
1089 4169 1299 4225 Martin.
1333 4177 1387 4227 ει
1410 4171 1621 4239 Germ.,
1646 4172 1784 4238 quod
1823 4181 2001 4227 uatum
2028 4181 2122 4227 est.

533 4307 539 4314 ,
604 4239 685 4314 (et
711 4238 897 4314 (Iudex
921 4239 1044 4314 Vat.
1076 4240 1220 4314 bas,
1251 4242 1304 4297 in
1335 4259 1390 4298 se
1417 4259 1550 4298 verte
1574 4243 1878 4298 nativitatis.

538 4308 570 4384 1_
608 4308 693 4384 (d)
724 4309 778 4365 In
802 4324 932 4366 mss.
965 4310 1086 4367 Vat.
1108 4311 1249 4384 bas...
1280 4314 1400 4369 aliis
1427 4314 1598 4369 tribus
1623 4314 1920 4384 Vaticanis,
1947 4313 2131 4382 Mart.,

529 4378 693 4455 Corn.
719 4388 895 4455 ,_e_tc_.,
929 4383 1306 4455 generationem
1337 4394 1662 4455 :qcorrupte.

530 4461 543 4503 t
608 4452 693 4525 (e)
722 4451 891 4516 Editi,
919 4451 1008 4528 ubi
1036 4469 1143 4507 esse
1163 4463 1237 4508 est
1269 4472 1288 4510 :
1317 4454 1499 4512 addito
1525 4451 1655 4527 esse,
1675 4455 1879 4528 absque
1898 4457 2133 4514 auctori-

535 4523 646 4580 tate
671 4533 914 4579 veterum
944 4523 1252 4581 librorum..

600 4594 669 4672 (Γ)
696 4594 857 4672 Solus
876 4594 1047 4672 codex
1065 4595 1281 4672 _Remig.
1310 4613 1434 4654 cum
1456 4598 1695 4672 Theod.,
1717 4615 1891 4655 sensu.
1914 4601 2127 4672 Agnos-

530 4667 736 4724 cendus
766 4667 852 4751 hic
894 4666 1267 4737 hebraismus',
1300 4685 1409 4742 quo
1436 4666 1702 4728 redundat
1739 4666 2126 4744 sequens'pro-

529 4753 727 4795 nomen
755 4756 823 4794 ει.

603 4811 949 4889 (g)__t\liqnt_)t
976 4826 1118 4889 mss.
1153 4813 1514 4889 recentiores,
1552 4816 1680 4889 dum
1718 4815 1969 4889 idipsum.
2019 4817 2127 4873 Alii

535 4882 813 4954 γεγε-111)τὶ
831 4921 847 4947 ,
878 4883 989 4938 Deo
1018 4883 1073 4937 id
1100 4885 1289 4954 ipsum.
1318 4885 1521 4943 Probet
1548 4888 1719 4944 lector
1744 4882 1922 4944 ut'rum
1951 4898 2124 4954 recte,

530 4968 635 5032 pro
660 4951 1354 5032 Qeo.__substituerimusde
1383 4975 1461 5032 eo,
1486 4960 1604 5032 scil.
1638 4962 1731 5032 qui
1758 4971 1862 5025 est,
1885 4951 2129 5015 maxime

531 5024 743 5112 collatis
786 5026 854 5082 iis
883 5041 1005 5099 quae
1049 5042 1199 5085 num.
1247 5031 1355 5099 51,
1386 5029 1455 5087 de
1496 5030 1619 5087 Filii
1650 5024 1915 5088 inﬁnitate
1959 5047 2131 5087 enun-

533 5107 756 5155 tiantur.

604 5168 683 5238 (It)
705 5169 897 5245 Excusi
920 5185 1042 5245 cum
1072 5172 1348 5245 plerisque
1372 5186 1530 5242 mss.,
1552 5174 1689 5245 quod
1709 5186 1781 5230 est
1802 5173 1919 5230 Dei.
1944 5174 2127 5230 Codex

535 5240 681 5318 Vati,
710 5239 850 5318 bas_.,
874 5241 1030 5318 'quod
1058 5239 1130 5297 est
1174 5239 1333 5318 Deus.
1366 5239 1534 5316 Magis
1563 5239 1736 5317 placet
1763 5263 1885 5303 cum
1918 5246 2125 5318 Remig.

531 5327 596 5368 ac
619 5311 857 5385 Thcod.,
884 5311 1023 5385 quod
1057 5324 1153 5377 est.
1184 5316 1249 5382 ei,
1290 5324 1414 5385 puta
1446 5311 1626 5372 sensui
1655 5326 1947 5374 retroacto.

605 5384 669 5457 (ἱ)
714 5383 851 5442 Male
880 5383 1041 5455 apud.
1088 5386 1217 5441 Bad.
1241 5429 1255 5451 ,
1293 5383 1494 5457 semper
1530 5389 1795 5456 infinitum
1841 5406 1896 5445 se
1924 5406 2124 5445 sensus.

532 5456 644 5513 Nec
683 5458 876 5534 melius
917 5461 970 5514 in
1012 5457 1134 5514 aliis
1173 5459 1304 5517 edit.
1350 5463 1892 5534 semperfinﬁnitatem
1921 5478 1983 5534 se,
2015 5478 2133 5516 sen-

534 5546 654 5592 sus,
692 5538 798 5586 etc.
834 5532 1091 5605 Erasmus
1120 5546 1400 5603 perperam
1446 5532 1768 5604 conjectavit
1799 5533 2083 5605 legendum
2108 5573 2126 5600 ,

531 5617 729 5669 semper
758 5619 848 5670 per
876 5603 1184 5672 inﬁnitatem
1228 5605 1270 5659 si
1320 5620 1499 5660 sensus
1537 5603 1698 5662 nostri
1745 5603 1971 5661 reversui
2010 5605 2132 5659 sub-

532 5672 938 5750 trahit._Veram_
975 5675 1260 5750 lectionem
1315 5691 1510 5750 magno
1548 5692 1850 5750 consensu
1874 5677 2132 5734 exhibent

530 5744 901 5871 afﬁngens“
924 5746 1168 5806 ialinitus
1200 5744 1443 5822 vocatur,
1472 5749 1628 5823 cujus
1654 5760 1736 5808 est
1766 5748 2009 5809 inﬁnitus
2038 5764 2131 5807 re-

605 5830 631 5871 r
732 5847 745 5869 .

605 5830 745 5872 rsus.

2301 3815 2371 3890 (j)_
2403 3815 2893 3890 lnaliquotproba:
2924 3823 3065 3890 notae
3094 3827 3225 3869 mss.
3247 3811 3349 3890 _hic
3374 3812 3709 3890 praeponitur
3742 3813 3840 3880 ad,

2229 3884 2372 3958 quod
2418 3884 2947 3958 adjecinm'videlur
2988 3887 3057 3942 ob
3110 3886 3412 3958 proximum
3472 3884 3695 3940 verbum
3757 3902 3845 3940 re-

2235 3956 2456 4024 t'roacta,
2488 3956 2804 4016 Sententiae
2855 3958 3014 4024 lmjns
3043 3958 3252 4012 nativus
3284 3956 3369 4011 hic
3397 3972 3588 4012 sensus
3622 3965 3707 4012 est
3741 3976 3755 4012 :
3782 3968 3842 4011 ut

2234 4032 2448 4086 intentio
2478 4031 2820 4100 quantumvis
2850 4039 3104 4084 retroacta
3134 4046 3234 4082 non
3260 4029 3431 4098 capiat
3459 4028 3657 4099 aliquid
3682 4029 3840 4083 aliud

2230 4112 2347 4159 ante
2367 4102 2439 4164 id,
2455 4103 2590 4171 quod
2607 4102 2869 4170 proprium
2888 4100 2998 4155 Deo
3018 4110 3110 4166 est,
3133 4100 3339 4156 scilicet
3355 4116 3553 4172 semper
3570 4116 3699 4172 esse,
3723 4111 3839 4156 etc.

2234 4175 2389 4241 Quod
2427 4170 2479 4228 in
2518 4174 2813 4242 generatim
2844 4172 2911 4227 de
2934 4173 3048 4231 Deo
3074 4215 3090 4236 ,
3125 4173 3439 4242 nominatim
3464 4170 3547 4226 de
3588 4170 3728 4225 Filio
3756 4173 3843 4227 sic

2237 4240 2470 4301 habetur
2511 4240 2651 4317 inira
2676 4260 2841 4317 num.
2883 4243 2955 4317 52
2996 4243 3255 4317 {Siquid
3284 4244 3348 4297 de
3390 4240 3534 4317 Filio
3569 4258 3709 4317 mens
3753 4260 3844 4298 re-

2235 4326 2434 4371 troacta
2458 4315 2790 4381 scrutabitur,
2824 4315 2955 4370 nihil
2980 4316 3125 4371 aliud
3144 4315 3424 4369 scrutantis
3448 4315 3642 4384 sensui,
3677 4330 3842 4385 quam

2236 4398 2413 4443 natum
2442 4404 2551 4444 esse
2578 4397 2625 4443 et
2647 4403 2846 4461 semper
2864 4403 2993 4455 esse,
3017 4403 3215 4460 semper
3240 4395 3489 4442 occurret.

2307 4484 2383 4554 (k)
2433 4470 2610 4554 Editi,
2656 4480 2724 4536 ad
2754 4481 3142 4554 intelligendam
3173 4480 3627 4554 Dei_tcternitat_em
3654 4464 3843 4551 proce-

2235 4552 2323 4611 dat
2352 4572 2370 4611 :
2401 4564 2512 4611 tum
2534 4553 2690 4622 Bad.,
2721 4570 2873 4623 quant
2898 4552 3061 4608 Deum
3096 4571 3108 4607 :
3139 4554 3230 4607 Er.
3265 4552 3413 4620 Lips.
3442 4560 3498 4608 et
3532 4552 3681 4617 Par.,
3716 4570 3838 4606 cum

2154 4646 2210 4707 D
2236 4625 2423 4707 Deum.
2467 4625 2824 4707 corriguntur
2872 4639 2987 4707 o_pe_
3027 4639 3159 4707 mss.
3202 4624 3375 4679 Porro
3407 4623 3510 4707 .ltic
3543 4624 3840 4707 aeternitate

2234 4698 2575 4773 procedendi,
2590 4695 2649 4752 id,
2669 4705 2751 4773 est
2771 4695 2921 4773 quod
2940 4698 3111 4773 aiunt,
3138 4712 3375 4767 processu
3394 4696 3453 4773 in
3476 4695 3757 4773 inﬁnitum.

2308 4771 2372 4843 (ι)
2400 4770 2456 4825 In
2489 4770 2742 4843 vulgatis,
2788 4766 3116 4843 Evangelista
3138 4766 3370 4843 testatur.
3394 4766 3588 4843 Verius
3615 4767 3670 4821 in
3697 4781 3835 4843 mss.

2239 4838 2544 4915 Evangelia,
2573 4838 2673 4915 sub
2701 4854 2808 4912 quo
2839 4838 3057 4915 nomine
3086 4840 3249 4915 etiam
3272 4838 3836 4915 apostolorumverba

2234 4909 2765 4981 comprehenduntur
2789 4953 2804 4980 ,
2834 4926 2898 4967 ac
2938 4910 3163 4980 proinde
3206 4909 3541 4982 signiﬁcatur
3570 4909 3835 4982 quidquid

2235 4985 2303 5042 ad
2342 4986 2548 5041 Novum
2576 4985 3001 5054 Testamentum,
3028 4981 3303 5054 pertinet;
3317 4991 3405 5054 _ut
3458 4992 3615 5037 antea
3662 4981 3833 5054 Moysi

2236 5058 2456 5113 nomine
2482 5055 2648 5112 totius
2673 5055 2870 5111 veteris
2902 5053 3040 5124 legis
3060 5053 3195 5109 ﬁdes
3218 5052 3507 5109 indicatur.

2309 5148 2579 5223 (m)ﬂEditi
2608 5191 2622 5215 ,
2655 5148 2805 5216 Quod
2845 5149 2890 5201 si
2928 5147 3006 5202 illi
3051 5157 3249 5223 patrem
3274 5163 3471 5223 semper
3500 5163 3639 5213 esse,
3683 5155 3834 5216 atque

2237 5222 2357 5276 huic
2384 5220 2551 5289 lilium
2577 5236 2776 5292 semper
2802 5235 2910 5273 esse
2936 5221 3201 5292 prapriunt
3231 5228 3398 5292 εειηει
3423 5220 3477 5273 in
3497 5228 3712 5292 eo,elc.
3746 5236 3832 5292 ref

2238 5294 2533 5349 nitentibus
2562 5290 2756 5361 magno
2792 5290 3062 5362 consensu
3092 5305 3221 5345 mss.
3252 5290 3310 5345 In
3340 5290 3423 5346 his
3445 5290 3659 5362 verbis,
3695 5290 3830 5362 quod

2237 5381 2355 5420 cum
2394 5363 2515 5428 illi,
2551 5360 2855 5433 pronomen
2897 5360 2979 5416 illi
3006 5362 3167 5433 etiam
3199 5362 3265 5417 ad
3306 5362 3499 5417 Filium
3530 5360 3598 5433 ab
3627 5360 3830 5417 tutante

2239 5447 2423 5492 natum
2451 5432 2795 5491 referendum
2818 5433 3050 5501 videtur,
3070 5436 3123 5488 in
3147 5432 3293 5490 hunc
3311 5434 3425 5488 fere
3443 5432 3659 5488 modum
3679 5447 3827 5489 :cum

2238 5509 2377 5565 Filio
2417 5510 2469 5564 in
2502 5522 2570 5564 eo
2592 5507 2734 5577 quod
2761 5521 2981 5575 semper
3007 5515 3089 5562 est
3124 5505 3199 5560 illi
3229 5512 3397 5577 pater,
3427 5506 3580 5576 cujus
3605 5515 3661 5561 et
3689 5519 3801 5563 sem

2238 5596 2338 5652 per
2362 5590 2447 5637 est
2471 5580 2634 5648 ﬁlius,
2668 5579 2945 5650 proprium
2972 5579 3042 5633 sit
3068 5592 3189 5634 esse
3210 5620 3224 5645 ,
3255 5586 3360 5635 etc.

2311 5674 2393 5749 (tt)
2425 5673 2603 5746 Apud.
2637 5673 2762 5728 Par.
2795 5672 2924 5749 etin
2956 5671 3198 5743 pluribus
3225 5671 3640 5749 antiquislibris
3667 5669 3823 5749 semel

2242 5743 2449 5814 tantum
2479 5743 2653 5803 exstat
2679 5745 3100 5816 propriumest;
3129 5744 3273 5815 quod
3300 5743 3370 5816 in‘
3396 5744 3668 5816 prioribus
3695 5743 3821 5802 edit.

2239 5812 2503 5889 repetitur
2532 5826 2585 5878 et
2612 5817 2663 5873 in
2680 5812 2822 5873 'mss.
2849 5812 3034 5883 V'ird.,
3059 5812 3292 5888 Reinig.,
3317 5812 3551 5883 Tlteod.,
3576 5824 3684 5872 etc.
