4106 6192
291 278 395 337 M9

1493 279 1581 336 DE
1622 277 1990 337 TRINITATE
2021 279 2230 338 LIBER
2268 282 2385 339 XII.

3479 291 3587 348 450

292 394 493 466 proﬁcit
543 408 737 464 causa,
772 395 852 469 (a)
897 396 987 467 qui
1033 408 1132 466 per
1160 408 1219 450 se
1251 395 1329 468 (l)
1378 405 1594 451 maneat
1619 405 1876 452 aeternus.
1908 399 1964 459 Α
1988 404 2098 453 tate
2122 413 2342 454 sensum
2373 398 2623 455 humana:
2653 399 2874 456 rationis
2915 401 3244 469 extollimus,
3278 411 3335 458 ut
3361 418 3459 476 per
3498 406 3584 461 in-

290 490 392 546 Sed
438 490 747 561 tuiigenitus
796 489 970 554 Deus,
1011 490 1101 559 qui
1144 498 1198 543 et
1244 488 1338 543 Dei
1370 489 1645 560 Sapientia
1693 500 1748 545 et
1792 489 1887 545 Dei

292 583 472 639 Virtus
497 594 551 639 et
578 581 816 638 Verbum
846 592 962 649 est,
994 599 1116 636 cum
1148 590 1305 638 natus
1339 581 1447 648 sit,
1491 591 1692 653 patrem
1723 591 1888 638 testa-

292 685 692 733 turauctorem.
732 677 865 731 Cum
905 673 972 732 ex
1003 685 1257 732 manente
1299 684 1457 731 natus
1499 686 1622 741 est,
1671 689 1776 730 non
1808 683 1892 731 est

290 780 447 828 natus
488 786 555 825 ex
599 768 794 825 nihilo.
845 766 981 824 Cum
1029 777 1157 825 ante
1201 778 1445 840 tempora
1492 778 1693 824 aeterna
1732 776 1892 824 natus

291 872 393 930 εει,
425 877 643 919 omnem
692 876 909 917 sensum
960 876 1187 917 necesse
1234 870 1316 917 est
1360 861 1634 917 nascendo
1682 877 1890 932 prtere-

290 955 423 1011 niat.
454 953 534 1025 (Ξ)
576 952 694 1009 Non
729 952 950 1023 reliquit
987 952 1045 1007 in
1071 952 1249 1008 verbis
1274 993 1290 1020 ,
1332 962 1390 1007 ut
1439 968 1548 1008 non
1580 952 1741 1009 fuerit
1768 962 1894 1009 ante

291 1062 448 1120 quam
478 1055 816 1104 nasceretur.
849 1045 909 1102 Si
936 1046 1080 1103 enim
1111 1044 1297 1103 sensui
1324 1056 1511 1102 nostro
1538 1047 1804 1118 sulijacet,
1834 1058 1894 1103 ut

293 1158 401 1200 non
444 1140 613 1197 fuerit
643 1150 767 1196 ante
795 1154 955 1212 quam
986 1150 1144 1196 natus
1169 1148 1285 1208 est;
1315 1139 1427 1211 jam
1458 1139 1739 1196 nativitate
1771 1140 1893 1211 ejus

294 1247 346 1294 et
389 1251 586 1293 sensus
627 1235 715 1309 (ὁ),
743 1246 930 1292 noster
952 1244 1006 1291 et
1053 1244 1265 1305 tempus
1308 1235 1548 1290 anterius
1592 1228 1677 1291 est
1721 1236 1892 1306 :quia

296 1347 491 1400 omne,
538 1329 683 1402 quod
714 1328 987 1397 nonfuit,
1029 1329 1141 1400 jam
1183 1339 1236 1384 et
1268 1327 1451 1384 sensui
1502 1328 1793 1385 obnoxium
1839 1338 1895 1385 et

298 1424 526 1493 tempori
571 1430 656 1479 est
692 1423 746 1478 in
776 1438 840 1478 ea
883 1422 998 1493 ipsa
1038 1420 1436 1492 signiﬁcatione
1480 1437 1584 1492 qua
1623 1421 1890 1489 nonfuit;

300 1518 422 1592 quia
462 1534 568 1574 non
601 1517 805 1587 fuisse,
855 1533 978 1589 pars
1009 1519 1267 1589 temporis
1312 1527 1413 1575 est.
1459 1518 1564 1587 Qui
1610 1528 1790 1575 autem
1824 1520 1893 1575 ab

303 1622 501 1669 mterno
546 1610 622 1685 (c)
652 1620 770 1678 est,
800 1619 856 1667 et
889 1626 1104 1681 semper
1130 1611 1231 1666 fuit
1256 1654 1271 1679 ,
1319 1626 1418 1667 nec
1447 1621 1529 1667 est
1560 1611 1676 1667 sine
1703 1611 1899 1667 nativi-

308 1716 431 1775 tate,
457 1721 559 1763 nec
589 1722 699 1762 non
729 1705 868 1773 fuit;
893 1706 1020 1761 dum
1049 1715 1103 1761 et
1130 1720 1348 1776 semper
1374 1705 1539 1762 fuisse
1570 1720 1730 1777 supra
1763 1715 1899 1763 tem-

305 1816 405 1874 pus
432 1811 536 1868 est,
568 1811 625 1858 et
650 1811 832 1857 natum
865 1817 988 1858 esse
1013 1802 1267 1857 nativitas
1294 1810 1397 1858 est.

374 1897 463 1953 26.
512 1896 703 1952 Contra
752 1898 1064 1951 natiuitatem
1109 1906 1351 1953 internum
1390 1896 1545 1968 impie
1583 1896 1765 1951 nititur
1806 1896 1902 1950 Int-

309 2004 457 2044 mana
481 1989 638 2043 ratio.
669 2018 743 2029 —
771 1986 964 2043 Natum
997 1989 1177 2059 itaque
1209 1987 1541 2059 unigenitum
1574 1989 1771 2053 Deum,
1804 1988 1899 2044 sed

315 2091 490 2137 natum
517 2090 645 2136 ante
673 2089 873 2137 (eterna
908 2090 1147 2150 tempora
1187 2080 1544 2147 confitemur;
1582 2081 1704 2151 quia
1734 2079 1904 2136 conli-

317 2176 410 2232 teri
447 2188 671 2230 necesse
716 2182 832 2241 est,
881 2172 962 2245 (ἀ)
991 2174 1042 2228 in
1087 2187 1195 2243 quo
1242 2187 1339 2229 nos
1387 2173 1810 2244 apostolicarum
1840 2188 1905 2230 ac

317 2268 742 2341 proplieticarum
808 2266 1247 2338 praedicationum
1314 2266 1455 2322 dicta
1504 2266 1835 2323 concludunt
1887 2283 1900 2321 :

320 2377 435 2417 cum
466 2370 644 2417 tamen
678 2376 868 2416 sensus
899 2359 1166 2416 humanus
1193 2359 1605 2431 intelligentiam
1636 2360 1906 2431 intempo-

323 2455 442 2511 ralis
464 2454 757 2511 nativitatis
786 2470 892 2510 non
917 2453 1311 2525 apprehendat,
1349 2454 1471 2524 quia
1505 2453 1706 2525 aliquid
1730 2454 1783 2509 in
1806 2468 1905 2508 na-

329 2549 449 2603 turis
472 2547 544 2621 (e)
576 2547 808 2604 terrenis
838 2555 962 2601 ante
991 2555 1232 2616 tempora
1261 2555 1445 2601 natum
1491 2561 1613 2603 esse
1647 2563 1751 2602 non
1779 2561 1910 2602 con-

331 2644 484 2701 venit.
514 2644 667 2713 Quod
690 2658 812 2700 cum
849 2642 919 2699 ita
948 2658 980 2699 a
1005 2643 1159 2698 nobis
1193 2642 1605 2712 przedicabitur;
1636 2640 1910 2713 quomodo

332 2751 529 2792 rursum
571 2737 816 2807 ejusdem
866 2736 1234 2806 intelligentiae
1276 2734 1562 2806 complexu
1590 2751 1697 2789 non
1745 2734 1912 2789 fuisse

334 2839 448 2887 ante
472 2845 633 2902 quam
674 2831 915 2886 nascitur
942 2830 1182 2885 dicemus
1206 2870 1219 2895 ,
1252 2843 1375 2884 cum
1418 2827 1714 2884 secundum
1761 2826 1905 2898 Apo—

336 2925 513 2979 stolum
567 2932 694 2979 ante
744 2932 990 2995 tempora
1044 2932 1245 2978 aeterna
1299 2921 1369 2976 sit
1418 2921 1727 2992 unigenitus
1773 2922 1913 2977 Deus

340 3017 404 3088 (ll
428 3016 557 3085 Tim,
586 3035 625 3087 ι,
654 3018 711 3084 9,
740 3027 789 3073 et
810 3016 918 3074 Tit.
943 3034 981 3085 ι,
1014 3017 1115 3079 2)?
1140 3016 1196 3072 Si
1230 3016 1389 3088 igitur
1414 3022 1596 3070 natum
1626 3023 1750 3071 ante
1782 3025 1917 3070 tem-

338 3126 455 3182 pora
499 3122 723 3179 aeterna,
770 3126 876 3167 non
901 3111 1041 3167 ratio
1080 3110 1328 3165 humanae
1362 3108 1732 3180 intelligentia:
1756 3151 1772 3176 ,
1817 3108 1915 3165 sed

1991 488 2343 561 telligentiam
2374 492 2562 546 mundi
2603 506 2708 546 non
2752 491 2914 548 fuerit
2951 505 3077 549 ante
3109 511 3266 565 quam
3298 497 3541 552 nascitur
3563 539 3581 564 ,

1991 598 2111 638 eum
2138 584 2280 639 ultra
2306 600 2524 642 sensum
2555 584 2849 643 humanum
2876 596 2931 644 et
2958 588 3367 661 intelligentiam
3400 590 3588 646 mundi

1992 687 2248 733 nascatur
2288 688 2574 736 mternum.
2618 678 2903 737 Eternum
2935 690 3116 738 autem
3157 692 3282 753 est,
3324 682 3586 755 quidquid

1993 775 2206 839 tempus
2231 771 2465 827 excedit.

2064 862 2156 917 27.
2187 863 2267 919 De
2306 875 2428 919 nato
2461 875 2579 921 ante
2607 874 2834 938 tempora
2860 867 2963 923 diei
3001 869 3209 939 nequit,
3240 867 3396 927 ANTE
3446 884 3592 935 euut

1994 969 2165 1011 unus
2193 971 2311 1021 esr,
2346 974 2436 1012 nec
2463 973 2566 1014 non
2589 975 2712 1015 rurr
2743 960 3416 1034 antemnam—Tempora
3445 963 3590 1019 enim

1995 1048 2173 1103 omnia
2202 1049 2290 1105 vel
2318 1050 2572 1121 opinione
2598 1053 3038 1124 complectimur,
3089 1056 3173 1112 vel
3202 1056 3427 1112 scientia
3466 1075 3479 1112 :
3513 1054 3591 1129 (g)

1999 1155 2121 1196 cum
2152 1141 2297 1212 quod
2323 1158 2466 1199 nunc
2493 1155 2612 1212 est,
2645 1146 2847 1201 scimus
2868 1161 2975 1203 non
3006 1148 3166 1204 etiam
3193 1149 3365 1219 pridie
3389 1150 3551 1206 fuisse
3571 1193 3586 1217 ,

1999 1233 2120 1303 quia
2164 1234 2306 1305 quod
2338 1236 2510 1307 pridie
2554 1238 2749 1307 luerit,
2780 1255 2925 1296 nunc
2957 1256 3064 1295 non
3096 1241 3203 1296 sit:
3235 1242 3377 1312 quod
3405 1252 3592 1300 autem

2001 1323 2086 1395 (It)
2114 1340 2254 1382 nunc
2282 1335 2396 1394 est,
2429 1344 2572 1386 nunc
2612 1338 2818 1387 tantum
2859 1331 2963 1400 sit,
2996 1347 3101 1388 non
3129 1341 3187 1389 et
3209 1334 3383 1404 pridie
3412 1334 3593 1392 fuerit.

1998 1414 2266 1487 Opinione
2293 1435 2425 1476 vero
2456 1421 2529 1477 ita
2561 1424 2831 1494 praeterita
2861 1426 3136 1493 metimur,
3170 1437 3227 1482 ut
3252 1437 3377 1485 ante
3408 1430 3597 1486 urbem

1999 1510 2231 1582 aliquam
2282 1512 2584 1570 inStitutam
2633 1531 2743 1572 non
2790 1517 3096 1589 ambigatur
3139 1526 3353 1592 tempus
3403 1520 3593 1591 fuisse,

2000 1617 2108 1673 quo
2135 1603 2265 1659 urbs
2296 1603 2541 1662 instituta
2570 1623 2678 1664 non
2711 1608 2889 1664 fuerit.
2920 1607 3055 1665 Cum
3084 1626 3216 1683 ergo
3246 1612 3327 1668 vel
3355 1613 3599 1669 scicntia:

2003 1698 2089 1752 vel
2115 1698 2354 1769 epiuioni
2405 1710 2606 1757 nostrae
2651 1702 2934 1774 subjacent
2977 1713 3220 1776 tempora
3248 1747 3262 1773 ,
3295 1720 3461 1762 seusu
3499 1705 3601 1761 liu-

1925 1793 1974 1855 B
2003 1808 2175 1850 manu:
2215 1793 2584 1866 intelligentia:
2618 1796 2965 1868 iudicamus;
3020 1806 3075 1854 ut
3126 1798 3189 1873 (ἴ)
3216 1800 3283 1856 de
3309 1801 3491 1872 aliqua
3538 1814 3600 1857 re

2007 1887 2217 1944 ratione
2262 1890 2466 1946 dixisse
2514 1891 2930 1962 existimemur,
2972 1909 3077 1949 nou
3129 1893 3233 1950 fuit
3275 1906 3400 1951 ante
3441 1911 3601 1967 quam

2007 1984 2267 2050 nascitur,
2290 1984 2413 2056 quia
2447 1985 2868 2059 uniuscujusque
2890 1988 3152 2060 originem
3185 1999 3426 2060 tempora
3456 2005 3601 2045 sem-

2007 2090 2106 2147 per
2131 2077 2362 2133 antelata
2396 2081 2747 2149 prmvcniant.
2780 2084 2851 2136 At
2878 2097 3007 2137 vero
3028 2098 3151 2138 cum
3183 2083 3237 2139 in
3276 2084 3367 2140 Dei
3401 2084 3562 2141 rebus
3585 2124 3602 2152 ,

2009 2168 2061 2224 id
2090 2179 2194 2238 est,
2228 2170 2282 2225 in
2310 2170 2401 2226 Dei
2426 2172 2725 2241 nativitate,
2759 2173 2893 2229 nihil
2926 2190 3030 2230 non
3061 2183 3188 2232 ante
3211 2185 3419 2249 tempus
3447 2186 3607 2233 teter-

2010 2279 2137 2318 num
2167 2263 2268 2331 sit;
2298 2280 2405 2320 non
2435 2264 2581 2321 cadit
2610 2267 2661 2321 in
2689 2266 2764 2337 id,
2796 2277 2854 2323 ut
2879 2266 2952 2341 (j)
2984 2279 3110 2325 ante
3133 2286 3293 2341 quam
3319 2280 3475 2326 natus
3500 2277 3606 2338 est,

2010 2358 2204 2429 cuique
2243 2368 2369 2415 ante
2406 2369 2647 2432 tempora
2692 2371 2893 2418 aeterna
2936 2360 3015 2435 ('5)
3046 2365 3372 2435 promissum
3417 2364 3495 2437 (Ιε)
3525 2374 3614 2422 εει

2012 2459 2295 2520 aeternum,
2325 2452 2397 2508 sit
2424 2453 2720 2510 secundum
2752 2455 2893 2512 beati
2924 2456 3170 2527 Apostoli
3198 2457 3398 2514 dictum
3429 2461 3482 2515 in
3510 2474 3607 2531 spe

2011 2546 2137 2601 vitae
2170 2555 2409 2615 atteram,
2442 2563 2600 2619 quam
2636 2548 2887 2620 promisit
2914 2565 3020 2606 non
3051 2552 3281 2609 mendas
3313 2554 3453 2610 Deus
3484 2564 3610 2611 ante

2016 2649 2259 2711 tempora
2285 2648 2486 2694 aeterua
2516 2641 2647 2711 (Tit.
2677 2659 2715 2707 ι,
2747 2641 2830 2711 2),
2860 2641 2923 2715 (ι)
2972 2644 3264 2716 aliquando
3297 2634 3403 2703 nou
3429 2629 3603 2704 fuisse

2018 2732 2228 2789 dicatur
2258 2753 2273 2790 :
2308 2735 2433 2806 quia
2475 2734 2698 2807 intelligi
2740 2753 2847 2793 non
2882 2746 3059 2809 potest
3096 2740 3330 2811 coepisse
3359 2750 3481 2812 post
3509 2743 3612 2797 ali-

2018 2826 2166 2897 quid,
2196 2827 2285 2899 qui
2310 2843 2431 2884 esse
2461 2829 2533 2884 sit
2572 2836 2695 2884 ante
2737 2836 2941 2885 aeterna
2977 2839 3219 2903 tempora
3249 2833 3610 2892 conlitendus.

2091 2920 2182 2976 28.
2222 2919 2303 2975 De
2334 2919 2462 2974 Filii
2489 2922 2752 2977 nativitate
2790 2923 2999 2978 credere
3039 2933 3270 2979 tenentur
3291 2924 3439 2980 aliter
3460 2943 3519 2983 ac
3551 2924 3617 2983 de

2021 3012 2235 3070 nostris.
2269 3013 2484 3086 Semper
2515 3024 2692 3068 natum
2720 3015 3000 3084 audientes,
3029 3033 3304 3089 numquam
3325 3034 3429 3073 non
3457 3020 3619 3092 fuisse

2023 3111 2285 3165 sentimus.
2316 3139 2386 3150 —
2431 3109 2486 3167 Si
2538 3124 2669 3182 ergo
2732 3111 2879 3167 nasci
2930 3111 3134 3182 aliquid
3196 3123 3322 3170 ante
3374 3123 3618 3186 tempora

341 3206 623 3278 prudentia
658 3204 831 3262 ﬁdelis
862 3204 1130 3277 professio
1156 3212 1273 3270 est;
1305 3203 1429 3274 quia
1456 3212 1510 3258 et
1540 3203 1792 3258 nativitas
1826 3218 1920 3273 per
1945 3194 1990 3258 C
2024 3212 2222 3260 (eterna
2250 3244 2265 3269 ,
2295 3218 2470 3275 neque
2502 3203 2555 3258 in
2589 3203 2795 3260 naturis
2825 3203 3076 3261 humanis
3101 3213 3225 3274 est,
3259 3220 3435 3278 neque
3458 3205 3511 3263 in
3538 3209 3621 3263 in-

345 3310 603 3356 auctorem
632 3306 736 3365 est,
767 3307 820 3354 et
844 3296 987 3369 quod
1015 3305 1259 3366 tempora
1283 3295 1496 3352 excedit
1524 3304 1785 3350 mter-num
1810 3304 1915 3362 est,

345 3401 393 3448 et
432 3392 586 3467 ἦ,εᾷ
608 3404 760 3449 extra
785 3406 1006 3448 sensum
1036 3400 1309 3446 terrenum
1333 3397 1417 3444 est
1448 3388 1588 3460 quod
1632 3397 1757 3443 ante
1785 3398 1919 3444 tem-

346 3497 460 3555 pora
488 3497 687 3541 :eterna
717 3484 786 3539 sit
823 3491 1006 3539 natum
1038 3498 1056 3537 :
1085 3490 1233 3538 certe
1256 3482 1367 3553 jam
1411 3480 1486 3554 (f)
1527 3480 1691 3552 impia
1718 3480 1912 3536 volun-

409 3602 482 3746 ξι)
517 3601 713 3658 Manet.

432 3674 485 3745 Ξ)
513 3673 638 3730 Non
657 3691 713 3729 re

432 3674 485 3745 Ξ)
513 3673 638 3730 Non
657 3675 922 3745 relinquit.

407 3788 479 3861 (τι)
506 3787 565 3844 In
597 3788 786 3844 codice
834 3787 955 3843 Vat.
1001 3787 1121 3844 bas.
1150 3827 1165 3853 ,
1211 3785 1295 3854 qui
1334 3792 1824 3861 seniper_maneat_:
1866 3781 1920 3839 in

339 3856 545 3915 Martia.
568 3863 657 3931 qui
679 3868 972 3931 permaneat
1003 3875 1022 3913 :
1046 3874 1209 3930 grave
1233 3856 1507 3913 mendum.
1532 3856 1701 3911 Filius
1722 3857 1923 3927 quippe

339 3947 546 4002 semper
571 3940 753 3986 manet
777 3943 1033 3998 internus,
1055 3931 1310 4002 quamvis
1330 3944 1434 4002 non
1469 3944 1558 4002 per
1580 3944 1652 3995 se,
1682 3942 1778 3982 seu
1804 3943 1834 3981 a
1864 3942 1925 4002 se

342 3999 548 4060 maneat
569 4044 585 4068 ,
615 4002 712 4059 sed
740 4018 768 4058 a
795 4002 957 4058 Patre
990 4020 1005 4055 :
1037 3999 1144 4072 quo
1170 4000 1388 4056 nomine
1415 4001 1468 4054 in
1491 4000 1640 4054 illum
1669 3999 1927 4054 convenit

340 4076 584 4131 nascendi
610 4074 765 4130 ratio.

405 4145 478 4218 (ὁ)
507 4149 677 4201 Acute
702 4145 890 4218 docet,
924 4159 1140 4218 sensum
1172 4154 1439 4218 nostrum,
1462 4141 1505 4196 si
1536 4140 1751 4218 quando
1782 4140 1921 4218 [ilius

343 4213 629 4274 non'l‘uerit
653 4259 668 4285 ,
715 4232 780 4273 eo
813 4217 929 4286 ipso
957 4217 1280 4272 anteriorem
1330 4214 1445 4270 fore
1472 4231 1484 4265 :
1518 4213 1639 4286 quia
1669 4214 1924 4267 nimirum

344 4290 621 4361 gogitando
644 4285 1146 4361 nativitatemillius
1170 4286 1400 4361 quodam
1430 4285 1925 4361 m0d0_pra:vet'_tet.

345 4354 547 4431 Eique
574 4361 817 4429 sequitur
842 4360 1086 4415 eamdem
1117 4354 1448 4431 nativitatem
1473 4372 1582 4431 non
1603 4354 1926 4431 iuell‘abilem

350 4426 479 4497 esse,
506 4432 599 4487 sed
631 4426 813 4486 sensui
843 4438 1028 4486 nostro
1047 4429 1353 4498 subjacere,
1381 4428 1680 4484 secundum
1709 4427 1760 4483 id
1789 4426 1930 4498 quod

351 4502 437 4560 lib.
459 4520 533 4567 XI,
559 4522 614 4558 η.
643 4500 713 4558 46
740 4513 793 4557 ει
822 4500 913 4567 47,
953 4510 1219 4557 assertum
1252 4511 1357 4555 est.

417 4575 484 4646 (c)
508 4575 745 4630 Verbum
768 4583 841 4646 est
869 4574 955 4646 hic
977 4589 1081 4628 nou
1109 4572 1479 4627 exsistentiam
1502 4578 1682 4646 squat,
1705 4568 1798 4646 sed
1823 4568 1933 4646 ori:

358 4640 542 4715 ginem,
570 4655 722 4717 puta,
752 4645 840 4717 qui
866 4645 928 4698 ab
955 4655 1146 4700 (eterna
1171 4653 1380 4717 auctore
1409 4652 1501 4717 est.
1532 4640 1770 4717 Subinde
1803 4640 1932 4694 editi

362 4713 720 4787 excepto'Par.
749 4713 1004 4771 omittunt
1030 4732 1121 4769 nec
1151 4724 1221 4770 est
1255 4715 1365 4769 sine
1381 4713 1689 4787 nativitate,
1719 4728 1810 4766 nec
1834 4728 1937 4765 non

365 4789 447 4857 [ait
474 4783 495 4844 Ξ
519 4804 635 4860 quae
670 4788 832 4842 verba
864 4787 1122 4860 Erasmus
1167 4788 1221 4839 in
1252 4785 1504 4860 qundam
1534 4783 1720 4860 codice
1765 4797 1824 4860 se
1852 4799 1939 4860 re-

367 4854 551 4929 perisse
591 4860 865 4915 admonet.
893 4857 1204 4929 Reperisset
1227 4854 1358 4929 sane
1384 4856 1436 4910 in
1458 4856 1718 4929 pluribus,
1751 4854 1795 4908 si
1819 4854 1939 4923 plu-

367 4926 443 5003 res
472 4932 707 5003 legisset.
740 4930 850 5003 Nec
894 4926 1183 4999 possumus
1225 4928 1376 5003 illius
1409 4926 1790 5003 negligentiam
1835 4940 1939 5003 non

366 4995 596 5061 incusa're
622 5046 637 5068 ,
688 5002 779 5072 qui
827 4995 907 5057 vel
943 5009 1156 5071 reperta
1196 5015 1262 5054 au
1314 4998 1379 5053 ad
1408 4995 1692 5072 sententia:
1722 4995 1943 5065 integri-

369 5081 514 5131 tatem
540 5069 844 5131 necessaria
870 5069 1072 5141 essent,
1094 5072 1363 5128 tantillum
1385 5069 1699 5141 expendere
1723 5083 1827 5122 non
1853 5083 1947 5123 cu-

369 5149 509 5203 ravit.
1620 5152 1627 5157 '

434 5217 508 5293 (d)
540 5218 716 5294 Editi;
743 5219 985 5294 id‘quod.
1025 5218 1096 5272 At
1136 5230 1266 5294 mss.
1297 5214 1352 5294 in
1375 5228 1513 5294 qua,
1542 5211 1648 5294 vel.
1678 5211 1729 5265 in
1756 5210 1949 5294 quod}

369 5288 415 5343 id
441 5285 548 5358 est,
584 5285 857 5348 confessio
884 5299 1067 5345 nostra
1097 5287 1342 5344 terminis
1372 5286 1439 5340 iis
1468 5285 1633 5358 debet
1654 5285 1946 5348 contineri,

369 5377 492 5431 quos
514 5356 759 5432 Apostoli
784 5369 840 5418 et
867 5362 1142 5432 prophetae
1166 5359 1320 5432 nobis
1350 5356 1707 5432 conStituunt.

367 5427 395 5479 «⁷
434 5433 500 5506 (ε)
529 5427 658 5493 Mss.
685 5427 899 5490 Martia.
935 5427 992 5489 et
1030 5430 1172 5499 Vah,
1204 5430 1346 5496 bas.,
1375 5427 1573 5483 naturis
1596 5443 1766 5482 rerum
1794 5435 1953 5480 terre-

369 5522 563 5564 narum.

435 5579 506 5650 (ι’)
536 5578 595 5634 In
626 5574 788 5634 Corb.
829 5586 883 5633 et
912 5572 1098 5650 paucis
1128 5570 1250 5650 aliis
1280 5587 1436 5650 mss.,
1472 5569 1684 5650 impiam
1714 5567 1952 5650 votuqtq-

369 5640 633 5706 tetn't'tensu
662 5664 681 5703 :
712 5651 890 5705 minus
914 5640 1156 5703 sincere.
1190 5645 1374 5716 Impia:
1403 5642 1823 5716 voluntatis‘eos
1853 5640 1950 5694 Hi-

366 5718 525 5793 larius
549 5737 778 5792 arguere
807 5721 966 5785 solet,
986 5719 1078 5789 qui
1115 5711 1302 5793 aperte
1326 5715 1586 5771 resistunt
1611 5711 1825 5793 veritati
1849 5753 1864 5777 ,
1895 5720 1952 5766 et

367 5788 716 5865 ignorantiam
742 5808 846 5849 non
880 5788 1107 5863 possent
1130 5788 1271 5861 apud
1295 5800 1482 5859 :equos
1509 5799 1688 5842 rerum
1710 5788 1948 5840 aestima-

2025 3297 2358 3368 telligentia;
2386 3308 2440 3353 et
2468 3306 2642 3353 tamen
2674 3297 2727 3353 in
2758 3297 2862 3353 hoc
2892 3296 3319 3369 professionibus
3347 3299 3414 3357 de
3438 3315 3498 3355 se
3525 3299 3621 3357 Dei

2023 3389 2307 3446 creditur:
2339 3390 2607 3461 quomodo
2649 3389 2701 3445 id
2742 3389 2887 3461 quod
2915 3391 3031 3448 sine
3069 3406 3231 3447 sensu
3282 3391 3378 3465 (in)
3418 3391 3619 3449 intelli-

2024 3485 2220 3555 gentiae
2248 3493 2465 3540 ueterum
2493 3492 2675 3541 natum
2706 3499 2944 3555 semper,
2986 3485 3039 3542 id
3069 3492 3187 3557 est,
3216 3496 3343 3544 ante
3372 3498 3613 3559 tempora

2103 3596 2183 3672 (5)
2216 3596 2538 3653 Promissum
2567 3609 2812 3654 aeternum
2837 3599 2921 3653 sit.

2033 3788 2180 3855 tores
2200 3778 2497 3855 obtendere
2522 3798 2534 3834 :
2564 3779 2866 3852 cuiusmodi
2895 3790 3020 3855 sunt
3042 3825 3057 3849 ,
3090 3782 3180 3854 qui
3212 3800 3304 3854 per
3331 3783 3628 3855 intelligen-

2032 3853 2156 3909 tiam
2182 3852 2359 3908 mundi
2379 3895 2395 3920 ,
2426 3853 2529 3908 hoc
2549 3864 2654 3913 εει.
2686 3868 2752 3908 ex
2772 3854 3080 3923 cognitione
3110 3852 3297 3912 rerum
3329 3852 3627 3913 mundana-

2034 3941 2173 4051 rtlttn,
2207 3926 2506 3995 comparari
2536 3924 2726 3980 volunt
2752 3925 2859 3980 nati
2881 3936 3008 3983 ante
3037 3934 3279 3999 tempora
3308 3939 3512 3984 retenta
3531 3942 3630 3985 no.

2036 4006 2076 4051 ti
2106 4012 2232 4051 iam.

2036 4006 2232 4051 titiam.

2107 4065 2187 4140 (g)
2219 4065 2587 4140 Suppleudum
2616 4067 2724 4133 hic,
2748 4067 2961 4123 scientia
2988 4068 3212 4140 quidem.

2109 4137 2191 4211 (li)
2227 4137 2492 4197 Particula
2517 4156 2654 4194 nunc
2674 4181 2689 4207 ,
2721 4142 2776 4195 in
2804 4137 3033 4211 vulgatis
3052 4145 3251 4198 omissa
3270 4180 3285 4208 ,
3311 4157 3375 4199 ex
3415 4141 3632 4214 scriptis

2030 4220 2373 4358 Nigidii-iii,
2399 4281 2463 4338 de
2484 4283 2902 4358 aliquagratione.
2948 4283 3172 4341 Rectius
3204 4300 3335 4358 mss.
3370 4286 3433 4340 de
3461 4285 3637 4358 aliqua

2031 4370 2088 4409 re
2113 4355 2332 4430 ratione,
2359 4355 2463 4430 hoc
2488 4365 2571 4410 est
2588 4356 2710 4430 ,ude
2737 4371 2796 4430 re
2843 4370 2964 4430 qua}
2992 4357 3323 4427 temporibus
3355 4355 3634 4430 subjacet,

2032 4426 2229 4569 r’nerito
2257 4441 2321 4482 ac
2353 4426 2564 4482 ratione
2586 4426 2904 4494 dixerimus,
2930 4426 3061 4482 Ante
3088 4426 3243 4500 quam
3271 4426 3501 4485 nascitur
3528 4426 3631 4485 non

2066 4506 2161 4551 tttt.

2066 4506 2161 4551 uit.

2107 4569 2184 4642 (j)
2215 4567 2272 4643 Id
2303 4577 2388 4643 est
2412 4612 2428 4637 ,
2448 4568 2513 4643 in
2557 4568 2649 4625 Dei
2681 4570 2937 4643 unigeniti
2975 4572 3309 4629 nativitatem
3354 4587 3461 4628 non
3491 4570 3636 4628 cadit

1960 4618 2014 4678 ι)
2038 4618 3266 4715 agit.aestuans};uti";'.;;..;';;t;.:;;z

2113 4708 2188 4784 (It)
2230 4711 2388 4777 Bad.,
2423 4712 2514 4765 Er.
2554 4719 2611 4784 et
2651 4711 2805 4781 Lips.
2844 4708 2968 4771 cum
2996 4716 3199 4784 aliquot
3247 4728 3353 4768 non
3401 4710 3643 4771 melioris

2040 4783 2184 4837 nota:
2213 4796 2368 4847 mss.,
2396 4783 2705 4853 promissum
2732 4796 2982 4840 internum
3011 4783 3100 4851 sit,
3122 4785 3324 4839 omisso
3348 4785 3512 4839 verbo
3541 4794 3637 4840 est.

2045 4853 2158 4909 Hoc
2198 4853 2303 4909 sibi
2351 4852 2464 4907 vult
2502 4870 2516 4905 :
2554 4852 2645 4924 qui
2677 4857 3005 4924 promissum
3045 4865 3310 4910 aeternum
3357 4864 3483 4911 ante
3509 4863 3646 4910 tem-

2048 4940 2178 4994 pora
2209 4933 2411 4978 aeterna
2443 4923 2714 4996 possidet,
2750 4929 2882 4995 (non
2917 4936 3120 4981 tantum
3153 4941 3246 4994 per
3280 4925 3648 4996 participatio-

2047 5012 2169 5068 nem
2201 5005 2407 5068 natura:
2441 4994 2659 5068 divinae,
2692 4994 2787 5053 sed
2823 5008 2919 5068 per
2950 4994 3389 5068 plenitudinem),
3419 4994 3525 5053 non
3555 5013 3647 5053 ca-

2049 5066 2127 5121 dit
2156 5068 2209 5140 in
2241 5066 2316 5140 id,
2347 5073 2406 5120 ut
2438 5065 2509 5120 sit
2548 5065 2724 5123 adhuc
2750 5068 2802 5123 in
2825 5065 2928 5138 spe
2952 5065 3199 5139 ejusdem
3230 5065 3524 5140 promissi;
3560 5069 3648 5124 cui

2050 5138 2346 5211 conditioni
2372 5151 2459 5211 res
2482 5146 2694 5211 creatas
2713 5138 2997 5211 subiacere
3029 5156 3179 5196 num.
3206 5138 3264 5207 5,
3287 5147 3649 5197 monstratum

2051 5217 2137 5265 est
2166 5209 2249 5264 his
2273 5208 2455 5264 verbis
2484 5225 2497 5262 :
2532 5206 2592 5265 Si
2618 5209 2778 5278 igitur
2799 5206 3034 5268 Christus
3060 5206 3301 5268 creatura
3321 5221 3419 5277 est,
3452 5226 3655 5267 necesse

2053 5290 2144 5354 est
2160 5278 2685 5354 sub_spe_longinquae
2713 5284 3080 5353 expectationis
3105 5285 3326 5338 incertus
3356 5283 3446 5338 sit.

2127 5352 2191 5425 (ι)
2239 5351 2508 5425 Particula
2543 5361 2604 5425 Aet
2654 5353 2741 5412 hic
2781 5351 3172 5412 desideratur.
3226 5354 3345 5410 Mox
3405 5353 3497 5425 qui
3544 5368 3654 5409 esse

2054 5423 2146 5490 sit,
2167 5423 2272 5479 etc.
2307 5423 2386 5479 sic
2407 5423 2650 5496 intellige
2678 5428 2828 5497 quasi
2862 5427 3093 5498 legeres,
3119 5426 3208 5499 qui
3239 5423 3563 5495 conﬁtendus
3586 5425 3654 5482 sit

2059 5511 2187 5560 8888,
2223 5506 2327 5551 etc.

2132 5564 2228 5637 (νη)
2256 5566 2527 5641 Vaticana:
2550 5568 3004 5641 basilicteicodes,
3031 5568 3384 5641 intelligentia:
3395 5567 3655 5624 humanm.

2058 5637 2336 5695 Sincerius
2363 5638 2486 5705 alii,
2519 5650 2748 5697 (sternte.
2788 5637 3150 5714 [intelligentia
3180 5637 3393 5710 creata,
3436 5643 3487 5696 ni
3520 5641 3661 5714 falli-

2059 5725 2202 5783 mur,
2227 5720 2418 5783 interna
2448 5722 2811 5782 nuncupatur,
2843 5712 3276 5783 quia'teternitate
3303 5712 3614 5783 procedendi
3639 5724 3659 5769 :

2058 5780 2126 5838 ad
2155 5780 2567 5855 intelligentiam
2591 5780 2690 5841 Dei
2715 5784 2812 5841 niti
2834 5780 3662 5860 potesttlicetcomprehendere
