4106 6192
508 249 608 309 451

1725 246 1974 307 SANCTI
2014 245 2270 306 lilLARll
2298 246 2607 307 EPISCOPI

3710 252 3815 309 ιω

506 378 709 422 :rtcrtta
740 380 862 423 esse
883 406 897 429 .
929 366 1224 437 apostolica
1269 365 1403 421 ﬁdes
1443 364 1520 436 (α)
1552 380 1676 421 cum
1707 366 1883 422 locuta
1913 363 1979 422 sit
2005 384 2019 435 ;
2050 366 2103 422 id
2132 378 2181 438 Α
2210 376 2513 440 temporum
2544 370 2818 427 nascendo
2842 384 3201 443 praecurrere,
3232 385 3411 444 neque
3450 372 3819 444 intelligentia:

512 475 697 515 rursus
724 474 829 515 non
847 459 1011 534 425
1038 459 1203 515 fuisse
1229 467 1355 514 ante
1379 474 1539 530 quam
1570 460 1829 526 nascitur,
1858 475 1955 531 per
1981 475 2107 516 seu-

508 566 624 606 smn
660 551 907 607 humana:
935 551 1302 623 intelligentiae
1326 593 1341 618 ,
1366 553 1539 607 nostri
1571 553 1831 624 temporis
1868 552 1948 625 (ὁ)
1980 552 2104 608 inii-

511 644 707 698 delitas
728 644 1043 713 eloquitur?
1071 658 1192 699 cum
1223 643 1366 716 quod
1393 656 1518 700 ante
1547 654 1759 716 tempus
1783 656 1967 701 natum
1999 654 2104 712 est,

512 751 729 804 Semper
761 744 845 790 est
886 746 1069 790 natum
1115 755 1128 790 :
1159 738 1280 808 quia
1314 738 1365 792 id
1402 738 1543 808 quod
1576 750 1659 794 est
1685 748 1814 794 ante
1843 746 2107 794 aeternum

515 839 745 899 tempus,
778 827 882 884 hoc
908 844 1124 899 semper
1149 840 1251 885 est.
1279 831 1431 899 Quod
1455 840 1634 886 autem
1659 846 1879 901 semper
1898 841 1982 887 est
2010 846 2106 885 na-

515 932 657 990 tum,
701 939 808 977 non
856 923 1091 978 admittit
1131 940 1200 981 ne
1244 923 1531 996 aliquando
1576 939 1685 980 non
1737 924 1899 979 fuerit
1940 925 2109 993 :quia

511 1014 803 1086 aliquando
830 1031 939 1070 non
965 1015 1149 1083 fuisse,
1174 1015 1284 1086 jam
1316 1031 1422 1072 non
1446 1025 1528 1072 εει
1552 1032 1769 1086 semper
1789 1030 1933 1072 esse.
1959 1014 2114 1071 Sem-

517 1123 610 1176 per
637 1118 816 1163 autem
847 1123 969 1164 esse
992 1150 1008 1176 ,
1049 1108 1284 1164 excludit
1315 1124 1421 1164 non
1450 1124 1670 1179 semper
1697 1106 1885 1164 luisse.
1918 1107 1989 1163 Et
2016 1122 2114 1161 ει-

513 1204 667 1258 εΙυεο
708 1202 782 1275 (c)
825 1217 893 1258 eo
918 1244 933 1267 ,
979 1217 1075 1273 per
1104 1202 1156 1257 id
1204 1201 1349 1274 quod
1397 1217 1617 1273 semper
1664 1211 1749 1257 est
1780 1210 1975 1267 natus,
2000 1215 2108 1256 non

516 1310 731 1364 semper
772 1294 971 1360 fuisse;
1018 1309 1123 1348 non
1155 1294 1300 1350 cadit
1328 1295 1384 1349 in
1428 1310 1684 1362 sensum,
1713 1304 1772 1350 ut
1816 1310 1926 1350 non
1951 1293 2119 1350 fuerit

517 1397 644 1441 ante
676 1401 834 1456 quant
863 1396 1021 1440 natus
1045 1385 1117 1441 sit
1162 1402 1174 1439 :
1204 1386 1327 1456 quia
1360 1384 1453 1456 qui
1481 1394 1606 1440 ante
1636 1395 1881 1455 tempora
1909 1393 2115 1442 interna

519 1488 675 1533 natus
703 1488 786 1533 est
806 1520 821 1545 ,
857 1486 1014 1533 natus
1048 1494 1170 1534 esse
1199 1493 1417 1549 semper
1446 1479 1501 1534 in
1527 1494 1692 1535 sensu
1729 1488 1847 1545 est;
1876 1494 1998 1536 cum
2032 1488 2117 1534 ta-

519 1591 641 1628 tnen
671 1585 795 1629 ante
819 1582 1061 1643 tempora
1094 1581 1278 1629 uatum
1310 1572 1389 1645 (ἀ)
1416 1588 1666 1630 essenon
1696 1574 1888 1630 subeat
1911 1576 1964 1629 in
1988 1589 2118 1630 sen-

519 1681 661 1719 Slllll.
691 1664 822 1720 Nam
853 1664 936 1730 si,
966 1664 1109 1735 quod
1137 1665 1322 1735 utique
1347 1666 1627 1731 convenit,
1658 1673 1784 1720 ante
1812 1675 2117 1723 creaturam

519 1774 615 1812 seu
643 1752 965 1811 invisibilem
989 1771 1083 1811 seu
1109 1754 1464 1824 corporalem,
1486 1766 1542 1811 et
1567 1766 1691 1813 ante
1712 1757 1895 1813 omnia
1923 1756 2118 1812 stecula

521 1859 575 1904 ct
617 1858 860 1920 tempora
903 1857 1101 1903 aeterna
1130 1889 1144 1913 ,
1178 1857 1233 1903 ει
1262 1856 1389 1904 ante
1433 1863 1653 1905 sensum
1697 1864 1914 1905 omnem
1958 1858 2117 1905 natus

522 1941 860 1997 conlitendns
888 1950 972 1997 est
1000 1956 1141 2005 esse,
1173 1942 1262 2011 qui
1299 1956 1393 2011 per
1420 1942 1495 2009 id,
1528 1942 1672 2013 quod
1705 1943 1775 1998 ita
1813 1950 2118 2009 natusest,

523 2050 738 2105 semper
760 2044 870 2103 est;
900 2035 1108 2104 concipi
1139 2050 1353 2104 quoque
1384 2034 1529 2091 nullo
1558 2050 1723 2091 sensu
1758 2035 1901 2101 licet,
1931 2045 1988 2091 ut
2010 2050 2117 2090 non

524 2126 685 2181 fuerit
714 2136 839 2182 ante
866 2142 1026 2198 quam
1052 2128 1321 2194 nascitur;
1353 2128 1475 2198 quia
1514 2136 1567 2183 et
1593 2137 1719 2182 ante
1744 2142 1967 2184 sensum
1994 2142 2119 2184 om-

526 2234 647 2273 nem
678 2229 760 2273 est
790 2259 804 2285 ,
835 2220 924 2289 qui
971 2228 1097 2274 ante
1127 2229 1367 2290 tempora
1414 2228 1614 2275 asterna
1645 2231 1804 2276 natus
1834 2227 1953 2285 est,
1983 2227 2040 2274 ct
2065 2219 2121 2275 in

525 2328 686 2367 sensu
717 2328 1005 2382 numquam
1032 2323 1117 2369 est
1143 2328 1288 2380 cum,
1318 2315 1410 2385 qui
1452 2329 1668 2385 semper
1702 2329 1824 2370 esse
1852 2314 2125 2369 conﬁten-

525 2404 627 2458 dns
648 2414 754 2469 est,
789 2421 895 2461 non
921 2404 1105 2462 fuisse.

594 2499 686 2556 2!).
732 2499 1003 2569 Reponuut
1028 2544 1043 2568 ,
1091 2500 1189 2567 Qui
1232 2501 1389 2575 igitur
1439 2511 1568 2569 erat,
1618 2511 1770 2557 natus
1802 2501 2125 2558 εει-διξὰ

525 2602 712 2661 argute
760 2590 922 2664 hujus
973 2592 1414 2665 interrogationis
1457 2594 1730 2650 calumnia
1785 2596 2122 2652 antefertur:

534 2702 552 2735 ι
583 2684 658 2753 Si,
683 2683 874 2755 inquit,
895 2683 948 2741 in
972 2700 1191 2741 sensum
1210 2701 1315 2742 non
1343 2686 1486 2743 cadit
1510 2702 1617 2744 non
1641 2689 1942 2746 fuisseante
1964 2705 2125 2761 quam

525 2779 783 2848 nascitur,
816 2779 1082 2853 reliquum
1121 2781 1225 2837 huc
1252 2781 1433 2838 sensui
1455 2791 1562 2853 est,
1604 2793 1663 2839 ut
1685 2784 1775 2856 qui
1806 2792 1927 2841 erat
1966 2794 2128 2841 natus

506 2871 672 2927 ἐἰμί

598 2956 689 3021 30.
732 2960 890 3019 Aliud
931 2975 1004 3021 est
1032 2983 1232 3039 semper
1262 2978 1441 3023 natum
1490 2982 1618 3035 esse,
1662 2970 1808 3025 aliud
1836 2970 1980 3043 prius
2021 2984 2128 3027 esse

524 3077 675 3131 quam
731 3060 895 3117 nasci.
927 3090 999 3102 —
1031 3060 1099 3115 Et
1138 3061 1491 3117 calumnianti
1534 3050 1876 3133 respondebo
1908 3079 1921 3116 :
1954 3061 2119 3117 Num-

524 3156 659 3228 quid
684 3158 713 3213 a
744 3174 829 3213 me
853 3157 1020 3224 aliud,
1060 3173 1220 3230 quam
1249 3168 1457 3225 natum,
1501 3158 1608 3215 dici
1639 3158 1988 3216 meminerit?
2017 3158 2129 3215 Aut

524 3248 783 3320 tnnnquid
812 3259 939 3304 ante
983 3259 1223 3318 tempora
1266 3260 1467 3305 aeterna
1494 3249 1566 3323 (ε)
1598 3267 1742 3319 esse,
1773 3251 1825 3307 id
1846 3251 2021 3321 ipsum
2052 3253 2125 3310 sit

524 3340 665 3412 quod
695 3351 799 3409 est,
828 3355 953 3395 eum
986 3339 1076 3412 qui
1102 3349 1217 3396 erat
1248 3344 1393 3396 nasci
1416 3342 1439 3396 ‘i
1461 3343 1584 3413 quia
1618 3344 1763 3398 nasci
1793 3343 1935 3413 quod
1979 3355 2121 3413 erat,

519 3432 630 3503 jam
676 3449 781 3488 non
827 3433 975 3489 nasci
1006 3444 1107 3502 est,
1138 3432 1232 3490 sed
1260 3433 1325 3507 (Γ)
1372 3448 1431 3489 se
1475 3434 1649 3506 ipsum
1686 3436 1971 3494 demutare
1997 3452 2123 3492 nas-

524 3522 719 3583 cendo.
751 3525 942 3582 Natum
985 3538 1166 3583 autem
1214 3542 1431 3600 semper
1463 3543 1585 3585 esse
1619 3528 1723 3586 hoc
1750 3541 1855 3599 est,
1899 3546 2120 3588 sensum

597 3659 675 3732 (i)
705 3659 1070 3732 Conﬁtendum
1093 3672 1187 3718 est.

598 3734 678 3805 (2)
705 3733 810 3788 Aut
834 3734 1014 3805 fuisse.

521 3869 645 3910 eum
675 3870 783 3909 non
813 3854 1027 3911 valeat:
1052 3855 1182 3926 'quia
1209 3855 1299 3924 id,
1330 3856 1467 3927 quod
1491 3856 1546 3910 in
1589 3853 1701 3911 Deo
1729 3855 1990 3927 inﬁnitum
2017 3866 2139 3924 est,~

522 3943 723 3997 semper
751 3941 807 3981 se
843 3927 1041 3993 inﬁniti
1069 3943 1248 3983 sensus
1273 3929 1432 3983 nostri
1465 3929 1700 3984 recursui
1729 3928 2033 3998 subtrahat,
2062 3939 2123 3983 ut

522 3998 725 4053 dictum
764 4005 849 4054 est
875 4014 1023 4053 num.
1056 3998 1147 4053 24.

595 4068 670 4142 (α)
705 4069 881 4142 Apud.
912 4069 1059 4135 Pan,
1092 4085 1235 4139 eum,
1275 4085 1383 4126 non
1423 4086 1560 4125 cum.
1594 4066 1855 4128 Neutrum
1887 4080 2038 4128 extat
2066 4073 2120 4127 in

526 4141 650 4194 aliis
678 4141 809 4196 edit.
842 4141 898 4196 In
934 4143 1208 4197 nonnullis
1248 4156 1379 4199 mss.
1402 4185 1417 4207 ,
1459 4142 1714 4199 collocuta
1734 4144 1817 4199 vel
1844 4146 2116 4198 conlocata

524 4212 610 4264 sit.
634 4212 992 4267 Restituimns
1029 4229 1096 4268 ex
1136 4213 1434 4283 potioribus
1458 4231 1573 4268 cum
1600 4216 1895 4269 locuta-sil.
1930 4216 2123 4283 Argui-

527 4292 613 4354 tur
641 4282 726 4336 hic
748 4285 1022 4338 temeritas
1045 4282 1424 4339 haereticorum
1442 4326 1457 4350 ,
1482 4287 1570 4354 qui
1602 4286 1671 4341 de
1699 4287 1814 4340 Filii
1845 4290 2121 4341 nativitale

527 4353 797 4409 disserunt
830 4354 1125 4409 secundum
1168 4357 1453 4410 humanam
1481 4353 1891 4426 intelligentiam
1924 4367 1977 4412 et
2017 4359 2120 4411 hu-

530 4440 704 4499 manm
759 4435 961 4499 naturae
1030 4426 1239 4495 legem,
1288 4429 1451 4481 etiam
1530 4436 1813 4496 postquam
1864 4442 2124 4499 accepere

529 4497 691 4550 verba
737 4496 964 4564 aposmli
996 4536 1011 4562 ,
1062 4513 1183 4551 eum
1229 4508 1354 4553 ante
1397 4507 1640 4565 tempora
1686 4506 1885 4553 aeterna
1935 4496 2121 4554 natum

528 4581 667 4633 esse,
700 4568 947 4638 adeoque
972 4569 1167 4622 utentis
1195 4567 1444 4623 humanm
1481 4579 1697 4640 captum
1729 4568 1994 4626 excedere
2021 4571 2122 4625 do.

528 4650 720 4694 CCIIIIS.

2211 473 2401 533 patere
2428 465 2718 535 aliquando
2740 466 2908 521 fuisse
2929 482 3037 521 non
3062 475 3269 522 natum.
3299 466 3419 523 Non
3448 475 3530 523 est
3555 467 3739 539 itaque
3763 467 3817 522 id

2210 556 2411 626 ipsum.
2441 566 2624 613 natum
2656 567 2784 615 ante
2814 570 3056 631 tempora
3104 570 3308 616 aeterna
3336 575 3556 632 semper
3579 575 3723 628 esse,
3765 572 3824 617 ct

2210 664 2334 705 esse
2363 659 2489 705 ante
2531 664 2692 720 quam
2738 652 2907 706 nasci.
2948 650 3145 707 Natum
3187 660 3371 708 autem
3411 661 3539 707 ante
3577 660 3824 722 tempora

2211 755 2418 798 :eterna
2446 757 2664 813 semper
2703 758 2849 808 esse,
2883 744 3127 800 excludit
3167 761 3275 800 non
3305 744 3474 802 fuisse
3500 754 3627 802 ante
3658 761 3824 818 quam

2214 836 2476 890 nascitur.

2285 929 2376 985 3i.
2409 928 2577 1003 βω
2605 929 2777 985 Filias
2816 948 2908 986 nec
2950 941 3048 1000 est,
3081 948 3174 989 nec
3212 948 3316 988 non
3357 933 3460 1005 fuit
3488 933 3636 1003 prius
3671 944 3830 1002 quam

2215 1031 2386 1075 nutus.
2415 1023 2781 1079 —C.12terum
2827 1038 2935 1079 non
2977 1025 3239 1095 relinquit
3292 1024 3446 1096 prius
3494 1038 3620 1080 esse
3660 1037 3830 1094 quam

2216 1113 2365 1169 nasci
2393 1130 2408 1167 :
2438 1114 2561 1183 quia
2587 1115 2681 1186 qui
2721 1114 2861 1171 ultra
2904 1130 3123 1172 sensum
3153 1124 3260 1183 est,
3294 1116 3347 1170 in
3380 1116 3530 1171 nullo
3573 1114 3836 1186 subiacet

2217 1212 2424 1261 sensui.
2457 1205 2593 1262 Nam
2613 1208 2661 1263 si
2691 1208 2832 1264 ultra
2855 1222 3076 1264 sensum
3098 1217 3200 1275 est,
3229 1217 3414 1264 natum
3443 1222 3661 1276 semper
3679 1221 3833 1272 esse.

2219 1317 2327 1357 non
2360 1304 2486 1359 licet
2509 1304 2620 1374 jam
2654 1319 2778 1360 esse
2800 1312 2924 1374 post
2950 1318 3195 1372 sensum,
3223 1318 3332 1358 non
3358 1302 3529 1358 fuisse
3555 1316 3679 1358 eum
3702 1308 3839 1356 ante

2219 1410 2381 1465 quam
2410 1398 2671 1453 nascitur.
2701 1398 2833 1454 Cum
2877 1397 3062 1469 itaque
3092 1408 3277 1452 natum
3321 1410 3540 1465 semper
3565 1410 3705 1461 esse,
3743 1394 3838 1449 ni-

2223 1487 2294 1541 hil
2322 1488 2570 1559 aliud(l)
2609 1489 2680 1543 sit
2715 1488 3081 1544 conﬁtendum
3123 1503 3265 1555 esse,
3305 1502 3466 1558 quam
3514 1496 3730 1552 natum,
3779 1485 3837 1542 id

2221 1578 2431 1645 sensui,
2460 1588 2584 1635 ante
2612 1595 2773 1650 quam
2797 1581 3037 1636 nascitur
3064 1580 3150 1636 vel
3181 1578 3349 1635 fuisse
3374 1578 3461 1635 vel
3493 1592 3600 1633 non
3639 1577 3837 1645 fuisse,

2223 1690 2332 1728 non
2381 1673 2625 1743 subjacet
2656 1690 2670 1728 :
2698 1676 2821 1745 quia
2852 1690 3073 1730 sensum
3105 1673 3241 1731 nihil
3291 1673 3460 1740 aliud,
3490 1689 3655 1744 quam
3703 1683 3840 1729 ante

2152 1779 2198 1840 Β
2228 1776 2469 1837 tempora
2498 1776 2699 1821 aeterna
2724 1776 2908 1822 natum
2932 1781 3073 1833 esse,
3108 1781 3325 1837 semper
3345 1765 3640 1821 antevenit.
3662 1763 3839 1821 Natus

2225 1860 2405 1928 itaque
2431 1868 2536 1924 est,
2568 1867 2624 1915 et
2650 1875 2865 1929 semper
2890 1867 2977 1915 est
3006 1877 3019 1912 :
3042 1860 3132 1929 qui
3162 1858 3297 1914 nihil
3326 1858 3472 1913 aliud
3498 1856 3568 1914 de
3606 1873 3669 1914 se
3699 1858 3846 1928 pati-

2225 1961 2313 2007 tur
2337 1951 2562 2023 intelligi
2598 1961 2654 2009 et
2676 1951 2785 2008 dici
2814 1966 2998 2023 posse,
3041 1955 3142 2008 nisi
3173 1963 3377 2007 natum.
3408 1950 3541 2007 Nam
3587 1966 3715 2006 cum
3742 1966 3847 2005 an-

2225 2047 2397 2102 terior
2423 2047 2543 2117 ipso
2573 2057 2818 2117 tempore
2845 2048 2928 2116 (g)
2951 2060 3206 2102 sensuum
3252 2055 3358 2112 est,
3385 2044 3535 2117 (quia
3563 2056 3693 2101 ante
3723 2058 3853 2102 sen-

2222 2153 2346 2195 sutn
2379 2150 2593 2211 tempus
2617 2151 2882 2197 alternum
2911 2150 2997 2198 est
3018 2139 3062 2211 ;)
3092 2157 3199 2197 non
3243 2140 3483 2196 admittit
3509 2154 3741 2197 sensum
3776 2138 3849 2195 de

2228 2248 2291 2291 se
2334 2234 2747 2306 dijudicantem,
2792 2249 2918 2291 esse
2971 2242 3065 2290 aut
3094 2233 3177 2305 (3)
3208 2250 3314 2290 non
3364 2231 3444 2305 (It)
3490 2233 3658 2288 fuisse
3710 2239 3849 2286 ante

2230 2344 2392 2399 quam
2437 2330 2717 2386 nascitur:
2747 2330 2872 2401 quia
2921 2337 2977 2384 ει
3021 2342 3143 2384 esse
3187 2336 3316 2383 ante
3355 2342 3516 2397 quam
3562 2325 3840 2391 nascitur,

2231 2438 2341 2478 non
2385 2424 2455 2478 sit
2482 2423 2819 2490 nativitatis;
2843 2434 2901 2478 et
2945 2437 3053 2477 non
3086 2421 3275 2487 fuisse,
3311 2419 3423 2490 jatn
3453 2420 3720 2489 temporis
3751 2418 3851 2475 sit.

2232 2515 2375 2585 Ergo
2420 2525 2475 2571 et
2531 2514 2769 2570 inﬁnitas
2826 2524 3129 2586 temporum
3184 2523 3514 2568 aeternorum
3558 2510 3708 2583 quod
3763 2517 3854 2565 est

2231 2608 2515 2677 temporis,
2551 2607 2603 2663 id
2625 2618 2729 2673 εει,
2773 2623 2881 2663 non
2924 2606 3113 2676 fuisse,
3142 2606 3416 2661 consumit
3450 2615 3546 2662 :et
3588 2605 3855 2660 nativitas

2229 2699 2373 2771 quod
2401 2715 2560 2756 suutn
2589 2714 2695 2755 non
2722 2709 2830 2766 est,
2858 2698 2911 2754 id
2947 2709 3054 2764 est,
3078 2708 3205 2754 ante
3234 2713 3398 2769 quam
3430 2698 3669 2753 nascitur
3686 2713 3852 2764 esse,

2237 2808 2345 2849 non
2376 2793 2598 2862 patitur.
2629 2791 2785 2860 Quod
2826 2792 2873 2847 si
2904 2799 2998 2846 aut
3021 2805 3146 2847 esse
3187 2797 3283 2846 aut
3317 2806 3427 2846 non
3458 2789 3625 2847 fuisse
3651 2790 3854 2846 sensui

2230 2885 2552 2957 subjacebit,
2588 2884 2700 2956 jam
2733 2885 2987 2941 nativitas
3028 2885 3144 2954 ipsa
3196 2882 3259 2956 (i)
3289 2892 3412 2954 post
3448 2891 3662 2953 tempus
3716 2892 3851 2940 est:

2231 2979 2356 3049 quia
2384 2978 2487 3049 qui,
2520 2993 2629 3034 non
2657 2992 2876 3049 semper
2918 2988 3020 3044 est,
3070 2990 3299 3032 necesse
3340 2986 3429 3032 est
3466 2976 3699 3047 cmperit
3723 2989 3855 3033 esse

2245 3080 2369 3136 post
2388 3070 2615 3141 aliquid.

2305 3162 2397 3220 32.
2430 3162 2649 3236 Semper
2693 3171 2868 3231 natus,
2898 3176 3102 3231 semper
3135 3176 3248 3215 esse
3288 3159 3463 3215 animo
3502 3160 3754 3216 sentitur.
3779 3190 3855 3203 —

2231 3256 2382 3315 Finis
2414 3256 2575 3327 igitur
2604 3263 2660 3310 et
2688 3253 2817 3310 lidei
2860 3262 2917 3310 et
2951 3253 3221 3309 sermonis
3261 3262 3317 3307 et
3352 3267 3547 3309 sensus
3588 3258 3695 3320 est,
3731 3252 3852 3308 Do-

2236 3351 2442 3407 minum
2466 3350 2650 3406 Jesum
2671 3357 2729 3406 et
2760 3358 2944 3404 natum
2965 3362 3109 3415 esse,
3133 3358 3187 3403 et
3208 3361 3425 3418 semper
3453 3362 3576 3403 esse
3604 3364 3620 3401 ε
3642 3348 3779 3419 quia
3805 3347 3855 3405 si

2236 3443 2366 3515 quid
2393 3443 2463 3499 de
2491 3441 2631 3499 Filio
2659 3455 2827 3501 mens
2842 3450 3110 3498 retroacta
3139 3437 3489 3507 scrutabitur,
3536 3436 3668 3493 nihil
3690 3439 3851 3496 aliud

2237 3536 2532 3591 scrutantis
2552 3533 2754 3600 sensui,
2772 3548 2931 3603 quam
2962 3539 3148 3587 natum
3177 3546 3298 3589 esse
3324 3529 3407 3603 (5)
3438 3539 3494 3587 ει
3516 3546 3741 3604 semper
3772 3533 3851 3605 (j)

2308 3670 2385 3745 (5)
2420 3672 2512 3728 Illa
2542 3681 2591 3728 et
2619 3689 2817 3745 semper
2846 3688 2974 3740 esse,
3005 3687 3114 3728 non
3141 3670 3414 3729 habentur
3438 3670 3492 3728 in
3524 3681 3746 3729 nostro.

2233 3870 2584 3984 essﬁzquem
2611 3862 2741 3911 ante
2788 3861 2992 3911 aeterna
3033 3861 3278 3926 tempora
3314 3860 3500 3909 natum
3547 3866 3649 3926 per
3674 3853 3849 3913 ﬁdem

2233 3944 2299 3982 an
2367 3943 2561 3984 νιιηιιε.

2233 3943 2561 3984 anutvtmus.

2306 3999 2378 4073 (ge)
2405 3998 2462 4054 in
2486 3997 2835 4073 mstMartin.
2860 4008 3040 4073 notum
3070 4012 3199 4054 esse.

2310 4067 2382 4143 (Γ)
2415 4070 2568 4143 Apud
2602 4070 2725 4127 Par.
2760 4070 3102 4143 desideratur
3142 4085 3218 4143 se.
3252 4067 3342 4143 Sic
3370 4067 3606 4143 Verbum
3636 4068 3690 4125 in
3728 4071 3848 4128 ho—

2234 4139 2381 4198 mine
2408 4139 2684 4198 nascendo
2723 4156 2784 4197 se
2827 4141 3065 4212 quodam
3097 4141 3258 4196 modo
3289 4139 3613 4212 demutavit,
3645 4153 3851 4212 quate-

2234 4230 2334 4269 nus
2360 4215 2657 4284 assumpsit
2693 4208 2975 4284 quod'non
3008 4224 3125 4268 erat
3157 4230 3169 4265 :
3197 4221 3252 4267 at
3283 4208 3535 4267 nativitas
3565 4208 3675 4267 nou
3714 4228 3848 4284 pro-

2231 4285 2347 4348 prie
2374 4283 2663 4351 illius,sed
2690 4283 2929 4340 hominis
2956 4284 3215 4354 assumpti
3248 4284 3365 4346 fuit.
3395 4284 3645 4354 quamvis
3669 4283 3848 4341 etiam

2231 4355 2411 4411 Verbo
2445 4366 2664 4426 propter
2692 4354 2952 4411 unitatem
2987 4370 3236 4426 personae
3262 4354 3609 4410 attribuatur.

2302 4426 2380 4500 (g)
2411 4426 2564 4500 Apud
2595 4426 2726 4483 Bad.
2759 4435 2813 4481 et
2843 4428 2894 4481 in
2927 4438 3058 4481 mss.
3098 4426 3253 4481 Vind.
3286 4435 3339 4480 cl.
3369 4428 3503 4500 Silv:
3539 4441 3692 4500 sensu
3739 4437 3842 4483 est.

2229 4498 2288 4553 In
2314 4494 2440 4554 aliis
2464 4494 2663 4562 editis,
2708 4514 2863 4552 sensu
2894 4513 2996 4552 non
3047 4507 3140 4551 est.
3179 4500 3232 4552 ln
3284 4511 3415 4551 mss.
3461 4494 3583 4551 Vat.
3634 4495 3753 4551 bas.
3788 4508 3845 4554 et

2232 4569 2474 4627 Martin..
2514 4584 2718 4625 sensum
2760 4576 2853 4623 est.
2887 4568 2945 4624 in
2976 4572 3211 4633 cmteris,
3251 4584 3493 4623 sensuum
3523 4576 3615 4622 est.
3650 4567 3846 4626 Mallet

2234 4642 2370 4695 forte
2396 4642 2612 4711 aliquis,
2639 4657 2817 4695 sensus
2838 4651 2930 4695 est.
2956 4641 3030 4694 Ex
3056 4640 3334 4710 ptincipiis
3354 4641 3450 4695 lib.
3473 4654 3544 4701 χι,
3562 4654 3713 4694 num.
3745 4640 3839 4707 46,

600 4691 1038 4783 (ω’νορεδυιιιπι
1067 4712 1404 4766 (estimatione
1436 4726 1715 4783 perperam
1747 4708 1834 4766 hic
1861 4708 2123 4768 Erasmus
2152 4691 2209 4752 D
2236 4691 3248 4782 mamiliiéiiiineﬁndet—edituri,"
3267 4691 3844 4783 ausisausis;

496 4784 775 4842 .insernit.
819 4798 883 4836 ac
919 4784 1191 4838 retinuere
1233 4792 1522 4853 sequentes
1568 4785 1695 4840 edit.
1728 4792 1915 4839 contra
1962 4784 2123 4839 fidem

528 4870 658 4909 tnss.
694 4854 924 4909 Periidia
973 4854 1320 4919 Arianorum,
1369 4872 1597 4925 qtmrnm
1650 4855 1854 4910 nomini
1902 4868 2125 4924 parcere

525 4926 666 4980 solet
715 4926 974 4992 Hilarius,
1022 4935 1080 4980 ut
1123 4927 1216 4982 lib.
1266 4941 1364 4996 vn,
1421 4944 1476 4982 η.
1525 4929 1580 4993 ὅ,
1631 4942 1759 4982 nova
1800 4928 2031 4992 Iueresis,
2067 4937 2124 4982 et

527 5013 676 5070 num.
709 5001 764 5063 6,
794 4998 1004 5070 rnoretia
1034 5014 1172 5054 nunc
1200 5000 1429 5064 timeris,
1463 5001 1534 5055 ita
1565 5014 1709 5056 nunc
1736 5000 1899 5054 nostri
1927 5009 2123 5070 tempo-

524 5069 596 5122 ris
622 5069 900 5139 inﬁdelitas
920 5070 1237 5139 appellatur.
1474 5120 1481 5125 .

601 5141 673 5212 (c)
704 5141 758 5195 ld
785 5151 886 5204 est.
915 5142 1138 5216 ex_e_luso
1159 5155 1510 5216 nonsemper
1530 5141 1717 5204 fuisse.
1746 5156 1870 5216 cum
1893 5141 2115 5216 ponitur

525 5228 741 5287 semper
766 5222 942 5267 natus.
974 5212 1218 5285 Namque
1257 5214 1389 5269 illud
1417 5212 1505 5270 'eo
1538 5214 1833 5287 respondet
1885 5212 2118 5270 articulo

525 5292 626 5341 τοῦ
665 5285 999 5340 Graecorum.

596 5357 675 5427 (ά)
726 5357 1005 5420 Erasmus,
1049 5366 1226 5412 natum
1255 5374 1357 5412 non
1395 5372 1523 5424 esse,
1559 5357 1745 5414 addito
1784 5372 1887 5412 non
1929 5364 2117 5413 contra

523 5442 717 5485 sensus
741 5432 1021 5485 veritatem
1068 5438 1124 5485 et
1150 5445 1280 5486 mss.
1313 5430 1472 5485 tidem
1503 5446 1516 5482 :
1546 5439 1733 5500 postea
1780 5438 1956 5500 tamen
1994 5442 2118 5483 cas-

524 5501 719 5569 tigatus
750 5517 854 5557 non
885 5503 1000 5556 iuit.
1036 5502 1169 5556 Tum
1218 5505 1268 5556 in
1321 5517 1454 5556 mss.
1484 5498 1609 5556 Vrit.
1640 5502 1753 5557 bas.
1788 5508 1843 5556 et
1873 5498 2111 5568 Martin.,

522 5585 624 5645 non
653 5574 825 5627 subeat
845 5574 899 5627 in
924 5587 1126 5645 sensum
1146 5588 1257 5645 non,
1278 5573 1436 5645 fuisse
1458 5588 1476 5627 :
1496 5571 1900 5645 interpolatoris
1923 5584 2111 5641 opera.

524 5639 637 5695 Hoc
681 5656 843 5711 porro
888 5644 991 5698 sibi
1040 5639 1355 5701 vult:licet
1401 5658 1509 5699 non
1554 5639 1744 5699 subeat
1791 5643 1843 5697 in
1890 5639 2109 5698 sensum

523 5721 790 5777 nimirum,
816 5714 910 5769 sed
933 5724 1171 5782 superet,
1204 5715 1346 5784 quod
1368 5725 1495 5771 ante
1519 5724 1720 5770 :eterna
1751 5720 1990 5783 tempora
2015 5728 2112 5767 na-

516 5786 635 5835 tum
671 5790 773 5848 est,
825 5791 1003 5840 tamen
1046 5785 1101 5840 in
1145 5798 1311 5842 sensu
1362 5794 1445 5841 est
1489 5800 1615 5841 eum
1659 5798 1876 5854 semper
1926 5791 2113 5840 natum

2234 4794 2381 4849 sunt,
2412 4784 2787 4851 intelligentia.

2306 4854 2388 4926 (h)
2428 4850 2775 4910 Desideratur
2803 4858 2909 4908 non
2955 4853 3008 4908 in
3038 4853 3168 4909 edit.
3199 4850 3331 4926 Bad.
3366 4862 3419 4910 el
3449 4852 3574 4913 Par.
3607 4851 3751 4926 sicut
3782 4854 3842 4909 in

2233 4923 2477 4991 pluribus
2499 4942 2605 4981 non
2634 4926 2920 4981 deterioris
2948 4935 3088 4979 notae
3115 4940 3246 4980 mss.
3277 4924 3584 4980 Revocatur
3611 4939 3679 4979 ex
3710 4923 3836 4993 Er.,

2231 4995 2379 5071 Lips.
2416 5006 2470 5054 et
2500 5011 2629 5071 mss.
2663 4996 2853 5071 ϐυτ-ὴν
2887 4996 3112 5071 Pratel..
3167 4996 3403 5071 Remig.,
3459 4997 3649 5071 βεεν..
3692 5007 3836 5071 etc.,

2230 5067 2374 5139 quod
2402 5076 2457 5124 et
2489 5070 2708 5140 exigere
2733 5067 2989 5123 videntur
3026 5067 3312 5139 superiora
3362 5068 3527 5123 simul
3553 5075 3610 5123 et
3636 5067 3838 5124 subse-

2272 5143 2469 5196 tientia.

2229 5155 2469 5283 quidni:
2489 5211 2605 5283 solo
2634 5210 2821 5283 codice
2851 5210 2967 5283 Vat.
3001 5211 3140 5274 bas..
3173 5218 3288 5283 post
3313 5224 3519 5283 sensum
3543 5218 3619 5266 est
3641 5210 3833 5280 :quod

2226 5281 2353 5337 licet
2382 5282 2555 5353 possit
2584 5282 2825 5346 tolerari,
2859 5282 3041 5354 verius
3076 5281 3257 5354 tanien
3290 5282 3342 5336 in
3377 5281 3518 5349 aliis,
3547 5291 3664 5354 post
3696 5295 3835 5336 tein-

2227 5370 2325 5423 pus
2352 5364 2445 5426 est.
2476 5354 2533 5410 Si
2562 5354 2707 5409 enim
2742 5353 3035 5425 percipitur
3064 5370 3170 5426 non
3195 5353 3362 5409 fuisse
3393 5363 3518 5409 ante
3539 5353 3701 5426 quam
3732 5367 3834 5409 na-

2226 5435 2347 5491 tus;
2376 5425 2469 5481 illo
2498 5423 2759 5497 tempore,
2792 5423 2907 5497 quo
2935 5442 3041 5480 non
3067 5423 3190 5492 fuit,
3230 5427 3501 5497 posterior
3516 5423 3602 5480 est
3632 5426 3834 5479 nativi—

2224 5506 2341 5551 tas:
2366 5498 2411 5551 si
2442 5513 2572 5553 vero
2601 5496 2765 5552 luisse
2788 5496 3029 5568 quidem,
3052 5498 3152 5568 sed
3187 5496 3425 5551 nendum
3453 5503 3611 5553 natus
3638 5513 3656 5562 ;
3689 5504 3833 5568 tem-

2190 5634 2195 5641 _
2228 5580 2326 5638 pus
2350 5568 2482 5625 illud
2520 5583 2706 5635 omne,
2730 5566 2839 5640 quo
2867 5569 3014 5640 prius
3043 5566 3165 5635 fuit,
3195 5568 3455 5624 natlritas
3483 5578 3611 5624 ante
3637 5582 3701 5625 se
3725 5567 3827 5623 ad-

2224 5650 2451 5784 "Hiii‘in
2481 5726 2614 5784 mss.
2640 5710 2984 5784 desideratur
3005 5719 3051 5765 et
3093 5726 3292 5784 semper
3320 5726 3451 5784 esse.
3485 5710 3561 5784 ει
3592 5708 3827 5767 librariis

2223 5782 2382 5840 facile
2407 5782 2664 5840 excidere
2700 5784 2901 5849 solent,
2941 5782 2994 5837 in
3040 5783 3239 5851 quibus
3263 5782 3469 5839 eaedem
3508 5782 3624 5840 iam
3659 5795 3823 5839 voces
