4106 6192
264 242 366 304 ιδδ

1445 242 1533 298 os
1575 224 1949 299 TRINITATE
1988 224 2194 296 LIBER
2227 238 2342 296 xu.

3464 238 3568 299 495i

264 376 408 426 esse,
456 373 675 430 semper
732 364 1002 415 occurret.
1060 354 1130 413 Ut
1175 354 1335 427 igitur
1386 354 1497 411 Deo
1542 356 1682 426 patri
1730 368 1857 426 pro-
1887 360 1938 421 Α
1966 354 2075 410 uita
2114 353 2438 410 concludis?
2468 350 2649 409 Nescit
2683 352 2878 409 Paulus
2926 354 2978 409 in
3017 352 3233 410 Christo
3274 355 3377 411 nisi
3432 364 3569 411 trin-

264 456 441 525 prium
491 459 575 507 est
622 451 738 506 sine
790 450 1090 513 nativitate,
1147 449 1217 504 ita
1267 457 1322 503 et
1349 447 1487 505 Filio
1513 447 1752 503 debitum
1784 457 1868 502 est

267 560 362 617 per
400 545 739 601 nativitatem
771 558 989 617 semper
1031 556 1171 599 esse.
1211 541 1475 598 Nativitas
1519 552 1697 597 autent
1734 539 1869 595 nihil

266 640 411 697 aliud
441 655 602 712 quam
636 646 872 710 patrem,
903 652 1081 709 neque
1124 646 1279 709 pater
1305 636 1450 692 aliud
1482 652 1641 707 quam
1676 633 1871 690 nativi-

270 742 435 788 tatem
478 729 803 788 enuutiabit.
840 729 1075 786 Medium
1108 729 1254 785 enim
1285 728 1418 783 nihil
1452 727 1742 798 quidquam
1772 739 1871 780 no-

269 827 413 881 mina
445 823 523 898 (α)
549 825 673 892 ista,
721 832 813 879 aut
862 832 1053 879 natura
1090 822 1374 892 permittit.
1420 822 1526 877 Aut
1570 822 1716 876 enim
1766 834 1872 875 non

270 937 488 992 semper
513 919 694 986 Pater,
720 919 765 975 si
788 933 895 973 non
922 932 1140 988 semper
1166 926 1220 972 et
1241 915 1442 981 Filius;
1476 923 1568 971 aut
1589 915 1632 969 si
1660 929 1876 984 semper

269 1014 447 1080 Pater,
482 1026 698 1081 semper
738 1019 793 1067 et
832 1008 1003 1065 Filius
1035 1027 1049 1062 :
1078 1011 1202 1080 quia
1248 1018 1510 1080 quantum
1552 1003 1692 1062 Filio
1740 1014 1879 1061 tem-

271 1109 439 1180 poris,
481 1122 550 1163 ne
580 1120 797 1176 semper
840 1103 984 1159 ﬁlius
1009 1102 1193 1171 fuerit,
1241 1102 1632 1174 abnegabitur;
1665 1107 1876 1156 tantum

276 1200 419 1255 Patri
465 1200 644 1265 deest,
693 1212 762 1251 ne
796 1204 951 1267 pater
990 1210 1208 1265 semper
1237 1194 1346 1251 sit:
1396 1205 1457 1250 ut
1501 1194 1629 1250 licet
1666 1207 1883 1263 semper

277 1292 440 1360 Deus,
474 1307 584 1347 non
614 1300 795 1347 tamen
824 1286 988 1363 427
1018 1299 1073 1346 et
1101 1297 1254 1360 pater
1297 1287 1351 1344 in
1390 1302 1453 1343 ea
1504 1285 1667 1343 fuerit
1698 1285 1882 1342 inﬁni—

282 1394 412 1449 tate,
442 1398 544 1455 qua
576 1384 714 1438 Deus
741 1389 847 1437 est.

350 1478 439 1533 55.
471 1475 613 1531 Deus
640 1474 849 1529 Arionis
878 1490 980 1529 non
1007 1489 1206 1546 semper
1235 1482 1400 1544 pater.
1429 1502 1501 1513 —
1532 1471 1711 1527 Etiam
1744 1471 1797 1526 iu
1828 1470 1881 1527 id

284 1586 341 1629 se
393 1566 663 1640 professio
711 1566 1007 1639 impietatis
1052 1566 1317 1630 extendit,
1351 1565 1426 1639 (b)
1488 1574 1546 1621 ιιι
1598 1581 1706 1621 non
1748 1564 1887 1621 Filio

286 1674 526 1735 tempora
559 1660 880 1728 nativitatis,
926 1658 1022 1715 sed
1051 1657 1200 1714 Patri
1240 1656 1646 1729 generationem
1661 1655 1885 1712 .adscri-

1972 438 2163 517 porum
2190 447 2568 503 aeternitatem.
2600 446 2715 501 Non
2747 454 2867 517 post
2896 447 3097 518 aliquid
3130 447 3210 518 (ἓ)
3244 464 3303 503 se
3328 463 3449 504 esse
3474 450 3575 504 Sa-

1973 540 2202 611 pientia,
2251 539 2344 595 sed
2374 548 2501 594 ante
2529 540 2706 592 onmia
2754 538 3012 609 loquitur.
3051 539 3119 611 (c)
3143 538 3347 595 Tecum
3397 556 3426 593 ιι
3458 541 3573 597 sole

1972 648 2037 688 ac
2064 634 2185 688 lunu
2217 641 2457 703 tempora
2482 628 2723 687 inStituta
2755 642 2880 687 sunt
2913 650 2924 686 :
2959 630 3230 687 Christum
3255 643 3435 689 autem
3469 633 3574 687 Da-

1973 726 2061 781 vid
2107 734 2233 782 ante
2281 726 2451 781 solem
2504 740 2825 797 permanere
2875 726 3144 797 signiﬁcat
3194 727 3580 784 dicenszAnte

1984 818 2141 874 solem
2161 817 2241 891 (ά)
2273 835 2453 874 nomen
2493 819 2603 889 ejus
2633 816 2807 892 (Psal.
2833 817 3115 889 1530,17).
3150 812 3217 873 Et
3247 834 3314 874 ne
3353 835 3441 875 res
3484 819 3579 875 Dei

1994 914 2184 968 mundi
2234 913 2389 969 istius
2432 913 2640 983 origine
2689 911 2969 968 inchoatas
3015 912 3377 980 arbitrareris,
3434 911 3578 969 idem

1976 1004 2053 1061 ait
2076 1005 2177 1062 :Et
2204 1018 2321 1063 ante
2343 1007 2520 1063 lunam
2546 1007 2898 1079 generationes
2919 1008 3304 1079 generationum
3319 1007 3479 1081 (Ibid.
3499 1007 3577 1080 5).

1986 1096 2365 1168 Despiciuntur
2391 1098 2477 1154 hic
2516 1109 2757 1166 tempora
2781 1114 2811 1154 a
2841 1099 3003 1154 tantis
3028 1099 3161 1155 viris
3187 1107 3242 1155 et
3284 1100 3581 1169 prophetia:

1982 1192 2173 1261 spiritu
2215 1191 2432 1263 dignis:
2466 1199 2523 1247 et
2566 1190 2695 1247 nihil
2743 1192 2923 1248 sensui
2951 1193 3203 1265 ,humano
3235 1192 3580 1263 relinquitur,

1983 1283 2038 1339 in
2079 1299 2186 1351 quo
2217 1300 2277 1341 se
2303 1295 2431 1341 ante
2448 1286 2813 1353 nativitatem,
2845 1300 2966 1356 qua}
2990 1295 3232 1357 tempora
3261 1294 3461 1341 aeterna
3493 1300 3588 1341 ex—

1984 1377 2148 1446 cedit,
2202 1379 2502 1435 extendat:
2542 1380 2635 1436 sed
2679 1381 2822 1434 hunc
2856 1379 3077 1435 modum
3133 1389 3337 1435 tantum
3389 1379 3589 1439 habeat

1985 1469 2256 1539 religiosa:
2295 1469 2567 1541 opinionis
2608 1469 2763 1536 fides,
2795 1469 2960 1543 428
2998 1478 3055 1525 ιιι
3084 1470 3369 1525 Dominum
3401 1469 3585 1526 Jesum

1986 1560 2263 1618 Christum
2294 1565 2630 1634 unigenitum
2660 1564 2851 1629 Deum,
2884 1563 2966 1636 (5)
2991 1573 3045 1618 et
3074 1564 3139 1617 ad
3174 1563 3425 1634 perfectae
3453 1563 3593 1618 nati-

1991 1657 2170 1713 vitatis
2196 1657 2594 1712 confessionem
2627 1662 2809 1713 natum
2852 1657 3180 1726 meminerit,
3227 1667 3281 1713 et
3314 1658 3367 1713 in
3396 1657 3592 1714 divini-

291 1757 423 1810 bat:
456 1755 579 1824 quia
625 1751 992 1824 generationis
1048 1749 1244 1805 modus
1292 1750 1431 1806 intra
1474 1749 1769 1805 nativitatis
1819 1747 1888 1803 sit
1918 1749 1966 1810 B
1994 1752 2120 1802 tatis
2160 1747 2508 1804 veneratione
2535 1763 2643 1804 non
2673 1749 2881 1820 ignoret
2904 1760 3186 1805 aeternum.

292 1858 531 1917 tempora
560 1845 909 1900 constitutus.

356 1942 447 1997 δι.
510 1938 864 2011 Refelluntur.
920 1936 1178 2007 Tempora
1219 1938 1499 1991 secundum
1552 1936 1791 1992 Arianae.
1821 1966 1892 1977 —

300 2035 443 2091 Pium
477 2032 574 2089 tibi
607 2046 670 2088 ac
698 2030 1036 2103 religiosum,
1060 2028 1338 2096 lueretice,
1383 2029 1688 2097 existimas,
1722 2029 1891 2085 Deum

298 2143 507 2199 semper
535 2124 778 2198 quidem,
817 2123 912 2180 sed
958 2137 1067 2179 non
1114 2138 1333 2194 semper
1361 2132 1569 2192 patrem
1599 2120 1895 2177 conﬁteri?

297 2221 444 2292 Quod
478 2222 521 2277 si
550 2219 624 2275 ita
668 2219 875 2275 sentire
913 2229 964 2273 te
996 2216 1141 2288 pium
1186 2224 1309 2283 est,
1342 2215 1567 2272 Paulum
1602 2217 1895 2288 impietatis

306 2329 522 2371 necesse
548 2321 656 2378 est,
687 2309 886 2366 Filium
918 2319 1037 2364 ante
1065 2318 1294 2381 tempora
1321 2319 1514 2364 (eterna
1559 2324 1679 2365 esse
1713 2309 1900 2365 dicen-

302 2414 402 2461 tem
443 2403 571 2478 (Tit.
602 2419 638 2470 ι,
670 2402 752 2475 2),
780 2401 1115 2459 condemnes
1146 2419 1160 2455 :
1193 2403 1354 2457 etiam
1400 2401 1568 2472 ipsam
1610 2409 1899 2459 testantem

305 2499 368 2553 de
394 2514 452 2554 se
479 2495 835 2567 Sapientiam,
868 2493 1011 2566 quod
1041 2502 1169 2549 ante
1194 2493 1391 2549 saecula
1421 2492 1643 2549 fundata
1675 2495 1766 2562 sit,
1796 2495 1903 2551 eri-

309 2591 525 2646 tniucris
553 2606 566 2643 :
600 2604 722 2661 quae
748 2587 895 2644 Patri
927 2585 1115 2643 aderat
1141 2593 1275 2652 tum,
1309 2602 1434 2642 eum
1470 2588 1668 2645 malum
1695 2600 1903 2659 prmpa-

309 2694 465 2740 raret.
499 2682 607 2741 Sed
638 2691 717 2750 tu,
753 2687 813 2736 ut
841 2680 954 2737 Deo
981 2679 1427 2736 initium'tribuas
1464 2696 1571 2751 quo
1613 2692 1769 2753 pater
1797 2689 1901 2751 est,

311 2780 451 2847 prius
504 2772 838 2846 temporibus
886 2770 1099 2828 initium
1144 2773 1379 2829 decerne
1427 2774 1509 2846 (Ι)
1564 2788 1674 2845 quo
1726 2783 1905 2846 empta

309 2878 463 2924 erunt
497 2886 513 2923 :
545 2882 667 2939 qua:
706 2867 753 2922 si
782 2876 959 2938 empta
1001 2874 1148 2933 sunt,
1195 2865 1429 2923 mendax
1460 2879 1543 2923 est
1593 2868 1901 2939 Apostolus,

310 2964 393 3034 qui
440 2976 502 3019 ea
549 2963 621 3018 sit
650 2958 934 3032 professus
962 2966 1184 3016 aeterna.
1231 2960 1432 3018 Soletis
1479 2960 1623 3018 enim
1663 2971 1907 3033 tempora

312 3052 374 3109 de
402 3054 530 3109 solis
561 3068 625 3108 ac
649 3053 796 3108 tuna:
834 3050 1114 3108 creatione
1142 3068 1447 3119 numerare,
1487 3053 1610 3124 quia
1646 3054 1906 3124 scriptum

2065 1840 2155 1896 35.
2194 1839 2472 1915 Objicitur,
2505 1842 2829 1911 Sapientiam
2856 1860 2909 1899 se
2937 1853 3159 1899 creatam
3183 1846 3376 1901 testari.
3402 1845 3595 1903 —-Scd

1993 1946 2312 1989 accusamur
2332 1933 2626 2003 mendacii,
2649 1946 2701 1991 et
2724 1950 2829 1991 una
2860 1937 3140 1992 nobiseum
3170 1937 3410 1993 doctrina
3438 1952 3598 2008 apos-

1996 2027 2173 2082 tolica:
2215 2026 2621 2098 pradicationis
2669 2027 2929 2100 arguitur,
2986 2029 3326 2086 nativitatem
3378 2031 3597 2101 quidem

1997 2119 2267 2184 confessa,
2293 2118 2388 2176 sed
2421 2121 2779 2176 aeternitatem
2813 2120 2887 2193 (ε)
2913 2120 3213 2178 nativitatis
3236 2121 3517 2194 professa:
3546 2132 3608 2178 ut

1998 2222 2054 2268 et
2096 2212 2349 2268 nativitas
2381 2220 2672 2270 testaretur
2697 2225 2997 2281 auctorem,
3032 2225 3088 2272 et
3132 2216 3408 2273 aeternitas
3438 2218 3490 2273 in
3521 2232 3604 2274 sa-

2001 2313 2279 2360 cramento
2306 2304 2503 2361 divinas
2531 2292 2835 2363 nativitatis
2856 2323 3075 2365 sensum
3107 2307 3359 2366 humanas
3390 2312 3603 2382 opinio-

2005 2396 2087 2451 nis
2129 2396 2439 2454 excederet.
2485 2396 2793 2455 Profertum
2828 2401 2974 2457 enim
3027 2402 3315 2460 adversum
3363 2419 3461 2460 nos
3500 2403 3603 2460 Sa-

2004 2490 2220 2561 pientiae
2245 2490 2313 2546 de
2357 2506 2417 2547 se
2445 2494 2789 2563 protestatio,
2835 2511 2956 2565 quae
2988 2506 3223 2552 creatam
3253 2515 3312 2553 se
3357 2499 3609 2555 docuerit

2007 2581 2093 2637 bis
2122 2582 2282 2638 dictis
2313 2601 2328 2637 :
2381 2583 2633 2640 Dominus
2658 2585 2738 2658 (4)
2762 2589 2953 2642 creauit
2977 2604 3057 2643 me
3082 2590 3149 2661 (ι’)
3181 2592 3236 2645 in
3261 2591 3465 2647 initium
3494 2593 3608 2647 via-

2004 2690 2121 2729 rum
2146 2692 2357 2731 suarum
2390 2674 2574 2750 (Prov.
2606 2693 2719 2747 vm,
2750 2678 2865 2753 22).

2077 2766 2169 2823 56.
2206 2767 2334 2835 Quae
2364 2778 2536 2825 creata
2565 2787 2599 2825 a
2626 2773 2837 2839 sarculo,
2858 2764 3048 2829 eadem
3074 2782 3192 2831 ante
3211 2775 3460 2832 secutum
3486 2778 3611 2850 fun-

2009 2861 2220 2918 data-
2258 2862 2325 2919 Et
2352 2880 2384 2920 ο
2415 2875 2466 2921 ιε
2492 2868 2677 2935 miser,
2705 2867 2978 2935 heretica,
3004 2869 3093 2942 qui
3122 2871 3326 2927 indulta
3358 2868 3615 2939 Ecclesia:

2010 2953 2295 3013 adversum
2329 2955 2666 3032 Syttagcgam
2698 2976 2870 3029 arma,
2902 2968 3092 3020 contra
3144 2963 3306 3020 ﬁdem
3351 2965 3617 3021 ecclesia.

2013 3052 2162 3106 alicae
2176 3052 2573 3123 praedicationis
2594 3054 2804 3113 invadis
2831 3073 2846 3114 :
2869 3066 2921 3114 et
2936 3054 3199 3114 doctrinae
3219 3059 3473 3115 salutaris
3494 3075 3617 3115 mu-

314 3144 377 3200 de
420 3145 504 3201 his
562 3144 633 3199 sit
664 3165 676 3198 :
711 3143 780 3199 Et
829 3145 932 3201 sint
986 3144 1042 3199 in
1092 3145 1245 3215 signa
1284 3155 1333 3201 et
1378 3155 1629 3217 tempora,
1657 3157 1706 3202 et
1743 3164 1907 3202 annos
1934 3145 1980 3208 C
2018 3147 2338 3203 uitissimam
2370 3150 2785 3222 intelligentiam
2832 3153 2978 3223 rapis
3006 3150 3293 3210 adversum
3336 3155 3621 3210 universo--

317 3238 461 3311 (Gen.
489 3254 532 3306 1,
565 3237 681 3312 14).
709 3237 816 3294 Sed
846 3239 937 3309 qui
971 3248 1098 3294 ante
1125 3240 1322 3295 coelum
1369 3248 1453 3296 est
1477 3283 1492 3307 ,
1525 3238 1669 3311 quod
1719 3256 1909 3298 secun-

319 3334 438 3390 dum
461 3349 562 3390 vos
580 3332 747 3389 etiam
772 3340 898 3388 aute
926 3341 1139 3405 tempus
1179 3342 1282 3401 est,
1315 3334 1457 3390 idem
1494 3343 1551 3391 et
1592 3343 1717 3391 ante
1743 3352 1918 3393 saecu-

322 3426 425 3482 lum
446 3434 549 3484 est.
576 3425 766 3496 Neque
790 3424 968 3481 solum
1008 3435 1135 3482 ante
1163 3425 1423 3482 seculum
1473 3436 1575 3495 est,
1610 3428 1707 3484 sed
1750 3431 1915 3485 etiam

322 3529 441 3573 ante
481 3517 873 3589 generationes
902 3517 1318 3587 generationum
1358 3518 1555 3574 saecula
1589 3528 1915 3588 praeeuntes.

322 3608 454 3679 Quid
494 3606 719 3666 caducis
745 3617 799 3663 et
824 3608 1079 3677 terrenis,
1113 3616 1169 3666 et
1215 3608 1460 3681 angustis
1490 3609 1672 3668 divina
1711 3618 1767 3669 et
1793 3611 1918 3669 inii-

391 3743 466 3817 (l)
502 3742 618 3817 Quo
644 3750 812 3817 empta
830 3743 954 3817 sint.

392 3811 470 3886 (2)
496 3811 778 3886 omittitur
806 3830 858 3868 se
884 3813 936 3868 in
966 3828 1070 3886 ms.
1100 3811 1306 3886 veroo.

395 3816 449 3886 (2
496 3816 778 3869 Untittitur
806 3830 858 3868 se
884 3816 936 3868 in
966 3828 1070 3869 ms.
1100 3816 1306 3871 Veron.

395 3816 472 3960 (5)
505 3885 573 3940 Et
594 3888 884 3958 aperfecta:
912 3885 1195 3940 nativitatis
1218 3887 1560 3961 confessione.

331 4026 406 4085 bis
429 4035 748 4085 occurrunt.
778 4027 948 4095 Quem
975 4025 1156 4097 itaque
1177 4025 1333 4081 docet
1363 4025 1495 4082 fides
1515 4034 1651 4099 ante
1678 4034 1919 4099 tempora

332 4112 522 4157 aeterna
553 4106 763 4163 natum,
798 4113 1067 4169 quemque
1112 4113 1292 4152 sermo
1336 4097 1527 4169 aeterni
1555 4101 1722 4168 patris
1754 4097 1919 4156 litium

334 4182 619 4241 nuncupat,
645 4172 788 4225 hunc
815 4168 1005 4225 Sensus
1030 4183 1136 4223 non
1157 4168 1383 4241 percipit
1411 4169 1760 4241 nisisemp‘er
1779 4173 1926 4228 exis-

340 4239 534 4299 tentem
563 4256 889 4315 semperque
913 4246 1095 4294 natum
1119 4256 1133 4302 ;
1163 4239 1404 4311 adeoque
1434 4243 1485 4296 in
1517 4240 1623 4297 hac
1648 4239 1836 4298 notitia
1863 4243 1926 4297 ti-
1968 4308 1971 4311 _

338 4318 473 4371 nitur
505 4314 666 4379 ﬁdes,
694 4314 893 4368 sensus
921 4320 976 4367 et
1004 4326 1205 4367 sermo.

420 4386 493 4460 (α)
515 4386 592 4460 (lu
643 4399 787 4460 mss.
818 4385 1001 4455 probae
1052 4391 1216 4451 notae,
1263 4398 1468 4452 nomen,
1499 4383 1598 4440 ista
1628 4393 1686 4439 ut
1718 4394 1927 4440 natura.

336 4456 564 4514 Consule
588 4472 740 4511 num.
759 4456 850 4509 21.

406 4528 481 4599 (ὁ)
512 4528 695 4585 Codex
726 4522 850 4599 vat.
882 4526 999 4581 bas.
1030 4539 1153 4599 cum
1181 4524 1391 4599 Martia.
1406 4535 1477 4599 με
1508 4544 1610 4581 non
1638 4528 1803 4599 solum
1829 4525 1929 4583 Fi-

343 4592 424 4655 tiol
464 4592 588 4655 Mox
618 4599 755 4654 alter
780 4596 951 4652 Vatic.
986 4597 1075 4650 sed
1105 4607 1152 4651 et
1196 4595 1362 4651 Patri;
1397 4592 1533 4652 Tum
1558 4598 1714 4664 Bad.,
1751 4599 1845 4654 Er.
1875 4610 1931 4656 et

343 4669 507 4742 Lips.,
560 4669 905 4742 generationis
950 4670 1228 4722 adscr-ibat.
1278 4666 1587 4742 lngquibus
1637 4671 1933 4742 peregrittas

344 4739 526 4799 manus
553 4739 819 4797 secundas
851 4755 1009 4795 curas
1041 4742 1315 4794 timemus.
1345 4739 1516 4794 Purro
1544 4741 1674 4796 illud
1704 4739 1805 4797 non
1833 4739 1926 4797 Fi.

345 4814 429 4879 tio,
456 4825 592 4881 etc.,
618 4812 670 4868 id
699 4821 804 4880 est,
847 4812 990 4866 nulla
1021 4810 1150 4884 Filii
1171 4812 1444 4884 mentione
1475 4810 1633 4884 facta,
1668 4812 1807 4868 Patri
1838 4829 1931 4884 ge-

345 4879 671 4941 nerationem
700 4879 1048 4939 adventitiam
1079 4879 1246 4936 fuisse
1274 4883 1494 4937 scribat.
1522 4881 1763 4953 Namque
1802 4879 1927 4939 vcr-

349 4957 465 5012 bum
492 4955 784 5027 adscribere
812 4953 1033 5026 proprie
1059 4953 1327 5027 idemest,
1351 4954 1492 5024 quod
1520 4957 1594 5009 rei
1620 4953 1733 5026 jam
1764 4958 1931 5027 scrip-

349 5036 410 5084 ta:
435 5029 690 5098 adjicere.
737 5024 893 5098 Unde
940 5035 994 5079 et
1027 5038 1127 5092 pro
1148 5024 1378 5098 adjicere
1421 5024 1735 5098 simpliciter
1767 5024 1933 5082 usita-

350 5045 410 5084 tte
435 5045 690 5098 adjicere.
737 5045 893 5082 υιιυϐ
940 5045 994 5079 ει
1027 5045 1127 5092 pro
1148 5045 1378 5148 μαὶμσετε
1421 5045 1735 5094 Slﬂlpllfllel‘
1767 5045 1927 5082 usua-

350 5110 452 5155 tum
482 5110 586 5155 est.
620 5099 685 5152 Et
724 5097 1067 5152 manifestum
1097 5105 1181 5149 est
1230 5102 1297 5150 iic
1326 5097 1645 5167 reprehendi
1674 5095 1927 5163 Arianos,

347 5173 483 5239 quod
509 5171 656 5226 Patri
681 5170 793 5240 jam
826 5170 879 5240 in
924 5176 1248 5240 manatura
1285 5175 1594 5240 (constituto
1624 5169 1935 5240 generatio-

349 5237 466 5297 nem
492 5237 764 5312 tamquam
793 5237 1144 5312 adventitium
1175 5239 1390 5312 modum
1419 5237 1727 5312 adscribunt
1755 5251 1809 5312 et
1832 5240 1932 5312 ad-

344 5315 599 5386 iungant.
625 5309 920 5386 Refutatur
956 5310 1157 5380 quippe
1179 5309 1314 5386 illud
1358 5309 1555 5386 Ariidin
1602 5326 1718 5386 s_ua_
1742 5310 1933 5386 Thalia

347 5381 483 5456 apud
516 5384 776 5445 Atbauas.
800 5384 895 5437 0r.
920 5395 955 5436 lt
986 5390 1130 5435 cont.
1164 5382 1283 5456 ξιιμ,
1316 5397 1368 5452 p.
1404 5383 1590 5456 510_et
1618 5382 1725 5456 5M
1759 5381 1935 5456 τρέπε

351 5448 449 5512 non
495 5470 697 5527 semper
726 5462 834 5509 erat
871 5461 1019 5527 pater
1046 5465 1067 5505 :
1096 5448 1189 5505 sed
1206 5448 1575 5527 fuit—quondm
1590 5454 1756 5527 solum
1797 5451 1937 5527 Deus

351 5536 480 5595 erat,
522 5538 570 5582 et
603 5521 755 5597 pater
804 5521 1033 5580 nondum
1077 5521 1216 5578 erat.
1252 5521 1386 5580 Tum
1418 5525 1486 5580 de
1536 5522 1711 5597 Verbo
1757 5541 1769 5577 :
1812 5521 1941 5597 Fuit

352 5599 558 5669 quando
607 5595 721 5669 non
757 5604 867 5652 erat
898 5613 917 5650 :
941 5606 1102 5669 neque
1137 5603 1249 5669 erat
1285 5606 1403 5651 ante
1451 5611 1603 5669 quam
1640 5595 1803 5669 ﬁget,
1854 5595 1944 5669 sed

352 5661 625 5726 exordium
660 5661 721 5724 αἱ
740 5674 999 5724 crearetur
1214 5667 1384 5737 ipsum
1424 5661 1618 5737 habuit.
1640 5661 1947 5721 'Erat’enim

358 5742 501 5799 soils
517 5736 683 5809 Deus,
712 5739 931 5796 necatum
958 5745 1067 5795 erat
1098 5733 1322 5794 Verbum
1344 5747 1395 5796 et
1423 5736 1699 5811 Sapientia
1723 5753 1743 5795 :
1766 5736 1950 5795 deinde

2015 3254 2133 3293 rum
2178 3241 2445 3308 salutem;
2492 3253 2798 3300 creaturam
2839 3244 3127 3321 Christum
3165 3260 3264 3316 per
3308 3243 3428 3303 haec
3458 3247 3622 3303 verba

2018 3346 2141 3388 esse
2190 3334 2549 3403 contendens,
2610 3351 2721 3392 non
2776 3336 3020 3399 Judaeum
3077 3340 3278 3412 potius,
3336 3349 3623 3412 neuntem

2012 3425 2220 3483 Christi
2266 3437 2394 3483 ante
2433 3429 2633 3485 saecula
2662 3437 2864 3488 artemo
2894 3433 3232 3489 divinitatem
3261 3432 3399 3490 etin
3447 3431 3626 3490 cinni-

2024 3519 2124 3576 bus
2155 3520 2411 3591 operibus
2454 3536 2518 3577 ac
2546 3522 2810 3579 doctrinis
2836 3525 2920 3596 (5)
2954 3525 3046 3580 Dei
3077 3526 3157 3597 (g)
3180 3524 3499 3593 efficaciam,
3531 3538 3629 3595 per

2029 3614 2144 3670 hinc
2186 3615 2348 3673 verba
2377 3614 2671 3687 Sapientiae
2709 3618 3051 3677 subsistentiis
3093 3619 3476 3691 exstinguensl
3508 3630 3631 3688 quae

2103 3753 2186 3823 (4)
2219 3752 2421 3809 Creavit
2452 3772 2530 3809 me
2558 3755 2781 3810 initium.

2103 3827 2185 3897 (ὃ)
2215 3825 2312 3883 Dei
2338 3826 2677 3898 efﬁcientiam.

2028 4044 2144 4104 cum
2171 4024 2492 4104 veltet__Deus
2532 4042 2628 4082 nos
2657 4026 2908 4104 condere,
2942 4037 3060 4083 tunc
3106 4045 3263 4104 unum
3304 4032 3528 4103 aliquem
3554 4033 3632 4104 fe-

2029 4101 2287 4175 cit,quem
2321 4098 2543 4153 Verbum
2572 4108 2621 4153 et
2648 4098 2969 4175 Sapientiam
2995 4103 3295 4157 nominavit.
3331 4098 3405 4159 Ei
3438 4098 3633 4175 quibus

2030 4172 2240 4297 lliqpett.
2298 4184 2420 4225 cum
2474 4184 2580 4241 quo
2633 4180 2822 4228 noster
2883 4173 3119 4253 Hilarius
3187 4176 3350 4232 modo
3412 4172 3633 4232 causam

2052 4258 2101 4296 la
2143 4259 2204 4297 ea
2240 4284 2252 4297 .

2052 4248 2252 4299 iubeat.
3098 4250 3099 4253 “

2112 4316 2182 4386 (c)
2224 4311 2351 4386 Mss.
2377 4314 2594 4372 Martin.
2616 4324 2670 4370 et
2691 4312 2812 4371 Vat.
2840 4315 2982 4382 bas.,
3019 4316 3082 4372 Et
3110 4335 3227 4373 cum
3248 4336 3281 4374 a
3312 4320 3419 4376 sole
3440 4319 3633 4377 :male.

2036 4384 2135 4463 Hie
2164 4384 2352 4463 eadem
2380 4396 2459 4442 est
2490 4389 2699 4463 phrasis
2723 4402 2788 4444 ac
2811 4388 3087 4463 superior,
3107 4390 3299 4447 Soletis
3324 4401 3554 4463 tempora
3576 4393 3640 4447 de

2037 4458 2162 4512 solis
2190 4475 2249 4511 ac
2275 4458 2413 4515 (una:
2437 4461 2691 4514 creatione
2724 4478 3007 4516 numerare.
3048 4461 3156 4517 Nec
3190 4463 3373 4520 differt
3398 4458 3527 4520 iiiud
3558 4474 3636 4519 te-

2037 4545 2174 4591 cum.
2212 4538 2260 4585 et
2290 4533 2567 4586 secundum
2596 4540 2663 4598 te,
2693 4539 2787 4587 aut
2810 4544 2897 4586 tua
2935 4536 3206 4589 sententia.

2112 4599 2192 4673 (d)
2220 4601 2556 4676 Auctoritate
2584 4617 2712 4657 is.
2755 4607 3081 4659 removimus
3104 4606 3230 4676 hinc
3263 4605 3485 4659 verbum
3516 4622 3637 4676 per-

2040 4671 2231 4744 manet,
2267 4683 2320 4728 et
2346 4671 2643 4743 adjeeimtts
2665 4689 2825 4743 supra
2850 4677 3168 4731 vocabulum
3197 4674 3390 4744 David,
3414 4684 3469 4733 et
3496 4671 3632 4733 infra

2038 4743 2546 4816 ciiiijtinctiiitietiiet
2572 4752 2695 4816 ante
2725 4747 3077 4816 generationes
3101 4743 3418 4803 delevitnus.

2108 4815 2181 4889 (ε)
2214 4816 2265 4867 lu
2296 4828 2430 4870 mss.
2454 4813 2585 4889 _\(at.
2617 4813 2739 4889 bas.
2764 4827 2818 4870 et
2842 4816 3050 4871 .llartin.
3083 4817 3392 4889 adiungitur
3418 4818 3505 4876 hic
3524 4837 3622 4877 na-

2037 4883 2256 4968 tuentem
2281 4898 2293 4939 :
2327 4885 2468 4968 quod
2498 4883 2940 4968 interpolatorem
2960 4889 3118 4968 sapit.

2108 4954 2177 5027 (ί)
2218 4954 2544 5030 Particulam
2596 4954 2657 5030 in
2696 4954 3056 5030 hicetAiufr—a
3100 4960 3360 5017 omittunt
3407 4960 3632 5030 excusi,

2037 5022 2503 5099 Consentieutibus
2533 5027 2748 5099 quidem
2776 5022 2939 5098 LXX,
2967 5029 3062 5084 sed
3092 5030 3479 5091 dissidentibus
3519 5022 3634 5091 sin-'-

2039 5097 2338 5174 cerioribus
2372 5097 2643 5174 Δῐῐιλειεηέῐρ
2675 5099 2935 5174 subuertis
2982 5100 3409 5174 iiilariigverbis.
3465 5106 3638 5174 Quam

2041 5169 2130 5243 hic
2163 5170 2311 5223 locus
2356 5170 2572 5227 Ariauis
2619 5168 2898 5227 familiaris
2944 5179 3120 5243 esset,
3169 5168 3637 5243 Gregorius—Nae.

2042 5241 2134 5295 Or.
2187 5254 2477 5317 xxxvtpn.
2514 5244 2568 5317 Ir,
2610 5249 2841 5297 testatur
2883 5244 2966 5299 his
3011 5241 3189 5317 verbis
3217 5264 3229 5300 :
3258 5241 3390 5301 illud
3437 5248 3641 5317 quidem

2045 5328 2205 5394 unum
2231 5312 2356 5394 ipsis
2384 5316 2491 5383 fere
2534 5315 2587 5368 in
2628 5322 2869 5385 promptu
2918 5322 3015 5382 est,
3058 5315 3313 5375 Dominus
3349 5312 3535 5375 creavit
3559 5322 3642 5375 me

2045 5383 2247 5436 initium
2275 5383 2494 5437 viarum.

2113 5453 2188 5525 (9)
2221 5454 2380 5533 βαίη,
2406 5452 2502 5533 Ρϐἱ
2532 5454 3008 5533 εῇἱσὶεπιίαηιηὴιεε
3036 5457 3185 5533 verba
3215 5458 3497 5533 Sapientia;
3525 5461 3650 5519 sub-

2045 5526 2268 5599 sistentis
2295 5528 2624 5599 exstinguunt
2647 5542 2666 5582 :
2693 5536 2747 5583 et
2775 5528 3103 5599 paulqaute
3124 5526 3453 5599 Bad.,'Nam
3473 5534 3649 5592 Judaei

2048 5597 2219 5674 potius
2251 5606 2436 5666 negant
2459 5594 2479 5664 ξ
2506 5596 2599 5653 Ει·.
2625 5604 2683 5674 et
2708 5594 2880 5674 Lips,
2907 5594 3339 5674 Namludwu'm,
3372 5616 3504 5674 etc.,
3522 5622 3650 5663 cor-

2054 5670 2299 5748 riguntur
2328 5682 2451 5748 0pe_
2473 5682 2603 5748 mss;
2640 5669 2754 5748 Hoc
2778 5669 2938 5748 enim
2965 5670 3067 5729 sibi
3100 5673 3250 5748 vult_:
3281 5691 3386 5748 cur,
3419 5669 3525 5734 non
3555 5693 3653 5748 po-

2057 5739 2164 5795 tius
2213 5738 2299 5807 bis
2339 5738 2521 5799 verbis
2566 5741 2859 5815 Sapientia
2899 5752 3026 5804 ante
3065 5744 3261 5803 saecula
3307 5738 3657 5807 subsistentis
