4106 6192
535 237 645 294 435

1751 237 1997 297 SANCTI
2039 237 2291 298 lllLARll
2322 240 2629 300 EPISCOPI

3735 247 3835 305 456

537 365 599 407 se
624 363 767 406 nunc
807 356 1043 406 creatam
1070 348 1123 406 in
1171 348 1380 405 initium
1414 347 1623 405 viarum
1657 344 1750 407 Dei
1789 361 1845 407 et
1890 353 1940 408 in
1972 367 2135 423 Opera
2165 356 2219 418 Α
2243 356 2420 423 dium;
2472 372 2595 413 cum
2642 357 2759 428 ipsa
2806 356 3088 414 exurdium
3132 359 3432 432 temporale
3470 360 3660 418 sortita
3708 363 3837 418 sint.

541 443 660 514 ejus
686 459 716 498 a
743 445 942 499 saeculo
969 442 1193 509 dixerit;
1229 457 1298 499 ne
1320 441 1459 499 forte
1486 452 1611 498 ante
1637 445 1856 499 Mariam
1888 462 1995 501 nun
2024 462 2133 502 ma-

539 554 674 596 nere
704 540 1103 597 existimaretur
1136 557 1149 592 :
1180 554 1353 610 neque
1382 548 1558 595 tamen
1590 550 1828 596 creatam
1860 557 1920 596 se
1951 541 2016 597 ad
2041 558 2137 597 tta-

537 630 760 688 tivitatis
800 629 1215 702 intelligentiam
1245 630 1505 699 referret;
1539 632 1663 703 quia
1703 632 1757 687 in
1798 633 2002 689 viarum
2035 634 2137 689 iui-

532 728 667 783 tium
698 734 752 782 et
780 725 834 781 itt
880 740 1044 796 opera
1088 725 1162 781 sit
1188 734 1405 793 creata;
1448 734 1501 781 at
1528 741 1661 783 vero
1693 742 1762 782 ne
1793 725 1895 783 hoc
1923 725 2135 783 viarum

534 817 770 887 initium,
797 818 940 890 quod
972 819 1156 891 utique
1181 818 1250 875 de
1275 818 1473 875 divinis
1493 819 1653 876 rebus
1675 820 1924 876 humanae
1949 820 2136 892 cogni-

533 913 697 969 tionis
727 913 1007 971 exordium
1054 923 1162 981 est,
1205 915 1433 986 quisque
1466 914 1530 970 ad
1562 913 1952 983 subjiciendam
2001 924 2137 972 tem-

530 1009 649 1081 pori
663 1009 996 1065 nativitatem
1020 1008 1283 1064 inlinitam
1300 1007 1585 1079 deputaret
1613 1006 1915 1080 (Promvnt,
1941 1008 2015 1063 22
2029 1024 2132 1065 sec.

533 1101 1023 1175 LXX),lundatam
1054 1116 1113 1158 se
1141 1110 1267 1158 ante
1286 1102 1568 1158 sreculasit
1594 1101 1838 1173 professa
1874 1119 1888 1156 :
1915 1112 1972 1156 ut
2005 1100 2134 1156 dum

533 1194 679 1250 aliud
702 1204 782 1251 est
801 1193 853 1249 in
882 1194 1087 1250 viarum
1108 1194 1316 1250 initium
1338 1201 1394 1250 et
1421 1193 1473 1249 itt
1504 1209 1670 1265 opera
1692 1193 1962 1260 creari,'et
1990 1192 2134 1249 aliud

532 1299 616 1346 est
646 1298 771 1345 ante
796 1289 995 1345 saecula
1024 1288 1234 1345 fundari
1263 1331 1277 1356 ,
1308 1288 1546 1345 anterior
1572 1287 1964 1360 intelligeretur
2014 1301 2136 1343 esse

532 1384 807 1440 creatione
843 1383 1122 1439 fundatio:
1163 1383 1345 1439 ethoc
1391 1382 1593 1454 ipsum,
1624 1382 1768 1454 quod
1815 1380 2037 1437 fundata
2078 1379 2134 1436 in

531 1492 695 1548 opera
721 1486 848 1535 ante
879 1476 1139 1534 saeculum
1161 1486 1266 1543 est,
1297 1476 1373 1550 (a)
1404 1487 1800 1533 sacramentum
1842 1475 2135 1532 crcationis

529 1571 881 1638 ostenderet;
913 1571 1037 1639 quia
1066 1569 1307 1646 laudatio
1352 1579 1478 1625 ante
1518 1569 1803 1638 saeculum,
1845 1578 1901 1626 et
1930 1571 2134 1625 creatio

528 1665 586 1723 in
613 1665 819 1720 viarum
845 1664 1056 1720 initium
1083 1672 1244 1733 atque
1270 1663 1323 1717 in
1347 1677 1511 1733 opera
1538 1670 1657 1731 post
1677 1662 1935 1717 satcttlum
1966 1661 2057 1717 sit.

2240 449 2378 517 Quid
2425 450 2570 505 enim
2622 465 2874 520 magnum
2924 459 3029 517 est,
3079 458 3140 505 ut
3183 461 3308 507 ante
3360 459 3560 508 terram
3587 455 3669 525 (5)
3700 453 3843 511 Deus

2242 543 2528 599 Dominum
2576 542 2849 600 Christum
2896 544 3181 614 genuerit;
3215 559 3338 600 cum
3368 545 3699 617 Angelorum
3732 546 3867 603 ori-‘

2243 650 2311 707 go
2364 636 2435 708 (c)
2483 645 2640 692 terrae
2685 636 2960 692 creatione
3027 635 3329 707 reperiatur
3370 638 3684 708 antiquior?
3732 637 3846 696 Aut

2238 744 2336 785 cur
2361 729 2451 800 qui
2482 737 2607 785 ante
2652 736 2851 785 terram
2894 730 3111 800 genitus
3158 728 3456 798 diceretur,
3507 731 3669 786 etiam
3714 742 3845 789 ante

2238 828 2477 888 montes,
2508 835 2681 892 neque
2721 822 2895 877 solum
2939 828 3068 878 ante
3094 830 3328 890 montes,
3375 822 3471 879 sed
3519 823 3683 879 etiam
3714 834 3845 881 aute

2238 914 2407 970 colles
2435 923 2591 969 natus
2630 914 3108 970 tuaniiestaretur:
3141 930 3262 971 cum
3308 915 3528 973 collium
3569 917 3846 989 signiﬁca-

2242 1005 2316 1061 tio
2346 1014 2467 1076 post
2515 1013 2730 1062 montes
2755 1008 2846 1074 sit,
2882 1007 3143 1062 montium
3178 1022 3308 1063 vero
3332 1008 3687 1080 intelligentia
3718 1021 3846 1082 post

2239 1106 2439 1154 terram
2472 1097 2579 1154 sit?
2610 1097 2713 1154 Per
2739 1098 2881 1170 quod
2928 1100 3226 1155 existimari
3257 1114 3363 1157 non
3399 1108 3598 1169 potest,
3637 1102 3846 1159 idcirco

2241 1193 2357 1247 htcc
2385 1204 2509 1247 esse
2535 1189 2703 1260 dicta,
2737 1200 2796 1247 ut
2837 1200 2962 1247 ante
2990 1192 3162 1248 colles
3208 1202 3261 1248 et
3311 1203 3522 1250 lliOlllt’S
3550 1202 3607 1250 et
3635 1201 3844 1251 terram

2238 1299 2360 1341 esse
2387 1284 2905 1359 intelligeretur(d),
2938 1287 3027 1356 qui
3074 1302 3158 1354 ea,
3212 1302 3333 1358 quae
3362 1298 3489 1345 ante
3535 1299 3733 1345 terram
3782 1298 3847 1347 et

2239 1386 2453 1434 montes
2518 1387 2572 1434 ct
2619 1377 2789 1434 eolles
2835 1388 2982 1446 sunt,
3033 1380 3313 1435 inﬁnitatis
3372 1397 3487 1439 sua:
3533 1384 3848 1443 atterttitate

2238 1471 2598 1543 przecclleret.

2310 1564 2402 1621 58.
2448 1562 2772 1635 lnﬁnitatem
2811 1582 2960 1620 suam
3002 1575 3248 1639 quantum
3276 1566 3391 1623 licet
3432 1569 3701 1639 explicuit,
3752 1587 3848 1643 per

2238 1671 2412 1716 creata
2457 1660 2824 1731 comprehendi
2852 1678 2954 1716 non
2984 1664 3171 1733 potuit.
3219 1692 3293 1704 —
3321 1662 3427 1720 Sed
3472 1679 3691 1721 sensum
3743 1680 3872 1726 no-.

594 1756 684 1815 57.
705 1755 870 1830 429
893 1755 1014 1810 Non
1034 1754 1372 1827 tempore,sed
1386 1753 1666 1809 teter-nitate
1683 1753 1933 1813 saeculum
1947 1768 2138 1824 prwce-
2164 1750 2215 1819 B
2241 1763 2411 1811 strum
2439 1769 2620 1811 sermo
2651 1754 2868 1810 divinus
2894 1771 3001 1811 non
3044 1756 3263 1828 inopem
3309 1757 3535 1812 rationis
3583 1759 3843 1830 reliquit;

534 1850 632 1906 dit.
660 1880 735 1892 --
759 1850 878 1905 .lam
909 1864 1036 1905 vero
1063 1863 1132 1904 ne
1162 1847 1365 1904 creatio
1394 1854 1450 1902 ct
1478 1844 1722 1901 fundatio
1750 1845 1907 1901 ﬁdem
1935 1844 2132 1901 divina:

528 1942 827 2001 nativitatis
855 1941 1193 2008 oﬁ‘enderet,
1224 1940 1468 2011 sequitur
1496 1957 1509 1993 :
1544 1936 1704 1993 Prius
1744 1955 1901 2009 quam
1943 1947 2134 1993 terram

530 2040 744 2107 faceret,
769 2035 914 2109 prius
942 2050 1098 2107 quam
1124 2042 1319 2088 montes
1348 2030 1619 2096 stabiliret,
1652 2041 1769 2086 ante
1804 2047 1980 2086 omnes
2026 2030 2134 2086 col-

533 2130 609 2185 les
654 2129 833 2202 genuit
877 2144 958 2182 me
1005 2125 1167 2199 (Ibid.
1194 2125 1266 2182 25
1292 2137 1336 2180 et
1366 2126 1479 2207 264.
1512 2124 1630 2181 lam
1657 2125 1868 2197 genitus
1893 2133 1976 2181 est
2005 2133 2133 2180 ante

534 2230 754 2290 terram,
787 2219 868 2295 (1)
899 2218 990 2292 qui
1014 2230 1141 2275 ante
1168 2219 1427 2275 saeculum
1471 2217 1723 2274 fundatus
1751 2227 1837 2275 est
1886 2234 1902 2273 :
1954 2233 2130 2289 neque

530 2317 706 2374 solum
751 2324 878 2372 ante
924 2324 1147 2381 terram,
1193 2312 1290 2370 sed
1338 2313 1501 2369 etiam
1535 2318 1673 2368 ante
1714 2322 1926 2367 montes
1967 2320 2128 2382 atque

529 2410 715 2468 colles.
748 2409 818 2465 Et
846 2409 901 2465 in
932 2408 1016 2465 his
1041 2405 1262 2479 quidem
1289 2405 1414 2476 quia
1446 2403 1515 2461 de
1562 2418 1620 2460 se
1648 2402 1922 2473 Sapientia
1953 2403 2125 2474 loqui-

529 2512 640 2572 tur,
671 2503 794 2576 plus
825 2503 1061 2575 loquitur
1084 2515 1243 2573 quam
1274 2499 1508 2555 auditur.
1540 2497 1734 2555 Omnia
1760 2498 1925 2563 enint,
1972 2513 2121 2568 qure-

528 2610 759 2668 cumque
822 2595 891 2651 ad
948 2592 1230 2650 inﬁnitatis
1275 2591 1680 2663 intelligentiam
1730 2590 2119 2664 signiﬁcantur,

523 2687 683 2745 istius
712 2687 857 2744 modi
886 2701 1008 2743 esse
1033 2692 1267 2756 oportet,
1300 2700 1369 2740 ne
1407 2685 1485 2740 rei
1531 2683 1777 2754 cuiquam
1802 2692 1894 2737 aut
1936 2680 2121 2752 generi

526 2781 763 2839 secunda
813 2782 867 2837 in
918 2792 1162 2851 tempore
1208 2781 1336 2835 sint.
1382 2778 1651 2835 Cazterum
1698 2777 1764 2832 ad
1808 2775 2126 2833 aeternitatis

525 2873 1047 2942 demonstrationem
1076 2885 1415 2943 nequaquam
1444 2868 1525 2942 (2)
1558 2869 1873 2941 temporalia
1911 2868 1985 2942 (ὸ)
2035 2883 2128 2924 co-

521 2968 849 3041 aptabuntur
874 2985 888 3023 :
917 2967 1041 3040 quia
1078 2981 1176 3039 per
1202 2965 1279 3034 id,
1313 2964 1456 3037 quod
1507 2964 1807 3035 posteriora
1852 2973 1979 3020 sunt
2020 2978 2127 3019 ea:-

2236 1864 2361 1904 nam
2408 1863 2624 1905 causam
2674 1847 2802 1904 dicti
2832 1864 2927 1918 per
2966 1849 3083 1904 haec
3126 1865 3248 1921 qua:
3292 1863 3699 1921 consequuntur
3745 1866 3846 1909 os-

2237 1940 2409 1997 tendit
2439 1958 2452 1995 :
2491 1939 2628 1995 Deus
2657 1940 2776 2012 fecit
2802 1941 3057 2014 regiones,
3091 1948 3138 1995 et
3164 1940 3542 2007 inhabitabilia,
3592 1953 3639 1997 et
3678 1959 3847 1997 cacu-

2234 2035 2377 2090 mina
2416 2050 2530 2106 qua:
2582 2033 2880 2088 habitantur
2925 2033 3017 2088 sub
3047 2033 3194 2088 caelo.
3226 2032 3357 2087 Cum
3382 2044 3587 2105 pararet
3614 2036 3809 2089 cadum
3829 2077 3845 2103 ,

2234 2126 2308 2201 (ε)
2326 2144 2466 2183 eram
2490 2143 2606 2181 cum
2627 2126 2738 2194 illo,
2768 2125 2950 2198 eﬁcum
2979 2126 3057 2198 (4)
3080 2126 3374 2198 segregabat
3395 2144 3542 2182 suam
3562 2126 3734 2200 430
3757 2145 3848 2184 se-

2235 2220 2371 2276 dem.
2408 2219 2627 2287 Quando
2655 2234 2809 2290 super
2833 2228 3007 2274 uentos
3045 2219 3244 2274 validas
3274 2220 3494 2293 faciebat
3538 2222 3591 2275 in
3630 2238 3849 2278 summa

2230 2314 2408 2381 nubes,
2452 2325 2501 2370 et
2545 2332 2662 2370 cum
2699 2325 2862 2371 certos
2914 2317 3128 2385 ponebat
3163 2312 3237 2389 (f)
3265 2319 3435 2389 fontes
3480 2315 3572 2370 sub
3603 2316 3763 2384 calo,
3798 2328 3849 2373 et

2228 2422 2348 2461 cum
2396 2406 2557 2478 fortia
2597 2406 2815 2477 faciebat
2839 2407 3174 2477 fundamenta
3203 2418 3373 2474 terra',
3401 2423 3493 2479 ego
3519 2424 3662 2463 eram
3686 2410 3850 2479 apud

2224 2498 2374 2553 illum
2403 2513 2707 2570 componens
2724 2496 2995 2571 (Proverb.
3026 2514 3140 2567 vttt,
3168 2497 3485 2566 26,:ecund.
3516 2496 3670 2572 us).
3700 2500 3849 2570 Quis

2227 2591 2316 2647 hic
2354 2601 2654 2660 temporum
2696 2591 2848 2647 locus
2879 2592 3000 2647 est?
3030 2593 3138 2645 Aut
3165 2606 3275 2661 quo
3303 2606 3362 2648 se
3403 2591 3707 2649 extendere
3760 2595 3850 2649 ul-

2226 2689 2308 2739 tra
2333 2680 2408 2756 (g)
2462 2681 2725 2738 inﬁnitam
2754 2682 3015 2754 unigeniti
3047 2682 3139 2738 Dei
3187 2680 3544 2746 nativitatem,
3575 2683 3848 2743 humana:

2228 2778 2601 2850 intelligentia:
2636 2791 2831 2833 sensus
2862 2777 3228 2848 permittitur?
3258 2776 3376 2834 Non
3403 2780 3546 2838 enim
3571 2793 3667 2849 per
3689 2778 3845 2848 lucc,

2228 2887 2457 2943 quorum
2484 2872 2819 2928 creationem
2847 2882 3033 2926 mente
3053 2869 3410 2939 concipimus,
3438 2871 3845 2940 comprehendi

2227 2964 2506 3037 generatio
2533 2963 2650 3035 ejus
2680 2970 2879 3034 potest,
2910 2962 3000 3036 qui
3046 2963 3286 3018 anterior
3336 2961 3420 3019 his
3448 2965 3705 3020 omnibus
3754 2975 3849 3022 est

520 3062 671 3129 teris,
703 3077 800 3134 per
827 3077 887 3118 se
936 3061 1051 3132 ipsa
1095 3075 1201 3116 non
1246 3056 1595 3116 manifestam
1635 3057 1921 3115 inﬁnitatis
1960 3071 2122 3113 exor-
2149 3047 2195 3113 C
2228 3054 2308 3130 (It)
2359 3064 2418 3112 ut
2446 3055 2691 3126 quamvis
2722 3060 2969 3126 praistet.
2993 3053 3047 3108 in
3076 3062 3341 3124 tempore,
3387 3069 3493 3111 non
3527 3064 3713 3113 tamen
3752 3058 3846 3113 in-

622 3177 676 3246 1)
703 3177 807 3246 Qui
830 3186 950 3233 ante
969 3177 1182 3233 secula.

622 3178 644 3232 1
703 3177 807 3246 Qui
830 3186 950 3233 ante
969 3192 1061 3233 sint

592 3176 676 3327 (2)
708 3247 1061 3320 Temporaria.

515 3386 695 3445 uteris
733 3385 801 3443 ad
844 3383 1292 3458 exstinguendum
1343 3383 1612 3458 Judaeum,
1668 3392 1774 3442 etc.
1820 3384 2115 3458 Sapientia:

515 3469 645 3516 ante
673 3458 892 3515 Mariam
936 3457 1279 3514 subsistentia
1319 3456 1615 3513 efﬁcaciam
1654 3471 1719 3512 ac
1757 3456 2012 3514 virtutem
2057 3457 2112 3512 in

513 3530 782 3658 gperibusl
804 3546 869 3587 ac
904 3529 1165 3585 doctrinis
1188 3528 1304 3585 fuse
1332 3537 1649 3593 prosccutus
1673 3538 1758 3585 est
1782 3529 2017 3585 Hilarius
2047 3528 2112 3585 li-

554 3618 627 3657 t'lS
649 3618 700 3657 tv
724 3617 755 3658 e
806 3618 860 3658 v.

554 3600 627 3657 ris
649 3618 700 3657 tv
724 3609 782 3658 et
806 3618 860 3659 v.

585 3672 664 3756 (a)
692 3674 749 3756 id
776 3683 880 3756 est,
909 3672 978 3756 ad
1002 3680 1402 3756 sacramentum
1433 3685 1497 3756 ac
1519 3671 1833 3756 mysterium
1871 3671 2112 3756 (dispen-

510 3741 736 3802 sationis
754 3741 985 3818 scilicet)
1013 3747 1287 3816 pertinere
1307 3741 1640 3809 ostentlerét,
1664 3743 1812 3815 quod
1839 3741 2026 3802 eadem
2048 3744 2127 3801 se'

511 3825 751 3873 creatam
783 3815 1122 3873 testiﬁcatur.

581 3888 968 3961 (b);Er._Lips.
1017 3887 1263 3961 et_Par.,
1310 3887 1634 3961 temporaria.
1668 3886 1768 3942 Ms.
1814 3885 1935 3943 Vat.
1964 3889 2107 3955 bas.,

508 3958 761 4031 tempora.
789 3958 896 4015 Alii
927 3975 1050 4016 cum
1082 3959 1240 4024 Bad.,
1268 3958 1591 4029 temporalia.
1686 4028 1697 4031 Α
1996 4010 1999 4011 ν

582 4028 653 4103 (c)
693 4030 838 4103 Nihil
870 4032 922 4086 in
950 4032 1032 4087 his
1057 4031 1236 4086 verbis
1264 4028 1512 4103 apparet,
1536 4028 1710 4103 quod
1730 4029 1974 4103 'coneilig
2004 4028 2109 4085 La-

508 4100 682 4159 teran.
712 4101 804 4169 IV,
833 4102 1171 4169 adversetur,
1205 4117 1256 4157 c.
1290 4102 1338 4167 1,
1371 4102 1438 4156 de
1478 4100 1584 4155 ﬁde
1609 4100 1911 4166 deﬁnienti,
1936 4100 2104 4156 Deum

506 4174 569 4227 ab
598 4175 744 4228 initio
770 4175 1011 4243 temporis
1040 4183 1307 4243 utramque
1334 4172 1398 4227 de
1431 4172 1593 4227 nihilo
1622 4173 1917 4227 condidisse
1952 4189 2105 4243 crea-

509 4253 700 4311 turam,
742 4245 1028 4315 spiritalem
1072 4254 1119 4300 et
1160 4242 1499 4315 corporalem,
1545 4242 2103 4315 angelicameidelicet

509 4325 557 4370 et
579 4313 914 4370 mundanam.
944 4315 1171 4371 Planum
1205 4313 1345 4370 enim
1377 4326 1485 4379 est,
1516 4313 1630 4369 haec
1657 4313 1885 4370 Genesis
1912 4317 2101 4382 verba,

508 4383 577 4440 In
606 4387 859 4456 principio
886 4387 1071 4441 creavit
1098 4385 1236 4440 Deus
1270 4386 1528 4456 caelumet
1556 4395 1764 4447 terram,
1797 4385 1869 4439 ita
1898 4400 1927 4439 a
1971 4401 2103 4441 con-

508 4405 577 4440 ιη
606 4405 773 4456 princ:
813 4405 859 4440 ιο
886 4405 1071 4441 creavit
1098 4405 1236 4440 ueus
1270 4405 1454 4441 cauth
1483 4405 1528 4438 ει
1556 4405 1764 4447 terram,
1797 4405 1869 4439 Ha
1898 4405 1927 4439 ἃ
1971 4405 2102 4441 (3011·

507 4458 633 4514 cilio
658 4405 934 4514 intellecta
966 4472 1106 4522 esse,
1136 4467 1193 4510 ut
1221 4457 1288 4511 ad
1320 4454 1618 4526 angelicam
1649 4466 1894 4510 naturam
1920 4458 2102 4512 caelum

509 4537 699 4584 terram
729 4528 795 4583 ad
835 4527 1157 4584 mundanam
1190 4524 1443 4598 referret.
1461 4524 1624 4596 Atqui
1656 4528 2097 4598 Moysescmlum
2124 4534 2178 4594 Ι)

507 4613 634 4657 ante
681 4610 880 4657 terram
929 4608 1209 4664 memorat,
1253 4596 1588 4669 proindeque
1629 4612 1659 4652 a
1707 4596 1954 4669 Concilio
1987 4612 2093 4655 non

507 4671 778 4740 dissentit,
812 4670 904 4742 qui
924 4670 1143 4743 angelos
1172 4667 1296 4743 ante
1325 4667 1572 4743 eamdem
1605 4667 2098 4743 prindicataNeque

507 4745 679 4816 magis
730 4739 1203 4816 repugnatiquod
1250 4741 1325 4796 ait
1372 4740 1606 4795 Hilarius
1652 4750 1840 4816 contra
1878 4739 2100 4816 Auscu-

506 4811 640 4871 tium
672 4832 726 4870 n.
756 4814 843 4881 10,
870 4811 1135 4869 diabolum
1170 4821 1287 4867 ante
1329 4821 1556 4883 tempora
1582 4820 1632 4883 et
1670 4811 1861 4866 stecula
1903 4812 2096 4866 substi-

505 4889 642 4941 tisse.
676 4887 809 4942 Nam
850 4900 970 4940 cum
1012 4885 1100 4940 hic
1121 4884 1357 4955 disputet
1386 4881 1573 4938 centra
1598 4881 1879 4948 Ariauum,
1908 4882 2096 4939 Ariani

505 4968 687 5015 autem
717 4959 894 5013 solent
923 4966 1153 5026 tempora
1182 4955 1246 5010 de
1267 4955 1393 5010 solis
1417 4971 1478 5009 ac
1512 4955 1661 5026 lunae
1705 4955 1959 5009 creatione
2001 4970 2098 5009 nu-

504 5045 723 5097 merare,
754 5035 815 5083 ut
840 5023 1140 5083 audivimus
1184 5040 1346 5097 supra
1374 5042 1428 5081 n.
1459 5025 1551 5097 54,
1598 5023 1726 5081 hinc
1771 5033 1977 5081 tantum
2003 5040 2094 5082 se-

502 5100 687 5172 quitur
710 5096 975 5172 angelos,
1009 5096 1338 5172 proindeque
1363 5096 1660 5172 diabolum,
1691 5105 1817 5152 ante
1841 5098 2012 5172 solent
2042 5105 2097 5172 et

504 5166 689 5228 lunam
718 5166 1046 5226 substitisse.
1078 5168 1232 5238 Quod
1254 5166 1727 5239 noninﬁciandum
1748 5177 1936 5223 censet
1965 5167 2092 5239 Epi-

542 5242 733 5298 banius
758 5243 892 5298 hair.
922 5239 1013 5305 65,
1065 5237 1121 5295 n.
1173 5241 1242 5307 ὅ,
1272 5248 1489 5310 pr0pter
1516 5237 1648 5294 illud
1676 5237 1833 5295 Joan.
1865 5237 2092 5306 xxxvitt,

562 5333 576 5371 :
606 5312 735 5369 Cum
760 5317 897 5386 facta
924 5321 1043 5367 sunt
1060 5311 1250 5386 sidera,
1281 5311 1616 5386 laudauerunt
1654 5326 1735 5365 me
1776 5326 1948 5386 omnes
1992 5328 2087 5366 an-

501 5385 605 5458 geli
623 5386 723 5440 mei
747 5382 769 5441 ἐ
794 5385 1038 5456 quamvis
1064 5384 1181 5454 ipse
1208 5397 1313 5458 non
1346 5384 1536 5458 probet
1563 5396 1680 5448 eos,
1711 5382 1805 5458 qui
1840 5382 2089 5452 aliquau-

499 5453 613 5512 ium
645 5453 904 5527 temporis
931 5463 1057 5510 ante
1088 5453 1344 5527 mundum
1373 5453 1594 5527 angelos
1618 5453 1866 5527 conditos
1905 5467 2090 5510 seuse-

498 5538 658 5595 runt;
699 5524 969 5585 et'contra
990 5541 1084 5583 eos
1123 5540 1273 5581 num.
1304 5526 1359 5591 8,
1392 5524 1591 5581 acriter
1616 5524 1928 5592 contendat,
1970 5540 2090 5581 cer-

499 5606 607 5652 tam
656 5598 801 5654 illam
851 5612 973 5654 esse
1019 5605 1075 5653 et
1121 5597 1508 5653 immutabilem
1571 5596 1919 5664 sententiam,
1972 5605 2091 5651 ante

498 5669 682 5723 caelum
707 5680 755 5724 et
779 5680 968 5724 terram
994 5668 1124 5724 nihil
1167 5667 1375 5723 omnino
1413 5683 1582 5723 rerum
1629 5668 1952 5723 conditarum
2003 5683 2090 5722 erc-

500 5739 658 5809 gitisse
686 5754 705 5792 :
733 5740 974 5812 quoniam
1002 5739 1057 5793 in
1101 5739 1354 5812 principio
1395 5738 1582 5796 creauit
1625 5734 1768 5795 Deus
1813 5740 1997 5795 caelum
2042 5748 2090 5794 et

2297 3173 2378 3317 (5)
2407 3171 2548 3230 Deus
2579 3172 2742 3229 Deum
2765 3172 3026 3229 Christum
3051 3179 3274 3244 generet.

2323 3244 2383 3317 4)
2424 3246 2753 3302 Secernebat.

2323 3244 2383 3319 4)
2424 3246 2753 3302 Secernebat.

2219 3393 2440 3461 terram;
2484 3395 2540 3440 ut
2584 3385 2718 3461 illud
2763 3387 2830 3442 sit
2874 3386 3081 3461 creandi
3094 3385 3461 3461 principium,
3514 3395 3634 3442 ante
3687 3392 3846 3461 quod

2218 3458 2404 3511 creatis
2451 3473 2514 3512 ea:
2560 3458 2708 3513 rebus
2752 3459 2960 3513 omnino
3011 3458 3158 3513 nulla
3183 3459 3355 3528 fuerit.
3387 3458 3587 3529 Aperta
3636 3458 3839 3519 taitten

2218 3537 2412 3602 estea
2446 3529 2523 3602 de
2567 3544 2627 3602 re
2671 3531 2942 3602 Ambrosii
2994 3531 3259 3585 sententia
3304 3531 3397 3586 lib.
3429 3547 3469 3597 ι,
3515 3530 3654 3587 ilex.
3683 3549 3743 3586 ο.
3780 3537 3838 3602 1,

2217 3615 2273 3654 n.
2302 3599 2395 3673 A19,
2428 3599 2661 3673 dicentis
2708 3618 2720 3654 :
2765 3601 2947 3673 Angeli
2996 3602 3367 3657 dominationes
3414 3612 3459 3656 et
3509 3599 3839 3672 Potestates,

2217 3671 2312 3725 etsi
2343 3671 2623 3746 aliquando
2644 3671 2922 3739 «cperunt,
2954 3683 3096 3746 erant
3123 3680 3289 3727 tamen
3322 3676 3441 3746 jam
3481 3673 3694 3746 quando
3745 3671 3841 3732 hic

2215 3742 2437 3797 mundus
2467 3753 2539 3798 est
2563 3747 2728 3813 factus
2753 3764 2766 3798 :
2793 3749 2849 3798 et
2874 3742 3027 3813 prati.
3059 3743 3112 3797 in
3145 3759 3225 3813 ps.
3249 3760 3286 3813 ι,
3314 3742 3370 3799 ἡ.
3391 3744 3427 3798 2
3453 3742 3626 3799 :Ante
3646 3746 3840 3814 ipsum

2212 3814 2417 3868 initium
2445 3816 2621 3869 mundi
2653 3814 2927 3870 Cherubim
2974 3823 3020 3868 et
3069 3814 3348 3885 Scrapltim
3396 3831 3514 3869 cum
3556 3817 3834 3874 suavitate

2211 3901 2416 3940 canora:
2456 3887 2592 3940 vocis
2636 3885 2833 3951 dicunt,
2879 3886 3122 3947 Sanctus.
3167 3895 3275 3941 etc.
3321 3886 3577 3943 Eamdctn
3608 3886 3840 3947 Hilario

2213 3969 2401 4013 nostro
2429 3956 2742 4027 Opinionem
2792 3957 3048 4013 Erasmus
3079 3958 3163 4012 hic
3211 3957 3519 4028 adscripsit,
3569 3960 3837 4019 subscri-

2213 4028 2485 4100 bentibus'
2514 4029 2564 4082 ei
2612 4037 2878 4099 quotquot
2924 4038 3111 4100 postea
3154 4029 3258 4100 hos
3299 4029 3468 4084 libros
3504 4028 3836 4090 ediderunt.

2210 4098 2355 4154 Nihil
2398 4110 2576 4156 tamen
2608 4098 2959 4163 advertimus,
3008 4114 3105 4153 cur
3151 4099 3224 4153 illi
3270 4109 3421 4155 certo
3464 4101 3835 4162 attribuatur.

2213 4169 2383 4225 Immo
2412 4171 2465 4226 in
2494 4186 2576 4241 ps.
2605 4186 2807 4239 cxxxv,
2843 4188 2898 4224 n.
2924 4173 2977 4235 8,
3002 4171 3199 4226 docere
3223 4170 3455 4237 videtur,
3496 4173 3836 4240 angelorum

2206 4240 2364 4314 sedes
2389 4243 2786 4314 anteipsosmet
2812 4242 2977 4314 luisse
3003 4240 3645 4314 institutas.Quamquatn
3679 4245 3739 4300 iu
3762 4263 3837 4304 ea

2205 4312 2459 4383 Opinione
2508 4312 2643 4367 nihil
2688 4312 3017 4368 discriminis
3058 4313 3300 4383 agnoscit
3354 4312 3686 4383 Augustinus
3722 4317 3836 4376 lib.

2205 4382 2281 4448 ιι,
2314 4383 2381 4439 de
2410 4382 2527 4439 Civ.
2562 4383 2657 4440 Dei
2685 4400 2735 4440 c.
2778 4384 2872 4449 5‘2,
2906 4383 2994 4439 ubi
3028 4382 3199 4453 prima
3245 4382 3474 4441 Genesis
3504 4386 3667 4442 verba
3697 4404 3716 4443 :
3754 4388 3833 4444 lu

2207 4455 2481 4528 principio,
2510 4470 2615 4528 non
2645 4454 2713 4511 de
2736 4456 2996 4527 temporis
3019 4453 3191 4520 initio,
3222 4456 3318 4528 scd
3341 4456 3408 4512 de
3434 4455 3634 4522 Verbo,
3656 4462 3826 4528 quod

2203 4524 2385 4599 etiam
2424 4524 2701 4597 Scriptura
2754 4524 3077 4599 principium
3129 4527 3391 4599 nominat,
3459 4524 3834 4599 interpretari

2206 4596 2393 4671 licere,
2443 4596 2614 4671 eaque
2651 4596 3101 4671 interpretatione
3126 4613 3204 4671 se
3232 4598 3518 4671 plurimum
3547 4596 3834 4660 delecttri

2201 4668 2460 4743 declarat.
2492 4668 2606 4724 Hoc
2631 4668 2912 4743 dumtaxat
2930 4669 3229 4725 cavendum
3260 4670 3440 4739 docet,
3486 4685 3554 4726 ne
3579 4675 3831 4743 angelos

2202 4738 2316 4795 Deo
2346 4750 2649 4796 coaeternos
2676 4742 3026 4797 arbitremur.

2274 4809 2355 4887 (ιλ)
2383 4812 2493 4868 Sic.
2526 4810 2684 4879 Bad.,
2711 4812 2805 4887 Er.
2840 4825 2893 4868 et
2922 4811 3071 4887 Lips.
3102 4826 3168 4867 ac
3190 4811 3394 4887 plures
3420 4825 3551 4887 ms_s_.
3584 4812 3833 4887 Aliquot

2201 4882 2384 4957 probat:
2412 4894 2554 4957 nota:
2576 4898 2697 4939 cum
2726 4882 2875 4947 Pan,
2912 4883 3031 4953 quia
3075 4899 3154 4937 ea.
3190 4882 3262 4957 lui
3276 4885 3464 4957 codice
3492 4883 3616 4940 Vat.
3660 4882 3826 4957 bas.,

2197 4955 2436 5024 quiaqui
2459 4962 2576 5009 ante
2603 4963 2792 5010 terram
2818 4964 2865 5010 et
2890 4960 3086 5009 montes
3110 4963 3157 5009 et
3183 4954 3340 5011 colles
3369 4957 3455 5012 sit.

2273 5023 2367 5098 (ε)
2396 5025 2615 5098 Merlin.
2664 5041 2796 5095 ms.,
2848 5027 3059 5083 aderam
3107 5025 3186 5081 illi
3213 5066 3230 5094 ,
3264 5035 3310 5080 et
3352 5043 3470 5083 eunt
3512 5041 3827 5087 secerneret

2201 5096 2348 5150 suam
2373 5096 2564 5151 sedem.

2274 5167 2344 5236 (f)
2370 5165 2428 5222 In
2459 5182 2616 5233 mss.,
2645 5179 2863 5226 montes.

2274 5238 2348 5310 (g)
2378 5238 2687 5314 Legendum
2718 5253 2968 5314 putamus
2997 5241 3053 5298 in
3075 5241 3335 5314 infinitam
3360 5257 3379 5297 :
3406 5248 3468 5298 ut
3486 5242 3829 5313 praepositio

2197 5310 2251 5363 in
2303 5310 2565 5366 exciderit
2606 5322 2826 5383 propter
2868 5313 3102 5371 similent
3134 5310 3416 5386 syllabam
3462 5310 3826 5386 subsequen-

2198 5392 2327 5438 tem.

2267 5452 2350 5525 (ll)
2381 5450 2555 5509 Verus
2603 5451 2773 5528 codex
2818 5453 2974 5512 Colb.
3007 5470 3129 5513 cum
3159 5455 3371 5528 Remig.
3413 5464 3469 5513 et
3494 5454 3715 5525 Germ.,
3751 5469 3823 5514 ut

2195 5540 2347 5599 quam
2370 5534 2593 5595 praestet,
2622 5526 2759 5599 Silv.
2791 5537 2848 5581 ut
2875 5528 3105 5599 quamvis
3137 5526 3357 5599 praesit}
3387 5542 3497 5595 non
3525 5529 3597 5583 ita
3632 5531 3815 5586 male.

2198 5597 2487 5671 Eclipticus
2512 5607 2594 5654 est
2622 5595 2939 5671 hic‘sermn,
2972 5595 3148 5671 coque
3166 5600 3545 5657 haereticorum
3573 5612 3815 5656 senten-

2198 5669 2272 5723 tia
2297 5677 2534 5742 notatur,
2567 5684 2672 5742 qua
2696 5669 2915 5726 Christo
2940 5671 3014 5742 ita
3036 5669 3268 5742 primum
3298 5673 3351 5727 in
3393 5671 3590 5742 ordine
3610 5686 3816 5729 rerum

2199 5740 2576 5811 temporalium
2606 5740 2786 5799 locum
2817 5740 3119 5800 concedunt
3150 5760 3165 5799 :
3200 5751 3257 5800 ut
3284 5744 3532 5816 quamvis
3560 5741 3628 5798 iis
3654 5756 3817 5813 prte-
