4106 6192
291 209 394 265 457

1480 214 1566 273 DE
1609 212 1977 274 'I‘RlNlTATE
2017 214 2217 277 LIBER
2250 216 2365 278 ΧΠ.

3484 233 3592 290 458

291 322 471 377 ﬁnitus
499 322 595 389 sit,
622 325 706 379 cui
740 324 842 380 hoc
868 325 1043 381 solum
1073 327 1333 384 tributum
1363 330 1452 396 sit,
1488 341 1547 385 ιιι
1574 342 1700 389 ante
1751 342 1884 389 tem-
1913 336 1959 393 Λ
1990 335 2184 391 riorem
2224 352 2283 392 se
2314 351 2420 391 non
2452 337 2627 393 solum
2656 337 2739 395 his
2775 354 2894 410 qtue
2919 350 3102 399 creata
3131 352 3259 401 sunt
3282 345 3463 414 docet,
3492 349 3591 405 sed

291 416 494 485 poralia
542 425 699 471 natus
751 418 844 472 sit.
890 417 1025 474 Nam
1052 435 1175 475 cum
1213 419 1286 492 (a)
1335 422 1421 476 illa
1458 424 1687 495 tempori
1719 425 1769 478 in
1804 426 1884 479 soi

288 508 678 566 constitutione
703 509 1039 581 subiaceant.
1092 513 1182 569 ille
1225 522 1431 584 tamen,
1478 516 1603 572 licet
1648 518 1888 573 anterior

285 600 374 658 bis
401 602 654 659 omnibus
678 604 771 671 sit,
803 619 910 661 non
934 605 1004 661 sit
1028 605 1169 663 liber
1199 623 1229 662 a
1272 616 1515 679 tempore
1540 627 1551 663 :
1582 609 1704 680 quia
1748 620 1885 666 tem-

286 695 491 766 paralis
534 694 728 752 borum
779 698 1093 754 consﬁtutio
1141 708 1353 768 tempus
1400 701 1698 759 nativitatis
1741 702 1879 773 ejus,

285 788 378 859 qui
403 796 530 844 ante
550 788 624 845 sit
651 801 831 858 natus,
862 789 1144 858 ostendat;
1170 791 1298 848 dum
1324 792 1427 849 hoc
1459 794 1633 865 ipsum
1662 794 1712 850 ei
1754 803 1887 850 lem-

285 894 390 950 pus
416 888 522 948 est,
547 880 693 950 quod
725 881 1116 952 temporalibus
1147 883 1467 942 antefertur.

358 973 449 1032 59.
499 973 574 1028 Αἰ
581 976 738 1032 ternis
765 992 820 1031 se
855 986 1160 1032 coteternam
1198 979 1392 1033 docuit.
1420 1009 1490 1021 -—
1517 978 1623 1036 Sed
1657 976 1748 1035 Dei
1776 993 1889 1036 ser-

290 1083 378 1122 mo
405 1077 459 1123 et
488 1083 636 1125 verm
661 1070 945 1139 sapientiae
972 1070 1216 1127 doctrina
1254 1069 1329 1144 (b)
1361 1072 1598 1144 loquitur
1623 1074 1882 1143 perfecta,

289 1172 345 1218 et
389 1161 636 1218 absoluta
673 1163 963 1235 signiﬁcat,
992 1164 1197 1222 docens
1234 1182 1292 1223 sc
1344 1183 1450 1223 non
1502 1170 1888 1241 temporalibus

287 1270 410 1312 esse
433 1258 793 1326 anteriorem,
822 1260 917 1315 sed
958 1261 1208 1318 inﬁnitis.
1259 1264 1391 1319 Cum
1437 1265 1579 1321 enim
1611 1281 1888 1337 praepara-

287 1360 437 1406 retnr
461 1352 682 1420 cmlum,
711 1353 902 1410 aderat
936 1354 1067 1412 Deo.
1095 1355 1366 1429 Numquid
1404 1358 1527 1415 caeli
1561 1360 1888 1432 praeparatio

291 1450 402 1506 Deo
428 1461 513 1507 est
543 1453 856 1523 temporalis
881 1454 960 1527 (l)
997 1454 1069 1528 (ο)
1100 1464 1157 1512 ιιι
1183 1471 1381 1528 repens
1408 1457 1747 1530 cogitationis
1773 1473 1890 1515 mo-

291 1551 375 1599 tus
405 1543 586 1601 subito
612 1545 665 1600 in
700 1557 936 1604 mentem
968 1558 1240 1620 tamquam
1263 1558 1422 1607 antea
1467 1551 1734 1623 torpidam
1775 1562 1890 1608 stu-

290 1644 612 1708 pentemque
633 1638 989 1711 subrepserit,
1024 1640 1367 1714 humanoque
1394 1643 1556 1699 modo
1584 1643 1883 1701 fabricandi

1992 430 2209 484 aeternis
2238 439 2585 499 comternam,
2642 435 3019 502 praeparationi
3070 437 3281 495 scilicet
3329 441 3489 508 caeli,
3534 453 3592 497 et

1990 520 2300 577 discretioni
2333 524 2477 580 sedis
2500 523 2613 578 Dei.
2651 523 2765 581 Non
2799 527 2941 582 enim
2981 536 3092 583 tum
3141 530 3376 589 discreta
3429 532 3592 590 sedes

1990 621 2092 678 est,
2130 629 2252 669 cum
2301 614 2491 671 ell’ecta
2541 623 2624 672 est
2670 634 2682 669 :
2724 617 2845 689 quia
2891 619 3037 676 aliud
3086 631 3171 677 est
3214 621 3453 680 discerni
3498 640 3590 681 sc-

1989 705 2134 774 dem,
2153 707 2295 763 aliud
2319 709 2590 780 componi.
2623 709 2809 782 Neque
2839 720 2948 768 tum
2978 724 3223 785 paratum
3255 717 3452 774 caelum
3483 727 3590 786 est,

1989 811 2111 853 cum
2140 812 2498 871 praeparatum
2527 811 2611 859 est
2639 821 2651 856 :
2684 819 2807 860 nam
2854 819 2972 862 erat
3010 807 3149 879 apud
3194 820 3591 881 prmparantem

1990 890 2071 964 (ὅ)
2096 890 2158 965 (i)
2181 893 2670 954 etdiscernentem.
2704 896 2899 954 Postea
2922 915 3051 956 vero
3081 904 3440 973 componebat
3462 920 3589 962 cum

1992 983 2062 1059 (j)
2085 995 2303 1055 parante
2331 1006 2342 1041 :
2364 990 2721 1047 aeternitatem
2745 1006 2896 1046 suam
2920 1008 3041 1048 cum
3065 996 3387 1066 prreparanti
3411 997 3590 1067 adest,

1991 1084 2045 1130 et
2074 1077 2431 1135 ministerium
2479 1082 2695 1152 quando
2735 1098 2855 1139 cum
2903 1095 3129 1155 parante
3177 1090 3456 1160 componit
3501 1105 3593 1147 os-

1993 1170 2242 1228 tendens.
2277 1173 2482 1230 Idcirco
2527 1191 2670 1232 nunc
2705 1178 2863 1234 etiam
2893 1188 3020 1236 ante
3054 1193 3250 1236 terram
3282 1193 3337 1239 et
3376 1192 3591 1241 montes

1991 1273 2046 1321 et
2071 1266 2238 1322 colles
2265 1268 2498 1339 genitam
2528 1285 2651 1326 esse
2688 1287 2747 1328 sc
2773 1273 2927 1340 dixit,
2961 1275 3084 1345 quia
3114 1284 3167 1330 et
3206 1277 3592 1349 pra'parationi

1992 1358 2115 1413 εαξιί
2142 1358 2377 1431 adfuisse
2396 1376 2455 1417 se
2477 1361 2698 1417 doceret
2725 1378 2737 1415 :
2765 1373 2823 1418 nt
2848 1365 2964 1421 haec
2984 1365 3095 1435 jam
3126 1375 3273 1437 tunc,
3301 1384 3422 1425 cum
3452 1385 3593 1441 prae-

1992 1459 2274 1521 pararetnr
2323 1454 2539 1520 caelum,
2594 1470 2757 1525 penes
2808 1456 2975 1513 Deum
3007 1457 3147 1515 facta
3195 1474 3317 1517 esse
3367 1476 3463 1532 per
3512 1461 3591 1531 id,

1992 1547 2137 1617 quod
2167 1548 2302 1603 nihil
2345 1550 2454 1605 Deo
2482 1564 2679 1607 novum
2699 1561 2800 1618 est,
2835 1551 3250 1611 demonstraret.

2061 1640 2151 1697 40.
2186 1640 2443 1697 Mundam
2481 1642 2620 1699 Deus
2645 1643 2710 1698 ab
2741 1655 2931 1700 (eterna
2957 1647 3114 1702 simul
3152 1663 3213 1702 ac
3243 1648 3401 1705 semel
3448 1663 3587 1720 pra:-

290 1729 413 1786 εἴηιί
459 1730 761 1802 impensam
807 1743 863 1788 et
925 1733 1279 1791 instrumenta
1328 1737 1639 1808 quassicrit?
1686 1738 1886 1810 Atquin
1917 1725 1967 1786 B
1998 1736 2598 1806 paruum—Perpetua
2627 1737 2770 1793 enim
2819 1747 2875 1795 et
2924 1749 3123 1795 aeterna
3173 1757 3354 1798 rerum
3401 1758 3594 1800 crean-

291 1822 429 1877 alius
453 1821 732 1893 prophetae
759 1823 828 1881 de
851 1822 1255 1896 operationibus
1287 1822 1382 1884 Dei
1411 1844 1603 1886 sensus
1633 1840 1737 1897 est,
1764 1846 1885 1887 cum

290 1916 407 1970 ait:
445 1914 611 1971 Verbo
651 1915 862 1974 Domini
906 1921 1018 1976 caeli
1060 1921 1256 1992 ﬁrmati
1296 1932 1430 1990 sunt,
1481 1934 1529 1978 ct
1554 1925 1743 1996 spiritu
1781 1927 1890 1982 oris

292 2011 404 2082 ejus
446 2010 615 2065 omnis
655 2010 817 2069 virtus
862 2030 1037 2069 eorum
1067 2013 1242 2087 (Psal.
1272 2033 1442 2083 xxx",
1476 2018 1555 2083 6).
1604 2019 1883 2093 Prmcepto

298 2110 475 2158 tamen
510 2102 607 2161 Dei
649 2104 775 2161 εωιί
824 2114 882 2162 ιιι
925 2106 1271 2165 lirmarentur
1300 2121 1594 2182 eguerunt;
1628 2129 1751 2169 nam
1792 2129 1888 2187 ap-

290 2194 508 2266 paratus
538 2204 593 2252 et
643 2198 817 2254 virtus
860 2214 1047 2256 eorum
1077 2200 1130 2256 in
1177 2200 1280 2257 hac
1330 2202 1735 2274 imperturbata:
1758 2222 1891 2263 con-

289 2288 586 2345 stitutionis
614 2289 695 2363 (2)
742 2306 856 2348 suae
904 2292 1181 2363 ﬁrmitate,
1233 2310 1340 2351 non
1381 2295 1451 2353 de
1496 2300 1887 2369 temperatione

293 2382 518 2454 alicujus
544 2376 625 2456 (tl)
655 2393 711 2441 et
758 2386 1116 2456 permixtione
1160 2387 1422 2457 materiae,
1465 2388 1627 2464 5.31
1679 2392 1774 2449 sed
1819 2408 1885 2449 ex

288 2476 477 2548 spiritu
501 2476 671 2535 divini
697 2480 810 2537 oris
830 2482 1060 2538 exsistit.
1091 2482 1230 2552 Quid
1262 2499 1390 2557 ergo
1411 2496 1515 2554 est,
1563 2488 1884 2559 prmparanti

287 2571 399 2629 Deo
440 2572 639 2629 corium
680 2574 915 2646 genitam
945 2576 1014 2633 ab
1042 2591 1110 2633 eo
1139 2577 1331 2635 adesse
1359 2580 1715 2651 sapientiam;
1761 2598 1885 2640 cum

290 2679 462 2736 neque
498 2664 705 2721 creatio
731 2666 854 2723 cali
884 2682 949 2724 ex
978 2670 1370 2739 praeparatione
1398 2672 1680 2741 consistat,
1709 2689 1887 2746 neque

290 2770 494 2816 naturae
526 2760 622 2817 Dei
674 2760 767 2830 sit,
817 2761 871 2817 in
920 2773 1180 2834 apparatu
1225 2779 1348 2822 eum
1398 2766 1668 2837 cogitandi
1704 2768 1886 2839 operis

286 2850 363 2924 (3)
397 2853 467 2923 (e)
507 2855 875 2910 commorari?
903 2855 1048 2912 Nihil
1070 2857 1214 2913 enim
1244 2873 1353 2915 non
1383 2874 1601 2931 semper
1623 2875 1744 2917 cum
1774 2862 1883 2920 Deo

286 2944 411 3012 fuit,
439 2946 699 3020 quidquid
731 2948 786 3004 in
811 2949 974 3007 rebus
1003 2958 1088 3007 est
1116 2968 1131 3005 :
1171 2967 1293 3023 quae
1322 2951 1423 3010 etsi
1452 2953 1517 3009 ad
1547 2954 1879 3013 creationem

285 3038 365 3093 sui
394 3046 572 3111 erepta
603 3051 751 3109 sunt,
787 3057 897 3099 non
923 3050 1052 3100 sunt
1076 3052 1256 3101 tamen
1285 3044 1351 3118 (f)
1382 3044 1451 3101 ad
1479 3045 1573 3104 Dei
1599 3046 1683 3105 vel
1704 3049 1883 3106 scien-

284 3130 413 3186 tiam
461 3131 546 3188 vel
597 3142 923 3205 potestatem
968 3136 1242 3193 inchoata.
1292 3138 1360 3195 Et
1406 3139 1558 3196 testis
1599 3148 1684 3196 est
1724 3141 1886 3197 nobis

284 3226 541 3295 propheta
588 3224 775 3283 dicens
806 3243 820 3281 :
862 3225 1006 3284 Deus
1032 3229 1120 3300 qui
1149 3229 1313 3301 fecisti
1358 3230 1529 3287 omnia
1568 3248 1684 3299 qua
1708 3232 1888 3303 futura

284 3327 413 3372 sunt
458 3316 609 3391 (Esa.
666 3334 792 3380 xw.
837 3319 930 3386 11,
975 3337 1077 3375 sec.
1123 3320 1311 3393 LXX).
1337 3322 1469 3390 Quae
1517 3323 1662 3380 enim
1709 3322 1887 3381 futura

284 3420 435 3479 sunt,
466 3409 594 3467 licet
625 3411 679 3467 iu
706 3425 774 3468 eo
798 3412 944 3482 quod
971 3414 1203 3470 creanda
1229 3423 1355 3470 sunt
1379 3414 1555 3472 adhuc
1598 3416 1747 3484 ﬁent,
1776 3418 1889 3475 Deo

287 3509 490 3572 tamen,
538 3504 627 3560 cui
672 3505 725 3559 in
751 3505 1001 3562 creandis
1029 3507 1192 3564 rebus
1221 3507 1354 3563 nihil
1386 3525 1583 3565 novum
1610 3525 1673 3567 ac
1695 3511 1770 3584 (g)
1801 3527 1889 3569 re-

285 3608 418 3665 pens
443 3604 548 3665 est,
573 3596 689 3667 jam
721 3594 862 3653 facta
905 3606 1033 3655 sunt
1077 3617 1089 3652 :
1135 3598 1265 3655 dum
1315 3606 1370 3656 et
1420 3608 1720 3673 temporum
1776 3601 1888 3659 dis-

284 3685 530 3757 pensatio
573 3696 661 3743 est
699 3696 757 3744 ut
802 3701 1083 3757 creentur,
1119 3701 1175 3747 et
1213 3690 1326 3762 jam
1368 3691 1422 3747 in
1453 3693 1650 3749 divime
1669 3693 1887 3751 virtutis

288 3776 365 3851 (4)
399 3779 480 3850 (Ιι)
519 3781 841 3852 ρτωειιὶεηια
885 3780 1177 3838 efﬁcientia
1204 3784 1314 3840 sint
1341 3796 1542 3841 creata.
1577 3785 1643 3840 Et
1683 3784 1887 3842 idcirco

285 3886 428 3928 nunc
468 3870 750 3943 Sapientia
789 3881 972 3930 natam
996 3889 1057 3932 se
1084 3884 1210 3933 ante
1240 3877 1437 3933 saecula
1482 3877 1704 3947 docens,
1734 3887 1887 3936 ante-

380 4030 439 4173 Ιζ
474 4030 546 4089 Et
566 4050 652 4089 res
679 4033 1026 4107 cogitationis.
1057 4034 1220 4109 Tum,
1249 4037 1525 4110 subrepsit.

380 4104 415 4159 2
476 4102 904 4162 Consuetudinis.

375 4102 439 4162 2)
476 4102 904 4162 Consuetudinis.

380 4034 439 4173 ιζ
474 4034 546 4089 Et
566 4050 652 4089 res
679 4034 908 4107 cogitatit

375 4104 415 4159 2
476 4102 904 4162 Consuetudinis.

353 4034 437 4251 {3)
478 4175 908 4233 Commemorari.

290 4325 414 4383 stet;
444 4332 541 4374 seu
571 4316 852 4390 praecellat
877 4330 940 4373 ac
985 4317 1275 4388 prmsistat,
1318 4316 1373 4373 in
1415 4327 1661 4390 tempore
1703 4328 1887 4377 tamen

289 4393 374 4455 sit,
404 4399 460 4444 ct
483 4388 592 4445 non
624 4388 885 4443 inﬁnitus.

361 4459 439 4535 (a)
460 4459 603 4535 Mss.
632 4458 955 4535 Remig.__ac
982 4458 1215 4535 Theod.,
1258 4458 1337 4535 illi
1373 4466 1620 4535 tempora.
1655 4462 1883 4531 Quidam

1991 1825 2181 1883 darum
2214 1837 2297 1883 est
2324 1828 2652 1899 praeparatio
2682 1848 2695 1883 :
2729 1845 2905 1901 neque
2933 1831 3174 1901 partibus
3197 1833 3586 1904 cogitationum

1990 1918 2359 1977 universitatis
2385 1920 2544 1993 hujus
2570 1936 2768 1993 corpus
2796 1922 3045 1980 allectum
3087 1933 3193 1992 est,
3239 1933 3298 1980 ut
3342 1924 3581 1995 primum

1988 2012 2058 2069 de
2094 2013 2234 2070 caelo
2277 2014 2345 2069 sit
2394 2016 2711 2085 cogitatum,
2762 2022 2874 2071 tum
2926 2026 3113 2086 postea
3159 2026 3321 2074 terrae
3365 2033 3494 2074 cura
3536 2026 3593 2076 et

1989 2108 2249 2164 tractatus
2292 2107 2462 2164 Deum
2504 2106 2709 2175 inierit,
2748 2108 2822 2181 (k)
2881 2111 3281 2184 cogitatumque
3323 2127 3422 2183 per
3478 2111 3593 2169 sin-

1988 2201 2112 2272 gula
2140 2199 2231 2267 sit,
2270 2209 2328 2254 ut
2358 2197 2520 2272 5,32
2548 2200 2781 2270 primum
2828 2202 2880 2256 in
2929 2202 3204 2271 planitiem
3249 2203 3589 2262 dilfundere-

1990 2300 2098 2363 tur,
2127 2290 2324 2347 deinde
2354 2302 2541 2361 poetea
2572 2292 2799 2348 meliore
2823 2293 3054 2349 consilio
3100 2295 3374 2351 montibus
3402 2296 3591 2352 eleva-

1989 2393 2182 2454 retur,
2238 2399 2457 2441 rursum
2506 2394 2684 2441 autem
2736 2386 2899 2441 etiam
2966 2386 3195 2443 collibus
3258 2389 3584 2457 variaretur,

1988 2488 2184 2551 quarto
2211 2479 2409 2535 deinde
2460 2478 2769 2536 habitabilis
2807 2481 2967 2535 etiam
3020 2481 3072 2535 in
3123 2481 3255 2551 ipsis
3291 2483 3590 2539 cacumini-

1988 2572 2090 2628 bus
2135 2571 2475 2638 redderetur,
2524 2570 2589 2642 (ι)
2622 2581 3089 2642 praeparatumque
3117 2572 3316 2629 cmlum
3343 2590 3409 2631 ac
3434 2574 3592 2631 sedes

1989 2663 2086 2719 Dei
2117 2671 2514 2735 segregaretur,
2548 2672 2942 2733 ventorumque
2986 2663 3360 2721 cxhalationes
3411 2666 3585 2723 nubes

1988 2755 2042 2811 in
2068 2770 2282 2812 summo
2325 2754 2518 2810 valida:
2575 2755 2955 2823 continerent;
3023 2766 3148 2812 tunc
3211 2757 3408 2815 deinde
3456 2761 3591 2816 certi

1987 2849 2089 2906 sub
2132 2848 2273 2905 coelo
2304 2847 2481 2905 l'ontes
2511 2858 2777 2917 mearent,
2809 2864 2873 2904 ac
2900 2859 3174 2919 postremo
3218 2850 3586 2911 fundamentis

1990 2951 2134 2999 terra
2183 2942 2410 2998 fortibus
2436 2941 2868 2998 conﬁrmaretur.
2904 2943 3138 3015 Singulis
3166 2946 3310 3001 enim
3357 2947 3443 3004 his
3472 2962 3593 3004 om-

1990 3038 2150 3094 nibus
2183 3039 2506 3095 anteriorem
2547 3053 2606 3095 se
2637 3039 2910 3110 Sapientia
2959 3054 3080 3096 esse
3125 3041 3430 3111 proﬁtetur.
3484 3044 3594 3101 Sed

1911 3117 1957 3182 C
1990 3149 2116 3190 cum
2148 3133 2329 3188 omnia
2361 3148 2459 3205 per
2485 3134 2652 3189 Deum
2682 3148 2802 3205 quae
2830 3133 2932 3189 sub
2959 3134 3100 3190 caelo
3130 3145 3257 3191 sunt
3286 3136 3424 3191 facta
3454 3136 3591 3203 sint,

1992 3233 2048 3281 et
2086 3225 2464 3297 componendo
2514 3226 2657 3283 ctelo
2702 3224 2951 3282 Christus
3012 3226 3266 3296 adfuerit,
3315 3236 3372 3285 et
3414 3229 3591 3300 ipsam

1994 3318 2281 3388 przeparati
2330 3318 2452 3374 caeli
2500 3316 2798 3388 praeveniat
2826 3317 3217 3385 aeternitatem;
3246 3334 3353 3375 non
3384 3320 3589 3390 patitur

1991 3409 2097 3467 hoc
2120 3411 2419 3467 existimari
2449 3412 2503 3467 in
2533 3411 2645 3468 Deo
2673 3411 3001 3466 minutarum
3026 3427 3208 3468 rerum
3237 3413 3588 3484 particulatas

1988 3503 2363 3575 cogitationes,
2398 3502 2523 3574 quia
2556 3502 2732 3560 omnis
2764 3502 2956 3559 horum
2984 3509 3310 3574 praeparatio
3346 3505 3463 3561 Deo
3510 3514 3597 3562 est

1993 3607 2284 3654 coaeterna.
2331 3595 2465 3652 Nam
2499 3596 2712 3651 tametsi
2743 3594 2939 3652 habeat
2976 3595 3439 3665 dispensationem
3484 3597 3597 3665 sui,

1997 3688 2292 3747 secundum
2338 3688 2560 3759 Moysen
2606 3685 2762 3760 (Gen.
2813 3687 2878 3757 ι),
2929 3688 3256 3743 ﬁrmamenti
3318 3688 3598 3757 solidatio,

1993 3783 2162 3838 arida:
2200 3780 2441 3848 nudatio,
2490 3779 2654 3834 maris
2684 3777 3052 3850 congregatio,
3087 3785 3357 3835 astrorum
3386 3778 3596 3835 consti-

1996 3877 2151 3943 tutio,
2195 3887 2452 3948 aquarum
2483 3881 2748 3942 terraeque
2778 3871 2831 3927 in
2852 3870 3135 3942 ejiciendis
3164 3887 3232 3929 ex
3261 3888 3323 3929 se
3352 3871 3433 3947 (6)
3478 3872 3599 3931 ani-

2191 4024 2543 4094 Ρὶιεσείεηιεω
2569 4034 2857 4107 επεοίιηιξα.

2193 4110 2262 4165 Et
2289 4110 2657 4164 decernenlem.

2195 4179 2536 4237 Animalibus.

2069 4040 2128 4106 (4

2095 4112 2129 4166 5

2070 4111 2131 4255 ἓξ

1994 4323 2178 4389 suerat
2204 4331 2239 4369 a
2262 4312 2363 4389 Dei
2395 4314 2475 4389 uel
2499 4313 2927 4389 prwscienliagvel
2954 4320 3219 4389 potestate.
3252 4314 3411 4389 Apud
3457 4317 3594 4377 Bad.

1994 4397 2050 4443 et
2080 4386 2198 4459 Er.,
2227 4386 2294 4441 ad
2322 4384 2420 4441 Dei
2434 4383 2522 4459 _ue'_l
2550 4385 3076 4459 prwscientiam,_etc.
3124 4383 3417 4459 Sequimur
3456 4406 3591 4449 mss.

1996 4460 2096 4515 Hic
2116 4458 2283 4532 rebus
2311 4455 2567 4532 conditis,
2612 4466 2877 4532 quantum
2909 4456 2974 4532 ad
3001 4455 3284 4514 scientiam
3314 4475 3379 4516 ac
3416 4471 3599 4532 potes-

2133 4038 2153 4255 ξ

292 4528 399 4592 alii.
421 4528 543 4604 illa
568 4528 821 4602 tempore.
855 4530 972 4587 Vat.
1022 4531 1139 4604 bas.
1173 4546 1239 4604 ac
1281 4528 1519 4597 Martin.,
1562 4533 1655 4587 illa
1679 4528 1890 4604 'tempo-
1912 4529 1967 4589 D
1995 4539 2158 4586 tatem
2190 4529 2287 4586 Dei
2315 4530 2531 4604 attinet,
2561 4528 3056 4604 negaturinitium;
3091 4543 3248 4604 secus
3280 4528 3431 4597 vero;
3464 4533 3511 4588 si
3540 4535 3595 4589 in

292 4605 452 4659 raria.
501 4602 632 4657 Hrcc
676 4601 892 4657 rursum
931 4617 999 4659 ex
1058 4601 1432 4658 haereticorum
1480 4605 1746 4660 sententia
1793 4601 1889 4660 ex-

289 4678 652 4747 primuntur:
702 4689 824 4744 quae
872 4674 1057 4747 verbo'
1079 4672 1264 4729 addito
1289 4675 1376 4747 .sic
1418 4674 1657 4745 planiora
1709 4675 1886 4732 ﬁent:

294 4747 433 4801 Nam
454 4746 510 4801 id
537 4745 736 4810 volunt,
764 4756 822 4800 ut
849 4761 965 4800 cum
983 4745 1101 4812 illa,
1130 4753 1237 4801 etc.

360 4818 438 4891 (b)
481 4817 559 4891 In“
593 4816 842 4887 vulgatis,
888 4817 1123 4871 doctrina
1164 4832 1280 4884 qua:
1305 4816 1550 4887 loquitur.
1584 4816 1755 4875 Abest
1777 4833 1892 4891 quae

285 4904 318 4943 τι
343 4889 651 4959 potioribus
681 4902 813 4943 mss.

359 4959 435 5033 (ε)
476 4960 611 5015 Bad.
641 4970 696 5034 et
726 4959 842 5034 En,
875 4968 921 5013 et
948 4961 1373 5034 res_c0gitationis
1416 4968 1557 5034 motu
1597 4958 1785 5034 subito.
1818 4958 1894 5017 U-

287 5029 391 5088 nus
413 5029 446 5088 e
472 5046 604 5103 mss.
642 5029 815 5103 vatio.
845 5029 1236 5103 cum_Martitt.,
1264 5040 1320 5086 ut
1357 5033 1743 5103 recogitationis
1783 5047 1892 5086 mo-

288 5111 371 5158 tus
399 5120 420 5158 :
450 5100 648 5173 quibus
675 5100 856 5157 favent
883 5100 1154 5172 antiquior
1178 5101 1357 5171 Colb.,
1381 5100 1591 5163 Germ"
1621 5102 1787 5159 Corb.
1826 5117 1892 5159 ac

286 5172 660 5247 pluri_m_i_alii,
691 5172 745 5228 in
776 5173 971 5247 quibus
998 5184 1173 5230 exstat
1197 5191 1279 5231 res
1308 5176 1650 5247 cogitationis.

360 5245 452 5318 (tt)
483 5244 612 5301 ﬂare
649 5245 943 5318 respiciunt
969 5259 1208 5318 errorem
1238 5244 1387 5317 saepe
1408 5247 1476 5302 ab
1502 5244 1709 5302 Hilario
1741 5244 1893 5318 relu-

286 5317 488 5389 tatttm,
527 5331 628 5389 quo
656 5317 883 5389 fortuitis
911 5317 1243 5389 concursibus
1272 5319 1409 5373 hunc
1438 5318 1616 5372 mundi
1662 5317 1891 5373 habitum

285 5386 346 5445 in
391 5405 453 5443 se
475 5386 666 5460 coisse,
703 5399 854 5460 atque
882 5389 956 5443 ita
975 5404 1041 5443 ea:
1064 5388 1444 5444 inordinatione
1470 5391 1525 5445 in
1555 5389 1735 5444 ordine
1763 5405 1891 5443 con-

286 5461 506 5527 stitisse,
528 5458 739 5587 quidanm
768 5458 883 5515 ausi
911 5468 1034 5516 sunt
1061 5460 1288 5532 apinari,
1320 5469 1380 5515 ut
1405 5460 1641 5532 loquitur
1664 5461 1717 5516 in
1750 5460 1886 5529 psal.

288 5546 520 5587 cn.an
551 5548 606 5587 ιι.
678 5574 692 5587 .

288 5546 520 5596 οιιτιιι,
551 5548 606 5587 ιι.
635 5546 692 5587 ἶ).

363 5604 443 5676 (e)
484 5601 760 5676 Vetustior
808 5619 840 5661 e
885 5617 1020 5661 mss.
1071 5601 1228 5660 Colb.
1258 5617 1380 5659 cum
1428 5601 1644 5659 Martio.
1676 5617 1897 5658 comme-

288 5689 517 5730 πιοταη.

364 5742 447 5820 (Ῑ)
475 5745 706 5821 Lipsius,
734 5747 876 5818 apud
907 5745 1034 5803 Par.
1064 5760 1177 5805 non
1198 5753 1494 5816 correctus,
1529 5760 1694 5820 prave
1733 5759 1895 5819 repo-

630 5845 907 5909 Panos.
988 5842 1071 5905 Χ.

1994 4618 2057 4657 se
2102 4610 2439 4673 spectantur.
2486 4598 2618 4673 Post
2644 4598 2919 4655 Orationis
2949 4600 3095 4670 leges
3125 4601 3374 4657 videntur
3401 4612 3592 4673 postue

1995 4674 2110 4730 lare
2135 4669 2317 4740 coepta:
2340 4680 2396 4727 et
2423 4669 2697 4740 inchoatas.

2093 4741 2145 4815 g)
2171 4738 2419 4815 Sicmss.
2455 4738 2597 4795 Editi
2622 4755 2995 4815 vero,_recen3.

2092 4743 2145 4815 ῃ)
2171 4744 2262 4799 Sic
2291 4757 2419 4797 mss.
2455 4743 2597 4795 Editi
2622 4755 3009 4822 verotrecens.‘
3104 4811 3116 4824 ⁸
3380 4813 3393 4827 ⁸

2069 4743 2150 4887 in)
2189 4812 2367 4887 ‘Editi,
2416 4821 2464 4866 et
2505 4820 2840 4881 prwsnentta:
2884 4811 3150 4881 eminentia
3190 4827 3210 4866 :
3252 4824 3596 4886 corriguntur

1997 4884 2315 4942 auctoritate
2345 4897 2476 4939 mss.

2095 4954 2134 5025 i)
2165 4955 2367 5011 Omnes
2394 4968 2560 5025 prope
2599 4968 2729 5009 mss.
2762 4961 2809 5007 et
2832 4951 3211 5025 decernentem.

2095 4956 2134 5025 i)
2165 4956 2367 5011 Omnes
2394 4968 2560 5025 prope
2599 4968 2729 5009 mss.
2762 4961 2809 5007 et
2835 4956 3211 5010 decernentem.

2068 4956 2140 5112 ἕ
2166 5026 2231 5112 ιιι
2256 5024 2563 5112 exemplari
2581 5021 3013 5112 Martianieet
3033 5023 3190 5092 intra,
3229 5040 3599 5112 praeparante;

1995 5095 2631 5164 conl'unduntur’verba,
2680 5095 2875 5167 quibus
2918 5111 3023 5151 non
3077 5095 3238 5151 unam
3270 5095 3375 5155 vim
3408 5103 3597 5160 tribuit

1994 5169 2250 5226 Hilarius.
2292 5168 2426 5224 Nam
2474 5181 2720 5255 prteparo‘
2752 5174 3033 5255 teternamﬂ
3059 5183 3241 5255 rerum
3282 5170 3600 5255 dispositio.

1995 5257 2145 5309 nem,
2198 5241 2581 5312 temporariam
2636 5247 2815 5295 autem
2861 5239 3175 5297 earumdem
3228 5239 3599 5303 conditionem

1995 5330 2136 5385 raro,
2157 5313 2447 5385 ltissonal-

2073 5383 2147 5457 (k)
2178 5383 2345 5452 Editi,
2377 5389 2614 5454 excepto
2661 5380 2818 5450 Bad.,
2846 5382 3293 5456 eonsultalumqtte
3315 5398 3337 5440 :
3363 5386 3603 5446 reniten-

1998 5456 2142 5512 tibus
2173 5470 2306 5512 mss.

2075 5527 2138 5600 (ι)
2184 5526 2334 5598 Lips.
2380 5535 2446 5603 et_
2479 5524 2629 5589 Par..
2659 5525 2864 5596 absque
2886 5524 2992 5581 ulla
3016 5525 3361 5603 auctoritate.
3392 5544 3602 5603 prwpa-

2000 5597 2300 5668 rareturque
2353 5597 2568 5672 etclam,-
2595 5606 2657 5672 et_
2694 5612 2840 5672 mox,
2891 5598 3273 5672 continerentur
3309 5614 3329 5656 :
3375 5597 3430 5657 et
3480 5597 3604 5672 post

2004 5685 2169 5742 pauca
2197 5686 2267 5727 ex
2293 5668 2409 5727 sola
2447 5668 2661 5726 Erasmi
2707 5668 3048 5740 conjectura,
3095 5669 3263 5741 fontes
3311 5668 3601 5745 manarent,

2004 5756 2103 5815 pro
2132 5751 2379 5800 mearent.

3109 5835 3184 5898 15
