4106 6192
467 212 577 270 465

1661 209 1911 269 SANCTI
1952 207 2206 268 lllLARll
2245 211 2553 270 EPISCOPI

3664 223 3768 282 461

468 343 694 399 operum
725 338 808 384 est
841 326 1144 399 professus.
1177 325 1405 383 Creatus
1432 333 1615 382 autem
1643 335 1728 382 est
1748 326 1800 382 in
1825 328 1941 383 vias
1967 327 2064 384 Dei
2092 330 2141 390 Α
2171 327 2377 385 tionem
2399 329 2608 385 scilicet
2638 327 2729 383 Dei
2768 336 2825 385 et
2853 336 3054 384 nostrae
3095 332 3418 390 aeternitatis
3448 336 3770 408 profectum.

470 437 502 474 a
529 420 733 476 szcculo
781 438 794 477 :
832 436 955 477 cum
985 419 1052 475 ad
1083 418 1502 489 conspicabilem
1541 419 1780 490 speciem
1823 419 2069 476 subditus

471 524 763 581 creaturae,
794 513 1035 569 habitum
1064 511 1362 567 creationis
1391 511 1706 582 assumpsit.

543 606 635 662 46.
676 606 789 661 Vite
834 605 935 661 Dei
972 622 1005 659 a
1034 604 1247 672 sarculo,
1278 604 1471 676 species
1501 612 1686 659 creata:
1712 620 1744 657 a
1775 602 1942 660 Verbo
1985 620 2072 659 as-

473 709 712 770 sumpta.
745 695 850 752 Cur
887 697 1058 752 varias
1084 696 1436 769 assumpserit.
1464 725 1537 737 -—
1568 694 1856 752 Videamus
1895 695 2074 768 itaque

469 792 528 849 in
556 806 687 863 quas
718 788 816 847 Dei
844 790 956 847 vias
978 832 993 858 ,
1025 799 1079 846 et
1121 789 1174 845 in
1220 804 1341 860 quae
1389 804 1554 861 opera
1580 805 1610 845 a
1640 789 1855 846 saeculis
1891 797 2074 846 creata

472 887 581 952 sit,
615 892 739 940 nata
782 893 911 941 ante
935 884 1134 940 stecula
1177 898 1243 940 ex
1287 882 1413 939 Deo
1438 884 1737 954 Sapientia.
1767 882 1968 939 Vocem
1996 879 2075 956 (α)

476 976 874 1033 deambulantis
905 976 959 1033 in
983 976 1240 1049 paradiso
1264 974 1437 1032 Adam
1459 975 1666 1031 audivit
1691 975 1844 1047 (Gen.
1874 991 1933 1032 nt
1951 1017 1967 1044 ,
1992 976 2072 1047 8).

477 1069 719 1125 Putasne
756 1067 1159 1125 deambulantis
1197 1071 1467 1124 incessum
1512 1067 1616 1122 nisi
1658 1068 1709 1122 in
1758 1069 1943 1140 specie
1990 1081 2080 1122 as-

474 1172 707 1233 sumpta:
754 1162 1047 1218 creationis
1086 1161 1328 1217 auditum
1361 1178 1375 1215 :
1410 1169 1469 1217 ut
1508 1161 1562 1216 in
1594 1159 1773 1232 aliqua
1803 1160 2081 1217 creatione

473 1255 986 1330 436eonsisteret,
1002 1256 1093 1327 qui
1114 1254 1193 1327 (1)
1210 1254 1289 1328 (b)
1305 1255 1646 1311 inambulans
1660 1256 1819 1311 fuerit
1841 1255 2082 1311 auditus?

472 1351 592 1408 Non
634 1350 854 1422 requiro
885 1350 1062 1422 qualis
1091 1349 1159 1405 ad
1188 1347 1319 1404 Cain
1350 1358 1404 1405 et
1446 1349 1585 1405 Abel
1628 1358 1684 1406 et
1711 1348 1828 1405 Noe
1870 1350 2083 1406 locutus

473 1443 546 1498 sit
568 1485 583 1510 ,
615 1451 670 1499 et
690 1441 1018 1498 benedicens
1041 1455 1254 1511 quoque
1284 1440 1468 1496 Enoch
1495 1439 1566 1514 (c)
1600 1441 1781 1512 qualis
1815 1441 2078 1499 adiuerit.

475 1535 716 1606 Angelus
756 1534 825 1590 ad
883 1534 1027 1605 Agar
1071 1534 1306 1605 loquitur
1340 1531 1506 1605 (Gen.
1556 1526 1680 1599 xvt,
1728 1533 1785 1601 9,
1820 1534 1991 1606 l3):
2031 1546 2087 1591 et

475 1630 664 1699 utique
692 1629 835 1684 idem
858 1627 1002 1683 Deus
1029 1636 1134 1683 est.
1178 1626 1446 1697 Numquid
1490 1628 1690 1699 Speciei
1722 1628 1967 1699 ejusdem
1999 1637 2088 1687 est

2173 420 2309 489 Quid
2341 420 2429 478 hic
2457 435 2599 477 nunc
2630 420 2745 477 hanc
2791 420 3045 478 humana:
3072 423 3260 482 salutis
3301 427 3634 498 dispensatio
3666 441 3773 489 tam

2174 517 2395 588 impiam
2445 524 2671 574 aeterna:
2716 517 3014 574 nativitatis
3043 516 3208 592 £37
3234 523 3618 580 contumeliam
3664 543 3780 583 mo-

2176 611 2349 668 litur?
2375 610 2593 668 Creatio
2635 613 2737 668 ista
2775 627 2804 667 a
2828 613 3044 669 saeculis
3064 623 3146 669 est
3178 630 3194 670 :
3222 625 3479 673 caeterum
3526 629 3653 676 ante
3676 635 3781 677 sa:-

2175 705 2295 761 cula
2325 705 2538 761 infinita
2568 705 2821 762 nativitas
2852 716 2956 762 est.
2987 706 3109 765 Vim
3163 724 3296 766 sane
3341 712 3414 784 (Γ)
3466 728 3567 769 nos
3620 713 3780 772 dictis

2176 798 2372 855 alferre
2399 798 2689 863 contende.
2722 800 2767 855 si
2794 799 3062 871 Pr0plteta
3086 844 3101 867 ,
3140 803 3185 858 si
3222 803 3481 861 Dominus
3504 847 3521 873 ,
3561 805 3606 861 si
3635 805 3784 878 Apo-

2178 892 2351 948 stolus
2375 934 2388 960 ,
2430 892 2480 948 si
2502 906 2687 949 sermo
2714 893 2861 950 ullus
2888 894 2954 949 ad
2982 893 3283 953 divinitatis
3322 905 3547 955 aeterna:
3584 899 3784 954 nativi-

2181 992 2345 1041 tatem
2389 997 2655 1064 creaturte
2683 986 2870 1042 retulit
2897 1002 3114 1043 nomen.
3146 989 3202 1044 In
3233 988 3314 1046 bis
3349 991 3493 1047 enim
3532 991 3786 1050 omnibus

2181 1076 2327 1134 Deus
2349 1120 2364 1146 ,
2395 1079 2485 1149 qui
2509 1079 2647 1150 ignis
2675 1095 3003 1137 consumens
3032 1092 3115 1137 est
3136 1125 3151 1151 ,
3191 1084 3262 1139 ita
3292 1094 3507 1142 creatus
3532 1087 3702 1157 inest,
3730 1095 3791 1144 ut

2182 1172 2515 1229 creationem
2542 1188 2604 1230 ea
2632 1174 2837 1232 virtute
2861 1192 2963 1248 qua
2990 1179 3287 1251 assumpsit
3308 1180 3622 1240 absumeret
3648 1201 3662 1237 :
3688 1199 3787 1255 po—

2187 1276 2306 1323 tens
2334 1267 2557 1326 abolere
2599 1283 2813 1325 rursum
2835 1312 2850 1338 ,
2880 1271 3025 1343 quod
3053 1281 3259 1330 tantum
3306 1274 3373 1331 ad
3403 1289 3622 1332 causam
3653 1292 3791 1336 con-

2187 1349 2557 1429 templationis
2586 1362 2890 1417 exstiterat.

2258 1449 2348 1506 48.
2369 1448 2631 1506 Christum
2653 1462 2709 1508 ut
2734 1453 2989 1511 hominem
3012 1457 3143 1513 dixit
3169 1456 3373 1516 Paulus
3397 1460 3617 1532 fectant.
3643 1461 3793 1537 Dixit

2187 1553 2233 1598 et
2258 1546 2798 1604 creatum—Beatam
2824 1559 3007 1608 autem
3052 1552 3198 1609 illam
3220 1563 3277 1611 et
3294 1570 3480 1612 veram
3509 1568 3793 1628 concepta:

2189 1635 2328 1692 intra
2350 1637 2610 1711 virginem
2635 1642 2816 1697 carnis
2843 1643 3202 1715 nativitatem,
3226 1647 3354 1718 quia
3385 1655 3499 1704 tum
3531 1658 3795 1707 creatura:

476 1735 600 1776 cum
624 1720 848 1791 angelus
877 1719 1109 1786 videtur,
1132 1717 1289 1790 cujus
1317 1727 1402 1774 est
1425 1719 1478 1774 in
1503 1734 1568 1775 ea
1588 1729 1779 1775 natura
1797 1736 1900 1792 qua
1932 1721 2077 1778 Deus
2107 1731 2156 1792 Β
2185 1738 2383 1785 nostra:
2423 1739 2480 1787 et
2526 1742 2732 1788 natura:
2777 1744 2831 1791 et
2866 1737 3076 1807 species
3118 1717 3459 1809 nascebatur,
3492 1752 3794 1799 creaturam

478 1815 595 1870 est?
620 1813 786 1870 Certe
813 1812 1028 1884 species
1054 1812 1236 1883 angeli
1266 1812 1575 1869 ostenditur
1599 1855 1613 1877 .
1647 1813 1737 1870 ubi
1767 1825 1956 1884 postea
1987 1815 2083 1871 Dei

481 1917 671 1967 natura
696 1914 1051 1964 memoratur.
1078 1905 1186 1963 Sed
1212 1904 1340 1978 quid
1363 1906 1436 1963 de
1459 1908 1654 1978 angelo
1676 1906 1888 1963 dicam?
1911 1907 2087 1965 Homo

478 2002 548 2058 ad
573 2001 847 2059 Abraham
878 1998 1029 2057 venit
1076 1998 1231 2071 (Gen.
1261 2014 1391 2055 svnt
1417 2042 1430 2065 ,
1458 1999 1539 2072 2).
1583 1999 1851 2072 Numquid
1890 2017 2086 2058 secun-

478 2097 610 2153 dum
641 2095 914 2152 hominem
947 2095 1001 2149 in
1047 2092 1339 2150 creationis
1378 2093 1532 2149 istius
1589 2092 1778 2150 habitu
1830 2091 2087 2152 Christus

488 2190 615 2247 talis
643 2189 886 2254 assistit,
920 2188 1095 2258 qualis
1124 2196 1180 2243 et
1207 2189 1348 2243 Deus
1370 2186 1490 2243 est?
1533 2185 1615 2260 (2)
1655 2187 1762 2244 Sed
1793 2188 1956 2246 homo
1997 2191 2078 2246 lo-

486 2287 670 2360 quitur
696 2328 710 2354 ,
737 2293 794 2341 et
812 2299 1042 2356 corpore
1069 2283 1311 2350 assistit,
1340 2291 1396 2339 et
1424 2282 1547 2339 cibo
1584 2283 1748 2339 alitur
1774 2302 1785 2338 :
1810 2294 2087 2341 verumtao

484 2394 608 2436 men
638 2380 781 2435 Deus
810 2377 1087 2433 adoratur.
1139 2375 1297 2432 Certe
1328 2376 1418 2447 qui
1463 2385 1589 2431 ante
1627 2377 1853 2449 angelus
1883 2420 1898 2445 ,
1942 2393 2087 2434 nunc

483 2472 645 2528 etiam
698 2470 865 2526 homo
890 2478 1109 2526 est:ne
1138 2468 1439 2524 naturalem
1472 2467 1611 2523 hanc
1653 2482 1773 2524 esse
1822 2468 1915 2525 Dei
1962 2484 2087 2540 spe-

481 2566 624 2624 ciem
651 2564 938 2621 diversitas
965 2563 1123 2635 hujus
1158 2563 1329 2634 ipsius
1355 2572 1645 2632 assumpta!
1675 2563 1970 2620 creationis
1997 2578 2091 2634 pa-

485 2668 697 2717 teretur
737 2657 983 2729 intelligi.
1014 2656 1179 2713 Adest
1200 2665 1378 2712 autem
1407 2654 1477 2711 ad
1499 2653 1668 2713 Jacob
1708 2655 1871 2712 etiam
1917 2669 2089 2726 usque

490 2752 558 2808 ad
581 2752 740 2809 laetae
765 2749 1111 2820 complexum
1143 2750 1195 2804 in
1240 2748 1428 2804 habitu
1481 2748 1716 2804 humano
1740 2789 1756 2817 ,
1787 2758 1841 2804 et
1868 2764 2086 2804 manum

487 2844 766 2909 conserit,
791 2851 845 2899 et
868 2841 1127 2898 membris
1154 2840 1366 2908 nititur,
1393 2847 1451 2895 et
1477 2839 1740 2896 lateribus
1771 2840 2087 2906 inﬂectitur,

489 2944 547 2992 et
589 2938 640 2990 in
670 2933 821 2989 omni
862 2942 1010 2990 motu
1057 2941 1245 2989 nostro
1285 2933 1609 3003 incessuque
1651 2932 1900 2988 consistit
1925 2932 2087 3002 (Gen.

2187 1830 2244 1878 et
2261 1820 2519 1878 facturam
2544 1827 2833 1895 Apostolus
2857 1830 3246 1889 nominavitJL-It
3264 1843 3412 1890 certe
3432 1850 3555 1892 cum
3586 1854 3652 1895 eo
3677 1837 3791 1912 (se-

2186 1917 2419 1973 cundum
2435 1919 2584 1989 eum)
2608 1936 2748 1978 vera:
2765 1924 3060 1979 secundum
3078 1925 3349 1983 hominem
3364 1930 3657 1988 nativitatis
3678 1932 3787 1989 hoc

2187 2025 2381 2067 nomen
2402 2020 2503 2078 est,
2527 2027 2649 2067 cmn
2672 2014 2746 2069 ait
2789 2030 2808 2070 :
2842 2015 2905 2070 At
2929 2016 3014 2071 ubi
3040 2019 3170 2072 venit
3199 2019 3499 2092 adimpletio
3519 2023 3784 2096 teniporis,

2186 2105 2326 2159 misit
2352 2103 2492 2160 Deus
2521 2107 2688 2176 [ilium
2734 2126 2884 2164 suum
2914 2110 3107 2181 factum
3129 2114 3192 2168 de
3210 2117 3453 2185 muliere,
3476 2117 3668 2187 factum
3688 2119 3783 2174 sub

2187 2197 2318 2268 lege,
2349 2208 2403 2251 ut
2428 2213 2512 2253 eos
2534 2200 2623 2270 qui
2645 2201 2738 2256 sub
2780 2202 2891 2273 lege
2916 2212 3033 2258 sunt
3061 2205 3346 2275 redimeret,
3375 2220 3430 2264 ut
3454 2210 3788 2281 adaplionem

2188 2288 2421 2358 ﬁliorum
2450 2290 2530 2364 (g)
2559 2309 2978 2364 consequeremur
3009 2296 3151 2369 (Gal.
3173 2315 3249 2367 tv,
3282 2299 3361 2374 4).
3410 2301 3579 2359 Filius
3615 2304 3801 2376 itaque

2187 2396 2316 2438 suus
2340 2392 2442 2451 cst,
2474 2386 2562 2455 qui
2593 2394 2679 2441 est
2703 2385 2755 2441 in
2786 2385 3003 2445 homine
3026 2399 3078 2445 et
3101 2405 3167 2447 ex
3192 2392 3410 2450 homine
3437 2393 3673 2463 iactura;
3696 2411 3795 2453 ne-

2187 2491 2293 2547 que
2325 2474 2525 2533 factura
2559 2487 2786 2546 tantum.
2832 2482 2928 2538 sed
2959 2484 3122 2539 etiam
3146 2495 3415 2556 creatura,
3456 2496 3517 2543 ut
3545 2488 3742 2546 dicitur
3770 2507 3790 2547 :

2190 2566 2337 2625 Sicut
2363 2580 2435 2625 est
2464 2570 2647 2626 veritas
2674 2573 2726 2626 in
2751 2572 2899 2642 Jesu,
2922 2575 3177 2645 deponere
3212 2594 3300 2634 ros
3340 2580 3622 2635 secundum
3651 2587 3799 2653 prlo-

2188 2677 2299 2715 rem
2328 2664 2761 2718 conversationem
2810 2674 3023 2721 veterem
3071 2668 3330 2725 hominem
3376 2687 3513 2737 eum,
3544 2674 3633 2744 qui
3670 2690 3796 2728 cor-

2189 2755 2446 2824 rumpitur
2472 2756 2753 2811 secundum
2771 2760 3210 2830 concupiscetttias
3248 2764 3580 2835 deceptiortis.
3628 2765 3801 2823 Inno—

2191 2849 2382 2903 ramini
2427 2860 2598 2904 autem
2646 2851 2832 2921 spiritu
2876 2870 3055 2909 sensus
3092 2858 3268 2924 vestri,
3300 2866 3348 2913 et
3376 2858 3577 2915 induite
3601 2876 3796 2916 nouum

2194 2942 2449 2997 hominem
2479 2960 2615 3010 eum,
2644 2945 2733 3016 qui
2760 2947 3039 3002 secundum
3062 2946 3232 3004 Deum
3253 2961 3454 3008 creatus
3474 2961 3547 3009 est
3568 2951 3793 3026 (Ephes.

492 3045 647 3086 xxxii
668 3072 681 3094 ,
709 3027 827 3100 24).
859 3027 966 3086 Sed
999 3026 1139 3083 idem
1183 3038 1371 3098 postea
1407 3034 1464 3081 et
1486 3025 1652 3097 Moysi
1683 3041 1802 3082 esse
1834 3026 1973 3098 ignis
2003 3041 2093 3082 os-
2136 3114 2159 3117 μ
2194 3049 2269 3099 tv,
2297 3034 2362 3091 2|
2394 3046 2440 3090 et
2456 3041 2642 3108 seqq.).
2680 3037 2985 3096 lnduendus
3009 3042 3186 3113 itaque
3208 3058 3381 3101 novus
3398 3025 3664 3103 homoille
3688 3057 3803 3117 est,

497 3124 740 3181 tenditur
771 3122 969 3196 (Exodi
996 3137 1056 3177 lli
1074 3163 1090 3189 ,
1112 3120 1172 3194 2)
1198 3139 1210 3174 :
1238 3131 1297 3177 ut
1324 3128 1530 3176 naturze
1550 3128 1747 3177 creatm
1770 3132 1881 3176 tum
1909 3119 2089 3194 petius
2118 3114 2164 3179 C
2194 3127 2283 3200 qui
2305 3130 2602 3186 secundum
2634 3131 2801 3188 Deum
2830 3146 3046 3193 creatus
3076 3147 3181 3194 est.
3208 3137 3310 3208 Qui
3335 3140 3482 3196 enim
3509 3149 3628 3197 erat
3650 3114 3809 3199 ﬁlius

490 3216 559 3273 ad
596 3215 835 3287 speciem
861 3256 877 3281 ,
925 3228 1086 3285 quam
1142 3211 1210 3268 ad
1259 3211 1619 3268 substantiam
1660 3220 1902 3278 naturae,
1932 3213 2091 3269 ﬁdem

497 3309 761 3365 discercs.
795 3305 994 3361 llabuit
1018 3312 1130 3360 tum
1159 3303 1211 3358 in
1245 3319 1306 3360 se
1333 3313 1660 3375 potestatem
1685 3303 2052 3377 conﬂagrandi
2076 3347 2093 3373 ,

494 3417 609 3457 non
661 3408 843 3455 tamen
892 3397 1194 3453 naturalem
1223 3395 1523 3466 suscipiens
1564 3397 1755 3454 urendi
1803 3400 2097 3454 necessita-

493 3500 605 3549 tem
639 3508 653 3546 :
681 3490 806 3562 quia
833 3489 957 3546 sine
983 3488 1104 3547 rubi
1143 3488 1343 3546 damno
1372 3487 1723 3562 conﬂagratio
1764 3490 1904 3563 ignis
1928 3506 2098 3563 appa-

496 3586 629 3643 ruit.

570 3677 663 3732 47.
711 3676 840 3732 Sine
882 3675 1185 3731 aternitatis
1226 3675 1416 3731 damno
1441 3677 1737 3747 assumpsit.
1794 3677 1875 3733 Ea
1916 3680 2100 3737 virtute

500 3784 604 3840 qua
639 3766 954 3841 assumpsit,
983 3765 1284 3839 absumpsit.
1312 3798 1382 3807 —
1408 3768 1577 3824 Curre
1607 3784 1705 3839 per
1734 3780 1977 3842 tempora
2005 3815 2019 3839 ,
2045 3784 2102 3830 et

505 3860 748 3933 intellige
776 3859 952 3931 qualis
979 3859 1128 3916 visus
1152 3860 1255 3926 sit,
1300 3859 1383 3915 vel
1411 3859 1540 3916 Jesu
1571 3859 1721 3918 Nave
1749 3863 1986 3918 nominis
2014 3864 2098 3921 sui

501 3953 805 4025 prophetae,
830 3953 918 4009 vel
942 3952 1115 4009 Esaia:
1144 3953 1304 4008 etiam
1333 3968 1455 4008 eum
1481 3951 1661 4026 (Joan.
1693 3970 1796 4022 xu,
1826 3954 1920 4029 41)
1945 3972 2102 4014 evan-

495 4046 672 4118 geltco
703 4045 1013 4101 testimonio
1042 4045 1214 4100 vi~um
1245 4045 1559 4116 praedicanti
1589 4089 1603 4111 ,
1628 4049 1714 4104 vel
1743 4049 1828 4121 (ὅ)
1851 4047 1932 4122 (d)
1962 4049 2101 4108 Eze-

503 4138 665 4195 chieli
696 4153 865 4208 usque
884 4137 951 4192 ad
976 4138 1362 4193 conscientiam
1391 4140 1806 4198 resurrectionis
1826 4152 2105 4216 assumpto
2209 4156 2333 4227 quia
2356 4137 2653 4215 secundum
2687 4137 2778 4217 ὑεῖ
2800 4161 3091 4234 justitiam,

2198 3224 2317 3291 Dei,
2345 3235 2500 3281 natus
2529 3237 2645 3283 erat
2675 3237 2729 3284 et
2758 3228 2898 3286 lilius
2920 3229 3177 3289 hominis.
3205 3233 3339 3301 Quia
3366 3250 3476 3291 non
3499 3235 3809 3293 divinitatis

2197 3326 2315 3373 erat
2361 3319 2632 3388 nativitas,
2671 3322 2767 3378 sed
2811 3333 3056 3381 creatura
3089 3328 3302 3395 carnis;
3345 3329 3811 3401 signiﬁcationem

2196 3413 2278 3467 sui
2305 3414 2522 3485 generis
2566 3415 2777 3485 accepit
2817 3433 2989 3475 novus
3042 3420 3228 3487 homo,
3271 3424 3567 3480 secundum
3616 3433 3812 3482 natum

2198 3516 2325 3562 ante
2353 3507 2554 3563 saecula
2584 3508 2752 3565 Deum
2778 3518 3016 3568 creatus.
3063 3513 3131 3568 Et
3168 3529 3266 3571 cur
3303 3517 3601 3572 secundum
3631 3517 3811 3575 Deum

2200 3596 2364 3653 homo
2406 3614 2579 3656 novus
2621 3612 2834 3659 creatus
2872 3612 3056 3673 esset,
3083 3607 3324 3665 ostendit
3364 3608 3657 3667 Secundum
3685 3610 3819 3668 haec

2200 3692 2461 3761 adjiciens
2493 3712 2507 3749 :
2542 3692 2606 3750 In
2619 3697 2852 3768 justitia,
2875 3708 2923 3754 et
2949 3701 3239 3770 sanctitate,
3289 3712 3337 3758 et
3375 3703 3587 3760 veritate
3621 3702 3814 3777 (Ibid.

2200 3783 2316 3857 ‘24).
2352 3785 2521 3842 Dolus
2548 3788 2692 3844 enim
2719 3788 2773 3844 in
2797 3805 2863 3846 eo
2919 3807 3026 3848 non
3067 3792 3166 3849 fuit
3196 3813 3209 3849 :
3240 3803 3297 3853 et
3333 3796 3506 3854 lactus
3534 3807 3618 3856 est
3645 3796 3820 3855 nobis

2198 3876 2407 3947 justitia
2434 3888 2487 3935 et
2512 3880 2888 3948 sanctiﬁcatio,
2918 3891 2975 3940 ct
2998 3885 3114 3956 ipse
3143 3897 3225 3944 est
3246 3889 3469 3946 veritas.
3494 3891 3647 3947 Hunc
3672 3906 3819 3964 ergo

2205 3968 2501 4040 Christum,
2529 3974 2620 4044 qui
2647 3977 2945 4033 secundum
2992 3980 3159 4037 Deum
3189 3998 3361 4040 novus
3382 3983 3545 4042 homo
3567 3995 3821 4054 creatur,

2208 4063 2501 4121 induimur.
2537 4064 2653 4139 [(ι)
2685 4067 2764 4141 (Ιι)
2791 4069 3099 4129 Secundum
3127 4074 3298 4132 Deum
3333 4086 3512 4134 autem
3545 4087 3761 4162 creatur
3801 4094 3823 4134 :

3131 4176 3189 4225 et
3221 4170 3728 4242 sanetilicationem,
3755 4181 3829 4230 et

497 4226 717 4303 (Ezech.
749 4228 985 4297 xxxvii),
1015 4230 1098 4285 vel
1128 4228 1331 4286 Danieli
1356 4231 1587 4288 hominis
1616 4234 1780 4291 lilium
1813 4235 1868 4291 iu
1901 4248 2106 4295 aeterno
2209 4226 2490 4304 veritatem
2520 4249 2684 4307 homo
2710 4226 2917 4321 peccati
2950 4226 3167 4315 nescius
3195 4270 3283 4317 est
3307 4261 3573 4337 creatus.]

503 4323 830 4380 saeculorum
878 4337 1045 4391 regno
1072 4324 1348 4379 conﬁtenti
1377 4324 1539 4397 (Dan.
1569 4341 1665 4395 vn,
1720 4330 1806 4395 15,
1856 4331 1973 4400 14),
2003 4348 2110 4390 ca:-

502 4418 741 4489 terisque
784 4417 939 4485 aliis,
968 4416 1165 4488 quibus
1207 4433 1267 4473 se
1298 4418 1350 4474 in
1385 4419 1567 4477 habitu
1611 4421 1774 4478 variae
1817 4426 2109 4482 creationis

2282 4339 2374 4395 49.
2434 4338 2637 4398 Creatio
2683 4346 2935 4402 natioitati
2968 4359 3174 4405 teternw
3221 4354 3393 4426 nequit
3429 4353 3683 4427 deputari.
3739 4381 3832 4399 —-

2214 4430 2276 4503 (ἱ)
2293 4429 2352 4487 Si
2375 4430 2536 4503 igitur
2553 4434 2852 4506 Sapientia,
2869 4456 3168 4500 memorem
3194 4457 3257 4501 se
3281 4461 3472 4503 eorum
3502 4461 3624 4519 qua:
3649 4461 3681 4502 a
3709 4462 3834 4505 sa:-

520 4509 745 4581 ngessit,
796 4506 868 4579 (e)
923 4507 981 4564 in
1011 4510 1122 4565 vias
1156 4510 1248 4566 Dei
1288 4520 1344 4566 ct
1382 4511 1435 4567 in
1465 4527 1629 4583 opera
1672 4514 1801 4583 Dei,
1828 4514 1895 4573 ad
1923 4519 2110 4590 cogni-
2137 4515 2193 4577 D
2217 4524 2339 4582 culo
2365 4538 2515 4599 gesta
2541 4538 2668 4586 sunt
2689 4530 2896 4601 dicens,
2929 4534 2981 4592 in
3008 4552 3170 4608 opera
3429 4506 3538 4598 Dei.
3563 4551 3730 4615 atque
3755 4540 3836 4602 in

610 4643 658 4701 l)
699 4641 1100 4701 Inambulantis.

610 4645 626 4698 l
699 4643 1081 4700 Inambulantis

577 4643 661 4789 ξεζ
704 4716 811 4774 Sed
835 4726 882 4770 et
909 4719 1083 4772 homo.

498 4857 845 4929 admonendos
869 4897 886 4924 ,
915 4866 972 4911 ut
1000 4857 1094 4912 alii
1137 4858 1207 4912 ad
1232 4859 1452 4915 salutem
1494 4877 1644 4915 suam
1671 4863 1930 4920 crederent
1949 4906 1963 4929 ,
2004 4868 2099 4923 alii

498 4926 569 4979 ad
595 4943 793 4995 poenam
823 4945 1104 5013 suamuon
1128 4930 1422 5013 crederent3
1454 4932 1564 5013 ipse
1589 4935 1761 5013 utique
1796 4926 2096 5013 (Christus)

501 5015 602 5079 non
633 5003 685 5051 in
704 5016 873 5064 carne,
906 4998 1074 5079 sedit:
1100 5001 1282 5079 spiritu
1307 4998 1535 5079 veniebat
1551 5047 1565 5072 ,
1591 4998 1720 5079 uisis
1745 4998 1985 5079 congruis
2006 4998 2093 5065 al:

500 5068 711 5147 loquens
736 5070 1080 5147 quos_volebat
1101 5068 1136 5138 ,⁷
1159 5073 1301 5147 sicut
1337 5068 1561 5147 volebat.
1591 5068 1883 5147 Utriusquve
1935 5079 2096 5147 hujus

498 5139 919 5267 dispetis7ationis
944 5140 1244 5213 elegantem
1290 5144 1454 5200 habes
1490 5139 1953 5217 comparationem
1998 5139 2092 5210 l'ib.

498 5225 555 5267 ν.
585 5227 638 5264 n.
747 5254 759 5267 .

497 5225 555 5276 ν,
585 5227 638 5264 n.
670 5225 759 5267 Π.

572 5280 649 5354 (a)
695 5282 748 5354 In
778 5281 988 5339 duobus
1013 5298 1167 5347 mss.,
1194 5282 1291 5339 Dei
1321 5285 1716 5343 deambulantis.

566 5354 647 5422 (b)
686 5353 970 5423 Antiquior
994 5353 1166 5409 codex
1200 5355 1357 5410 Coll).
1404 5372 1527 5412 cum
1558 5359 1772 5415 Martia.
1804 5368 1857 5416 et
1902 5363 2086 5421 Germ.

492 5421 966 5500 faventeﬁemigq
995 5426 1047 5479 in
1070 5428 1377 5500 ambulantis
1399 5444 1417 5483 :
1438 5445 1541 5484 non
1567 5430 1820 5500 displicet
1838 5435 1921 5490 sic
1951 5436 2088 5492 duo-

491 5494 596 5573 bus
618 5495 794 5573 verbis
814 5538 829 5560 ,
859 5494 917 5550 ut
939 5512 1041 5573 vox
1065 5498 1237 5573 specie
1263 5497 1423 5573 tacita
1452 5494 1809 5573 intelligatur.

590 5565 639 5634 ε)
679 5566 826 5623 Idem
852 5567 1026 5622 codex
1058 5563 1238 5635 Colb.,
1265 5570 1432 5633 qualis
1461 5563 1641 5641 fuerit.

563 5563 644 5705 (et)
684 5637 743 5694 In
774 5636 1045 5705 plerisque
1069 5654 1225 5705 mss.,
1250 5637 1552 5705 Ezechiele,
1584 5654 1639 5701 et

539 5636 667 5761 $2120
684 5637 743 5694 In
774 5636 1045 5709 plerisque
1069 5654 1225 5708 mss.,
1250 5636 1552 5712 Ezechiele,
1584 5654 1639 5701 et
1671 5659 1800 5703 mox
1823 5687 1841 5712 ,
1869 5647 1951 5704 vel
1977 5646 2088 5707 Da.

533 5721 689 5762 theta.

2296 4659 2382 4807 £3)
2421 4661 2479 4718 In
2507 4664 2696 4747 codice
2724 4666 2925 4726 Veron.
2959 4670 3216 4741 Esecielo;
3248 4684 3467 4746 postea,
3495 4675 3738 4735 Danielo.

2321 4735 2378 4807 4)
2417 4734 2640 4794 Uncmis
2671 4738 2876 4797 inclusa
2905 4743 3077 4800 codex
3106 4761 3321 4807 quoque
3345 4758 3531 4807 noster
3555 4749 3738 4807 omittit

2321 4735 2378 4809 4)
2417 4734 2640 4794 Uncinis
2671 4738 2876 4797 inclusa
2905 4743 3077 4800 codex
3106 4734 3321 4818 quoque
3345 4734 3531 4807 noster
3555 4749 3777 4832 omittit.

2280 4871 2351 4956 (e)
2399 4872 2633 4958 Verbum
2665 4876 2877 4958 ingessit
2909 4881 2960 4958 in
2992 4897 3094 4939 ms.
3120 4882 3333 4958 Remis.
3368 4885 3457 4944 hic
3496 4887 3764 4953 repetitur
3801 4906 3823 4946 :

2204 4943 2358 5030 εἰμί-εμὲ
2387 4943 2878 5030 repetitionis'loco
2930 4954 2981 5006 in
3032 4970 3165 5030 mss.
3213 4943 3349 5030 Vaut.
3364 4943 3480 5014 bas.
3504 5000 3523 5027 ,
3551 4943 3765 5030 hiantia.

2203 5014 2447 5104 gol‘baet
2471 5016 2708 5104 _Sorbon:
2746 5021 2970 5078 habetur
2993 5065 3006 5089 ,
3038 5025 3279 5104 incessit.
3304 5027 3426 5104 Mox
3476 5014 3826 5104 apud

2202 5095 2255 5140 et
2280 5087 2487 5170 Darnet
2510 5090 2875 5170 cognitionem,
2900 5087 3001 5165 pro
3030 5098 3101 5149 ad
3126 5098 3474 5170 cognitionem
3495 5087 3706 5168 ,'male.

2275 5154 2347 5230 (ι)
2369 5154 2594 5245 (Amuli
2606 5159 2730 5216 Par.
2764 5154 3025 5245 omissum
3054 5177 3172 5224 erat
3190 5154 3312 5237 itas,
3332 5154 3704 5245 vsul'lra'gaute‘
3724 5189 3831 5233 ve-

2204 5234 2322 5283 tere
2350 5244 2452 5281 ms.
2477 5230 2630 5285 Colb.
2663 5247 2786 5287 cum
2807 5233 2996 5292 Germ.

2272 5297 2371 5390 te).
2392 5298 2716 5390 Piraeus-
2747 5303 2902 5390 εξοιβι
2927 5318 2982 5363 ει
3005 5309 3181 5390 altera
3202 5311 3497 5390 ..ξονρρηρς
3524 5331 3822 5390 comaque-

2199 5385 2371 5424 remur
2397 5387 2489 5440 per
2510 5370 2713 5448 ﬁdem;
2736 5375 3123 5437 dissidentibus
3167 5382 3291 5440 aliis
3335 5370 3497 5443 libris
3534 5370 3826 5448 adiicio

2200 5448 2348 5495 textu
2378 5456 2557 5511 grzeco
2588 5454 2643 5498 et
2682 5444 2872 5503 latino.

2272 5511 3487 5617 90.2133:‘33.?"12-‘Rfltdtl‘i'ezfeiusat
3523 5530 3825 5617 cumse."-

2199 5579 2544 5641 Bad.'omnes
2564 5599 2696 5644 mss.
2713 5605 2820 5647 uno
2835 5590 2992 5650 Colb.
3010 5603 3067 5651 et
3081 5579 3820 5673 alteroSerl—ton.ve-x—cepiis:

2199 5653 2536 5749 n_(i).lip§.
2591 5667 2659 5749 ei
2688 5659 2847 5731 Pan,
2879 5662 2973 5749 Sic
2999 5666 3158 5739 igitur
3186 5682 3206 5723 :
3236 5671 3602 5731 renitentibus
3647 5673 3818 5748 Βθά.⁸

2194 5723 2290 5783 Er.
2319 5723 2379 5783 ἐι
2410 5723 2543 5784 mss.
2587 5732 2660 5803 ᾖ
