4106 6192
295 287 400 345 463

1506 292 1599 354 DE
1636 296 2012 359 TRINITATE
2049 303 2256 360 LIBER
2294 304 2407 362 XII.

3495 318 3602 375 466

293 408 409 464 vias
433 407 526 465 Dei
558 417 795 464 creatam
825 423 946 464 esse
993 423 1053 464 se
1103 409 1276 478 dixit;
1318 419 1480 482 atque
1521 411 1594 468 ita
1635 422 1897 483 creatam,
1927 417 1977 478 Α
2006 433 2144 473 unus
2163 433 2230 474 ex
2257 435 2398 487 uno;
2429 421 2524 477 sed
2555 422 2619 477 ad
2649 422 3025 495 impiissimum
3070 438 3288 481 sensum
3315 469 3328 491 ,
3362 442 3429 482 ne
3459 426 3602 484 Deus

297 512 351 556 ut
380 501 660 557 fundatam
705 517 764 556 se
801 514 928 558 ante
973 503 1176 559 sa-cula
1215 503 1476 573 doceret,
1503 522 1574 562 ne
1602 517 1897 579 assumpta:

295 595 438 651 illius
462 595 608 651 varie
630 609 694 650 ac
724 595 1035 666 frequenter
1061 597 1356 654 creationis
1382 611 1780 657 sacramentum
1803 601 1899 658 de-

297 697 540 745 mutasse
558 698 804 744 naturam
830 689 1126 755 videretur,
1158 705 1280 746 cum
1320 691 1648 748 fundationis
1673 694 1900 752 ﬁrmitas

298 779 633 836 convellendi
665 789 836 836 status
866 795 972 836 non
1006 783 1275 852 reciperet
1303 785 1800 854 perturbationem;
1845 795 1902 843 at

298 888 428 930 vero
475 888 545 928 ne
589 873 832 930 fundatio
856 874 1001 931 aliud
1028 875 1319 947 quidquam
1363 894 1526 948 quam
1567 879 1899 937 nativitatem

303 965 582 1024 videretur
611 967 927 1037 osmndere,
958 977 1084 1025 ante
1107 971 1285 1026 omnia
1319 971 1562 1041 professa
1594 983 1679 1030 est
1701 989 1901 1030 essese

301 1061 577 1132 genitam:
609 1075 753 1116 nunc
790 1075 920 1117 vero
962 1075 1059 1117 cur
1103 1063 1307 1118 creatio
1336 1063 1404 1119 ad
1436 1066 1771 1122 nativitatem
1809 1067 1902 1123 de-

303 1161 536 1225 putatur,
565 1168 688 1209 cum
717 1169 836 1227 qua:
861 1155 1044 1225 genita
1091 1164 1218 1211 ante
1255 1155 1438 1211 omnia
1481 1166 1587 1223 est,
1639 1159 1752 1228 ipsa
1781 1157 1904 1214 fun-

300 1245 419 1301 data
459 1253 586 1302 ante
631 1246 828 1302 szecula
880 1256 992 1314 est;
1034 1262 1154 1318 qua:
1197 1256 1378 1304 autem
1406 1248 1626 1306 fundata
1652 1259 1778 1308 ante
1802 1267 1906 1307 sae-

301 1340 480 1396 culum
509 1350 615 1408 est,
643 1353 708 1395 ea
737 1339 854 1410 ipsa
885 1339 939 1395 in
967 1339 1177 1396 initium
1206 1342 1413 1397 viarum
1446 1342 1541 1399 Dei
1571 1344 1705 1399 etin
1735 1359 1904 1416 opera

300 1433 417 1504 ejus
438 1441 618 1490 creata
639 1448 671 1490 a
692 1433 909 1491 saeculis
936 1444 1018 1490 est
1046 1452 1060 1489 :
1092 1442 1149 1491 ut
1173 1436 1380 1492 creatio
1399 1452 1432 1493 a
1452 1438 1666 1494 saeculis
1687 1437 1906 1496 diﬂ'erre

300 1527 690 1600 intelligeretur
722 1527 791 1584 ab
827 1544 914 1594 ea,
949 1544 1070 1601 quas
1099 1538 1227 1587 ante
1269 1530 1469 1587 szecula
1511 1541 1568 1588 et
1609 1547 1730 1603 quae
1778 1541 1907 1590 ante

300 1623 550 1678 universa
583 1620 842 1678 nativitas
863 1630 970 1677 est.
995 1621 1110 1679 Non
1136 1622 1298 1678 habet
1321 1622 1409 1697 (l)
1435 1623 1627 1680 saltem
1652 1624 1907 1696 impietas

295 1714 533 1780 veniam,
554 1723 611 1770 ut
641 1714 945 1786 praetendat
965 1715 1260 1786 impietatis
1279 1732 1541 1772 errorem.

1997 512 2226 566 naturali
2257 513 2531 568 nativitatc
2558 516 2897 582 subsisteret,
2943 532 3065 572 cum
3107 527 3356 574 creatura
3412 521 3590 590 potius

1998 617 2066 659 ex
2125 603 2293 659 nihilo
2337 605 2501 678 439
2532 607 2882 665 substitisset.
2934 609 3048 664 Hoc
3093 609 3324 680 primum
3369 610 3602 668 infelicis

1999 696 2195 750 mentis
2226 705 2331 752 tuae
2358 699 2504 754 virus
2528 708 2631 767 est,
2666 716 2772 755 non
2801 701 3134 757 nativitatem
3167 709 3472 758 creaturam
3505 719 3603 760 no-

2000 787 2231 854 minare,
2263 789 2358 845 sed
2393 805 2490 859 pro
2512 791 2790 847 nativitate
2813 791 2883 864 (e)
2915 792 3073 847 fidem
3098 793 3356 848 creationi
3388 802 3597 864 aptare.

2001 877 2332 950 Quamquam
2381 880 2431 935 id
2470 881 2686 952 quidem
2734 882 2910 953 inopis
2956 883 3160 953 ingenii
3189 892 3356 952 esset,
3388 884 3483 940 sed
3515 895 3596 940 ta-

2005 987 2127 1027 men
2201 988 2306 1029 non
2379 974 2668 1030 admodum
2723 975 3049 1046 irreligiosi,
3101 985 3340 1032 creatum
3399 976 3603 1033 idcirco

2003 1064 2246 1133 dixisse,
2291 1077 2346 1122 ut
2391 1068 2738 1138 impassibilis
2799 1082 2866 1123 ex
2931 1067 3042 1124 Deo
3103 1076 3374 1140 tamquam
3445 1069 3606 1125 unius

2003 1172 2072 1214 ex
2098 1174 2205 1214 uno
2231 1160 2481 1215 nativitas
2508 1169 2846 1217 nosceretur.

2079 1251 2336 1307 51.Fides
2357 1262 2597 1307 constans
2609 1254 2671 1306 de
2682 1261 2873 1308 (eterna
2894 1251 3021 1307 Filii
3043 1251 3507 1309 nativitate.—Sed
3527 1253 3610 1308 ni-

2009 1344 2082 1399 hil
2116 1345 2307 1400 horum
2329 1355 2580 1402 constans
2601 1355 2764 1416 atque
2780 1347 3074 1418 apostolica
3097 1347 3228 1402 fides
3257 1348 3475 1416 patitur.
3497 1347 3611 1403 Scit

2009 1439 2151 1495 enim
2175 1439 2228 1494 in
2256 1455 2360 1511 qua
2380 1440 2782 1512 dispensatione
2809 1443 3069 1513 temporis
3097 1440 3346 1497 Christus
3371 1451 3608 1509 creatus,

2009 1541 2066 1588 et
2088 1533 2139 1588 in
2168 1547 2269 1603 qua
2305 1544 2606 1605 temporum
2637 1533 2939 1590 aeternitate
2978 1533 3050 1589 sit
3095 1543 3273 1589 natus.
3313 1534 3482 1590 Natus
3509 1549 3610 1588 au-

2012 1636 2120 1682 tem
2161 1640 2226 1680 ex
2281 1627 2390 1682 Deo
2431 1627 2569 1682 Deus
2597 1635 2700 1692 est,
2739 1637 2795 1682 et
2822 1641 2967 1682 vera:
2995 1627 3288 1682 nativitatis
3338 1629 3390 1683 in
3442 1641 3508 1682 co
3557 1637 3612 1682 et

2011 1719 2268 1791 perfectas
2312 1721 2677 1791 generationis
2728 1735 2833 1775 non
2885 1721 3132 1792 ambigua
3193 1721 3444 1777 divinitas
3500 1731 3605 1778 est.

371 1809 462 1866 50.
511 1808 628 1875 Quo
656 1825 810 1864 sensu
832 1810 925 1864 ctsi
951 1809 1204 1880 imperite,
1236 1827 1341 1866 non
1365 1821 1531 1866 tamen
1552 1811 1709 1882 impie
1737 1822 1904 1882 posset
1933 1813 1982 1874 B
2009 1812 2149 1868 Nibil
2174 1813 2318 1867 enim
2360 1813 2412 1867 in
2447 1812 2612 1869 rebus
2644 1813 2736 1868 Dei
2769 1813 2870 1868 nisi
2898 1821 3081 1868 natum
3109 1821 3163 1869 et
3191 1821 3452 1868 aeternum
3479 1827 3613 1868 con-

301 1902 555 1973 deputari.
582 1931 654 1940 —-
673 1899 916 1972 Namque
943 1901 1043 1956 etsi
1071 1901 1359 1956 infirmitas
1389 1901 1761 1972 intelligentiae
1781 1917 1907 1959 sen-

301 2010 416 2051 sum
438 1994 512 2067 (a)
543 1994 812 2066 religiosa:
837 1995 1109 2066 opinionis
1144 1995 1453 2065 impediret,
1489 2011 1557 2052 nc
1589 2011 1735 2053 nunc
1783 2011 1905 2068 qua:

301 2091 594 2146 creationis
623 2091 927 2162 proprietas
957 2100 1099 2146 esset
1145 2091 1403 2161 consequi
1455 2102 1672 2162 posset;
1722 2101 1901 2148 tamen

302 2182 384 2238 vel
413 2181 711 2238 secundum
745 2183 988 2254 Apostoli
1015 2181 1216 2239 dictum
1247 2183 1509 2240 facturam
1543 2200 1686 2240 verte
1713 2185 1910 2241 nativi-

303 2276 394 2331 tati
417 2277 495 2348 (ti)
522 2275 894 2347 deputantem,
919 2278 1250 2333 creatimiem
1276 2293 1490 2350 quoque
1516 2280 1618 2334 etsi
1658 2279 1898 2347 indocte,

306 2379 483 2427 tamen
529 2387 638 2428 non
687 2372 873 2442 impie,
931 2372 996 2427 ad
1044 2373 1412 2442 generationis
1456 2373 1615 2429 fidem
1646 2373 1910 2444 prolicere

305 2473 557 2535 Oportere
577 2464 889 2520 existimare
905 2463 1186 2520 debuerat.
1207 2465 1500 2535 Apostolus
1513 2466 1656 2522 enim
1674 2465 1908 2534 videtur,

307 2559 464 2614 unius
490 2573 556 2614 ex
584 2572 694 2612 uno
724 2557 1078 2624 nativitatem,
1120 2557 1173 2613 id
1218 2569 1320 2626 est,
1352 2557 1425 2630 (ε)
1467 2559 1680 2614 Domini
1707 2574 1775 2614 ex
1803 2558 1910 2615 vir-

305 2652 428 2722 gine
449 2651 569 2706 sine
592 2651 905 2720 passionum
938 2650 1291 2706 humanarum
1343 2661 1607 2722 conceptu
1649 2651 1912 2722 praedica-

310 2755 481 2812 turus,
515 2759 621 2801 non
650 2754 802 2800 extra
830 2744 1094 2800 rationem
1139 2745 1332 2814 factum
1357 2744 1422 2799 de
1448 2745 1658 2800 muliere
1698 2745 1912 2800 locutus

308 2853 451 2907 esse,
483 2854 645 2910 quem
675 2848 860 2894 natum
887 2837 1132 2905 sciebat,
1185 2838 1605 2908 frequenterque
1635 2837 1865 2894 dixisset
1894 2855 1909 2891 :

308 2940 369 2987 ut
409 2941 463 2988 et
502 2931 755 2987 nativitas
784 2930 1068 2987 veritatem
1098 2930 1467 3002 generationis
1498 2929 1830 2996 ostenderet,
1861 2939 1916 2986 et

312 3024 518 3082 factura
550 3024 710 3081 unius
757 3040 824 3080 ex
863 3040 970 3080 uno
999 3023 1083 3097 (Ξ)
1117 3024 1197 3098 (ά)
1228 3023 1559 3079 nativitatem
1591 3032 1916 3095 protestare-

313 3129 433 3186 tur;
474 3120 600 3191 quia
645 3121 896 3174 humana:
943 3119 1318 3189 permixtionis
1345 3129 1663 3187 conceptum
1692 3119 1916 3174 factum

2009 1903 2243 1960 lltemur.
2295 1903 2488 1960 Natum
2540 1915 2719 1961 autem
2774 1922 2882 1961 non
2933 1915 3056 1976 post
3085 1905 3288 1977 aliquid
3315 1948 3330 1972 ,
3361 1905 3458 1962 sed
3484 1914 3609 1962 ante

2009 1999 2188 2053 omnia
2221 2019 2238 2053 :
2279 2008 2330 2052 ut
2361 1999 2612 2054 nativitas
2659 2009 2862 2055 tantum
2896 2009 3126 2055 testatur
3158 2010 3468 2065 auctorem,
3503 2013 3609 2054 non

2011 2097 2400 2161 praeposterum
2451 2089 2650 2161 aliquid
2685 2091 2737 2145 in
2769 2105 2829 2146 se
2861 2091 2928 2145 ab
2953 2100 3173 2146 auctore
3219 2090 3505 2162 significet.
3547 2090 3614 2146 Et

2011 2182 2224 2253 quidem
2269 2182 2612 2239 confessione
2657 2184 2954 2248 communi,
3000 2183 3236 2239 secunda
3281 2183 3500 2255 quidem
3542 2184 3610 2240 ab

2010 2281 2232 2329 auctore
2281 2274 2532 2330 nativitas
2573 2283 2674 2341 est,
2723 2275 2848 2345 quia
2877 2290 2944 2330 ex
2977 2275 3090 2330 Dco
3131 2285 3248 2344 est;
3279 2290 3385 2330 non
3433 2285 3612 2331 tamen

2011 2367 2328 2438 separabilis
2379 2368 2447 2424 ab
2496 2378 2764 2436 auctore,
2823 2369 2948 2440 quia
3003 2371 3058 2424 in
3110 2377 3370 2440 quantum
3421 2383 3615 2424 sensus

2014 2471 2200 2519 noster
2222 2463 2632 2533 intelligentiam
2665 2462 2892 2518 tentabit
2913 2463 3210 2517 nativitatis
3239 2463 3526 2529 excedere,
3555 2463 3608 2517 in

2015 2564 2222 2610 tantum
2273 2570 2498 2612 necesse
2535 2566 2622 2611 est
2665 2556 2828 2611 etiam
2855 2555 2932 2627 (Γ)
2962 2555 3326 2626 generationis
3369 2554 3615 2610 excedat.

2017 2649 2095 2720 (5)
2120 2649 2282 2706 Solus
2303 2648 2484 2719 itaque
2515 2649 2601 2704 hic
2622 2649 2742 2722 pius
2769 2649 2838 2704 de
2870 2649 2978 2703 Deo
3001 2663 3185 2704 sermo
3213 2657 3317 2715 est,
3346 2651 3486 2704 seire
3514 2649 3618 2704 Pa-

2018 2751 2152 2796 trem
2187 2759 2202 2794 :
2235 2743 2376 2798 scire
2417 2751 2471 2798 et
2511 2756 2632 2796 eum
2661 2756 2727 2796 eo
2759 2755 2883 2796 eum
2911 2740 3000 2811 qui
3032 2756 3101 2796 ex
3123 2755 3189 2797 eo
3211 2741 3401 2796 Filius.
3432 2740 3620 2812 Neque

2015 2849 2146 2891 sane
2195 2835 2338 2891 aliud
2373 2835 2443 2892 de
2491 2836 2623 2901 Deo,
2669 2845 3048 2906 praeterquam
3080 2845 3284 2904 patrem
3331 2851 3453 2892 eum
3497 2851 3618 2892 esse

2017 2930 2278 3000 unigeniti
2310 2931 2404 2986 Dei
2435 2939 2489 2985 et
2510 2929 2794 2993 creatoris,
2827 2928 3110 2985 docemur.
3142 2927 3294 2984 Ultra
3333 2944 3394 2984 se
3440 2930 3623 3000 itaque

2019 3024 2303 3080 infirmitas
2335 3024 2566 3079 humana
2597 3038 2702 3080 non
2738 3022 2925 3079 tendat
2966 3041 2980 3077 :
3024 3030 3079 3078 et
3122 3023 3370 3094 loquatur
3398 3022 3501 3077 hoc
3531 3037 3620 3076 so-

2020 3117 2155 3187 lum,
2189 3119 2242 3174 in
2265 3133 2372 3189 quo
2397 3118 2517 3173 solo
2541 3117 2590 3173 ei
2621 3116 2769 3171 salus
2793 3124 2908 3181 est,
2939 3123 3065 3170 ante
3093 3115 3272 3169 carnis
3309 3128 3617 3170 sacramen-

310 3227 514 3270 nomen
534 3211 868 3279 excluderet,
891 3225 1014 3268 cum
1043 3211 1214 3266 factus
1244 3227 1368 3268 esse
1403 3227 1470 3267 ex
1506 3212 1714 3283 virgine
1738 3212 1916 3268 disce-
1944 3214 1989 3279 C
2025 3220 2134 3266 tum
2179 3210 2234 3266 in
2285 3211 2513 3266 Domino
2557 3209 2687 3266 Jesu
2735 3207 2954 3264 Christo
2983 3207 3086 3263 hoc
3112 3221 3173 3264 se
3204 3221 3422 3278 semper
3458 3207 3622 3275 scire,

310 3319 488 3374 retur,
509 3308 600 3378 qui
627 3315 787 3362 natus
811 3306 980 3378 magis
1019 3321 1141 3362 esse
1169 3321 1274 3362 non
1296 3306 1690 3376 ambigebatur.
1709 3306 1780 3361 At
1799 3306 1922 3362 vide

314 3411 395 3467 tu,
426 3416 588 3473 quam
633 3401 711 3456 sis
755 3400 972 3470 impius,
1025 3415 1058 3454 o
1106 3399 1381 3455 haeretice.
1431 3397 1687 3456 Creatum
1733 3399 1920 3455 Jesum

313 3493 591 3549 Christum
625 3493 802 3563 potius
830 3507 897 3547 ex
927 3491 1061 3558 Deo,
1090 3505 1251 3562 quam
1305 3500 1492 3546 natum
1537 3506 1691 3557 esse,
1741 3505 1922 3547 sermo

316 3589 501 3644 nullus
538 3595 631 3642 aut
658 3585 1004 3656 prOpbcticus
1030 3594 1119 3639 aut
1149 3585 1495 3655 evangelicus
1531 3591 1624 3638 aut
1659 3585 1921 3654 apostoli-

315 3696 417 3738 cus
441 3679 760 3737 estlocutus
802 3697 814 3734 :
860 3685 917 3732 tu
948 3691 1077 3733 vero
1107 3676 1440 3732 nativitatem
1474 3692 1658 3748 negas,
1687 3687 1740 3732 et
1771 3677 1918 3731 affir-

319 3787 439 3828 mas
461 3780 789 3836 creaturam,
831 3787 935 3824 non
967 3769 1262 3824 secundum
1294 3769 1740 3839 significationem
1776 3773 1920 3840 Apo-

319 3865 471 3933 stoli,
500 3863 700 3920 factum
727 3877 848 3919 esse
874 3861 1105 3918 dicentis
1129 3878 1195 3916 ne
1225 3873 1382 3917 natus
1409 3877 1532 3918 esse
1559 3862 1920 3933 ambigeretur

396 3985 477 4057 (l)
522 3984 712 4040 Saltim
741 3996 842 4053 pro
867 3981 1046 4036 saltent
1087 3979 1251 4035 habet
1286 3994 1499 4050 quoque
1530 3979 1656 4034 alibi
1697 3979 1929 4050 scriptus

325 4058 466 4114 liber
497 4064 704 4111 noster.
1324 4069 1334 4075 -

399 4129 479 4201 (2)
522 4125 876 4181 Divinitatem.

403 4245 479 4316 (a)
525 4243 690 4307 Editi,
717 4240 1026 4316 irreligiostg
1047 4239 1455 4316 :“cmcndautur
1482 4254 1547 4292 cx
1576 4236 1811 4316 scriptis.

408 4307 484 4386 (ὁ)
528 4316 583 4370 In
615 4322 826 4369 vetusto
854 4307 956 4367 ms.
988 4309 1145 4386 Culb.
1193 4327 1255 4365 ac
1295 4311 1506 4386 Gellii"
1559 4307 1929 4386 deputandum.

328 4379 613 4446 Mulli-mus
634 4385 943 4454 deputnntis,
969 4383 1085 4437 scil.
1111 4381 1636 4451 Apostoli.Exemplo
1663 4379 1928 4448 Apostoli,

329 4462 420 4530 qui
451 4459 734 4514 Christum
761 4467 812 4530 c_t
834 4464 1020 4530 natum
1055 4455 1192 4508 dixit
1218 4464 1272 4508 ct
1303 4456 1518 4520 laetum,
1567 4462 1624 4506 ut
1653 4467 1774 4506 cum
1807 4465 1930 4530 veru

331 4522 478 4589 esset
510 4531 654 4585 illius
687 4526 932 4581 nativitas
958 4568 972 4590 ,
1015 4541 1133 4580 eam
1179 4533 1356 4579 tamen
1387 4541 1492 4579 non
1546 4539 1609 4578 ex
1659 4522 1932 4590 communi

333 4605 474 4673 lege,
509 4600 604 4656 sed
629 4616 697 4673 cx,
720 4613 822 4652 una
857 4597 1073 4673 Virgine
1107 4611 1247 4662 csse,
1283 4591 1794 4673 facturtevocabnlo
1835 4593 1932 4647 de-

330 4655 609 4736 'ciiiéiret;
668 4671 828 4724 docet
882 4655 1113 4723 Hilarius
1163 4655 1449 4737 utrumque
1504 4666 1632 4720 illud
1685 4655 2013 4737 verbum,D

331 4763 444 4818 quo
474 4742 747 4818 Sapientia
794 4741 1023 4818 primum
1069 4754 1130 4794 se
1169 4736 1428 4818 genitam,
1470 4753 1533 4792 ac
1559 4736 1755 4817 deinde
1781 4750 1927 4789 crea-

335 4808 447 4872 t'am
486 4808 766 4870 testificata
798 4808 902 4877 cs',
949 4809 1014 4863 ad
1057 4819 1316 4864 aeternam
1341 4809 1482 4863 illius
1506 4808 1932 4877 generationem,

331 4889 442 4945 etsi
468 4886 707 4947 indocte,
741 4881 957 4937 licuisse
989 4891 1163 4936 tamen
1194 4881 1414 4944 referri;
1457 4879 1618 4934 modo
1643 4877 1936 4933 creationis

333 4960 562 5016 nomine
615 4971 720 5010 nun
774 4953 1150 5008 excluderetur
1205 4952 1496 5006 nativitatis
1565 4949 1784 5013 veritas,
1841 4949 1937 5002 sed

332 5031 722 5088 05tenderctur
775 5034 978 5079 tantum
1025 5023 1160 5076 ratio
1201 5021 1488 5092 singularis
1513 5064 1526 5087 ,
1560 5037 1662 5090 qua
1705 5033 1841 5074 unus
1871 5033 1938 5092 ex

335 5118 452 5158 uno
474 5101 678 5170 absque
706 5096 810 5151 ulla
842 5095 1094 5170 passione
1122 5089 1404 5170 natus:est.
1442 5089 1814 5170 [lacinductm
1843 5089 1938 5170 sed

334 5161 659 5252 non__impia
698 5161 1396 5252 iutcrpretatiune,“eadem
1443 5163 1736 5252 Sapientiae
1775 5161 1940 5252 verba

335 5231 684 5300 intellexisse
733 5231 984 5308 leguntur
1037 5231 1262 5308 Basilius
1321 5231 1532 5308 Ancyr.‘
1575 5245 1630 5289 et
1674 5231 1942 5308 Georgius

333 5315 566 5374 Laodic.
615 5311 753 5376 apud
785 5301 1186 5378 "Epiphanium,
1219 5307 1352 5378 hazr.
1402 5301 1565 5362 ιὶιιιιιι
1586 5348 1601 5373 ,
1632 5322 1687 5361 n.
1718 5301 1941 5369 20,7ubi

335 5389 539 5443 aiunt:
579 5375 749 5437 Filius
788 5375 1166 5444 cunt—dixisset,
1210 5375 1462 5431 Dominus
1511 5379 1699 5432 creavit
1735 5392 1846 5440 me;
1883 5389 1946 5428 ne

338 5472 670 5515 communem
698 5455 809 5524 ejus
829 5468 946 5504 cum
968 5451 1154 5524 creatis
1184 5449 1335 5524 rebus
1359 5451 1554 5524 ueteris
1582 5459 1818 5502 naturam
1839 5460 1947 5524 esse

336 5517 747 5598 suspicarentur,
776 5523 1075 5598 necessario
1120 5523 1349 5598 subjecit,
1404 5521 1535 5598 Ante
1579 5536 1751 5598 omnes
1793 5517 1947 5571 colles

339 5592 522 5676 genuit
547 5613 647 5653 me.
683 5596 878 5676 Quibus
899 5596 1034 5660 piam
1062 5592 1204 5674 nobis
1231 5609 1293 5646 ac
1312 5593 1565 5675 passionis
1586 5592 1750 5645 omnis
1765 5604 1944 5658 exper-

340 5664 452 5731 ῖεηι
479 5673 644 5743 ipsius
664 5685 740 5743 ea;
757 5666 914 5743 Patre
940 5664 1587 5743 proprietateineapressit.

398 5729 512 5816 ,(ο)’
546 5741 768 5806 Excusi,
796 5736 849 5791 id
873 5729 968 5804 est,
1002 5729 1169 5790 Deum
1207 5751 1270 5789 eos
1305 5729 1518 5803 Virgine
1547 5750 1564 5788 :
1593 5729 1950 5789 enitendantur

340 5832 414 5872 ex
444 5830 574 5870 11185.

2025 3304 2168 3375 quod
2200 3312 2357 3359 natus
2383 3314 2484 3360 est.

2098 3396 2187 3452 52.
2233 3395 2370 3451 Huic
2396 3413 2450 3450 se
2477 3394 2738 3451 att/tmere
2766 3395 3038 3464 proﬁtetur
3066 3392 3308 3447 Hilarius
3343 3409 3496 3463 quam
3536 3408 3627 3447 nec

2023 3507 2177 3547 sensu
2202 3507 2296 3545 suo
2324 3490 2573 3561 prie/init.
2599 3519 2673 3529 —
2697 3489 2778 3560 (g)
2808 3489 2918 3559 Ego
2963 3486 3206 3558 quidem,
3263 3487 3316 3540 in
3362 3496 3624 3556 quantum

2023 3598 2286 3640 concesso
2319 3583 2447 3638 mihi
2481 3583 2584 3638 hoc
2623 3598 2652 3635 a
2696 3591 2750 3638 te
2793 3582 2984 3651 spiritu
3013 3579 3226 3651 vigebo,
3258 3589 3442 3634 sancte
3469 3579 3628 3633 Pater

2028 3679 2372 3747 omnipotens
2405 3676 2567 3741 Deus,
2602 3685 2658 3730 ut
2687 3685 2948 3730 aeternum
2973 3681 3024 3728 te
3053 3673 3242 3737 Deum,
3265 3671 3336 3725 ita
3363 3680 3626 3725 mternum

2027 3780 2081 3825 et
2113 3779 2318 3840 patrem
2340 3768 2660 3824 conﬁtebor.
2695 3766 2877 3837 Neque
2913 3767 2965 3822 in
2995 3765 3046 3820 id
3076 3778 3331 3834 umquam
3381 3761 3628 3818 stultitiae

2027 3871 2188 3934 atque
2221 3860 2514 3932 impietatis
2543 3874 2845 3929 erumpam,
2879 3867 2935 3913 ut
2979 3857 3379 3927 omnipotentia:
3407 3862 3510 3910 tua:
3541 3868 3632 3908 sa-

2108 3979 2185 4050 (5)
2227 3978 2384 4034 Solus
2411 3979 2494 4050 liii:
2523 3977 2699 4050 itaque
2717 3977 2833 4050 pius
2860 3974 2923 4027 de
2953 3972 3060 4026 Deo
3097 3988 3279 4050 sermo.
3307 3980 3396 4050 est.
3447 3969 3635 4050 Neque

2035 4039 2179 4106 ultra
2229 4049 2473 4120 procedit
2526 4039 2630 4103 nis.
2691 4039 2843 4110 liber,
2910 4055 3179 4116 postrema
3233 4042 3420 4099 charta
3479 4041 3637 4096 dimi-

2033 4133 2212 4178 ηιιιιιε.

2109 4241 2191 4312 (d)
2231 4240 2288 4296 In
2335 4233 2940 4312 antiquis__mss.‘_Ya_t.
2991 4233 3146 4312 bas._,
3204 4229 3456 4312 Martin.,
3505 4229 3639 4312 Car-

2040 4303 2259 4368 nuL'et
2308 4303 2514 4381 aliquot
2560 4307 2700 4374 aliis,
2745 4305 3080 4381 divinitatem.
3109 4303 3635 4381 Rectius-inlvetcre

2036 4384 2217 4444 Colb..
2242 4373 2429 4447 Corbf,
2457 4373 2936 4444 etc.,natiuitatem,
2956 4391 3076 4430 cum
3108 4388 3288 4430 sermo
3313 4373 3380 4428 sit
3411 4373 3478 4428 dc
3505 4383 3640 4426 tem-

2040 4454 2250 4526 poraria
2279 4453 2480 4509 Christi
2508 4467 2580 4508 ex
2615 4449 2832 4520 Virgine
2864 4447 3164 4502 nativitate.

2113 4548 2370 4622 (e)iLoco
2417 4545 2566 4600 verbi
2606 4543 2780 4622 [ξάεριι.
2834 4541 2978 4611 Lips.
3027 4546 3087 4622 et
3128 4538 3252 4622 Par.
3309 4533 3636 4622 exAErasmi

2040 4607 2279 4692 margine
2313 4621 2505 4692 frustra
2555 4607 2944 4692 subsntucrunt
2973 4609 3351 4692 contumeliam.
3387 4607 3637 4692 .Arguu-n:

2042 4705 2126 4748 tur
2154 4681 2390 4745 haeretici
2417 4731 2432 4755 ,
2463 4702 2568 4742 n0n
2599 4685 2740 4753 quod
2777 4694 3032 4755 mtcrnam
3069 4681 3355 4755 Sapientia:
3386 4681 3637 4755 inereattu

2038 4745 2439 4834 generationem
2462 4745 2790 4834 creationem
2818 4753 3031 4834 indocte
3054 4745 3466 4834 fl0lllill0lll,|SCll
3495 4745 3638 4834 quod

2039 4818 2204 4903 impie
2233 4830 2393 4886 etiam
2423 4827 2667 4903 credant.
2701 4825 2834 4903 Tuto
2863 4823 2964 4903 hoc
3006 4834 3252 4903 numero,
3285 4818 3389 4903 sed
3410 4832 3639 4903 praeser-

2042 4891 2136 4959 tim
2170 4903 2350 4956 verbis
2392 4896 2841 4970 subsequentibus
2873 4892 3043 4946 notari
3079 4891 3286 4970 videtur
3319 4891 3643 4970 interpreta-

2043 4978 2118 5032 tio
2150 4972 2330 5028 Basilii
2359 4983 2413 5028 et
2441 4961 2679 5037 Georgii,
2715 4981 2943 5037 quorum
2988 4962 3150 5037 verba
3178 4961 3426 5037 superius
3449 4961 3640 5013 retuli-

2044 5061 2182 5101 mus.
2209 5043 2344 5099 Cum
2367 5052 2548 5097 autem
2578 5033 2693 5093 liwc
2723 5033 2796 5089 illi
2827 5033 3142 5104 scripserint
3167 5034 3394 5104 Ancyrae
3417 5045 3645 5104 congre-

2043 5119 2305 5189 gatiante
2330 5115 2476 5189 diem
2506 5111 2709 5189 festum
2746 5101 2969 5189 Daschaz
3012 5101 3645 5189 anni‘35.8,conjectare

2046 5175 2127 5244 Est
2158 5187 2297 5242 hunc
2327 5185 2518 5240 librum
2542 5179 2747 5254 synodo
2771 5179 2862 5234 illa
2885 5191 3007 5232 esse
3039 5175 3416 5246 posteriorem.

2119 5280 2188 5356 ([)
2232 5279 2373 5336 Editi
2406 5321 2420 5346 ,
2470 5283 2699 5356 excepto
2757 5273 2908 5356 ἰδέη-,Ρ
2949 5270 3246 5356 generatio,
3304 5267 3646 5356 paulunaute

2051 5340 2252 5412 omissa
2283 5340 2419 5406 voce
2440 5340 2741 5402 nativitatis.
2774 5343 2904 5418 Post
2929 5340 3249 5418 vocabulum
3278 5340 3644 5418 generqtionis,

2052 5411 2184 5480 satis
2215 5419 2534 5492 intelligitur
2560 5418 2844 5492 tacitagvox
2870 5411 3288 5487 intelligentiam,
3305 5425 3425 5480 qua:
3452 5411 3503 5462 in
3537 5423 3640 5462 ms.

2052 5495 2274 5551 Pratell.
2311 5488 2472 5548 etiam
2505 5488 2848 5560 exprimitur.

2129 5584 2206 5660 (g)
2247 5585 2304 5640 In
2327 5599 2440 5660 gms.
2466 5583 2692 5660 Carnut.
2715 5579 2805 5660 hic
2833 5577 2970 5660 tituli
2995 5576 3046 5631 in
3069 5588 3272 5660 murem
3297 5578 3647 5660 praenotatur,

2058 5640 2283 5715 (triuio:
2326 5656 2381 5712 in
2431 5654 2550 5710 aliis
2603 5649 3035 5716 recentioribus,
3110 5640 3310 5700 Oratio
3331 5643 3494 5699 sancti
3548 5640 3648 5695 Hi-

2057 5732 2197 5787 larii.
