4106 6192
306 293 412 351 469

1512 286 1602 345 DE
1641 278 2017 345 TRINI‘I'ATE
2055 281 2261 341 LIBER
2300 283 2416 342 XII.

3510 290 3618 351 470

307 410 432 467 dem
474 423 670 485 parum
710 408 946 475 esthoc,
980 408 1107 467 fidei
1141 424 1277 479 meae
1304 423 1366 468 ae
1387 408 1539 466 vocis
1562 406 1767 477 officio,
1794 406 1905 463 Do-
1933 434 1986 496 Α
2009 403 2143 462 Nam
2170 412 2229 460 ut
2250 406 2302 461 in
2329 419 2398 462 eo
2417 445 2432 473 ,
2462 404 2606 477 quod
2633 413 2762 462 aute
2786 411 2990 462 aeterna
3020 409 3267 478 tempora
3293 403 3621 479 Unigenitus

309 504 518 561 minam
539 510 595 559 et
606 502 773 558 Deum
802 516 981 559 meum
996 502 1329 575 unigenitum
1345 509 1495 558 tuum
1517 498 1703 556 Jesum
1749 496 1905 554 Chri-

308 604 454 653 stum
485 604 789 653 creaturam
812 611 1013 668 negare
1041 614 1054 651 :
1089 595 1252 666 hujus
1276 611 1378 667 ego
1419 593 1658 650 nominis
1686 606 1914 649 consor-

309 690 445 745 tium
476 703 546 745 ne
565 689 620 744 in
640 698 827 745 sancto
849 688 1067 760 quidem
1089 688 1291 761 Spiritu
1307 699 1397 745 tuo
1414 688 1606 759 patiar,
1625 702 1695 743 ex
1710 692 1768 741 te
1789 700 1914 756 pro-

313 783 477 850 fecto,
500 790 554 837 et
583 797 676 851 per
696 797 818 838 eum
843 783 1030 839 misso.
1062 782 1249 856 Magna
1274 780 1438 856 M2
1466 782 1608 838 enim
1635 779 1766 835 mihi
1786 793 1915 849 erga

313 890 405 932 res
435 884 555 931 tuas
579 874 774 946 religio
800 884 903 931 est.
934 875 1141 947 Neque,
1172 876 1296 946 quia
1324 884 1380 931 te
1420 874 1595 930 solum
1625 872 1703 946 (a)
1732 872 1914 928 innas-

315 967 553 1033 cibilem,
587 976 642 1022 et
665 968 999 1039 unigenitum
1036 983 1103 1024 ex
1144 977 1198 1023 te
1228 976 1414 1023 natum
1443 966 1642 1030 sciens,
1675 964 1915 1034 genitum

321 1059 395 1133 (ὁ)
426 1068 607 1114 tamen
632 1056 891 1129 Spiritum
922 1069 1165 1115 sanctum
1185 1075 1295 1114 non
1318 1058 1558 1114 dicturus
1584 1057 1709 1124 sim,
1739 1055 1917 1111 dicam

321 1167 579 1224 umquam
608 1161 871 1208 creatum.
905 1151 1077 1224 Hujus
1102 1168 1201 1224 ego
1232 1140 1401 1219 dicti,
1434 1150 1577 1223 quod
1612 1149 1744 1205 mihi
1793 1163 1916 1203 cum

322 1245 535 1301 caeteris
561 1259 590 1297 a
635 1254 688 1300 te
725 1244 1028 1301 substitutis
1051 1260 1341 1301 commune
1365 1253 1468 1311 est,
1500 1242 1573 1316 (ε)
1606 1243 1673 1298 ad
1702 1251 1754 1298 te
1778 1257 1916 1314 quo-

324 1354 428 1408 que
471 1346 826 1409 prorepentes
867 1340 1031 1395 timeo
1080 1339 1451 1396 contumelias.
1500 1336 1772 1392 Profunda
1828 1344 1916 1391 tua

323 1445 544 1488 sanctus
574 1432 806 1503 Spiritus
849 1442 973 1488 tuus
993 1477 1006 1499 ,
1049 1434 1344 1489 secundum
1372 1431 1690 1502 Apostolum
1720 1430 1764 1501 (l
1794 1428 1915 1485 Cor.

321 1539 386 1590 tt,
421 1522 554 1589 i0),
594 1531 869 1579 scrutatur
893 1533 951 1580 et
998 1524 1169 1589 novit,
1208 1532 1266 1578 et
1304 1522 1676 1594 interpellator
1707 1537 1804 1593 pro
1831 1536 1920 1578 me

322 1626 447 1673 tuus
475 1615 857 1673 inenarrabilis
881 1632 911 1671 a
943 1633 1032 1673 me
1061 1618 1156 1673 tibi
1186 1617 1424 1689 loquitur
1452 1634 1467 1670 :
1502 1625 1559 1672 et
1582 1630 1685 1686 ego
1711 1624 1920 1672 natum

320 1726 433 1766 sua:
460 1725 528 1765 ex
560 1719 613 1765 te
637 1707 721 1784 (ά)
751 1724 849 1780 per
877 1710 1212 1780 unigenitum
1260 1719 1409 1766 tuum
1435 1710 1702 1766 manentis
1730 1717 1923 1780 poten-

325 1805 453 1859 tiam
482 1803 775 1859 creationis
803 1805 1022 1859 nomine
1062 1820 1166 1858 non
1220 1803 1383 1860 modo
1411 1801 1482 1876 (e)
1529 1803 1770 1873 eloquar,
1822 1802 1917 1859 sed
1948 1833 1997 1893 Β

320 1891 482 1946 etiam
511 1890 835 1946 infamabo?
862 1890 1018 1946 Nulla
1047 1899 1100 1947 te
1126 1892 1228 1946 nisi
1260 1906 1350 1947 res
1379 1899 1467 1944 tua
1490 1899 1740 1960 penetrat
1771 1908 1784 1944 :
1819 1903 1919 1945 nec

316 1982 648 2055 profundum
680 1984 961 2040 immensae
988 1983 1288 2054 majestatis
1322 1991 1464 2050 tute,
1500 1983 1798 2052 peregrina:
1836 1991 1923 2036 at-

315 2093 423 2149 que
469 2078 665 2134 aliena
714 2092 745 2134 a
776 2087 827 2134 te
877 2077 1095 2134 virtutis
1150 2090 1313 2132 causa
1341 2075 1584 2132 metitur.
1617 2075 1789 2131 Tuum
1833 2084 1917 2131 est

317 2169 575 2241 quidquid
605 2178 660 2226 te
688 2169 825 2225 init:
854 2184 1032 2241 neque
1075 2167 1312 2225 alienum
1359 2181 1390 2222 a
1423 2176 1475 2223 te
1516 2175 1633 2237 est,
1662 2166 1935 2238 quidquid-

318 2266 518 2321 virtute
537 2265 604 2337 (f)
625 2262 915 2320 scrutantis
936 2263 1097 2320 inest.

387 2358 481 2414 56.
510 2356 887 2413 lnenarralrilis
914 2365 1010 2413 est.
1043 2385 1113 2398 --
1147 2354 1276 2411 Mihi
1314 2363 1494 2412 autem
1540 2352 1921 2413 inenarrabilis

317 2460 423 2519 est,
453 2450 610 2521 cujus
649 2465 748 2521 pro
783 2464 873 2507 me
910 2448 1046 2505 mihi
1077 2448 1466 2504 inenarrabiles
1496 2458 1622 2503 sunt
1666 2448 1917 2521 loquelae.

391 2630 473 2705 (is)
504 2630 658 2705 Hunc
684 2630 875 2705 locum
894 2629 1159 2705 Erasmus
1194 2630 1251 2705 i_n
1272 2629 1489 2705 pruriat.
1522 2629 1770 2684 censoria
1802 2629 1918 2686 vir-

316 2700 703 2776 gula'notavit,
727 2703 901 2776 quusi,
931 2702 1139 2776 inquit,
1157 2773 1168 2776 _
1185 2700 1416 2776 Spiritu_s
1444 2709 1652 2776 sanctus
1678 2712 1923 2758 nascatur

319 2771 367 2832 Et
392 2777 503 2843 ipse
530 2793 564 2830 α
590 2774 767 2830 Patre.
797 2774 903 2829 Sed
930 2771 1053 2828 cuin
1086 2773 1321 2829 llilarius
1369 2771 1629 2843 Spiritum
1677 2782 1919 2827 sanctum

316 2841 560 2918 genitum
611 2862 717 2918 non
750 2859 868 2899 esse
898 2843 1184 2918 dicendum
1230 2841 1473 2918 proxime
1519 2841 1777 2918 afﬁrmet;
1823 2843 1923 2898 Pa-

321 2913 459 2973 irem
493 2919 664 2972 solum
701 2916 1054 2970 innascibilem
1083 2917 1223 2970 satis
1245 2913 1560 2983 intelligitur
1585 2913 1879 2981 praedicare
1902 2957 1918 2980 ,

318 3005 428 3045 non
458 2991 586 3060 quia
612 2988 763 3060 solus
786 2989 860 3060 sit
886 2989 1177 3042 nativitatis
1203 2999 1433 3056 expers;
1485 2983 1581 3060 sed
1620 2985 1744 3055 quia
1772 2986 1922 3060 solus

317 3063 440 3115 sine
468 3056 754 3129 principio,
787 3058 931 3113 solus
961 3060 1079 3113 sine
1125 3065 1346 3111 auctore
1372 3098 1385 3117 ,
1439 3056 1586 3109 solus
1631 3057 1919 3112 essentiam

318 3146 475 3189 suam
507 3131 705 3186 habent
750 3129 818 3183 ab
848 3131 953 3183 alio
986 3146 1090 3183 non
1135 3139 1431 3193 acceptam,
1464 3141 1582 3193 seu,
1618 3134 1676 3180 ut
1705 3136 1918 3193 vocant,

319 3203 857 3258 incommttnicatam.
888 3200 1020 3268 Quae
1048 3196 1298 3270 loquendi
1344 3199 1479 3252 ratio
1514 3197 1654 3266 apud
1682 3196 1919 3254 Theolo-

320 3289 421 3344 gos
447 3275 521 3328 ita
550 3274 849 3344 etiamnum
878 3279 1097 3341 recepta
1122 3280 1226 3344 est,
1280 3270 1755 3344 ut__inaoscibili_tas
1779 3270 1921 3344 apud

320 3340 642 3431 ίιιοθεθιτίε
672 3340 1925 3431 "0‘19.99958‘fi"".-..N°‘LE"??f°2§3§i'flf“2“$°
1952 3366 1999 3431 c

319 3416 613 3472 concilium
645 3431 733 3471 an.
761 3412 887 3482 551,
913 3413 1094 3469 anath.
1122 3413 1189 3469 l9
1221 3431 1233 3465 :
1270 3412 1328 3467 Si
1359 3414 1471 3478 quis
1501 3410 1753 3482 Spiritum
1787 3411 1920 3467 San-

319 3497 463 3542 ctum
517 3485 845 3540 Paracletum
898 3486 1072 3540 dicens
1094 3526 1108 3551 ,
1161 3483 1512 3539 innascibilem
1557 3481 1722 3537 Deum
1763 3483 1922 3552 dicat,

321 3558 598 3613 anathema
622 3559 708 3611 sit.

400 3632 475 3701 (ι)
499 3630 615 3701 Non
645 3626 834 3701 leviter
855 3627 1261 3697 prmtereundus
1284 3634 1365 3680 est
1395 3624 1485 3681 hic
1515 3625 1685 3690 locus,
1715 3625 1804 3682 ubi
1834 3625 1924 3682 lli-

324 3699 490 3760 larius
519 3700 723 3757 diserte
767 3699 963 3771 fatetur
993 3701 1250 3771 Spiritum
1281 3707 1524 3751 sanctum
1550 3713 1654 3752 non
1681 3712 1799 3771 esse
1828 3712 1923 3768 ge-

322 3775 525 3839 nitum,
547 3788 670 3826 cum
700 3779 875 3825 tamen
901 3770 994 3826 lib.
1033 3768 1126 3838 vn,
1154 3786 1208 3825 n.
1243 3771 1332 3833 15,
1364 3776 1571 3823 asserat
1600 3768 1742 3838 quod
1774 3779 1926 3822 natu-

320 3861 401 3898 rce
428 3842 773 3910 aequalitatem
798 3842 908 3895 sola
934 3844 1093 3911 possit
1122 3852 1363 3909 praestare
1388 3839 1667 3903 natioitos;
1693 3847 1749 3892 et
1774 3855 1922 3894 nutu.

321 3916 401 3970 26
428 3931 443 3967 :
475 3914 605 3970 Sole
642 3913 690 3968 ei
718 3914 958 3966 nuticitas
986 3914 1084 3982 ﬁlii
1110 3929 1212 3967 non
1249 3912 1405 3982 impie
1424 3926 1515 3982 per
1535 3911 1926 3965 similitudinem

324 3986 554 4041 creditur
578 3984 814 4056 (aqualis.
847 3983 963 4056 imo
988 3981 993 3982 ν
1023 3986 1072 4038 in
1127 3983 1230 4056 hoc
1260 3981 1375 4056 ipso
1398 3981 1536 4056 libro
1569 3983 1810 4056 proxime
1832 3997 1927 4037 au-

325 4058 584 4122 divimus,
619 4050 671 4110 ti.
706 4055 766 4109 5i
796 4073 807 4106 :
835 4053 983 4108 Nihil
1011 4058 1146 4109 enim
1172 4055 1223 4110 in
1254 4050 1405 4107 rebus
1434 4050 1533 4106 Dei
1556 4050 1654 4105 nisi
1676 4061 1851 4106 natum
1880 4062 1925 4107 et

322 4139 576 4184 temnunt
604 4127 924 4194 conﬁtemur.
972 4126 1047 4180 Ex
1088 4140 1195 4196 quo
1223 4124 1486 4195 sequitur,
1517 4123 1776 4193 Spiritum
1801 4137 1926 4196 san-

322 4209 473 4255 ctum
527 4213 631 4253 non
659 4211 781 4253 esse
813 4198 922 4253 Deo
950 4195 1233 4267 aqualem.
1269 4197 1416 4267 Illius
1458 4205 1633 4267 tamen
1660 4208 1782 4249 cum
1815 4195 1923 4249 Deo

321 4273 621 4334 unitatem,
653 4276 708 4323 et
739 4264 1101 4339 aequalitatem
1130 4284 1251 4324 cum
1283 4266 1444 4339 Patre
1488 4264 1573 4339 hic
1614 4274 1745 4339 tam
1776 4267 1925 4321 lucu-

321 4342 504 4399 lenter
545 4336 888 4400 adstruit,'ut
922 4339 1290 4410 superioribus
1332 4341 1382 4392 in
1426 4336 1555 4410 locis
1586 4337 1921 4410 nativitatem

320 4411 622 4467 conditioni
646 4412 731 4464 vel
760 4426 823 4465 ex
854 4407 1044 4477 nihilo,
1078 4413 1157 4465 vel
1188 4426 1250 4466 ex
1274 4410 1445 4464 aliena
1474 4407 1795 4475 subsmutia,
1824 4409 1923 4463 du-

321 4484 416 4538 bio
448 4482 635 4552 procul
664 4481 1043 4552 intelligendus
1073 4483 1142 4536 sit
1173 4495 1465 4552 opponere.
1510 4477 1667 4535 Unde
1692 4490 1814 4551 post
1841 4481 1920 4536 al-

322 4498 416 4538 mo
448 4498 635 4552 procul
664 4498 1043 4552 intelligendus
1073 4498 1142 4536 sit
1173 4498 1243 4550 np
1281 4498 1465 4535 onere.
1514 4498 1667 4535 uuue
1692 4498 1814 4551 pOSI
1841 4498 1917 4536 at-

321 4556 433 4611 lata
462 4570 530 4610 ex
558 4554 652 4609 lib.
685 4568 780 4614 vn.
831 4569 884 4607 n.
918 4552 1011 4616 26,
1044 4552 1208 4609 verba
1235 4498 1363 4608 gola
1391 4553 1438 4606 ei
1465 4552 1703 4607 nativitas
1728 4594 1744 4619 ,
1786 4562 1917 4619 etc.,

320 4623 817 4708 proxitrtensubjicu
844 4642 857 4677 :
890 4622 1027 4679 Nam
1056 4624 1303 4708 quidquid
1324 4633 1466 4708 extra
1506 4640 1621 4708 eunt
1643 4634 1716 4678 est
1738 4666 1752 4690 ,
1802 4640 1919 4678 cum

320 4693 635 4750 contunielia
663 4697 708 4748 ei
734 4695 996 4749 honoratis
1026 4693 1226 4749 virtutis
1245 4695 1544 4762 tequubitur.
1575 4693 1755 4764 Neque
1788 4711 1916 4752 vero

320 4767 590 4837 Spiritum
619 4775 860 4820 sanctum
889 4777 980 4821 aut
1001 4782 1067 4821 ex
1093 4766 1263 4821 nihilo
1280 4776 1371 4820 aut
1393 4781 1457 4820 ex
1476 4766 1649 4837 aliena
1668 4768 1917 4823 substan-

322 4835 404 4895 tia
430 4854 552 4895 esse
583 4839 761 4894 minus
779 4837 925 4893 clare
953 4847 1133 4906 negat,
1152 4836 1502 4907 quamipsum
1533 4835 1751 4892 Filium.
1784 4838 1918 4893 Nam

319 4911 470 4971 sicut
495 4909 562 4969 tle
592 4908 728 4965 Filio
749 4907 877 4963 dicit
908 4926 921 4963 :
953 4907 1066 4965 Tua
1098 4909 1228 4963 enim
1257 4925 1335 4963 res
1365 4917 1436 4963 est
1466 4925 1484 4963 :
1519 4909 1588 4962 ita
1618 4910 1761 4963 etde
1801 4910 1921 4977 Spi-

319 4981 435 5037 ritu
462 4989 649 5037 sancto
675 4997 687 5033 :
723 4977 888 5034 Nulla
915 4989 961 5034 te
992 4981 1093 5033 nisi
1114 4996 1194 5033 res
1221 4988 1307 5033 tua
1329 4988 1628 5051 penetrat...
1655 4989 1799 5034 tuum
1825 4990 1917 5049 est,

317 5052 579 5122 quidquid
608 5062 655 5106 te
682 5051 779 5104 init
802 5066 821 5105 :
848 5051 986 5106 sient
1015 5051 1205 5105 Filium
1247 5051 1338 5104 lib.
1366 5066 1447 5122 vr,
1492 5066 1548 5105 n.
1583 5052 1651 5106 55
1680 5062 1732 5106 et
1770 5051 1920 5117 alibi,

323 5121 438 5178 non
466 5130 525 5178 ut
546 5133 690 5179 esset
714 5122 945 5191 cmpisse
974 5139 1038 5179 ex
1062 5123 1251 5187 nihilo,
1283 5121 1377 5177 sed
1395 5123 1592 5177 exiisse
1611 5141 1644 5177 ιι
1666 5132 1920 5190 nutriente,

321 5195 404 5253 ita
434 5207 487 5251 et
518 5194 605 5255 hic
632 5195 888 5255 Spiritum
934 5203 1180 5251 sant-tum
1212 5194 1461 5251 araneolis,
1485 5209 1552 5249 ex
1587 5193 1695 5250 Deo
1725 5205 1924 5249 natura:

342 5262 638 5333 troﬁletur.
671 5262 803 5319 llinc
832 5264 1060 5333 Spiritus
1082 5269 1252 5321 sancti
1278 5264 1634 5319 ccutttmclias
1668 5267 1716 5317 itt
1749 5266 1920 5333 ipsum

410 5347 545 5391 trem
566 5336 869 5392 redundare
892 5335 1151 5399 declarat,
1177 5336 1317 5389 sicut
1343 5334 1540 5390 docere
1553 5338 1689 5391 solet
1711 5336 1924 5391 Patrem

322 5408 400 5463 ait
426 5407 511 5461 bis
536 5408 671 5478 ipsis
697 5408 1032 5470 inltouorari,
1066 5407 1155 5476 qui
1181 5405 1374 5462 Filium
1398 5406 1746 5463 inbouoraut.

403 5499 479 5571 (ε)
508 5499 743 5571 Siciduo
776 5514 908 5571 mss.
939 5497 1122 5565 Colb.,
1152 5515 1291 5556 unus
1320 5499 1507 5562 Sorb.,
1531 5508 1638 5554 etc.
1678 5500 1926 5569 Plerique

321 5569 423 5629 alii
448 5570 754 5642 (inmitius.
780 5580 835 5627 et
854 5569 1002 5638 Pan,
1038 5571 1106 5625 ad
1131 5578 1178 5623 te
1206 5588 1403 5642 quoque
1425 5571 1739 5642 prorepeutis
1774 5572 1927 5625 timeo

326 5641 692 5697 contumeliam
719 5658 737 5695 :
767 5658 861 5709 pro
895 5643 1090 5710 quibus
1122 5640 1355 5711 pessime
1397 5640 1534 5710 apud
1564 5640 1694 5694 Bad.
1729 5652 1781 5695 et
1812 5644 1924 5709 ltlr.,

324 5713 649 5786 pra-tendisti
672 5714 845 5786 sensui
867 5729 978 5786 meo
1003 5714 1384 5786 contumeliam.
1412 5713 1586 5767 Prima
1611 5711 1786 5768 fronte
1818 5713 1932 5782 pia-

325 5783 418 5843 cet
437 5800 560 5843 cum
592 5799 725 5841 mss.
760 5783 879 5843 Vat.
936 5785 1053 5841 bas.
1085 5795 1141 5840 et
1166 5784 1319 5840 Mart.
1339 5826 1355 5854 ,
1401 5792 1507 5838 ate
1528 5798 1723 5857 quoque
1754 5799 1931 5855 proce-

2016 507 2142 555 tuus
2166 497 2245 572 (9)
2274 513 2344 554 ex
2384 505 2439 556 te
2471 506 2632 555 natus
2659 507 2763 567 est,
2796 508 3047 555 cessante
3086 500 3234 556 omni
3269 498 3622 573 ambiguitate

2016 589 2284 646 sermonis
2312 598 2473 661 atque
2502 590 2876 662 intelligentia:
2900 590 3239 660 difﬁcultate,
3268 592 3443 650 solum
3473 592 3618 665 quod

2018 693 2175 741 natus
2205 694 2289 741 est
2319 694 2501 741 manet
2531 702 2545 741 :
2580 685 2654 741 ita
2683 685 2826 757 quod
2870 701 2939 742 ex
2988 693 3041 743 te
3086 700 3185 758 per
3233 701 3357 742 eum
3400 698 3621 746 sanctus

2019 777 2252 849 Spiritus
2281 787 2405 834 tuus
2431 787 2533 844 est,
2561 780 2665 834 etsi
2696 793 2861 833 sensu
2887 777 3104 847 quidem
3151 793 3257 834 non
3286 780 3578 851 percipiam
3603 823 3619 849 ,

2019 870 2115 928 sed
2144 880 2322 928 tamen
2349 880 2507 928 teneo
2529 872 2882 928 conscientia.
2914 868 2970 926 in
3002 869 3337 943 spiritalibus
3356 872 3502 930 enim
3532 889 3622 930 re-

2019 964 2119 1022 bus
2142 965 2248 1023 tuis
2274 966 2440 1023 hebes
2467 983 2609 1035 sum,
2642 966 2931 1037 Unigenito
2955 974 3052 1022 tuo
3073 966 3289 1023 dicente
3314 983 3328 1022 :
3360 966 3447 1024 Ne
3465 969 3624 1025 mire-

2018 1057 2091 1112 ris
2115 1060 2254 1126 quod
2278 1059 2498 1114 dixerim
2522 1059 2633 1126 tibi,
2681 1070 2881 1131 oportet
2909 1075 2999 1115 vos
3024 1061 3172 1115 nasci
3215 1063 3403 1116 denuo.
3461 1060 3626 1135 443

2021 1149 2250 1222 Spiritus
2277 1151 2365 1207 ubi
2393 1153 2501 1207 vult
2543 1153 2729 1223 spirat,
2774 1163 2820 1207 et
2846 1168 3020 1207 uocent
3041 1154 3152 1223 ejus
3178 1153 3368 1221 audis;
3415 1155 3506 1210 scd
3532 1171 3626 1209 ne-

2021 1245 2122 1299 scis
2146 1246 2283 1300 unde
2308 1248 2500 1314 veniat,
2526 1256 2573 1301 et
2591 1263 2692 1318 quo
2720 1256 2820 1302 eat.
2853 1246 2945 1303 Sic
2968 1254 3043 1302 est
3067 1248 3231 1303 omnis
3255 1249 3343 1319 qui
3377 1257 3529 1304 natus
3555 1258 3629 1304 est

2024 1335 2102 1409 (It)
2133 1354 2197 1393 ea:
2223 1355 2359 1410 aqua
2390 1350 2437 1394 et
2468 1339 2668 1413 Spiritu
2717 1350 2894 1396 sancto
2920 1337 3098 1411 (Joan.
3132 1357 3210 1409 tu,
3240 1342 3295 1409 7,
3344 1342 3420 1414 8).
3453 1344 3628 1414 Rege-

2023 1430 2320 1486 nerationis
2343 1446 2476 1487 mea:
2500 1430 2664 1488 fidem
2689 1430 2946 1488 obtinens
2971 1433 3156 1488 nescio
3184 1449 3199 1487 :
3233 1440 3289 1488 et
3300 1433 3444 1505 quod
3474 1436 3628 1507 igno-

2024 1539 2109 1592 ro,
2131 1524 2244 1596 jam
2286 1534 2469 1584 teneo.
2513 1526 2646 1584 Sine
2670 1543 2837 1584 sensu
2872 1528 3019 1585 enim
3048 1542 3173 1585 meo
3199 1544 3478 1599 renascor,
3503 1546 3627 1587 cum

2026 1617 2319 1674 efficientia
2342 1620 2681 1676 renascendi.
2732 1620 2922 1675 Modus
2965 1629 3146 1676 autem
3190 1620 3409 1692 Spiritui
3447 1624 3628 1679 nullus

2026 1718 2131 1775 est,
2165 1710 2229 1783 (ἱ)
2269 1709 2507 1781 loquenti
2554 1726 2679 1767 cum
2712 1712 2864 1779 velit,
2894 1711 3037 1783 quod
3071 1711 3223 1781 velit,
3255 1713 3349 1769 ubi
3376 1714 3527 1771 velit.
3562 1716 3631 1771 Et

2024 1802 2179 1874 cujus
2199 1802 2446 1859 adeuntis
2470 1813 2632 1876 atque
2660 1803 2913 1861 abeuntis
2946 1819 3112 1861 causa
3132 1846 3150 1874 ,
3192 1807 3295 1864 sub
3317 1809 3627 1868 assistentis

2025 1896 2151 1950 licet
2196 1896 2569 1965 conscientia,
2622 1896 2929 1965 nesciatur,
2984 1897 3145 1970 hujus
3188 1908 3435 1956 naturam
3485 1902 3629 1959 inter

2025 1997 2302 2045 creaturas
2327 1989 2582 2055 referam,
2608 2002 2662 2047 et
2682 1992 2910 2064 originis
2937 2009 3047 2050 suae
3067 1994 3138 2069 (j)
3164 1995 3481 2053 deﬁnitione
3504 2014 3626 2054 mo-

2026 2080 2290 2139 derabor!
2307 2079 2499 2139 Omnia
2522 2083 2739 2154 quidem
2766 2082 2907 2142 facta
2931 2100 3028 2156 per
3040 2086 3263 2155 Filium,
3292 2087 3384 2159 qui
3404 2088 3546 2160 apud
3574 2098 3630 2145 te

2027 2173 2199 2231 Deum
2231 2177 2284 2231 in
2311 2175 2579 2248 principio
2604 2188 2721 2233 erat
2754 2177 2895 2234 Deus
2938 2178 3195 2249 Verbum,
3238 2180 3476 2238 Joannes
3504 2191 3629 2239 tuus

2026 2265 2264 2338 loquitur
2317 2266 2499 2341 (leua.
2532 2284 2573 2335 ι,
2607 2270 2660 2335 l,
2709 2268 2790 2340 5).
2818 2267 2924 2325 Sed
2951 2277 3135 2327 creata
3165 2270 3348 2328 omnia
3392 2271 3446 2328 in
3476 2287 3544 2329 eo
3574 2275 3630 2330 in

2025 2357 2180 2415 ctelis
2205 2368 2261 2415 et
2277 2359 2334 2415 in
2356 2367 2502 2416 terra
2523 2360 2756 2421 visibilis
2773 2369 2830 2417 et
2856 2361 3144 2419 invisibilia
3169 2363 3369 2421 Paulus
3395 2364 3474 2439 (lt)
3497 2380 3631 2422 enu-

2027 2461 2203 2511 merat
2235 2454 2457 2526 (Coloss.
2491 2471 2530 2523 ι,
2564 2454 2679 2526 16).
2710 2454 2926 2512 Etcum
2957 2456 3212 2513 universa
3243 2458 3297 2515 in
3324 2459 3546 2517 Christo
3571 2472 3627 2517 et

2025 2632 2194 2686 dentis
2221 2630 2375 2686 timo
2418 2630 2781 2687 contumeliam
2803 2646 2827 2685 :
2854 2631 3017 2687 Caro.
3048 2641 3104 2689 et
3124 2631 3287 2689 Vind.
3314 2634 3416 2690 hoc
3439 2633 3627 2692 faven-

2026 2703 2191 2785 tibus,
2224 2702 2366 2785 quod
2394 2702 2445 2757 in
2476 2702 2544 2758 iis
2568 2701 2889 2785 praeferatur
2927 2720 2968 2785 a_
2990 2711 3056 2770 te,
3091 2704 3298 2785 non_ad
3328 2715 3395 2785 to.
3421 2705 3626 2785 Verum

2027 2774 2145 2829 hmc
2174 2775 2330 2828 lectio
2362 2789 2427 2829 eo
2454 2774 2622 2843 magis
2647 2781 2732 2828 est
2758 2783 3005 2843 suspecta
3030 2814 3047 2841 ,
3079 2790 3185 2844 quo
3209 2776 3260 2831 in
3285 2775 3522 2831 animum
3554 2777 3630 2833 fa-

2026 2845 2182 2900 cilius
2207 2844 2363 2899 cadat
2385 2860 2543 2913 quam
2576 2845 2742 2899 altera
2775 2862 2788 2898 :
2816 2844 3048 2899 maxime
3078 2860 3198 2900 cum
3238 2862 3344 2901 non
3373 2858 3623 2904 occurrat

2028 2916 2128 2989 nisi
2158 2916 2209 2969 in
2242 2915 2305 2970 iis
2342 2930 2471 2989 mss.
2506 2915 2577 2989 _in
2604 2917 2796 2984 quibus
2844 2916 3050 2989 librarii
3082 2918 3338 2972 nonnulla
3366 2916 3467 2973 sibi
3496 2933 3622 2989 per-

2028 2988 2308 3058 miserunt.
2354 2986 2558 3042 Deinde
2586 2989 2846 3042 orationis
2873 2987 3017 3057 leges
3045 2989 3100 3042 in
3139 2986 3509 3058 procedentem
3536 2999 3628 3047 aut

2028 3056 2320 3132 procedenti
2369 3058 2659 3132 postulant,
2689 3074 2794 3113 non
2821 3056 3173 3132 procedentis.
3207 3062 3427 3132 Demum
3457 3063 3627 3132 parti-

2028 3128 2146 3185 Cula
2184 3145 2383 3199 quoque
2414 3129 2614 3183 iudicat
2640 3130 3021 3201 contumeliam
3050 3128 3213 3197 dicti,
3242 3146 3350 3201 quo
3392 3128 3625 3201 Spiritus

2028 3210 2248 3256 sanctus
2277 3210 2491 3255 creatus
2517 3202 2779 3255 asseritur
2798 3242 2812 3266 ,
2846 3216 2949 3255 non
2983 3199 3037 3255 in
3077 3201 3230 3256 illum
3257 3199 3445 3257 Solum
3465 3202 3625 3258 cade-

2030 3288 2091 3328 re
2114 3314 2128 3336 ,
2175 3271 2269 3326 sed
2300 3279 2356 3325 et
2402 3272 2452 3324 in
2486 3287 2608 3326 eum
2639 3271 2793 3340 cujus
2824 3279 2909 3326 est
2952 3270 3202 3342 Spiritus.
3231 3271 3385 3341 Quod
3416 3288 3484 3330 eo
3514 3272 3628 3332 fere

2030 3342 2190 3415 modo
2213 3343 2586 3397 demonstrare
2606 3342 2751 3405 licet,
2774 3358 2882 3414 quo
2902 3357 3063 3415 supra
3088 3359 3237 3398 num.
3266 3343 3324 3412 6,
3349 3353 3626 3415 ostensum

2029 3424 2134 3482 est,
2164 3414 2377 3469 Patrem
2403 3428 2525 3468 esse
2561 3424 2886 3479 creaturam,
2911 3416 2955 3468 si
2978 3414 3234 3470 ’creatura
3261 3418 3333 3471 sit
3359 3414 3551 3472 Filius.

2104 3507 2183 3577 (ά)
2216 3505 2472 3562 Perverse
2495 3506 2636 3577 apud
2665 3505 2819 3574 Bad.,
2849 3523 2939 3577 per
2958 3509 3157 3562 unitum
3183 3517 3320 3564 tuam
3346 3512 3618 3568 manentis.

2028 3579 2184 3648 Quod
2231 3579 2486 3633 Erasmus
2531 3592 2636 3632 non
2666 3586 2918 3643 mutans,
2972 3589 3178 3634 tantum
3224 3580 3291 3635 ad
3320 3596 3470 3636 oram
3504 3583 3625 3639 libri

2028 3650 2327 3717 annotavit,
2355 3666 2474 3704 cum
2510 3648 2774 3719 unigenito
2796 3661 2907 3704 tuo.
2937 3649 3012 3704 Ex
3041 3665 3151 3720 quo
3170 3660 3355 3718 postea
3386 3653 3619 3709 confecit

2028 3720 2273 3789 Lipsius,
2301 3737 2416 3775 cum
2444 3720 2706 3791 unigenito
2735 3731 2823 3776 tuo
2842 3722 3119 3776 manantis.
3149 3720 3533 3778 Reformantur
3554 3739 3620 3780 es

2030 3793 2152 3848 Par.
2180 3801 2233 3847 et
2256 3806 2385 3847 mss.
2419 3791 2475 3845 ln
2508 3790 2591 3845 his
2615 3790 2894 3855 docemur,
2924 3792 3183 3861 Spiritum
3226 3804 3470 3849 sanetum
3499 3810 3621 3851 esse

2028 3864 2306 3934 potentiam
2342 3872 2541 3916 natura:
2573 3877 2695 3934 sum,
2732 3862 2834 3934 hoc
2878 3870 2982 3931 est,
3009 3876 3130 3932 quae
3174 3877 3270 3918 sua
3313 3866 3413 3934 sit,
3440 3877 3539 3934 per
3563 3880 3624 3921 sc

2027 3933 2305 3999 Subsistat,
2338 3942 2393 3989 et
2423 3948 2527 4004 non
2556 3933 2707 3987 alteri
2760 3933 3051 4004 inltmreat;
3098 3947 3275 4004 neque
3309 3933 3382 3988 ita
3424 3933 3623 3991 natura

2026 4021 2157 4069 suta,
2189 4012 2250 4060 ut
2278 4020 2382 4060 non
2411 4020 2441 4057 a
2471 4002 2633 4059 Patre
2667 4020 2762 4073 per
2783 4002 3129 4072 Unigenitutu
3156 4002 3325 4074 ipsius
3355 4006 3619 4075 originem

2027 4075 2223 4130 habeat
2256 4094 2269 4130 :
2297 4075 2392 4131 sed
2421 4077 2489 4129 ita
2521 4083 2699 4131 tamen
2728 4089 2852 4131 esse
2879 4075 2946 4128 ab
2968 4083 3217 4144 utroque,
3246 4085 3305 4131 ut
3325 4074 3399 4132 sit
3422 4074 3622 4136 natura

2026 4147 2297 4215 manentis,
2329 4146 2429 4218 hoc
2455 4154 2557 4211 est,
2587 4147 2740 4217 cujus
2770 4144 3047 4218 proprium
3070 4146 3141 4202 sit
3167 4161 3311 4218 esse,
3333 4146 3621 4218 etjnitiutu

2024 4218 2253 4273 nescire.
2305 4217 2421 4274 Huc
2447 4216 2659 4282 attinet,
2691 4216 2831 4288 quod
2860 4216 2951 4271 lib.
2986 4232 3077 4271 vm
3100 4259 3115 4283 ,
3167 4216 3344 4289 πω,
3376 4217 3613 4289 Spiritus

2023 4290 2193 4361 sancti
2246 4290 2647 4361 processionem
2697 4288 3393 4361 consistentisegressionem
3426 4288 3621 4345 existi-

2024 4359 2272 4415 mattdatu
2317 4362 2490 4416 innuit
2520 4378 2532 4414 :
2562 4363 2899 4430 egressionem
2926 4359 3179 4429 quidem,
3211 4360 3287 4430 οι)Δ
3316 4360 3618 4417 subsisten-

2024 4433 2150 4485 tiatn
2184 4432 2348 4501 ipsius
2375 4428 2682 4486 distinetam
2718 4433 2786 4484 ab
2814 4445 2880 4486 eo
2912 4428 3053 4485 unde
3095 4428 3371 4502 procedit;
3413 4432 3617 4502 consis-

2021 4502 2171 4556 tentis
2196 4520 2323 4575 vero
2344 4546 2358 4568 ,
2399 4506 2520 4575 quia
2551 4519 2654 4575 no_n
2684 4502 2887 4559 recedit
2913 4502 2982 4556 ab
3010 4516 3076 4575 eo
3101 4501 3171 4557 ex
3206 4517 3313 4575 quo
3345 4501 3609 4558 subsistit.

2045 4644 2057 4656 .
2097 4576 2170 4646 (e)
2198 4574 2320 4640 Er.,
2352 4573 2499 4645 Lips.
2526 4583 2582 4630 et
2602 4573 2752 4640 Par.,
2784 4590 2890 4628 non
2918 4574 3072 4628 modo
3093 4590 3195 4630 non
3215 4574 3425 4642 eloquor
3450 4591 3473 4628 .·
3498 4587 3618 4628 cas-

2023 4654 2190 4716 tigant
2217 4662 2348 4702 mss.

2092 4722 2161 4787 (ι’)
2181 4717 2454 4773 Vetustior
2480 4732 2605 4787 tus,
2626 4713 2777 4772 Colb.
2811 4730 2933 4771 cum
2965 4715 3177 4787 Germ.,
3213 4714 3493 4771 scrutantis
3516 4723 3614 4772 est.

2022 4786 2176 4843 Alter
2204 4803 2324 4841 cum
2358 4804 2464 4841 uno
2492 4786 2750 4851 Sorbon.,
2778 4786 3049 4841 scrutantis
3080 4786 3133 4838 in
3161 4793 3209 4839 te
3233 4792 3328 4839 est.

2095 4859 2173 4930 (ῃ)
2206 4859 2279 4913 Ex
2312 4873 2440 4930 mss.
2474 4871 2790 4930 revocamus
2821 4871 2885 4910 ea:
2920 4864 2969 4910 te
2994 4863 3144 4909 natus
3166 4871 3185 4911 :
3210 4855 3354 4926 quod
3384 4856 3439 4912 in
3469 4857 3617 4925 prius

2023 4929 2254 4998 vulgatis
2282 4929 2709 4987 desiderabatur.

2097 4995 2179 5071 (lt)
2209 5001 2482 5065 Erasmus,
2511 5009 2660 5053 natus
2698 5006 2771 5054 est
2802 5013 2865 5071 ea:
2888 4995 3095 5071 Spiritu
3136 5007 3308 5055 sancto
3333 5014 3352 5054 :
3374 5007 3529 5071 puto,
3558 5009 3619 5071 ut

2027 5067 2225 5127 nostris
2275 5071 2573 5140 Scriptura;
2605 5067 3004 5137 exemplaribus
3035 5067 3389 5140 congrueret.
3423 5067 3531 5125 Sed
3562 5068 3617 5126 in

2026 5143 2276 5199 omnibus
2307 5142 2493 5197 Hilarii
2537 5142 2666 5195 edit.
2702 5147 2757 5194 et
2782 5154 2913 5195 mss.
2949 5140 3178 5195 habetur
3199 5180 3214 5205 ,
3272 5150 3423 5196 natus
3450 5149 3528 5196 est
3554 5157 3617 5197 ex

2028 5231 2161 5284 aqua
2179 5225 2227 5268 et
2246 5215 2447 5285 Spiritu
2466 5222 2663 5266 sancto.
2682 5211 3015 5285 Quamquam
3039 5226 3145 5285 non
3162 5219 3341 5285 exstat
3358 5222 3538 5267 sancto
3561 5213 3617 5267 in

2032 5281 2163 5341 mss.
2197 5281 2297 5341 nisi
2319 5286 2373 5339 iu
2403 5285 2617 5349 Martia,
2646 5297 2753 5337 uno
2779 5281 2928 5339 Colb.
2960 5289 3016 5336 et
3039 5284 3210 5338 altero
3236 5282 3475 5339 Sorbon.

2103 5354 2166 5428 (i)
2196 5355 2251 5409 in
2285 5370 2412 5428 mss.
2457 5354 2711 5428 loquendi.
2742 5351 2802 5428 Aln
2831 5352 3079 5428 eumdem
3108 5352 3399 5428 scripturae
3439 5355 3620 5428 locum

2033 5422 2234 5496 pariter
2260 5422 2820 5494 observat'Gregor'ms
2847 5422 3098 5496 Nazianz.
3141 5422 3233 5479 0r.
3269 5439 3413 5490 xxrv,
3438 5440 3493 5478 η.
3522 5424 3616 5489 2'2,

2034 5494 2283 5552 icstataut
2312 5513 2433 5553 esse
2452 5496 2686 5565 Spiritus
2713 5496 2881 5550 sancti
2899 5494 3254 5566 divinitatem,
3275 5510 3454 5566 mp8
3476 5512 3540 5550 σω
3558 5511 3618 5552 eo

2027 5571 2161 5695 quo?
2184 5570 2351 5693 uirili,
2380 5586 2483 5624 non
2502 5578 2672 5622 autem
2687 5566 2854 5623 servili
2879 5565 3027 5620 modo
3052 5565 3615 5633 αεοεάὶιιδισπατικῶς,

2031 5663 2088 5695 ου
2155 5662 2209 5693 ου
2244 5662 2382 5695 ικως.

2031 5642 2088 5696 οὐ
2124 5640 2382 5701 δουλικῶς.

2104 5714 2175 5783 (1,),
2198 5712 2320 5783 Mss.
2350 5709 2466 5783 vat.
2499 5708 2638 5775 bas.,
2662 5705 2813 5783 Coib.
2848 5719 2910 5761 ac
2934 5706 3144 5773 Germ.,
3170 5707 3539 5779 deﬁnitionem.

2112 5779 2192 5856 (It)
2223 5781 2573 5838 Martinianus
2591 5779 2761 5837 codex
2779 5816 2793 5845 ,
2821 5787 3045 5835 enarrat.
