4106 6192
478 283 583 340 471

1715 271 1781 330 IN
1821 270 2077 329 LIBRUM
2122 269 2213 329 DE
2248 268 2540 331 SYNODIS

3680 265 3791 321 472

481 414 585 472 per
612 398 891 457 Christum
927 404 1109 454 creata
1153 400 1510 459 memoraret;
1542 390 1613 449 de
1644 390 1851 465 Spiritu
1891 399 2081 448 sancto
2109 391 2162 452 Λ
2185 391 2290 446 mei
2316 389 2457 446 dona
2479 387 2765 447 mihihanc
2790 384 3140 443 conscientiae
3163 399 3299 441 mea:
3326 396 3513 440 vocem
3534 389 3622 439 :ut
3643 380 3789 454 quod

484 492 848 550 sufﬁcientem
896 490 1000 547 sibi
1048 486 1498 559 signiﬁcationem
1549 500 1667 541 eam
1719 483 2080 550 existimavit,

487 585 631 656 quod
665 585 808 639 hunc
869 581 1130 653 Spiritum
1188 589 1338 633 tuum
1392 577 1617 634 diceret.
1663 577 1798 632 Cum
1867 575 1951 631 his
1988 590 2086 647 ego

484 674 708 746 proprie
737 672 926 730 electis
951 671 1043 726 tibi
1074 670 1202 725 viris
1235 670 1349 726 haec
1372 670 1441 726 ita
1474 669 1722 736 sentiam,
1749 679 1807 724 ut
1838 668 1972 725 sicut
1998 669 2083 724 ni-

486 768 567 824 hil
589 766 733 823 aliud
760 766 899 821 ultra
920 762 1085 838 444
1105 779 1321 839 sensum
1345 763 1719 834 intelligentia:
1733 748 2086 817 mcm'secnn-

487 858 617 915 dum
647 874 741 915 eos
769 858 837 914 de
871 857 1159 928 Uuigenito
1191 867 1282 911 tuo
1301 855 1500 922 dicam,
1534 870 1693 926 quam
1721 870 1839 911 csse
1869 867 2081 922 natum;

486 951 563 1008 ita
590 932 807 1023 quoque
828 950 967 1027 ultra
989 948 1188 1019 ingenii
1208 948 1425 1003 humani
1453 948 1762 1019 Opinionem
1791 948 2087 1004 secundum

490 1059 589 1101 eos
629 1043 767 1099 nihil
812 1042 957 1097 aliud
996 1041 1062 1097 de
1085 1049 1275 1097 sancto
1303 1041 1505 1114 Spiritu
1537 1049 1628 1095 tuo
1676 1041 1895 1110 loquar,
1929 1056 2089 1112 quam

490 1135 754 1206 Spiritum
804 1144 952 1189 tuum
983 1149 1125 1189 esse.
1156 1132 1337 1203 Neque
1391 1133 1462 1187 sit
1490 1132 1619 1186 mihi
1672 1133 1874 1188 inutilis
1917 1148 2091 1204 pugna

497 1226 814 1292 verborum,
844 1225 937 1280 sed
969 1225 1329 1280 ineunctantis
1370 1223 1488 1279 ﬁdei
1522 1231 1777 1279 constans
1805 1223 2090 1296 professio.

566 1317 657 1373 57.
694 1317 1267 1384 Oratio—Conserva,
1297 1332 1414 1384 oro,
1436 1317 1573 1372 hanc
1597 1316 1717 1372 ﬁdei
1747 1332 1880 1373 mea:
1909 1319 2096 1374 incon-

493 1413 810 1469 taminatam
840 1413 1184 1485 religionem,
1211 1425 1265 1470 et
1288 1428 1455 1485 usque
1475 1413 1543 1470 ad
1568 1429 1847 1470 excessum
1874 1416 2095 1486 spiritus

569 1552 649 1635 (α)
675 1552 895 1635 Verba;
911 1569 1015 1635 una
1039 1563 1202 1635 (θεῖε-ιη
1228 1553 1438 1608 adorem
1455 1571 1475 1610 :
1495 1564 1750 1625 sanctum,
1780 1556 2095 1613 desideran-

499 1622 592 1680 tur
621 1622 673 1678 in
697 1638 829 1680 mss.
855 1622 1015 1679 Colb.’
1035 1640 1099 1679 ac
1127 1625 1311 1681 Germ.

568 1694 643 1765 (ὁ)
670 1694 760 1749 His
802 1695 1086 1761 subjicitur
1109 1697 1158 1749 in
1194 1712 1295 1750 ms.
1340 1694 1503 1751 Corb.
1530 1713 1542 1748 :
1579 1697 1805 1764 Explicit
1836 1700 1964 1754 liber
1994 1717 2092 1758 κη.

496 1764 777 1840 Legatum
805 1765 1353 1840 pace_l)oininin_ostri
1376 1766 1499 1840 Jesit
1522 1766 1716 1840 Christi
1752 1771 1968 1840 feliciter
1997 1788 2015 1825 :
2041 1773 2094 1826 in

500 1834 611 1891 uno
638 1836 872 1893 Sorbon.
905 1834 1136 1907 Emplicit
1167 1837 1294 1892 liber
1321 1853 1395 1893 xu
1432 1838 1632 1894 Hilarii
1661 1834 1885 1911 epismpi
1923 1841 2100 1897 Trini-

2190 484 2243 541 in
2278 483 2704 555 regenerationis
2731 497 2865 539 mea:
2890 479 3175 555 Symbolo,
3207 477 3512 549 baptizatus
3548 476 3603 532 in
3630 475 3789 531 Patre

2189 588 2242 634 et
2267 577 2403 634 Filio
2432 586 2487 631 et
2529 575 2732 647 Spiritu
2786 582 3005 639 sancto,
3046 568 3327 643 professus
3372 584 3518 632 sum,
3571 582 3790 638 semper

2197 671 2470 728 obtineant
2501 686 2514 722 :
2553 669 2762 725 Patrem
2792 666 2997 723 scilicet
3039 672 3091 719 te
3120 669 3383 728 nostrum,
3412 660 3607 716 Filium
3641 669 3788 714 tuum

2190 762 2268 836 (α)
2296 777 2397 818 una
2429 771 2603 817 tecum
2633 762 2851 815 adorem
2885 777 2896 813 :
2927 767 3169 814 sanctum
3208 754 3468 826 Spiritum
3494 762 3668 820 tuum,
3699 755 3790 823 qui

2192 872 2261 912 ex
2292 865 2343 912 te
2367 870 2461 926 per
2494 855 2823 925 unigenitum
2858 860 3124 928 tunmest,
3143 862 3470 920 promere-ar.
3492 844 3630 914 Quia
3660 844 3790 899 mihi

2196 953 2425 1009 idoneus
2453 951 2520 1007 ad
2551 951 2709 1007 ﬁdem
2739 950 2890 1006 testis
2911 957 3015 1013 est,
3040 946 3224 1003 dicens
3256 962 3269 997 :
3299 941 3657 1008 Pater,omnia
3680 957 3793 995 mea

2195 1054 2281 1099 tua
2307 1053 2448 1111 sunt,
2475 1053 2521 1099 et
2552 1054 2641 1099 tua
2670 1059 2785 1098 mea
2826 1040 3010 1115 (Joan.
3042 1055 3171 1104 XVII,
3200 1037 3315 1107 10),
3350 1033 3607 1090 Dominus
3638 1047 3794 1088 meus

2176 1140 2352 1197 'Jesus
2372 1138 2643 1206 Christus,
2671 1152 2896 1195 manens
2929 1138 2981 1192 in
3004 1144 3059 1191 te
3083 1142 3137 1189 et
3159 1148 3229 1189 ex
3253 1143 3304 1187 te
3331 1143 3382 1185 et
3400 1128 3539 1203 apud
3572 1138 3626 1184 te
3646 1143 3793 1185 sem-

2198 1249 2293 1305 per
2323 1232 2503 1288 Deus:
2534 1232 2622 1303 qui
2667 1241 2751 1288 est
2777 1228 3094 1286 benedictus
3125 1225 3179 1281 in
3223 1222 3427 1303 saecula
3451 1221 3794 1277 saeculorum.

2198 1326 2394 1382 Amen.
2430 1324 2505 1397 (b)

2203 1563 2321 1618 tatis
2347 1562 2562 1633 feliciter
2596 1578 2614 1617 :
2645 1559 2697 1616 in
2723 1558 2857 1633 Silv.
2897 1555 3125 1633 Egplieit
3169 1553 3298 1633 liber
3336 1567 3414 1607 xu
3439 1547 3805 1633 HilariiJepi-

2202 1620 2357 1705 scopi.
2370 1635 2435 1690 de
2463 1634 2566 1705 ﬁde
2582 1631 2918 1705 sanctissimae
2941 1620 3207 1705 trinitatis
3228 1624 3472 1705 adversus
3495 1620 3807 1705 ζιῳςςεὶσοξί

2204 1652 2289 1689 σεο
2327 1652 2343 1689 ι
2370 1652 2435 1690 ae
2463 1652 2566 1705 [lae
2582 1652 2918 1688 δαησιιεσιπιιε
2944 1652 2967 1682 ι
2985 1652 3207 1682 nultqu
3228 1652 3372 1679 nulla!
3383 1652 3471 1677 nu
3495 1652 3595 1704 tum
3607 1652 3764 1703 ξξσιουῗ
3782 1659 3807 1701 .-

2204 1707 2255 1761 in
2285 1652 2567 1761 cindocin.
2620 1699 3066 1771 Expliciuntilibri
3085 1696 3345 1771 stt‘sancti
3368 1691 3689 1771 inimitabilia
3711 1706 3807 1746 rm

2204 1776 2399 1833 Hilarii
2421 1776 2483 1831 de
2513 1776 2616 1848 ﬁde
2646 1764 2824 1829 Patris
2848 1783 2892 1826 et
2922 1769 3047 1825 Filii
3070 1778 3116 1824 et
3142 1766 3371 1837 Spiritus
3398 1764 3579 1819 sancti.

3704 1950 3815 1975 at“)

2503 1958 3701 1988 _________________.____..

678 2046 1039 2125 ’⁸⁸⁵⁸⁸⁸
1107 2065 1305 2205 ΙΝ
1430 2066 2111 2213 LIBRUD

2337 2065 2610 2249 DE
2746 2054 3610 2210 SYNODIS

1713 2302 2066 2409 ΡΙΠΕ
2080 2302 2593 2410 FATIO.

1543 2509 2194 2555 ———-——-—====o

576 2627 619 2683 l.
668 2628 769 2685 Ubi
797 2639 845 2684 et
877 2631 1086 2702 quando
1113 2631 1338 2705 scriptus
1364 2633 1432 2687 sit
1463 2631 1546 2686 hic
1574 2630 1871 2687 Tractatus.
1897 2660 1968 2671 ——
1996 2629 2110 2685 Non

504 2729 591 2777 est
631 2720 998 2795 sejungendus
1039 2739 1070 2779 a
1112 2724 1266 2781 libris
1297 2724 1365 2781 de
1394 2725 1659 2782 Trinitate
1687 2726 1776 2781 hic
1816 2734 2114 2790 tractatus,

504 2829 669 2886 quem
700 2830 835 2872 mss.
868 2832 1039 2888 prope
1064 2830 1256 2875 omnes
1275 2833 1398 2874 eum
1428 2819 1539 2875 illis
1565 2819 1639 2874 ita
1669 2818 2023 2890 conjungunt,
2055 2828 2114 2874 ut

509 2909 571 2965 in
615 2908 829 2965 duobus
855 2908 1185 2967 Colbertinis
1239 2921 1296 2969 et
1339 2911 1732 2979 Germanensi,
1794 2915 1903 2968 imo
1930 2926 1962 2966 a
1988 2911 2120 2967 Cas-

505 2999 733 3057 siodoro
799 3001 928 3056 liber
974 3002 1202 3059 decimus
1263 3005 1443 3060 tertius
1510 3015 1872 3076 nuncupetnr.
1933 3004 2117 3076 Neque

508 3092 675 3148 etiam
716 3093 884 3150 distat
909 3104 1157 3167 tempore
1187 3106 1282 3152 aut
1311 3097 1558 3154 materia.
1587 3097 1722 3154 Nam
1753 3107 1809 3153 et
1837 3097 1963 3154 ﬁdei
1997 3098 2120 3153 illu-

506 3185 747 3242 strandze
777 3202 940 3243 causa
971 3201 1260 3260 susceptus
1287 3198 1394 3256 est,
1424 3200 1479 3246 et
1503 3191 1703 3259 exsilii,
1737 3208 1843 3247 non
1872 3207 2031 3248 secus
2056 3206 2120 3246 ac

503 3277 612 3365 illi,
653 3287 838 3350 partus
868 3280 992 3336 fuit.
1020 3281 1139 3337 lam
1168 3281 1315 3337 enim
1346 3282 1606 3349 Hilarius,
1630 3283 1705 3338 uti
1736 3283 1977 3339 declarat
2006 3284 2120 3355 ipse

522 3383 676 3429 num.
707 3371 752 3425 2·
769 3380 825 3427 et
852 3371 943 3440 65,
975 3381 1147 3428 totum
1178 3373 1473 3430 triennium
1503 3375 1558 3430 in
1603 3374 1795 3431 exsilio
1837 3384 2121 3447 exegerat,

512 3471 570 3518 et
600 3462 777 3519 adhuc
813 3464 954 3520 intra
997 3464 1185 3522 decem
1215 3466 1358 3522 Asiae
1401 3467 1712 3539 provincias
1754 3467 2119 3536 consistebat,

511 3569 637 3610 cum
689 3556 838 3611 illum
890 3557 1080 3614 edidit.
1130 3558 1396 3627 Quocirca
1448 3558 1738 3631 postremis
1785 3559 1945 3630 hujus
1998 3559 2121 3615 libri

512 3648 696 3705 verbis
741 3647 935 3706 fratres
961 3666 1125 3718 suos,
1159 3660 1220 3706 ut
1262 3653 1314 3707 in
1343 3652 1683 3711 orationibus
1712 3653 1918 3709 sanetis
1944 3652 2121 3707 exsilii

510 3743 597 3797 sui
645 3757 919 3799 memores
966 3746 1111 3809 sint,
1156 3755 1331 3816 rogat.
1366 3744 1423 3801 Si
1456 3752 1636 3801 tamen
1679 3744 1981 3802 Scultetum
2026 3744 2122 3818 (in

512 3837 737 3909 analysi,
766 3856 886 3911 pag.
921 3836 1052 3911 595)
1082 3837 1291 3902 audias,
1320 3839 1544 3910 scriptus
1565 3848 1637 3894 est
1664 3840 1748 3893 hic
1773 3839 1901 3894 liber
1920 3840 1999 3893 vel
2025 3838 2123 3895 Se-

512 3930 694 3985 leucia:
724 3931 781 3984 in
811 3931 1044 4002 synodo,
1077 3932 1155 3986 vel
1194 3931 1658 4005 Constantinopoli,
1693 3933 1771 3987 vel
1810 3933 1863 3986 in
1891 3934 2007 4005 ipsa
2042 3948 2124 3985 re-

513 4021 821 4093 formatione
850 4022 1182 4079 ecclesiarum
1204 4022 1534 4090 Italicarum,
1566 4041 1680 4079 cum
1694 4024 1810 4096 jam
1838 4024 1901 4078 ab
1931 4023 2121 4078 Orien-

511 4113 578 4167 tis
626 4114 885 4181 partibus,
934 4114 988 4167 in
1030 4115 1215 4185 quibus
1252 4115 1606 4181 exsulaverat,
1652 4115 1903 4171 rediisset.
1940 4114 2123 4185 USquc

513 4204 653 4260 adeo
681 4206 879 4261 animis
906 4207 1217 4263 dominatur
1245 4207 1435 4263 iuolita
1464 4208 1532 4264 de
1560 4209 1753 4274 rebus,
1786 4223 1894 4288 non
1928 4224 2123 4265 secun-

515 4295 647 4350 dum
676 4296 851 4366 ipsas,
880 4297 976 4353 sed
1017 4299 1316 4354 secundum
1346 4299 1561 4370 propria
1591 4300 1816 4370 placita,
1842 4301 2122 4371 judicandi

516 4387 885 4444 consuetudo!
937 4390 1136 4445 Eodem
1181 4391 1314 4446 vitio
1354 4391 1663 4461 implicatus
1707 4394 1965 4449 Erasmus
2014 4410 2118 4450 non

516 4481 748 4537 multum
794 4482 1024 4537 attendit
1062 4483 1189 4554 quid
1230 4483 1463 4550 diceret,
1498 4499 1627 4563 cum
1666 4501 1827 4555 quem
1860 4500 2124 4544 memorat

514 4573 885 4647 Hieronymus
913 4574 1100 4630 Hilarii
1125 4575 1317 4633 librum
1339 4576 1702 4634 Ariminensis
1729 4587 1783 4633 et
1807 4580 2118 4636 Seleucien-

513 4666 596 4722 sis
643 4665 862 4723 concilii
911 4666 1194 4722 historiam
1242 4667 1645 4734 continentem,
1700 4668 1825 4725 huic
1897 4671 2116 4727 forsitan

2200 2515 2780 2551 ==—-——-——-

2215 2630 2417 2686 nirent.
2470 2628 2626 2698 Quod
2678 2642 2803 2684 cum
2855 2640 2999 2683 anno
3040 2623 3147 2681 558
3196 2620 3481 2679 desinente
3552 2622 3823 2672 statutum

2215 2720 2408 2788 fuerit;
2456 2735 2615 2776 nemo
2656 2733 2764 2775 non
2795 2717 2954 2774 facile
3006 2714 3306 2775 concedet,
3336 2712 3480 2767 hunc
3528 2715 3824 2765 tractatum

2215 2829 2361 2869 anno
2385 2812 2489 2870 559
2513 2813 2754 2879 ineunte,
2784 2811 2871 2867 vel
2900 2810 3063 2867 etiam
3088 2817 3320 2864 exeunte
3348 2805 3479 2871 558,
3511 2802 3675 2859 fuisse
3699 2800 3830 2856 edi-

2218 2917 2353 2963 tum.
2389 2907 2500 2963 lloc
2527 2914 2677 2963 certe
2713 2913 2929 2961 constat
2948 2944 2962 2969 ,
3009 2912 3065 2959 et
3096 2909 3218 2973 post
3248 2913 3489 2956 mensem
3520 2899 3825 2968 Angustum

2216 3014 2307 3054 an.
2342 2998 2471 3066 558,
2494 3006 2550 3055 et
2579 3005 2703 3055 ante
2731 2998 2929 3054 Maium
2958 3011 3047 3052 an.
3081 2994 3211 3060 559,
3240 2992 3503 3064 epocham
3531 2989 3673 3045 illius
3694 3000 3830 3044 esse

2218 3089 2509 3147 ﬁaendam.

2254 3106 2509 3162 genuaun

2292 3180 2357 3236 ll.
2394 3182 2509 3250 Qua
2534 3181 2820 3237 occasione.
2845 3180 2956 3249 Quo
2979 3180 3102 3250 fine.
3124 3207 3198 3220 --
3218 3177 3438 3233 Littera:
3467 3190 3498 3230 a
3527 3171 3830 3230 Gallicanis

2222 3274 2494 3344 episcopis
2524 3275 2684 3344 paulo
2727 3282 2847 3345 post
2873 3273 3184 3330 damnatam
3219 3272 3287 3328 ab
3329 3269 3521 3326 iisdem
3550 3267 3832 3324 Sirmien-

2151 3366 2197 3429 C
2230 3383 2344 3425 sem
2376 3368 2660 3425 formulam
2692 3366 3018 3434 secundam,
3051 3380 3152 3422 nec
3180 3365 3338 3436 longe
3365 3370 3494 3417 ante
3526 3362 3835 3432 Ancyrana:

2222 3460 2415 3533 synodi
2446 3460 2906 3526 celebrationem,
2939 3458 3184 3530 adeoque
3221 3458 3364 3513 circa
3396 3467 3635 3512 mensem
3678 3451 3836 3508 hlar-

2224 3554 2357 3609 timn
2388 3552 2517 3610 anni
2548 3553 2653 3610 558
2680 3562 2918 3624 acceptae
2942 3594 2957 3619 ,
3008 3552 3276 3622 rescripto
3314 3548 3439 3605 huic
3481 3545 3835 3604 occasionem

2224 3648 2593 3718 praebuerunt.
2637 3646 2803 3719 Cujus
2853 3660 3085 3717 scopus,
3120 3645 3175 3700 1⁸
3200 3641 3598 3700 communionis
3639 3640 3837 3695 domi-

2225 3744 2359 3798 nic:c
2391 3741 2621 3799 reddere
2650 3742 2860 3805 vicem;
2888 3740 2950 3795 2°
2980 3738 3362 3795 nonnullorum
3402 3734 3603 3806 optatis
3639 3732 3839 3789 facere

2223 3837 2385 3901 satis,
2415 3836 2506 3906 qui
2534 3834 2667 3907 quid
2701 3833 2989 3889 Orientales
3034 3833 3089 3886 in
3130 3828 3253 3902 ﬁdei
3294 3825 3691 3901 professionibus
3732 3842 3839 3897 ge-

2222 3939 2340 3984 rant
2369 3939 2460 3982 aut
2485 3936 2772 3999 gesserunt,
2802 3925 3000 3998 quidve
3028 3940 3182 3995 super
3215 3922 3446 3977 omnibus
3470 3935 3644 3975 eorum
3667 3918 3837 3973 dictis

2224 4026 2341 4094 ipse
2370 4022 2636 4088 sentiret,
2667 4022 2871 4076 rescire
2899 4018 3208 4089 cupierunt;
3238 4015 3296 4072 5⁰
3324 4012 3377 4069 id
3412 4011 3725 4078 elaborare,
3760 4022 3836 4066 ut

2222 4117 2528 4173 Orientales
2571 4123 2627 4170 et
2656 4113 2828 4180 Galli,
2869 4112 2960 4184 qui
2990 4120 3180 4167 contra
3221 4115 3593 4179 erumpentem
3632 4106 3834 4160 novis-

2222 4208 2360 4263 sime
2389 4207 2776 4261 Anommorum
2807 4203 3060 4259 limresim
3105 4200 3512 4272 conspirarant,
3554 4196 3647 4254 sed
3694 4212 3833 4252 mu-

2225 4297 2329 4353 tuis
2374 4306 2552 4351 tamen
2587 4296 2728 4349 inter
2775 4308 2835 4349 se
2881 4291 3278 4363 StISpieionibus
3326 4289 3664 4354 laborantes,
3711 4288 3832 4342 etsi

2224 4390 2361 4443 forte
2402 4403 2507 4442 non
2539 4384 2829 4442 admodum
2874 4384 3197 4449 sententiis,
3234 4393 3382 4439 certe
3422 4381 3597 4437 verbis
3637 4377 3832 4435 adlmc

2222 4478 2582 4554 ΜῚ-Μθ
2619 4477 2975 4547 dissidebant,
3010 4476 3063 4532 in
3093 4475 3315 4548 synodis
3338 4473 3587 4548 proxime
3606 4471 3831 4528 haben-

2221 4576 2306 4630 dis
2348 4575 2457 4645 jam
2491 4575 2542 4629 in
2592 4590 2756 4629 unum
2785 4571 3177 4638 convenirent,
3210 4586 3276 4626 ac
3316 4569 3627 4641 suspicione
3666 4570 3834 4625 omni

2223 4669 2465 4740 deposita
2500 4668 2659 4723 ﬁdem
2687 4682 2850 4722 unam
2880 4665 3391 4737 complecterentur.

510 4757 773 4814 tractatui
819 4757 1118 4815 admixtum
1163 4758 1553 4831 pronuntiavit.
1596 4759 1736 4828 Quid
1771 4761 1914 4816 enim
1966 4761 2118 4818 ineo
2150 4750 2196 4812 Ι.)
2297 4763 2385 4819 lll.
2419 4763 2560 4818 Libri
2603 4780 2827 4817 summa.
2853 4792 2923 4802 -
2952 4761 3122 4831 Hujus
3173 4760 3247 4815 rei
3274 4759 3487 4830 gratia,
3535 4767 3836 4829 postquam

511 4852 744 4923 reperit,
774 4851 918 4923 quod
946 4867 1052 4909 non
1081 4862 1206 4909 ante
1234 4853 1487 4924 prmdicta
1517 4855 1744 4911 concilia
1772 4856 1844 4911 sit
1866 4865 2076 4926 gestum
2104 4898 2118 4922 ,

513 4946 772 5017 autquod
796 4961 891 5017 per
910 4962 970 5003 se
987 4947 1053 5003 ad
1077 4963 1263 5004 eorum
1289 4948 1573 5005 historiam
1594 4950 1863 5021 pertineat
1883 4949 2117 5023 (Ei-asin.

513 5039 723 5112 praefat.
756 5040 812 5095 in
853 5039 1098 5110 Hilar.)?
1126 5040 1330 5097 Verum
1378 5058 1446 5097 ex
1491 5043 1682 5100 Hilarii
1727 5044 1897 5116 ipsius
1943 5045 2121 5101 verbis

513 5146 670 5189 num.
699 5133 756 5203 8,
786 5135 1131 5206 perSpicuum
1161 5144 1268 5203 est,
1298 5136 1559 5207 scriptum
1586 5153 1707 5194 esse
1731 5140 1873 5194 lumc
1896 5137 2116 5205 librum,

515 5236 641 5279 cum
661 5224 775 5294 jam
805 5236 1028 5295 propter
1055 5235 1214 5281 terra:
1244 5235 1471 5292 motum,
1503 5229 1595 5296 qui
1618 5244 1708 5282 an.
1739 5229 1865 5293 558,
1894 5229 1982 5285 die
2005 5230 2117 5285 Au-

514 5317 659 5388 gusti
684 5316 779 5383 24,
809 5318 1134 5388 contigerat,
1158 5320 1445 5375 concilium
1466 5319 1822 5389 Nicomediae,
1848 5322 1934 5378 vel
1954 5323 2116 5378 etiam

515 5409 714 5467 Nicaeae
761 5410 817 5466 in
863 5411 1114 5483 Bithynia
1167 5414 1533 5485 congregandi
1587 5415 1926 5473 immutatum
1975 5428 2124 5475 esset

515 5504 891 5575 propositum;
943 5520 1177 5577 cumque
1223 5506 1461 5562 nondum
1511 5506 1786 5563 decretum
1832 5519 2013 5579 esset,
2063 5518 2123 5567 ut

518 5611 712 5651 omnes
738 5606 1003 5669 quotquot
1043 5610 1264 5669 possent
1292 5599 1594 5655 Ariminutn
1624 5609 1782 5670 atque
1814 5601 2118 5658 Seleuciam

518 5696 873 5758 cogerentur;
901 5691 998 5768 sed
1029 5698 1235 5747 tantum
1262 5702 1317 5748 ut
1337 5692 1448 5749 bini
1471 5701 1564 5747 aut
1584 5693 1781 5765 singuli
1803 5710 1869 5749 ex
1891 5694 2122 5766 singulis

516 5779 843 5852 provinciis,
886 5767 1035 5854 iique
1080 5786 1351 5856 Ancyram
1397 5796 1561 5857 atque
1589 5783 1892 5842 Ariminum
1923 5786 2121 5844 conve-

2223 4855 2393 4912 Gallis
2423 4853 2491 4909 de
2517 4854 2686 4909 illzesa
2715 4863 2769 4909 et
2794 4853 3062 4909 constanti
3090 4852 3307 4908 illorum
3341 4850 3446 4907 ﬁde
3479 4850 3657 4906 verbis
3684 4850 3837 4906 ami-

2225 4948 2461 5005 cissimis
2500 4957 2584 5003 est
2625 4947 2957 5018 gratulatus,
3005 4947 3237 5017 primum
3280 4945 3636 5002 Sirmiensem
3676 4944 3838 5000 blas-

2226 5041 2497 5112 phemiam
2545 5040 2713 5096 refert
2742 5041 2901 5111 eique
2926 5040 3149 5111 opponit
3189 5054 3325 5111 quas
3368 5038 3674 5095 Orientales
3703 5040 3833 5095 Λιι-

2225 5149 2369 5206 cyra:
2397 5140 2586 5188 contra
2615 5132 2911 5189 Anommos
2954 5131 3238 5189 ediderant
3283 5131 3409 5188 ﬁdei
3439 5131 3787 5189 deﬁnitiones
3811 5151 3831 5201 ;

2222 5226 2289 5280 iis
2319 5233 2495 5280 tamen
2518 5224 2845 5295 suppressis,
2880 5240 3012 5295 quas
3040 5240 3227 5281 eorum
3254 5224 3411 5296 legati
3441 5224 3698 5281 Sirmium
3726 5242 3833 5283 ve-

2224 5320 2436 5375 nientes
2480 5319 2828 5375 reticuerant.
2872 5319 3007 5374 Tum
3051 5320 3180 5388 ﬁdes
3222 5336 3395 5376 omnes
3433 5318 3652 5390 subjicit
3699 5329 3836 5391 post

2223 5420 2463 5468 sanctam
2503 5411 2770 5484 synodum
2800 5411 3074 5469 Nictenam
3120 5412 3352 5469 diversis
3396 5412 3734 5489 temporibus
3770 5421 3835 5470 et

2219 5507 2354 5564 locis
2398 5507 2763 5577 conscriptas,
2814 5507 3205 5564 Antiochenam
3253 5508 3507 5564 videlicet
3545 5523 3637 5564 an.
3681 5508 3816 5577 54!,

2223 5583 2830 5671 psetido-Sardicensem
2866 5617 2955 5657 an.
2985 5602 3111 5669 5W,
3142 5610 3199 5658 et
3235 5602 3587 5659 Sirmiensem
3626 5609 3824 5657 contra

2221 5692 2508 5773 Phntinnm
2537 5708 2626 5746 an.
2658 5693 2785 5771 551,
2819 5708 2952 5764 quas
2981 5709 3172 5750 omnes
3199 5709 3329 5771 sese
3366 5691 3653 5773 complecti
3701 5692 3827 5763 cpio

2218 5772 2368 5857 scopi
2413 5764 2644 5857 Ancyra:
2689 5764 3000 5858 congregati
3047 5787 3099 5844 in
3145 5797 3247 5845 sua
3281 5764 3542 5860 svuodica
3586 5778 3822 5857 epistolis
