4106 6192
361 305 430 363 75
1755 303 2147 364 PREFATIO.

3516 313 3621 370 47b

324 421 463 494 apud
496 422 857 495 Epiphanium
884 421 1018 478 liter.
1044 436 1238 489 Lxxm,
1266 436 1323 477 ιι.
1354 420 1411 489 2,
1446 435 1552 478 non
1576 422 1746 479 semel
1772 422 1923 479 testi-
1949 429 2005 488 Α
2027 423 2132 480 nis.
2177 422 2382 480 Saltem
2426 424 2608 496 negari
2641 423 2832 496 nequit
2858 424 3209 483 Sirmiensem
3233 467 3250 492 ,
3282 441 3403 498 qua:
3429 428 3623 500 praeci-

322 514 576 572 ﬁcantur.
610 514 721 571 Hos
760 516 905 572 enim
936 515 1275 586 potissimum
1301 514 1533 572 Hilarius
1561 514 1916 572 Orientalium

320 610 540 667 nomine
581 610 849 682 intelligit.
883 609 1030 679 Quos
1059 611 1233 667 amice
1259 609 1327 666 ad
1353 610 1637 667 veritatem
1660 624 1921 667 revocare

319 703 545 761 studens
566 745 581 768 ,
626 704 700 759 ita
728 703 913 760 laudat
955 718 1073 769 eos,
1105 703 1195 775 qui
1227 703 1366 758 avita
1396 712 1452 759 et
1476 703 1772 774 apostolica
1816 703 1919 759 lide

320 796 564 853 contenti
592 799 813 866 scriptas
855 796 987 867 ﬁdes
1032 797 1290 863 nesciunt,
1320 807 1379 853 ut
1420 807 1595 855 tamen
1629 797 1919 867 professio-

321 906 447 947 num
476 891 839 962 pluralitatem
870 899 1119 958 excuset,
1148 898 1206 946 et
1230 890 1494 962 quidquid
1516 892 1568 946 in
1597 892 1676 947 eis
1701 890 1917 947 defendi

321 994 499 1056 petest
563 982 795 1054 benigne
838 984 1226 1054 interpretetur
1268 995 1431 1054 atque
1471 982 1747 1040 defendat.
1804 983 1918 1039 lmo

321 1075 580 1148 quidquid
617 1087 803 1132 contra
834 1074 1110 1150 ὃμοούσιον
1136 1078 1276 1132 solet
1308 1075 1543 1147 opponi,
1589 1092 1696 1133 non
1739 1082 1910 1143 tacet;

318 1183 420 1226 nec
441 1168 750 1225 dissimulat
772 1168 914 1239 quod
942 1171 995 1225 in
1034 1169 1262 1241 gratiam
1292 1169 1441 1226 verbi
1497 1169 1787 1243 ὁμοιούσιον
1817 1182 1914 1240 po-

317 1271 426 1320 test
452 1263 658 1320 aﬁ‘erri.
689 1262 1036 1320 Postmodum
1063 1273 1244 1320 tamen
1269 1264 1513 1335 subjecto
1531 1265 1748 1322 Nicmno
1769 1281 1918 1339 sym-

316 1355 470 1425 bolo,
512 1356 860 1413 retinendum
898 1371 1018 1414 esse
1059 1356 1332 1430 ὁμοούσιον
1361 1356 1710 1414 validissimis
1749 1359 1916 1415 ratio-

312 1465 441 1507 num
465 1451 759 1507 momentis
782 1449 998 1507 conﬁcit
1027 1458 1190 1520 atque
1214 1449 1506 1507 concludit.

382 1542 474 1599 IV.
519 1541 644 1598 Non
668 1543 769 1616 [uit
793 1558 968 1598 uersus
994 1559 1022 1598 e
1056 1558 1254 1614 graeco,
1283 1543 1373 1598 sed
1415 1552 1614 1598 tantum
1666 1544 1915 1616 Symbola

315 1633 680 1690 Orientalium.
711 1634 960 1705 Symbola
997 1634 1094 1689 illa
1118 1635 1187 1689 ad
1215 1635 1436 1691 litteram
1462 1637 1630 1691 vertit.
1658 1666 1729 1676 —
1755 1636 1913 1692 Haud

310 1726 424 1783 scio
485 1741 554 1782 an
612 1736 835 1797 propter
883 1726 1169 1798 praedictas
1224 1725 1351 1783 ﬁdei
1404 1726 1779 1784 confessiones
1828 1728 1912 1784 la~

2030 532 2195 589 puum
2224 517 2279 573 in
2308 516 2411 575 hoc
2441 517 2581 574 libro
2611 519 2787 575 locum
2814 519 3024 577 obtinet
3045 561 3061 587 ,
3105 535 3215 576 non
3241 528 3433 577 contra
3464 520 3622 577 Aria-

2024 624 2144 679 nos,
2176 611 2271 668 sed
2299 620 2486 667 contra
2511 611 2824 680 Photinum,
2856 611 3247 669 Antiochenam
3274 628 3405 670 vero
3433 620 3620 670 contra

2022 704 2404 771 Athanasium,
2432 718 2496 760 ac
2537 703 2755 761 domum
2787 704 3404 776 pseudo-Sardicensem
3429 705 3623 762 adver-

2021 812 2116 854 sus
2155 797 2406 853 eumdem
2448 796 2692 868 aliosque
2734 797 3036 855 catholicos
3074 798 3417 855 convenisse.
3447 798 3620 856 Minus

2021 892 2162 948 male
2186 893 2241 947 in
2261 891 2640 962 antiquissimo
2661 891 2899 948 basilica:
2918 892 3196 950 Vaticana)
3216 893 3404 950 codice
3427 893 3620 950 inscri-
3671 900 3685 911 ‘

2021 985 2193 1041 bitur:
2210 984 2362 1040 Liber
2383 985 2652 1040 catholica:
2672 984 2791 1054 ﬁdei
2812 984 3171 1059 449450
3199 998 3376 1041 contra
3398 985 3621 1042 Arianos

2020 1090 2066 1136 et
2092 1096 2248 1152 prter.
2276 1080 2482 1136 Arionis
2497 1080 2873 1151 acquiescentes
2899 1097 2918 1135 :
2948 1081 3185 1136 maxime
3208 1095 3330 1136 cum
3358 1095 3464 1135 non
3490 1093 3621 1135 con-

2018 1175 2295 1231 tineatille
2309 1174 2504 1241 codex,
2528 1174 2630 1230 nisi
2662 1175 2890 1245 primam
2919 1174 3079 1245 hujus
3106 1173 3230 1231 libri
3258 1181 3463 1244 partem
3493 1188 3617 1229 cum

2018 1268 2322 1342 Ancyrante
2358 1267 2483 1323 ﬁdei
2527 1267 2960 1332 deﬁnitionibus,
2990 1267 3185 1338 quibus
3223 1274 3473 1323 auctores
3501 1266 3616 1324 Sir.

2016 1361 2242 1417 miensis
2265 1360 2617 1430 blasphemia:
2643 1359 2814 1431 iisque
2842 1359 3253 1431 acquiescentes
3276 1358 3613 1415 refelluntur.

2014 1453 2203 1526 Neque
2241 1453 2598 1510 sufﬁcientem
2627 1453 2750 1509 libri
2780 1451 2942 1523 hujus
2970 1453 3216 1509 notitiam
3272 1460 3492 1523 praestat
3530 1451 3616 1507 in-

2015 1548 2240 1619 scriptio
2265 1547 2329 1603 de
2353 1546 2730 1618 Synodt's,qu:B
2753 1546 2808 1601 in
2835 1561 2965 1601 mss.
2990 1546 3062 1602 ab
3081 1545 3240 1602 annis
3258 1544 3366 1605 500
3387 1544 3615 1600 obtinet.

2016 1642 2186 1713 Hujus
2211 1651 2489 1698 auctorem
2520 1655 2641 1696 esse
2673 1639 3043 1711 conjectamus
3070 1639 3493 1711 Hieronymum,
3525 1638 3617 1710 qui

2014 1748 2135 1790 cum
2169 1748 2273 1789 non
2298 1733 2520 1789 haberet
2545 1747 2651 1802 quo
2678 1732 2898 1787 nomine
2923 1731 3027 1789 hoc
3047 1730 3197 1802 Opus
3215 1731 3455 1788 breviter
3474 1729 3619 1785 indi-

314 1819 424 1875 tine
476 1816 749 1885 redditas,
799 1833 829 1874 a
879 1818 1125 1875 Sculteto
1162 1827 1285 1888 post
1333 1818 1604 1876 Gillotium
1657 1820 1907 1891 (praefat.
1940 1831 1988 1891 Β
2014 1836 2194 1893 caret,
2245 1826 2528 1897 appellarit
2557 1824 2621 1880 de
2662 1824 2922 1896 Synodis,
2967 1832 3095 1894 puta
3139 1822 3208 1879 ad
3257 1821 3617 1878 imitationem

309 1911 363 1965 in
417 1909 641 1983 Hilar.)
685 1911 896 1968 dicatur
952 1911 1038 1967 hic
1082 1912 1218 1968 liber
1273 1928 1447 1968 uersus
1512 1913 1576 1967 de
1630 1914 1791 1968 latino
1855 1916 1911 1968 in

310 2019 534 2076 grtecum
558 2045 576 2072 ,
623 2021 727 2060 non
779 2007 1022 2076 oppensis
1065 2005 1227 2061 verbis
1249 2047 1265 2074 ,
1314 2006 1405 2062 sed
1453 2007 1657 2062 reddito
1707 2023 1912 2063 sensu:

312 2094 471 2166 longe
511 2096 694 2153 minus
733 2107 947 2155 constat
982 2112 1050 2154 an
1100 2099 1356 2155 Erasmus
1399 2098 1591 2155 eadem
1632 2099 1795 2156 etiam
1844 2099 1912 2157 de

310 2202 472 2245 causa
520 2189 687 2246 veluti
734 2205 836 2262 pro
883 2197 1167 2262 comperto
1213 2202 1422 2248 asserat
1458 2209 1472 2246 :
1514 2190 1670 2247 Hunc
1714 2192 1910 2249 librum

309 2280 575 2349 Hilarius,
606 2292 666 2338 ut
693 2284 804 2354 ipse
842 2292 1077 2352 testatur,
1111 2285 1259 2340 uertit
1285 2300 1313 2339 e
1350 2299 1543 2357 graeco,
1574 2286 1664 2340 sed
1707 2286 1804 2340 hoc
1844 2286 1912 2340 li-

311 2374 532 2442 bertate,
561 2377 824 2448 utubique
848 2377 1087 2451 neglectis
1115 2377 1277 2433 verbis
1295 2378 1595 2434 sententiam
1623 2379 1775 2433 modo
1796 2380 1915 2434 red-

314 2473 434 2536 dat,
466 2478 514 2525 et
553 2470 642 2525 ubi
690 2470 833 2526 locus
870 2472 1086 2537 incitat,
1119 2471 1315 2542 aliquid
1344 2470 1409 2525 tle
1453 2487 1548 2526 suo
1587 2470 1912 2527 admisceat:

312 2580 464 2634 quam
491 2563 776 2620 libertatm
815 2563 912 2620 sibi
952 2565 1195 2635 permittit
1235 2575 1281 2618 ct
1323 2565 1381 2619 in
1422 2565 1636 2636 psalmis
1665 2564 1910 2620 scribens.

312 2657 427 2714 Non
450 2659 599 2716 enim
627 2659 732 2714 fert
757 2660 1060 2716 communis
1085 2658 1356 2715 sermonis
1388 2672 1514 2715 usus
1533 2698 1549 2725 ,
1585 2667 1645 2713 ut
1671 2673 1807 2729 opus
1837 2660 1915 2714 la-

311 2750 483 2807 tinum
512 2750 728 2808 dicatur
756 2766 787 2807 e
813 2766 991 2823 graeco
1018 2766 1258 2817 versum,
1288 2749 1432 2817 quod
1462 2750 1707 2822 quaedam
1734 2750 1913 2806 moni-

310 2856 492 2901 menta
537 2845 817 2902 contineat
870 2860 902 2901 e
945 2860 1122 2914 graeco
1151 2845 1432 2901 translata.
1478 2844 1623 2912 Sed,
1666 2845 1916 2916 quamvis

310 2937 455 2993 aliud
476 2938 705 2994 omnino
725 2946 921 2994 sonent
947 2938 1157 2994 Erasmi
1188 2938 1488 3008 prmsertim
1516 2937 1698 3004 verba,
1723 2938 1914 2993 demus

310 3038 495 3085 tamen
522 3044 621 3086 eos
660 3028 715 3085 in
762 3044 894 3085 unas
934 3028 1290 3086 Orientalium
1325 3027 1586 3083 formulas
1619 3027 1744 3084 huic
1772 3028 1914 3084 libro

309 3122 591 3179 admixtas
608 3124 941 3194 respexisse.
960 3122 1114 3180 Unde
1135 3122 1356 3186 habent,
1376 3122 1634 3178 Hilarium
1655 3122 1913 3194 neglectis

2016 1919 2139 1975 libri
2186 1917 2469 1973 Athanasii
2519 1916 2709 1973 eadem
2758 1915 2974 1972 ratione
3020 1914 3300 1987 inscripti,
3347 1929 3469 1969 cum
3509 1927 3617 1984 quo

2013 2011 2302 2086 quamdam
2357 2010 2562 2066 habere
2614 2010 2830 2065 videtur
2889 2008 3231 2066 afﬁnitatem.
3281 2008 3615 2078 Quamquam

2013 2105 2157 2176 apud
2200 2103 2551 2160 Athanasium
2603 2102 2855 2175 specialis
2906 2110 2992 2158 est
3044 2101 3230 2157 titulus
3274 2099 3339 2155 de
3391 2099 3618 2171 Synodis

2016 2200 2325 2256 Ariminensi
2349 2208 2397 2254 et
2421 2196 2771 2262 Seleuciensi;
2795 2196 2865 2253 de
2884 2196 3079 2269 quibus
3100 2196 3335 2268 primum
3358 2195 3471 2268 agit
3490 2193 3617 2250 data

2014 2308 2211 2365 Opera,
2254 2307 2319 2349 ac
2365 2302 2555 2363 postea
2601 2291 2750 2347 velut
2795 2305 2862 2347 ex
2909 2291 3197 2346 occasione
3224 2289 3407 2360 plures
3449 2286 3617 2343 refert

2014 2387 2142 2443 ﬁdei
2170 2386 2542 2443 confessiones
2574 2402 2587 2439 :
2622 2400 2727 2441 non
2758 2392 2816 2439 ut
2850 2398 2945 2441 eas
2985 2383 3233 2455 quidem,
3267 2380 3618 2454 quemadmo-

2015 2483 2146 2539 dum
2173 2480 2433 2547 Hilarius,
2467 2479 2701 2551 benigne
2723 2488 2976 2543 excuset;
3004 2477 3100 2532 sed
3124 2486 3182 2531 ut
3209 2476 3533 2533 Arianorum
3562 2480 3613 2529 in

2017 2576 2124 2631 ﬁde
2165 2574 2582 2630 inconstantiam
2621 2571 2979 2627 demonstret.
3024 2568 3176 2625 Unde
3208 2567 3287 2634 fit,
3318 2578 3374 2623 ut
3404 2567 3615 2623 etiamsi

2016 2670 2297 2738 utriusque
2326 2666 2473 2737 Opus
2499 2666 2551 2719 in
2599 2665 2700 2719 hoc
2739 2664 2918 2719 simile
2943 2662 3043 2726 sit,
3074 2662 3216 2733 quod
3261 2662 3420 2718 ambo
3458 2662 3614 2718 exhi-

2016 2760 2181 2816 beant
2213 2759 2395 2830 plures
2419 2755 2772 2811 Orientalium
2812 2754 2934 2810 ﬁdei
2964 2753 3308 2809 definitiones
3337 2771 3351 2807 :
3380 2769 3501 2809 cum
3532 2762 3614 2810 ta-

2015 2865 2140 2907 men
2181 2850 2460 2918 utrinsque
2490 2846 2646 2902 valde
2671 2846 2942 2902 diversum
2972 2846 3044 2901 sit
3069 2845 3387 2911 consilium,
3420 2860 3520 2902 nec
3552 2846 3619 2900 ti-

2018 2943 2159 3000 tulus
2206 2941 2490 2999 Athanasii
2539 2940 2676 2996 libro
2720 2948 3055 3011 praenotatos
3116 2938 3184 2993 ad
3231 2953 3349 2994 eam
3401 2939 3616 3010 proprie

2017 3045 2226 3108 partem
2255 3035 2548 3107 pertineat,
2576 3046 2698 3103 qua!
2727 3045 2849 3087 eum
2878 3031 2981 3086 hoc
3011 3029 3195 3085 Hilarii
3226 3029 3400 3101 Opere
3424 3030 3617 3085 similis

2017 3137 2271 3201 apparet;
2305 3128 2466 3183 unius
2506 3125 2786 3197 inscriptio
2812 3139 2920 3179 non
2951 3123 3143 3180 debeat
3169 3138 3291 3178 esse
3330 3137 3516 3179 norma
3538 3123 3617 3178 al-

311 3214 515 3287 ubique
564 3215 747 3271 verbis
796 3214 1171 3271 tantummodo
1222 3213 1524 3271 reddidisse
1576 3214 1915 3270 sententias?
1940 3224 1985 3287 (ζ
2020 3222 2209 3278 terius.
2240 3220 2426 3290 Itaque
2456 3218 2562 3274 hoc
2589 3218 2737 3289 Opus
2769 3232 2875 3272 non
2905 3215 3012 3271 alio
3042 3215 3258 3271 nomine
3284 3215 3352 3269 ab
3377 3214 3494 3285 ipso
3524 3213 3616 3269 Hi-

311 3308 561 3365 Afl'crunt
591 3308 805 3380 quidem
846 3308 989 3380 quod
1023 3315 1250 3364 testatur
1277 3323 1426 3361 num.
1456 3305 1510 3371 9,
1544 3322 1603 3361 se
1628 3306 1913 3376 Ancyrana

312 3401 536 3458 decreta
570 3400 757 3457 verbis
781 3415 941 3471 quam
970 3398 1167 3469 poterit
1193 3399 1611 3455 ahsolutissimis
1633 3399 1913 3470 expositu-

310 3508 467 3560 rum;
502 3508 610 3549 non
641 3492 784 3563 quod
832 3507 940 3548 non
970 3492 1039 3548 ab
1067 3492 1186 3547 aliis
1211 3491 1322 3562 jam
1371 3490 1573 3547 fuerint
1616 3490 1756 3547 edita
1777 3531 1793 3557 ,
1824 3490 1917 3545 sed

310 3586 454 3659 quod
483 3602 548 3642 ea:
572 3602 741 3659 grteco
776 3586 829 3639 in
860 3584 1078 3640 latinum
1100 3585 1169 3638 ad
1198 3584 1402 3639 verbum
1430 3601 1669 3656 expressa
1694 3586 1919 3641 transla-

311 3680 387 3734 tio
412 3677 567 3747 oﬂ'ert
592 3679 889 3749 plerumque
911 3677 1294 3741 obscuritatem,
1326 3677 1447 3731 dum
1468 3676 1722 3732 custodita
1742 3678 1919 3731 verbo-

311 3788 430 3827 rum
456 3772 665 3826 collatio
692 3773 920 3825 canalem
944 3770 1316 3825 absolutionem
1351 3786 1453 3823 non
1482 3779 1646 3837 potest
1665 3771 1734 3822 ad
1759 3770 1916 3823 intel-

313 3862 540 3935 ligentia
584 3862 963 3933 simplicitatem
1000 3877 1321 3916 conservare.
1367 3862 1437 3916 At
1466 3862 1640 3932 primo
1669 3861 1739 3917 dc
1784 3862 1919 3917 solis

314 3957 619 4028 Ancyramc
646 3955 838 4027 synodi
866 3954 1267 4017 deﬁnitionibus
1289 3966 1595 4009 sermonem
1620 3952 1707 4009 hic
1729 3952 1913 4009 habet.

315 4047 523 4104 Deinde
547 4062 864 4118 expressam
889 4049 954 4103 ad
988 4049 1212 4103 verbum
1243 4047 1648 4102 translationem
1683 4046 1919 4115 plerum-

315 4156 423 4211 que
469 4140 754 4198 obscuram
808 4155 929 4197 esse
973 4141 1248 4208 insinuat,
1302 4155 1410 4196 non
1458 4151 1725 4210 quatenus
1755 4141 1919 4195 verba

315 4234 529 4301 reddit,
573 4235 671 4290 sed
700 4245 971 4307 quatenus
998 4236 1247 4290 eumdem
1276 4235 1564 4291 verborum
1599 4249 1881 4289 numerum
1901 4278 1917 4302 ,

315 4328 562 4384 ordinem
620 4327 1146 4399 collocationemquc
1210 4328 1579 4399 scrupulosius
1636 4328 1916 4383 custodit:

314 4420 462 4492 quod
494 4429 685 4491 aperte
713 4420 770 4476 in
797 4420 943 4476 Psal.
973 4437 1139 4487 mn,
1172 4438 1227 4476 ιι.
1260 4421 1349 4487 2|,
1382 4420 1645 4489 declarat,
1675 4436 1735 4476 se
1765 4420 1917 4476 nimi-

315 4527 436 4568 rum
458 4512 571 4582 jam
600 4512 896 4578 monuisse,
917 4511 1525 4584 plerumqueinterpretes
1544 4524 1774 4579 cunctos,
1797 4515 1921 4569 dum

2020 3316 2156 3372 lario
2176 3314 2492 3385 inscriptum
2525 3320 2773 3382 putamus
2792 3352 2807 3378 ,
2837 3325 2992 3381 quam
3020 3324 3207 3365 eorum
3230 3308 3296 3364 ad
3323 3322 3457 3379 quos
3484 3306 3616 3362 illud

2018 3410 2185 3467 misit.
2220 3408 2290 3463 Et
2314 3407 2530 3479 quidem
2564 3408 2615 3461 in
2657 3406 2910 3461 omnibus
2939 3404 3124 3476 proba:
3157 3413 3298 3459 notae
3325 3417 3456 3459 mss.
3488 3401 3618 3457 sim-

2020 3503 2235 3574 pliciter
2257 3498 2475 3571 epistola
2515 3506 2891 3569 nuncupatur:
2927 3511 3102 3567 neque
3130 3497 3289 3550 aliter
3311 3492 3561 3549 laudatur
3586 3507 3615 3546 a

2019 3593 2275 3651 Facundo
2303 3592 2603 3658 Hermian.,
2637 3591 2731 3645 lib.
2758 3606 2813 3654 ι,
2839 3605 2891 3645 e.
2918 3589 2951 3644 6
2981 3606 2994 3642 :
3025 3587 3089 3642 Β.
3120 3586 3388 3653 Hilarius,
3421 3585 3612 3655 inquit,

2018 3687 2336 3743 Arianorum
2365 3683 2745 3756 potentissimus
2786 3691 2934 3752 atque
2965 3680 3246 3734 acerrimus
3273 3688 3614 3750 expugnator,

2019 3790 2067 3835 et
2086 3778 2527 3835 constantissimus
2547 3776 2668 3845 ﬁdei
2694 3775 3002 3829 Christiana:
3021 3773 3278 3841 defmsor,
3302 3773 3355 3824 in
3396 3769 3613 3839 epistola

2018 3892 2172 3946 quant
2202 3874 2266 3928 de
2294 3873 2474 3928 exsilio
2508 3871 2712 3943 scripsit
2753 3869 3007 3942 episwpis
3046 3866 3334 3922 Germanae
3362 3867 3542 3937 primm
3571 3875 3617 3920 et

2020 3966 2307 4022 Germania:
2332 3967 2591 4029 secumlte,
2623 3971 2728 4018 etc.
2754 3962 2952 4017 Verum
2978 3970 3036 4016 ut
3062 3960 3202 4015 absit
3228 3958 3482 4014 novitatis
3501 3973 3619 4012 mo-

2021 4060 2173 4116 lestia
2196 4100 2211 4123 ,
2238 4059 2452 4116 titulum
2486 4064 2760 4126 receptum
2788 4056 2851 4110 de
2892 4052 3119 4124 Synodis
3162 4066 3270 4106 non
3301 4057 3571 4105 mutamus
3600 4067 3614 4104 :

2021 4154 2108 4210 cui
2141 4164 2318 4208 tamen
2347 4152 2660 4221 adjicimus,
2692 4165 2783 4203 seu
2810 4149 2872 4201 de
2901 4148 3005 4217 ﬁde
3050 4144 3421 4209 Orientalium,
3468 4152 3530 4199 ut
3564 4144 3618 4199 in

2022 4247 2200 4302 fronte
2246 4244 2441 4300 haheat
2486 4242 2656 4297 lector
2701 4240 2917 4295 brevem
2957 4253 3144 4294 eorum
3191 4251 3313 4310 quae
3343 4235 3618 4292 tractanda

2020 4348 2145 4394 sunt
2169 4337 2420 4392 indicem.

2098 4429 2183 4485 VI.
2203 4428 2472 4483 Tractatus
2500 4427 2583 4481 hic
2609 4427 2914 4481 auctoritate
2939 4424 3344 4480 commendatur.
3370 4453 3441 4465 —
3468 4422 3622 4477 Hunc

2025 4532 2334 4589 tractatum,
2366 4537 2524 4592 quem
2552 4520 2811 4576 orationis
2838 4518 3070 4574 fructum
3089 4560 3104 4585 ,
3135 4518 3284 4588 pacis
3313 4532 3499 4572 semen
3521 4556 3537 4581 ,
3565 4523 3621 4569 et

316 4608 710 4663 collocationem
749 4607 1079 4677 ordinemque
1106 4607 1372 4662 verborum
1399 4607 1660 4661 demutare
1703 4625 1763 4663 ac
1791 4618 1918 4663 tem-
1945 4619 1998 4680 D
2025 4631 2245 4688 germen
2287 4615 2527 4670 caritatis
2572 4612 2956 4685 cognominare
3002 4613 3148 4676 licet,
3172 4610 3429 4681 Vigilium
3452 4608 3614 4677 Taps.

316 4717 502 4771 perure
525 4717 628 4755 non
655 4699 863 4768 audent,
911 4699 1079 4753 minus
1110 4699 1334 4753 dilucide
1362 4700 1722 4771 proprietatem
1750 4700 1922 4754 decla-

311 4810 460 4850 rasse
486 4794 761 4847 dictorum.
792 4791 1075 4848 Postremo
1104 4793 1195 4863 qui
1219 4806 1395 4862 graeca
1421 4792 1667 4862 exempla
1696 4808 1818 4847 cum
1844 4793 1921 4847 la-

314 4886 434 4943 tina
463 4885 649 4941 Hilarii
679 4885 929 4941 versione
951 4884 1265 4950 contendet,
1298 4883 1455 4938 facile
1482 4882 1807 4938 assentietur
1831 4883 1919 4938 vix

312 4979 487 5035 ullam
513 4977 757 5048 potuisse
781 4976 975 5033 confici
1001 4977 1193 5033 littera:
1222 4976 1551 5032 tenaciorem
1577 4993 1590 5031 :
1620 4984 1674 5031 et
1699 4975 1923 5047 perinde

315 5073 635 5138 Erasmum,
664 5070 942 5128 Gillotium
970 5080 1130 5140 atque
1160 5069 1455 5126 Scultelum
1486 5068 1555 5124 de
1592 5083 1652 5125 re
1680 5068 1783 5124 sibi
1815 5083 1921 5124 non

312 5177 604 5238 comperta
627 5166 787 5223 verba
816 5166 997 5222 facere
1016 5167 1276 5223 voluisse.

396 5261 464 5319 ν.
497 5262 719 5318 Titulus.
749 5294 818 5307 —
840 5263 897 5319 Si
919 5263 1081 5318 etiam
1134 5264 1352 5334 propius
1381 5263 1921 5334 inspexissenttotius

314 5354 489 5426 hujus
517 5353 714 5424 Operis
742 5354 1035 5421 rationem,
1070 5354 1437 5424 displicuisset
1473 5356 1554 5411 eis
1578 5356 1829 5426 vulgatus
1861 5356 1928 5411 ti-

316 5451 505 5513 tulus,
548 5447 631 5504 De
669 5449 881 5520 synodis
923 5449 1047 5520 ﬁdei
1090 5449 1356 5504 catholica:
1396 5459 1575 5504 contra
1617 5450 1836 5504 Arianae
1880 5460 1926 5505 et

318 5540 749 5617 prosaricatores
774 5540 986 5596 Arionis
1004 5541 1393 5610 acquiescentes.
1436 5542 1602 5609 Quasi
1633 5556 1764 5597 vero
1798 5557 1926 5614 syn-

319 5634 450 5704 odi,
477 5649 708 5705 quarum
737 5635 1103 5707 expositiones
1146 5634 1546 5706 complectitur,
1577 5649 1606 5688 a
1636 5632 1926 5691 Catholicis

318 5735 520 5811 eontra
545 5726 782 5803 Aria'nos
808 5727 1008 5811 habitae.
1052 5727 1285 5811 fuerint,
1314 5736 1371 5783 et
1398 5742 1505 5809 non
1538 5729 1716 5797 potius
1741 5729 1810 5784 ab
1849 5730 1928 5800 ip-

317 5800 517 5878 sisinet
546 5800 836 5881 maximam
866 5806 1075 5892 partem
1108 5800 1319 5877 Arionis
1347 5802 1439 5876 aut
1462 5810 1610 5877 certe
1636 5812 1928 5878 Semiari'a-

2022 4708 2224 4763 vidisse
2249 4706 2417 4776 liquct
2437 4721 2503 4761 ex
2534 4705 2673 4760 libro
2698 4705 2866 4775 ipsius
2889 4720 2919 4757 v
2935 4715 3120 4759 contra
3146 4701 3446 4773 Eutychen,
3467 4715 3615 4753 ntnu.

2023 4804 2078 4868 5,
2106 4816 2208 4857 nec
2247 4800 2379 4853 satis
2421 4797 2720 4853 advertisse
2746 4811 2854 4867 quo
2893 4803 3179 4865 Spectaret.
3211 4793 3471 4849 Eumdem
3507 4793 3621 4847 lau-

2023 4894 2171 4951 davit
2214 4889 2501 4947 Facundus
2545 4906 2652 4944 non
2719 4891 2892 4943 solum
2945 4888 3039 4942 lib.
3078 4903 3147 4953 x,
3188 4902 3309 4957 cap.
3351 4886 3404 4955 6,
3435 4885 3528 4941 sed
3567 4896 3621 4941 et

2026 4988 2119 5044 lib.
2146 5000 2247 5053 xu,
2274 4998 2394 5053 cap.
2420 4983 2473 5049 '5,
2500 4979 2832 5053 Augustinus
2854 4995 2984 5035 vero
3010 4980 3170 5052 epist.
3200 4994 3353 5045 xerit,
3376 4996 3526 5034 num.
3551 4979 3614 5034 51

2023 5095 2079 5140 et
2106 5083 2197 5150 5‘2,
2229 5081 2489 5136 adversus
2537 5079 2881 5135 Vincentium
2930 5076 3263 5146 Rogatistam
3308 5075 3617 5131 vindicavit.

2025 5176 2185 5233 Tanti
2212 5183 2389 5228 autem
2420 5171 2571 5227 illum
2597 5170 2722 5226 fecit.
2748 5169 3103 5241 Hieronymus
3124 5209 3139 5232 ,
3172 5179 3230 5222 ut
3258 5171 3469 5239 pr0pria
3497 5182 3620 5221 eum

2027 5282 2188 5321 manu
2219 5264 2587 5333 descripserit.
2630 5261 2904 5317 Prolixum
2929 5261 3107 5326 valde,
3142 5261 3315 5329 inquit
3344 5260 3504 5330 epist.
3547 5274 3618 5327 vI,

2026 5358 2093 5414 ad
2144 5356 2514 5424 Florentium,
2564 5356 2749 5411 librum
2792 5354 2855 5408 de
2904 5354 3131 5425 Synodis
3177 5356 3337 5407 sancti
3390 5352 3621 5419 Hilarii,

2025 5467 2173 5521 quem
2201 5450 2248 5504 ei
2274 5447 2417 5520 apud
2442 5445 2676 5502 Treviros
2715 5461 2873 5500 manu
2916 5460 3028 5500 nica
3068 5445 3177 5513 ipse
3217 5444 3585 5515 descripseram
3607 5485 3622 5510 ,

2027 5558 2170 5611 teque
2197 5556 2253 5596 ut
2279 5543 2405 5595 mihi
2435 5543 2719 5612 transferas
2746 5550 2881 5612 peto.

2100 5634 2210 5691 VII.
2242 5632 2526 5703 Speculum
2552 5642 2624 5688 est
2650 5634 2891 5688 virtutum
2933 5631 3143 5687 Hilarii.
3178 5631 3475 5688 Praesertim
3498 5634 3623 5689 leni-

2027 5726 2475 5802 tatis.——N_eque
2514 5725 2722 5800 oblioc
2769 5725 2945 5780 solum
2995 5726 3455 5794 commendandus
3500 5735 3583 5782 est
3609 5763 3625 5793 ,

2027 5821 2172 5894 quod
2204 5807 2356 5894 plura
2386 5819 2631 5878 continet
2657 5825 2806 5891 gesta
2847 5832 2969 5891 quae
3014 5814 3291 5875 historiam
3321 5812 3620 5885 illustrant,
3716 5866 3733 5879 ,
