4106 6192
429 309 536 368 473
1664 309 1728 367 ΙΝ
1769 307 2028 366 LIBRUM

2199 306 2492 368 SVNODIS
3628 317 3735 372 476

431 427 526 483 sed
555 435 612 483 et
636 426 784 499 quod
813 442 996 483 veram
1021 441 1084 481 ac
1107 397 1286 480 vivam
1318 440 1428 497 prae
1450 439 1514 479 se
1537 423 1673 480 lerat
1699 423 2026 479 sanctissimi
2054 426 2104 485 Α
2202 421 2271 478 Χ.
2303 426 2384 480 An
2407 427 2512 480 sint
2537 429 2825 500 fragmenta
2845 468 2861 496 ,
2892 445 2960 482 an
2999 438 3151 484 uota.
3185 431 3263 486 An
3294 431 3492 487 nullam
3511 433 3736 501 amplius

432 521 689 577 Praesulis
728 519 986 592 efﬁgiem.
1021 521 1078 576 in
1107 535 1174 575 eo
1203 521 1348 575 enim
1378 534 1486 574 uno
1529 526 1757 574 tractatu
1797 518 1943 573 velut
1975 519 2032 571 in
2134 517 2550 575 desiderandus.
2579 551 2656 562 --
2683 521 2760 577 De
2803 521 2890 577 bis
2933 523 3210 594 ambigere
3257 525 3411 588 licet,
3464 527 3739 584 selectauc

433 612 655 684 speculo
695 612 1045 683 resplendent
1091 626 1262 683 prope
1303 626 1495 667 omnes
1542 610 1730 666 Hilarii
1770 611 2030 676 virtutes,
2135 609 2245 664 sint
2290 611 2572 682 amplioris
2604 615 2870 685 apologis;
2898 613 3197 685 fragmenta
3224 631 3253 670 a
3281 617 3526 673 studioso
3555 620 3739 690 aliquo

437 705 742 777 prudentia,
771 706 1072 760 constantia
1095 746 1111 773 ,
1140 706 1302 761 animi
1331 704 1642 777 magnitudo
1669 705 1828 760 simul
1853 713 1911 760 et
1933 704 2034 759 de»
2135 702 2252 758 suis
2294 703 2430 758 locis
2463 713 2676 775 aptata,
2716 719 2785 760 an
2821 721 2952 761 vero
2979 705 3091 763 sint
3135 715 3340 763 tantum
3373 718 3518 764 nota:
3545 718 3600 765 et
3639 725 3737 779 ap-

436 797 627 852 missin
655 811 752 851 seu
779 796 1061 852 humilitas
1085 797 1410 864 Christiana,
1442 809 1624 854 costus
1647 812 1799 853 amor
1823 796 2032 867 patriae,

436 903 705 943 summum
739 889 886 960 pacis
915 889 1152 945 studium
1177 933 1193 954 ,
1228 890 1351 946 ﬁdei
1395 891 1680 946 sinceritas
1711 900 1872 961 atque
1896 889 2040 945 inte-

437 982 637 1051 gritas,
675 992 780 1038 etc.
814 982 1046 1040 Maxime
1073 992 1256 1040 autem
1297 985 1508 1054 egregia
1557 983 1645 1038 illa
1681 982 2040 1038 conciliandis

437 1075 541 1132 sibi
588 1077 832 1132 omnium
877 1078 1075 1133 animis
1123 1087 1247 1132 nata
1297 1077 1491 1132 lenitas
1541 1087 1703 1148 atque
1753 1077 2038 1144 modestia,

441 1184 546 1240 qua
590 1170 875 1238 praeditum
923 1186 1047 1225 eum
1108 1169 1276 1224 luisse
1333 1178 1561 1224 testatur
1612 1169 1840 1225 Ruﬁnus
1870 1169 1986 1241 (lib.
2020 1183 2040 1224 ι

445 1262 616 1326 Hist,
645 1281 691 1318 ο.
723 1261 836 1336 5i),
867 1265 1003 1318 adeo
1029 1265 1230 1334 ubique
1252 1264 1456 1327 elucet,
1488 1271 1548 1317 ut
1577 1263 1660 1318 vel
1675 1263 1916 1318 nondum
1947 1278 2042 1316 au-

443 1355 558 1410 dito
588 1355 765 1411 Ruﬁni
798 1357 1139 1419 testimonio,
1172 1364 1606 1427 prteconceptam
1642 1356 1784 1426 vulgi
1826 1355 2042 1424 opinio-

444 1463 567 1503 nem
591 1489 606 1514 ,
637 1463 744 1518 qua
789 1449 958 1503 animi
1003 1464 1125 1503 eum
1178 1449 1338 1517 paulo
1380 1446 1752 1503 concitatioris
1787 1462 1848 1501 ac
1874 1447 2046 1503 vehe-

443 1543 730 1596 mentieris
754 1541 924 1597 [uisse
949 1550 1157 1610 putant,
1191 1543 1374 1595 statim
1403 1541 1809 1597 excusserimus
1835 1542 1910 1596 uti
1943 1541 2044 1597 ial-

443 1651 561 1694 sam
607 1645 662 1692 et
691 1636 948 1708 iniquam.
981 1636 1098 1722 Qua
1141 1636 1196 1690 in
1237 1637 1506 1691 sententia
1546 1652 1656 1692 non
1699 1637 2048 1694 mediocriter

445 1730 834 1785 conﬁrmamur
848 1743 915 1784 ex
937 1729 1141 1785 sedatis
1154 1744 1220 1784 ac
1237 1730 1396 1785 melle
1422 1730 1655 1784 conditis
1681 1731 1959 1801 responsis
1979 1730 2048 1784 ad

2141 794 2395 865 pendiccs
2418 796 2486 852 ad
2516 797 2862 853 illustrandos
2891 800 3053 868 hujus
3079 799 3200 854 libri
3231 800 3408 864 locos.
3437 803 3529 872 qui
3557 817 3745 873 repre-

2140 887 2388 944 hensioni
2439 889 2614 944 locum
2656 890 2948 957 dederant,
3003 895 3073 948 ab
3109 893 3339 963 ipsemet
3387 895 3592 950 llllario
3648 897 3745 950 ad-

2142 989 2334 1046 texttc,
2386 991 2440 1037 ct
2467 982 2536 1038 ad
2561 999 2818 1040 censores
2856 1000 2984 1042 suos
3014 1001 3137 1043 cum
3182 989 3322 1044 libro
3359 990 3422 1044 iis
3452 991 3596 1046 notis
3625 992 3747 1046 illn-

2142 1084 2317 1131 strato
2365 1077 2565 1134 missze.
2623 1078 2907 1135 Probabile
2958 1090 3138 1137 tamen
3189 1089 3465 1152 putamus,
3516 1084 3666 1138 illum
3716 1099 3748 1140 a

2143 1166 2394 1222 Lucifero
2414 1169 2484 1224 de
2504 1169 2574 1226 iis
2590 1185 2711 1240 qua
2736 1181 2846 1226 tum
2867 1172 2992 1238 sibi,
3021 1182 3132 1228 tum
3156 1174 3274 1229 aliis
3301 1175 3353 1229 in
3377 1176 3478 1229 hoc
3494 1175 3748 1231 Tractatu

2144 1259 2529 1330 displicuerant
2571 1261 2942 1328 admonitum,
2987 1267 3244 1321 eumdem
3289 1267 3392 1336 ipsi
3436 1267 3749 1324 Tractatum

2147 1352 2402 1409 brevibus
2421 1355 2529 1410 illis
2551 1357 2830 1425 responsis
2851 1369 3065 1413 auctum
3091 1359 3322 1427 misisse,
3349 1361 3543 1430 quibus
3561 1377 3754 1418 nunties

2148 1445 2216 1501 de
2245 1446 2369 1502 ﬁdei
2397 1464 2507 1502 suae
2537 1449 2850 1505 sinceritate
2876 1451 3140 1506 certiores
3164 1451 3386 1508 laceret.
3417 1453 3501 1508 An
3527 1469 3658 1508 vero
3687 1467 3752 1508 ex

2149 1539 2257 1595 illis
2284 1540 2561 1610 responsis
2591 1541 2802 1596 nulltn
2823 1543 3055 1613 amplius
3081 1543 3500 1599 desiderandum
3526 1551 3616 1611 sit,
3646 1561 3752 1601 non

2149 1633 2323 1687 ausim
2351 1647 2598 1689 asserere
2627 1651 2642 1689 :
2673 1635 2720 1690 si
2744 1635 2962 1705 quidem
2991 1635 3074 1691 vel
3105 1651 3168 1691 ex
3203 1638 3288 1703 iis,
3316 1653 3438 1708 quas
3467 1653 3610 1693 nunc
3641 1641 3758 1708 pri-

2152 1741 2297 1781 mum
2327 1726 2584 1793 eduntur,
2627 1727 2846 1783 codices
2887 1727 2978 1782 alii
3022 1728 3127 1782 alia
3174 1728 3412 1794 habent,
3458 1731 3635 1786 nullus
3665 1733 3760 1802 qui

447 1838 531 1890 ea,
561 1837 682 1893 qua:
714 1824 766 1876 in
797 1821 964 1879 hocce
1003 1837 1104 1878 suo
1134 1829 1364 1878 tractatu
1403 1822 1650 1877 nonnulli
1689 1823 1830 1878 male
1870 1838 2054 1893 repre-
2082 1825 2130 1885 Β
2155 1818 2355 1872 omnia.
2384 1818 2439 1873 In
2465 1819 2645 1874 multis
2665 1819 2872 1874 nullum
2892 1821 3148 1876 occurrit.
3174 1821 3228 1876 lu
3255 1824 3500 1893 pluribus
3521 1827 3763 1895 reperire

449 1914 774 1970 hendcrnnt.
828 1913 888 1970 In
936 1915 1004 1969 iis
1046 1916 1194 1970 enim
1241 1914 1390 1972 clare
1437 1921 1664 1985 apparet
1717 1915 1912 1970 invicta
1965 1916 2054 1971 illa

448 2005 614 2062 animi
643 2007 1026 2078 tranquillitas,
1055 2021 1161 2078 qua
1190 2011 1362 2078 potuit
1388 2010 1554 2062 etiam
1586 2007 1776 2071 lusus,
1814 2017 2054 2078 pacatam

449 2097 714 2152 dictorum
747 2099 1016 2154 rationem
1038 2098 1340 2164 reddendo,
1369 2114 1496 2154 suos
1524 2098 1756 2154 delinire
1774 2113 2056 2164 censores,

451 2189 612 2244 irasci
642 2191 858 2260 propria
890 2191 944 2244 in
973 2204 1134 2245 causa
1173 2203 1396 2262 prorsus
1434 2190 1686 2246 nescivit.
1720 2189 1827 2246 Sed
1853 2190 1924 2245 de
1949 2190 2060 2245 illis

452 2283 767 2352 responsis,
813 2297 937 2353 quae
979 2297 1122 2337 nunc
1155 2282 1390 2352 primum
1430 2297 1464 2338 c
1491 2283 1732 2338 tenebris
1770 2289 2058 2348 eruuntur,

453 2373 701 2430 nonihil
727 2374 818 2432 hic
840 2375 1307 2446 pmloqttendum.

528 2467 665 2523 Vill.
709 2467 860 2525 Uade
893 2477 1044 2524 eruta
1098 2469 1201 2523 siut
1241 2469 1563 2540 apelogetiea
1613 2469 1772 2542 hujus
1817 2469 1933 2524 libri
1979 2485 2064 2524 rso

455 2577 663 2632 sponsa.
709 2590 780 2603 —
828 2561 886 2616 in
944 2559 1134 2616 codice
1183 2561 1506 2617 Carnutensi
1557 2561 1818 2619 Romanis
1865 2562 2065 2618 litteris

455 2653 659 2724 scripto
680 2663 806 2711 ante
824 2667 1018 2720 annos,
1044 2653 1123 2709 uti
1144 2653 1505 2722 videtnr,900,
1526 2670 1734 2711 necnon
1758 2656 1816 2710 in
1835 2656 2069 2713 Michae-

454 2745 568 2802 lino
591 2747 732 2800 hunc
756 2746 953 2801 librum
979 2745 1284 2801 invenimus
1307 2746 1474 2802 variis
1499 2747 1552 2802 in
1577 2747 1711 2802 locis
1736 2749 2058 2805 auctiorem.

458 2839 566 2902 Ea,
614 2840 811 2911 quibus
849 2840 1120 2895 auctiores
1143 2848 1301 2905 sunt,
1337 2854 1517 2911 neque
1559 2841 1792 2896 orationi
1839 2842 2069 2912 reliqum

457 2933 590 2986 satis
618 2932 918 2999 coicerent,
946 2948 1120 3002 neque
1148 2933 1373 2988 omnino
1425 2933 1494 2988 ad
1544 2931 1897 3006 ἡδὶ-⁸52
1943 2949 2068 2990 eam

459 3038 568 3079 non
592 3025 888 3092 pertinent,
925 3025 1188 3080 Hilarium
1221 3041 1353 3080 vero
1384 3040 1608 3094 prorsus
1636 3028 1880 3096 spirant,
1904 3042 2069 3097 quan

460 3115 720 3171 exhibent
754 3132 852 3187 pro
894 3133 956 3173 se
983 3119 1206 3189 proprio
1233 3118 1454 3176 nomine
1479 3119 1916 3189 respondentem.
1963 3119 2070 3175 Ea-

2156 1917 2240 1966 est
2289 1910 2520 1978 primum
2568 1910 2690 1965 sine
2734 1911 2851 1966 aliis
2895 1929 2911 1966 :
2946 1909 3248 1969 secundum
3294 1924 3472 1970 autem
3521 1919 3610 1971 uni
3652 1931 3758 1972 ms.

2154 2002 2210 2059 S.
2246 2001 2388 2057 Petri
2415 2002 2483 2057 de
2511 2002 2653 2058 Urbe
2679 2003 2941 2060 debemus
2972 2023 2986 2059 :
3017 2005 3254 2077 denique
3283 2010 3336 2062 in
3363 2006 3684 2065 Carnutensi
3709 2020 3767 2066 ct

2155 2095 2298 2157 aliis,
2315 2095 2370 2149 in
2382 2095 2782 2165 quibuscmtera
2795 2108 3030 2165 exstant,
3047 2099 3422 2156 desiderantur
3436 2102 3544 2156 duo
3557 2105 3761 2172 priora.

2231 2187 2324 2242 XI.
2371 2187 2521 2243 Unde
2555 2206 2608 2244 se
2636 2201 2818 2262 purget
2853 2190 3110 2246 Hilarius.
3139 2222 3207 2235 -—
3238 2193 3459 2265 Singula
3488 2205 3669 2250 autem
3696 2197 3768 2251 ad

2157 2281 2502 2349 suspiciones
2523 2281 2852 2337 amovendus
2897 2298 2965 2338 eo
3010 2285 3184 2355 magis
3212 2294 3340 2340 sunt
3367 2286 3592 2354 idonea,
3620 2287 3770 2358 quod

2159 2386 2228 2426 ex
2259 2372 2327 2426 iis
2353 2373 2485 2443 ipsis
2525 2373 2661 2429 locis
2691 2389 2814 2430 sese
2841 2385 3037 2447 purget
3067 2377 3336 2444 Hilarius,
3369 2379 3425 2434 in
3453 2381 3647 2450 quibus
3678 2397 3774 2435 rc-

2161 2464 2462 2536 prebeusus
2489 2465 2687 2522 fuerat.
2715 2467 3096 2525 Necessarium
3133 2479 3284 2526 certe
3325 2480 3442 2526 erat
3480 2471 3582 2527 hoc
3608 2488 3778 2527 scau-

2161 2561 2348 2617 dalum
2377 2579 2392 2617 :
2424 2571 2482 2616 ut
2508 2562 2578 2616 ab
2622 2566 2741 2633 ipso
2768 2578 2890 2618 cnm
2933 2564 3173 2634 jucunda
3213 2565 3445 2634 qadarn
3485 2565 3650 2621 animi
3677 2567 3780 2620 ad—

2164 2657 2452 2711 miratione
2469 2657 2804 2720 audiremus,
2829 2667 3031 2728 quanta
3056 2661 3110 2713 in
3133 2659 3501 2730 temperandis
3519 2659 3780 2715 omnibus

2165 2747 2290 2803 libri
2314 2747 2398 2804 sui
2429 2749 2610 2804 verbis
2648 2749 2932 2820 prudentia
2973 2765 3106 2806 usus
3127 2758 3296 2806 esset.
3326 2752 3460 2818 Quis
3486 2753 3631 2807 enim
3658 2752 3780 2822 jam

2167 2856 2274 2895 non
2301 2841 2530 2897 miretur
2556 2842 2716 2897 simul
2741 2850 2792 2897 et
2817 2853 2963 2897 amet
2985 2843 3474 2908 demonstrantem,
3506 2859 3563 2897 se
3584 2843 3786 2899 Orien-

2169 2935 2307 2988 tales
2337 2933 2556 3004 quidem
2587 2933 2872 3000 laudasse,
2907 2936 3004 2989 sed
3029 2935 3234 3005 absque
3264 2935 3590 2990 adulationis
3621 2936 3784 3002 vitio,

2170 3035 2359 3097 utpote
2386 3041 2524 3096 quos
2554 3027 2840 3096 obiurgare
2885 3041 2986 3082 suo
3014 3026 3133 3081 loco
3175 3042 3284 3081 non
3330 3028 3681 3097 praeterierit;
3715 3045 3786 3083 ac

2171 3118 2298 3173 licet
2324 3117 2546 3172 blandos
2571 3132 2666 3173 eos
2691 3133 2946 3173 sermone
2972 3119 3239 3173 allocutus
3260 3120 3351 3184 sit,
3385 3119 3436 3173 id
3464 3133 3523 3174 se
3549 3135 3790 3190 praeer-

460 3207 586 3263 dem
613 3207 980 3264 additamenta
1013 3209 1200 3264 iisdem
1234 3209 1286 3264 in
1318 3209 1452 3264 locis
1491 3225 1607 3280 pra:
1633 3226 1696 3265 so
1727 3210 1906 3266 lerunt
1931 3226 2066 3266 mss.
2095 3206 2146 3272 ὓ
2175 3210 2270 3264 tim
2303 3209 2495 3264 iecisse
2516 3251 2530 3276 ,
2565 3218 2623 3264 ut
2666 3209 2911 3279 procacia
2955 3209 3217 3282 cﬁ‘ugieas
3246 3211 3520 3276 convicia,
3567 3213 3790 3268 occulta

462 3299 798 3355 'l‘ellerianus
837 3309 891 3356 et
918 3301 1188 3358 recentior
1217 3301 1605 3367 Carnutcnsis,
1636 3301 1736 3359 sed
1775 3303 1844 3358 ad
1871 3306 2070 3374 margi-

465 3407 588 3446 nem
625 3390 904 3446 dumtasat
950 3392 1241 3462 adscripta.
1291 3393 1642 3463 liemigianus
1682 3409 1814 3451 vero
1854 3394 1960 3450 alia
2014 3396 2070 3452 in

463 3486 584 3555 ipso
615 3493 784 3553 textu,
815 3485 920 3540 alia
948 3486 1003 3540 in
1029 3501 1124 3540 ora
1157 3485 1280 3542 libri
1305 3486 1487 3550 habet,
1518 3488 1799 3558 prtemissa
1823 3488 2072 3544 admoni-

465 3579 612 3632 tione
653 3576 797 3648 quod
828 3592 892 3632 ea
923 3587 1140 3633 exstent
1183 3579 1236 3634 in
1277 3578 1598 3649 quibusdam
1643 3581 2066 3650 exemplaribus.

474 3669 715 3739 Denique
742 3670 796 3725 in
835 3679 1145 3740 pervetusto
1175 3671 1411 3728 basilica
1439 3671 1712 3728 Vaticana:
1739 3674 2069 3743 exemplari,

471 3765 612 3835 quod
655 3765 884 3835 primam
914 3772 1120 3820 tantum
1169 3764 1328 3834 hujus
1368 3765 1491 3820 libri
1542 3774 1747 3836 partem
1790 3767 2072 3824 continere

464 3857 577 3927 jam
604 3856 872 3924 diximus,
912 3857 1020 3912 duo
1065 3857 1370 3928 huiusmodi
1414 3857 1779 3916 additamenta
1828 3859 2070 3930 reperire

465 3959 548 4005 cst
579 3949 676 4018 ipsi
711 3951 876 4008 textui
907 3951 1108 4021 pariter
1141 3953 1366 4007 inserta.

543 4044 630 4100 IX.
676 4043 874 4099 Eorum
922 4046 1142 4101 utilitas.
1186 4077 1257 4089 —-
1292 4047 1368 4102 Ea
1419 4056 1602 4105 autem
1648 4049 1828 4106 omnia
1883 4049 2071 4106 llilarii

467 4151 590 4192 esse
619 4145 728 4191 tam
761 4137 1109 4207 perspicuum
1145 4148 1261 4206 est,
1292 4147 1351 4194 ut
1383 4138 1437 4196 id
1465 4141 1694 4210 probare
1718 4142 1857 4198 velle
1880 4157 2072 4212 snper-

468 4244 763 4285 vaeaneutn
813 4231 1080 4288 videatur.
1113 4232 1185 4289 At
1229 4235 1369 4289 sicut
1415 4233 1547 4304 ipsis
1591 4235 1714 4290 libri
1767 4235 1928 4292 dictis
1973 4237 2068 4292 into

471 4325 659 4390 mixta,
693 4340 881 4380 eorum
913 4326 1155 4382 ordinem
1202 4326 1566 4394 confundunt;
1601 4329 1669 4383 ita
1698 4331 1928 4385 seorsim
1959 4331 2074 4388 suis

471 4415 605 4472 locis
649 4419 857 4487 posita,
913 4434 1110 4488 magno
1161 4418 1414 4488 prmsidio
1465 4431 1593 4475 sunt
1639 4420 1706 4476 ad
1760 4423 2073 4480 enodandas

470 4511 799 4580 quaestiones
841 4513 1149 4579 nonnullas,
1180 4512 1250 4569 de
1278 4512 1474 4582 quibus
1497 4515 1797 4570 etiamnum
1824 4517 2059 4585 disputa-

2173 3316 2360 3357 curum
2402 3301 2802 3370 expositionum
2843 3302 3095 3357 scandala
3129 3302 3312 3358 utilius
3343 3303 3540 3358 deinde
3579 3305 3748 3373 prode
3771 3337 3788 3348 ο

2174 3405 2258 3452 ret
2287 3413 2302 3452 :
2336 3413 2512 3468 neque
2543 3412 2672 3452 vero
2699 3412 2758 3452 se
2796 3413 3012 3454 omnem
3043 3399 3112 3454 ab
3137 3400 3218 3454 eis
3258 3399 3618 3469 suspicionem
3649 3401 3792 3455 ado-

2173 3492 2366 3556 misse,
2401 3504 2538 3560 quos
2569 3507 2670 3544 nou
2701 3505 2872 3546 seruus
2898 3492 3082 3559 fidem,
3119 3493 3215 3548 sed
3249 3502 3455 3547 tantum
3497 3509 3628 3548 rem:
3655 3495 3792 3562 ﬁdei

2170 3587 2470 3642 revocanda:
2493 3603 2634 3654 spent
2662 3588 2896 3641 attulisse
2921 3587 3120 3642 dixerit
3147 3607 3161 3641 :
3195 3603 3254 3642 se
3283 3588 3521 3656 denique
3549 3589 3790 3642 Amm-

2171 3682 2283 3735 rion
2313 3682 2544 3735 invitum
2572 3695 2636 3736 ac
2665 3679 2782 3735 solo
2815 3681 2962 3748 pacis
2991 3680 3192 3748 studio,
3225 3697 3294 3738 ne
3323 3681 3573 3736 videlicet
3605 3697 3635 3735 a
3667 3681 3794 3736 Lu-

2171 3774 2340 3829 cifero
2387 3773 2520 3827 illud
2572 3772 2902 3843 pradicante
2950 3773 3273 3842 dissideret,
3321 3773 3532 3828 cautela
3580 3783 3792 3844 quanta

2172 3865 2406 3921 maxima
2427 3865 2769 3933 suscepisse?

2243 3955 2358 4012 Xll.
2406 3954 2564 4010 Falso
2611 3955 2838 4010 creditur
2887 3953 3179 4010 Orientales
3222 3962 3280 4009 ut
3323 3956 3636 4012 orthodoxae
3679 3957 3782 4010 Ila-

2174 4051 2358 4104 buisse.
2389 4078 2463 4090 ——
2487 4048 2564 4103 Ex
2593 4047 2792 4118 quibus
2818 4047 2929 4117 jam
2965 4047 3255 4104 inanil'este
3294 4048 3561 4106 refellitur
3589 4047 3788 4117 vulga-

2173 4141 2250 4198 ris
2280 4141 2486 4212 opinio,
2519 4155 2625 4211 qua
2667 4139 2901 4194 Hilarius
2940 4138 3282 4207 Orientales,
3331 4142 3423 4211 qui
3454 4140 3789 4198 Semiariaui

2173 4237 2334 4306 vulgo
2383 4238 2857 4306 cognominantur,
2907 4234 3054 4288 velut
3106 4234 3443 4290 orthodoxos
3489 4235 3783 4299 habuisse,

2175 4343 2472 4398 eorumque
2509 4328 2768 4382 formulas
2807 4336 3084 4397 tamquam
3125 4327 3420 4384 catholicas
3447 4328 3790 4398 approbasse

2177 4422 2536 4477 existimatur.
2566 4420 2710 4474 Vidit
2751 4421 2966 4494 quidem
2997 4435 3094 4476 eos
3123 4420 3190 4476 ad
3233 4436 3418 4477 veram
3455 4421 3612 4478 ﬁdem
3655 4438 3791 4491 prn—

2178 4529 2422 4585 gressum
2454 4515 2661 4576 lacere,
2697 4512 2829 4566 sidit
2868 4528 3056 4567 eorum
3099 4513 3361 4568 lormulas
3390 4527 3552 4567 sensu
3592 4517 3790 4567 cathe-

472 4611 581 4658 tur.
613 4603 808 4673 Aliqua
844 4603 1009 4660 etiam
1056 4620 1153 4659 nos
1197 4605 1398 4660 docent
1429 4605 1612 4662 liilarii
1643 4617 1794 4678 gesta
1825 4610 1967 4664 scitu
1992 4610 2075 4666 di-
2098 4605 2152 4670 D
2181 4611 2283 4663 lico
2309 4607 2608 4663 intellectas
2647 4605 2881 4676 quodam
2923 4605 3084 4660 modo
3113 4604 3246 4676 ljerri
3274 4619 3466 4674 posse;
3501 4605 3746 4659 laudavit
3766 4649 3781 4673 ,

472 4696 754 4768 gnissims,
770 4713 890 4768 quae
909 4696 1166 4754 hactenus
1189 4699 1478 4765 latuerant,
1494 4701 1750 4756 nimirum
1774 4701 2073 4773 piissimum

474 4790 769 4846 l'rzcsulem
816 4790 956 4846 male
997 4792 1139 4861 apud
1183 4792 1445 4862 quosdam
1493 4793 1564 4848 ob
1595 4794 1739 4848 hunc
1784 4802 2074 4851 tractatum

473 4869 731 4951 audiisse,
764 4900 998 4953 eumque
1025 4885 1342 4940 nominatim
1372 4900 1401 4938 a
1433 4884 1706 4953 Lucifero,
1740 4885 1885 4942 haud
1909 4888 2075 4945 dubie

474 4977 786 5033 Calaritano
809 4978 994 5052 (quem
1026 4979 1229 5036 indolis
1259 4980 1418 5049 paulo
1448 4979 1682 5036 durioris
1711 4990 1876 5051 atque
1897 4992 2075 5038 auste-

475 5071 639 5127 rioris
667 5071 834 5127 fuisse
859 5087 1019 5127 nemo
1049 5073 1264 5144 nescit),
1297 5073 1569 5144 culpatum
1602 5073 1772 5130 fuisse
1801 5085 2073 5146 tamquam

475 5164 628 5220 verbi
686 5165 977 5238 ὁμοιούσιον
1016 5168 1466 5235 approbatorem,
1516 5175 1570 5222 et
1599 5166 1938 5224 adulatorem
1986 5169 2071 5226 ni-

475 5258 752 5327 miumque
781 5257 1114 5312 laudatorem
1137 5259 1510 5323 Orientalium,
1535 5261 1856 5330 quibuscum
1886 5263 2077 5318 remis-

477 5350 590 5404 sius
612 5364 812 5421 agens,
846 5350 966 5406 illos
995 5351 1158 5406 veluti
1192 5367 1332 5406 verae
1365 5351 1489 5408 ﬁdei
1519 5353 1907 5423 praedicatores
1934 5356 2078 5411 cele-

475 5439 707 5496 brasset.
739 5440 924 5510 Neque
950 5456 981 5495 a
1020 5442 1317 5512 majoribus
1347 5443 1587 5499 auditqu
1616 5454 1765 5511 erat,
1792 5463 1914 5502 eum
1941 5462 2074 5517 ερας

474 5533 766 5604 logeticum
818 5548 953 5604 opus
1001 5535 1347 5592 instituisse:
1387 5535 1533 5606 quod
1580 5537 1773 5592 saltem
1818 5554 1885 5593 ex
1927 5550 2079 5608 parte

480 5628 636 5683 nobis
672 5639 1063 5698 repraesentant
1099 5630 1356 5699 prmdicta
1387 5630 1675 5686 corollaria
1697 5673 1710 5697 ,
1745 5648 1864 5703 qua:
1895 5634 2080 5700 apolo-

490 5726 656 5796 getica
681 5725 750 5778 ad
773 5725 1161 5794 reprelieusores
1187 5726 1302 5782 libri
1332 5728 1396 5782 de
1423 5727 1651 5804 Synodis
1679 5744 1926 5802 respousa
1947 5745 2082 5785 nun-

483 5829 685 5887 cupare
715 5815 910 5886 placet.

2179 4707 2234 4754 et
2253 4709 2513 4769 quantum
2535 4699 2712 4769 potuit
2735 4695 3001 4766 promovit
3025 4694 3369 4760 accedentes,
3397 4697 3570 4767 iisque
3592 4712 3784 4754 verum

2179 4793 2582 4848 confessionum
2613 4806 2832 4846 suarum
2853 4805 3072 4846 sensum
3101 4788 3186 4862 (ut
3216 4790 3287 4844 ita
3307 4789 3508 4860 dicam)
3533 4790 3782 4859 digessit,

2179 4895 2234 4941 et
2267 4885 2420 4956 quasi
2453 4884 2713 4954 liquatum
2756 4881 2952 4936 blande
2995 4881 3298 4950 propinavit
3331 4897 3346 4934 ι
3380 4889 3435 4934 at
3475 4891 3528 4934 ut
3562 4896 3790 4949 prorsus

2179 4980 2476 5034 catholicos
2523 4977 2709 5034 habuit
2747 4990 3034 5046 numquam
3057 5016 3070 5042 ,
3104 4990 3280 5046 neque
3323 4975 3690 5045 suspicionem
3721 4977 3793 5030 ab

2179 5074 2261 5129 eis
2287 5073 2528 5128 adimere
2555 5072 2739 5128 voluit.

2250 5165 2621 5240 453.554.
2670 5163 2806 5220 Xlll.
2863 5162 3023 5219 Falso
3067 5164 3298 5218 creditur
3347 5164 3412 5218 de
3455 5177 3630 5216 eorum
3677 5162 3795 5229 fon-

2179 5263 2332 5318 nrulis
2371 5263 2574 5316 diuersa
2613 5261 2676 5314 ab
2715 5258 3001 5313 Athanasio
3053 5258 3288 5312 «ansae.
3343 5253 3662 5310 Cauciliutur
3710 5255 3796 5306 di-

2179 5369 2325 5408 uersa
2376 5355 2640 5422 utriusque
2687 5349 2926 5418 loquendi
2974 5349 3108 5406 ratio
3154 5365 3218 5403 ea
3283 5348 3428 5416 scopi
3468 5345 3785 5400 diversitate-

2179 5475 2252 5488 -—
2278 5446 2411 5501 illnc
2450 5457 2667 5514 quoque
2701 5441 2999 5504 evanescit,
3045 5439 3188 5510 quod
3242 5453 3414 5508 prope
3447 5439 3502 5494 in
3544 5437 3790 5494 omnium

2187 5538 2387 5596 animis
2416 5533 2725 5599 insederat,
2761 5532 3024 5588 llilarium
3063 5532 3120 5586 in
3162 5529 3266 5585 hoc
3312 5538 3546 5585 tractatu
3573 5528 3642 5584 de
3681 5529 3792 5586 lor—

2191 5629 2355 5685 mulis
2385 5627 2743 5684 Orientalium
2769 5625 2984 5681 diuersa
3013 5624 3081 5679 ab
3114 5621 3418 5681 Athanasio
3448 5623 3503 5678 in
3531 5621 3666 5680 libro
3697 5636 3792 5688 pa-

2205 5724 2338 5782 riter
2366 5722 2429 5777 ιιι
2447 5721 2675 5792 Synodis
2695 5718 2956 5788 inscripto
2976 5717 3236 5782 emisisse,
3260 5728 3314 5772 et
3334 5714 3481 5786 quod
3498 5714 3589 5773 illo
3608 5723 3794 5785 aperte

2203 5815 2426 5875 damnat
2465 5813 2734 5876 laudasse.
2771 5812 2828 5871 Si
2859 5811 3002 5868 enim
3031 5824 3160 5877 eos,
3191 5808 3281 5884 qui
3306 5807 3540 5881 Ancyra
3567 5820 3795 5877 congre-
