4106 6192
326 342 429 398 477

1757 327 2152 389 ΡΒΕΙἎΊἸο.

3522 325 3627 380 4’8

327 457 437 530 εειιὶ
459 456 741 515 Anartium
767 455 964 511 acriter
993 454 1328 519 restiterunt,
1355 450 1586 523 Filiique
1610 463 1735 505 eum
1763 447 1928 503 Patre
1952 447 2007 509 Λ
2030 444 2123 500 bas
2149 443 2195 499 si
2219 443 2345 513 Μό
2371 444 2553 500 sitim
2573 443 2741 500 inesse
2773 442 3096 516 maligni",
3127 454 3275 498 nemo
3302 442 3424 497 mini
3453 442 3629 497 vitium

327 552 382 609 iu
409 549 714 606 substantia
740 545 1153 604 similitudinem
1198 550 1279 601 tot
1321 544 1557 601 decretis
1587 547 1923 607 sanxerunt,

2030 545 2191 608 potest
2216 537 2481 608 assignare
2503 538 2778 604 diuorum,
2809 538 3159 592 internuntius
3184 537 3342 604 enim,
3382 542 3438 590 nt
3465 535 3633 590 volni-

327 658 512 715 uoqne
534 657 707 699 metu
729 639 886 710 ﬁdem
907 638 1142 697 utatur:
1164 638 1375 702 sensit;
1424 636 1585 707 longe
1628 634 1807 689 minus
1830 642 1929 687 eos
2026 633 2140 699 stis,
2181 647 2294 689 sunt
2328 632 2460 703 ipse,
2510 646 2613 687 non
2638 631 2919 698 conditor;
2960 632 3006 687 si
3047 628 3169 686 illas
3206 626 3275 686 ab
3311 628 3458 684 omni
3498 628 3634 683 vitio

325 737 578 797 attulisse
603 735 861 802 senserit,
876 732 971 805 qui
988 741 1085 789 aut
1096 732 1418 798 Antiochiae,
1434 740 1526 786 aut
1541 725 1925 800 Philippopoii,

327 840 419 884 aut
446 827 633 885 Sirmii
665 826 901 881 nondum
935 827 1004 880 ita
1038 839 1208 897 prope
1235 824 1302 881 ad
1343 838 1530 880 veram
1560 822 1722 879 tidem
1748 833 1931 877 seces-

326 927 533 981 serant.
560 920 621 981 Si
657 926 837 979 autem
878 918 1001 989 quis
1029 927 1274 990 quaerat,
1302 931 1401 973 cur
1428 932 1537 973 non
1565 914 1782 971 diversa
1806 926 1928 969 sen-

328 1015 490 1078 tiens.
526 1020 638 1068 tam
675 1012 887 1068 diversa
917 1007 1195 1080 loquitur:
1236 1009 1287 1065 iu
1315 1015 1566 1081 promptu
1592 1014 1677 1063 est
1704 1019 1931 1076 respon-

326 1108 428 1161 sio.
469 1103 735 1163 Attendat
758 1100 899 1171 enim
931 1103 1216 1177 utriusque
1242 1114 1500 1171 scopum:
1530 1107 1587 1159 at
1613 1098 1771 1155 facile
1794 1110 1928 1154 calt-

325 1198 530 1255 ciliabit
585 1197 871 1269 utriusque
935 1208 1267 1252 cornicinem.
1328 1194 1461 1263 Quis
1520 1192 1671 1248 enim
1722 1188 1931 1247 neseiat

326 1290 520 1347 iisdem
549 1290 616 1347 de
652 1290 853 1359 rebus,
897 1304 993 1361 pro
1025 1289 1237 1344 consilii
1271 1287 1584 1345 diversitate
1607 1328 1622 1352 ,
1658 1284 1927 1341 diversam

327 1387 601 1443 sermonis
630 1385 918 1442 ineundam
943 1398 1064 1441 esse
1092 1379 1357 1449 rationem
1374 1382 1403 1439 ν
1419 1381 1716 1445 Athanasio
1742 1372 1930 1453 itaque

327 1479 417 1550 qui
445 1480 548 1535 hoc
575 1478 677 1534 sibi
723 1492 823 1534 suo
853 1478 994 1534 libro
1020 1475 1431 1547 pne-scripserat
1454 1515 1467 1538 ,
1504 1480 1564 1527 ut
1596 1474 1829 1528 Arianns
1861 1482 1930 1528 ex

330 1571 455 1627 fidei
488 1569 737 1628 formulis
765 1572 925 1625 toties
952 1568 1113 1625 editis
1148 1570 1420 1638 totiesque
1449 1564 1702 1632 mutatis,
1738 1565 1929 1619 incon.

326 1663 522 1719 stantis
542 1661 788 1733 adeoque
813 1674 1082 1732 perversa:
1109 1658 1234 1714 ﬁdei
1257 1658 1641 1729 convinceret,
1672 1656 1846 1727 palam
1876 1665 1933 1715 et

328 1764 515 1828 aperte
543 1756 896 1826 improbanda
936 1761 1055 1810 erat
1092 1761 1240 1809 tanta
1284 1750 1639 1807 formularum
1672 1747 1926 1805 varietas.

2028 739 2193 798 puras
2220 725 2623 782 osistimaaseti
2648 725 2785 792 Quid
2822 723 2925 780 sibi
2952 724 3068 780 vult
3090 722 3236 794 quod
3262 723 3347 779 his
3388 723 3633 794 proxime

2028 818 2269 889 subiicit,
2304 817 2545 892 Egoqtns
2570 828 2713 890 gesta
2736 826 2852 872 sunt
2870 817 3091 888 ﬁdeliter
3116 817 3414 872 munitet:
3441 830 3530 871 sos
3557 826 3629 871 an

2028 913 2307 984 catholica,
2326 930 2396 970 an
2416 914 2654 970 heretica
2674 916 2796 980 sint,
2819 913 2943 983 ﬁdei
2959 922 3137 967 uestra
3174 911 3381 986 judicio
3399 925 3634 981 eompro.

2031 1013 2181 1081 bate;
2228 1011 2331 1067 nisi
2372 1026 2431 1066 se
2472 1026 2533 1066 ea
2585 1025 2653 1065 ne
2687 1009 2755 1064 ab
2796 1008 3018 1064 haeresis
3064 1008 3283 1080 quidem
3324 1006 3631 1074 suspicione

2031 1106 2203 1167 aliena
2231 1100 2475 1177 judicare
2501 1098 2528 1159 1
2568 1103 2767 1167 Verum
2798 1102 3065 1173 expositis
3105 1100 3355 1157 omnibus
3385 1094 3635 1157 Orienta—

2031 1199 2163 1255 lium
2190 1198 2458 1266 forrnulis‘,
2488 1197 2690 1252 nullam
2720 1210 2907 1252 earnm
2945 1186 3048 1251 sibi
3082 1193 3297 1266 probari
3336 1192 3637 1248 luculenter

2031 1291 2253 1357 indicat,
2285 1307 2433 1345 num.
2458 1290 2549 1351 63,
2575 1290 2660 1345 ubi
2689 1290 2950 1345 miserum
2975 1287 3213 1344 Orientis
3230 1295 3427 1341 statum
3450 1285 3637 1358 deplo-

2031 1396 2179 1463 ratts,
2213 1376 2457 1446 Tantum,
2501 1383 2704 1454 inquit,
2752 1380 3098 1439 Ecclesiarum
3132 1380 3475 1435 Orientalium
3501 1381 3638 1452 peri-

2031 1476 2205 1532 culum
2236 1485 2328 1542 est,
2356 1481 2421 1529 ut
2440 1488 2615 1528 rarum
2642 1474 2708 1528 sit
2748 1474 2904 1544 hujus
2929 1471 3049 1543 ﬁdei
3073 1471 3210 1545 (quia
3240 1470 3408 1541 qualis
3434 1472 3520 1536 sit,
3550 1485 3637 1523 vos

2025 1572 2260 1643 judicate
2284 1568 2304 1640 )
2327 1578 2417 1623 aut
2442 1569 2735 1624 sacerdotes
2757 1578 2847 1622 aut
2868 1567 3117 1638 papulum
3140 1565 3375 1621 inveniri.
3409 1564 3638 1619 Maxime

2031 1678 2153 1719 cum
2183 1661 2238 1718 id
2268 1662 2443 1733 ipsum
2472 1659 2677 1728 denuo,
2697 1675 2844 1714 num.
2875 1658 2965 1725 66,
2993 1673 3115 1713 cum
3144 1656 3374 1728 qundam
3396 1657 3639 1727 emphasi

2032 1762 2259 1826 repetat.
2284 1752 2420 1820 Quid
2446 1759 2723 1822 postremo
2743 1759 2900 1805 sonat
2930 1749 3061 1805 illud
3086 1764 3236 1804 num.
3261 1749 3315 1811 5,
3338 1747 3480 1817 quod
3510 1746 3641 1803 Gal-

329 1850 400 1906 At
424 1863 558 1905 vero
586 1847 816 1916 Hilario,
846 1849 937 1917 qui
960 1845 1065 1902 hoc
1084 1844 1186 1901 sibi
1208 1845 1441 1900 maxime
1469 1848 1849 1916 proposuerat,
1871 1849 1933 1898 ut
1961 1843 2009 1903 Β
2034 1847 2212 1903 iurum
2241 1846 2366 1902 ωσι
2393 1843 2533 1899 fama
2560 1842 2809 1915 quosdam
2849 1841 3190 1897 Orientalium
3220 1841 3487 1911 episcopos
3523 1856 3639 1895 sero

331 1951 384 1998 et
410 1940 772 1997 Orientalium
796 1938 1230 1996 benevolentiam
1261 1936 1552 2008 captanda,
1579 1945 1633 1992 et
1662 1936 1715 1991 in
1742 1950 1934 1992 eorum

331 2033 572 2089 favorem
610 2029 857 2086 nonnihil
898 2028 1167 2085 ﬂectendo
1207 2025 1583 2085 Occidentales
1607 2068 1622 2093 ,
1675 2034 1933 2096 utrosque

331 2125 399 2181 ad
428 2121 783 2181 concordiam
813 2124 869 2178 et
899 2130 1084 2193 pacem
1115 2120 1172 2176 tu
1200 2119 1423 2193 synodis
1457 2119 1567 2192 iam
1600 2117 1815 2174 Indictis
1848 2117 1932 2171 in-

332 2217 566 2275 eundam
585 2220 939 2288 prtepanret,
955 2214 1124 2269 multa
1153 2211 1371 2269 fuerunt
1394 2206 1803 2277 dissimulanda,
1821 2208 1932 2265 for-

332 2310 600 2367 mularum
648 2309 844 2365 iterato
874 2304 1277 2363 eondendarum
1315 2302 1686 2374 excogitaudre
1721 2310 1933 2369 causis,

332 2414 396 2460 se
420 2402 657 2473 denique
682 2400 823 2457 dicta
844 2398 1039 2474 quibus
1059 2397 1487 2456 enuntiabantur
1508 2398 1737 2470 benigne
1764 2397 1934 2453 luter-

332 2495 616 2568 pri-tande.

403 2585 542 2643 XIV.
611 2582 937 2642 Considium
1002 2596 1069 2640 ea:
1120 2583 1411 2640 diuersitate
1466 2583 1726 2657 temporis.
1794 2581 1936 2639 Libri

331 2680 407 2737 ad
456 2678 821 2735 Constantium
871 2675 1005 2733 nini!
1054 2674 1243 2733 habent
1289 2676 1433 2748 quod
1495 2691 1610 2731 cum
1661 2675 1759 2731 hoc
1807 2688 1937 2748 pug-

331 2778 436 2828 net.
455 2800 526 2815 —-
548 2771 814 2829 Praterea
842 2771 908 2827 iis
938 2782 1044 2826 non
1072 2784 1178 2825 una
1210 2773 1421 2824 ratione
1449 2767 1781 2840 loquendum
1813 2754 1935 2835 fuit,

330 2867 426 2939 qui
471 2880 581 2922 non
634 2876 744 2921 uno
787 2870 1033 2936 tempore
1092 2863 1449 2935 scripserunt.
1502 2860 1734 2931 Scripsit
1785 2875 1937 2916 nam-

331 2976 437 3034 que
458 2958 694 3016 Hilarius
714 2960 840 3015 ante
866 2958 1258 3014 Ariminensem
1284 2955 1575 3029 synodum,
1596 2964 1720 3011 cum
1740 2956 1790 3011 ei
1813 2970 1938 3027 spes

328 3066 470 3118 erat,
486 3056 549 3109 ut
567 3049 1022 3124 quemadmodum
1043 3047 1629 3105 Orientalesadversus
1643 3046 1938 3106 Anommos

329 3160 360 3202 a
386 3144 748 3201 Constantino
772 3142 940 3199 auditi
964 3148 1122 3198 erant
1140 3184 1153 3210 ,
1180 3143 1251 3198 ita
1281 3143 1429 3214 ipse,
1473 3140 1620 3213 quod
1652 3142 1705 3194 in
1728 3141 1929 3211 opt-itis

2035 1943 2143 2011 iam
2169 1939 2240 1994 ad
2280 1939 2499 2011 aliquem
2537 1937 2787 2010 pudorem
2815 1937 3021 1990 nutrita:
3043 1934 3230 1990 exinde
3259 1934 3516 1988 Iurreseos
3543 1950 3639 1988 au-

2034 2043 2225 2105 tneque
2263 2031 2569 2103 commovit;
2610 2030 2710 2085 nisi
2741 2028 2811 2084 ab
2848 2028 3037 2084 iisdem
3073 2026 3443 2083 Orientalibus
3474 2040 3641 2096 usque

2035 2122 2102 2181 ad
2128 2120 2472 2199 Ancyranam
2499 2118 2787 2196 synodum,
2821 2118 3156 2192 proindeque
3182 2126 3238 2175 ct
3265 2117 3565 2175 Antiochim
3586 2126 3641 2173 et

2035 2212 2296 2289 Philippis
2329 2222 2385 2271 et
2425 2214 2627 2279 Sirmii,
2674 2213 2934 2277 nutritam
2979 2212 3143 2267 fuisse
3184 2209 3433 2267 lnnresim
3478 2217 3641 2281 atque

2035 2309 2289 2367 auctam?
2719 2304 2833 2364 Imo
2884 2302 3028 2378 quod
3075 2307 3129 2361 in
3188 2304 3302 2377 ipsa
3352 2304 3637 2377 Ancyrana

2035 2402 2245 2476 synodo
2296 2404 2412 2459 ausi
2464 2410 2608 2470 sunt,
2642 2402 2857 2473 impium
2892 2414 3014 2457 esse
3046 2413 3153 2456 non
3186 2395 3306 2454 sine
3331 2394 3532 2453 doloris
3556 2396 3641 2452 sui

2037 2495 2418 2556 teStiﬂcatione
2439 2493 2677 2555 declarat
2703 2510 2850 2549 num.
2878 2492 2932 2550 9.

2108 2588 2247 2649 XVI.
2283 2587 2491 2645 Falsum
2521 2588 2774 2661 synodum
2807 2586 3166 2653 Sardieensem
3192 2599 3293 2639 non
3336 2583 3513 2639 habuit
3542 2599 3639 2652 pro

2037 2702 2177 2741 vera.
2197 2683 2412 2752 —-Qu:e
2435 2698 2555 2737 cum
2585 2683 2657 2737 ita
2685 2680 2816 2746 sint,
2845 2694 2951 2734 non
2982 2679 3216 2733 occurrit
3241 2674 3395 2731 nobis
3424 2691 3529 2747 qua
3555 2692 3641 2732 ra-

2041 2778 2187 2833 tione
2216 2775 2474 2842 nitantur,
2498 2773 2589 2845 qui
2615 2773 2804 2829 volunt
2832 2776 3076 2825 sanctum
3098 2765 3488 2826 confessorem.
3516 2781 3639 2823 cum

2038 2870 2180 2926 hunc
2207 2870 2401 2926 librum
2428 2868 2713 2934 scriberet,
2747 2864 2933 2921 falsam
2964 2862 3229 2936 synodum
3262 2861 3638 2917 Sardicensem

2042 2982 2140 3038 pro
2167 2979 2292 3020 vera
2320 2963 2591 3019 habuisse.
2627 2963 2707 3016 An
2734 2962 2876 3032 quod
2901 2958 3062 3014 fidem
3090 2956 3237 3013 illius
3276 2970 3383 3011 non
3406 2969 3641 3011 vocave-

2040 3060 2112 3115 rit
2153 3052 2750 3129 Phillppopolitauam?
2792 3051 2865 3108 At
2907 3050 3010 3106 hoc
3052 3048 3356 3121 prudentiae
3402 3047 3520 3112 fuit.
3573 3062 3641 3104 ne
3733 3058 3741 3066 ‘

2041 3164 2176 3221 quos
2204 3149 2495 3205 conciliare
2523 3145 2843 3217 peroptabat
2870 3142 3178 3199 Orientales
3217 3141 3497 3197 alienaret.
3531 3138 3639 3194 Sed

328 3252 548 3310 seraper
594 3237 877 3305 habuerat,
925 3218 1512 3291 adversus-Valentem
1551 3241 1607 3288 et
1645 3230 1931 3291 Ursacium

2040 3218 2212 3315 neque
2240 3257 2359 3297 eam
2387 3238 2764 3297 Sardicenscm
2799 3237 2955 3302 dixit,
2986 3251 3053 3291 ne
3080 3235 3357 3304 deciperet
3374 3231 3640 3288 Occiden-

329 3331 564 3403 benigne
590 3329 891 3385 audiretur.
926 3326 1038 3383 Hoc
1062 3337 1245 3383 autem
1277 3328 1322 3382 si
1352 3325 1457 3383 sibi
1492 3336 1745 3396 umquam
1768 3324 1930 3380 dare-

331 3434 454 3491 tur,
497 3424 633 3480 duos
671 3422 797 3479 illos
832 3422 1046 3478 Arianae
1086 3427 1252 3476 sectas
1292 3419 1490 3486 duces,
1529 3419 1621 3491 qui
1655 3418 1931 3475 Orientem

328 3518 792 3588 Occidentemque
832 3523 1001 3570 totum
1046 3512 1463 3573 commovebant
1487 3554 1501 3583 ,
1552 3512 1709 3570 facile
1745 3513 1934 3569 devin-

327 3607 568 3683 cendos,
589 3614 647 3669 et
686 3604 1071 3679 Imperatorem
1101 3605 1279 3679 ipsum
1308 3603 1526 3667 tandem
1559 3603 1627 3669 ad
1656 3619 1837 3665 veram
1868 3604 1930 3665 ti-

329 3703 455 3761 dem
476 3699 844 3759 revocandum
870 3712 996 3759 esse
1023 3696 1353 3754 conﬁdebat.
1385 3695 1542 3763 Quod
1571 3711 1700 3753 cura
1726 3698 1932 3767 cogita-

328 3800 438 3863 ret,
482 3792 621 3847 lides
670 3790 1073 3863 Orientalium,
1130 3788 1327 3860 quibus
1383 3798 1496 3844 tum
1542 3788 1678 3844 mire
1720 3787 1935 3859 favebat

328 3885 717 3961 Cotistantius,
758 3879 1063 3947 damnanda
1104 3880 1154 3937 ei
1186 3892 1293 3945 nun
1322 3886 1461 3949 erat,
1492 3879 1623 3948 sed,
1673 3885 1931 3953 quantum

328 3980 549 4046 licebat,
580 3976 847 4041 laudanda
869 3984 928 4032 et
944 3974 1310 4047 approbando.
1346 3975 1417 4037 At
1436 3988 1570 4033 vero
1595 3971 1934 4041 Athanasius

328 4073 550 4143 sath
571 4080 693 4143 post
720 4069 1033 4141 przediciatn
1059 4067 1349 4140 synodum,
1371 4066 1586 4138 quando
1602 4067 1715 4137 iam
1746 4081 1935 4136 posce-

327 4166 428 4221 bat
467 4162 731 4221 Ecclesia
751 4161 987 4233 utilitas,
1022 4168 1083 4217 ut
1113 4160 1258 4232 quod
1291 4165 1344 4217 in
1373 4168 1452 4216 tot
1484 4158 1609 4215 ﬁdei
1638 4157 1933 4214 confessio-

326 4256 490 4321 nibus
513 4254 767 4323 vitiosum
797 4263 950 4320 erat,
992 4268 1100 4310 non
1137 4250 1602 4318 dissimularetur,
1633 4261 1689 4308 et
1715 4248 1936 4324 quando

326 4353 449 4425 ipse
487 4353 653 4419 etiam
690 4348 927 4419 Hilarius
968 4364 1071 4419 nec
1101 4346 1498 4415 dissimulavit,
1529 4360 1628 4403 nec
1670 4342 1930 4416 pepercit.

326 4444 468 4500 Tum
497 4445 644 4505 anno
673 4443 857 4500 libello
893 4440 961 4501 ad
996 4438 1412 4506 ﬂouistantiuns,
1444 4451 1771 4508 rursumque
1795 4436 1934 4493 libro

326 4538 504 4605 altero
533 4537 796 4595 adversus
823 4535 1075 4592 eumdem
1114 4532 1505 4605 Imperatorem
1527 4573 1542 4597 ,
1576 4529 1931 4587 formularum

2034 3337 2192 3391 tales.
2220 3334 2297 3391 Eo
2316 3341 2493 3388 autem
2520 3337 2946 3402 temperamento
2972 3328 3118 3384 illam
3141 3327 3454 3398 inscripsit:
3481 3324 3639 3380 Fides

2035 3427 2313 3484 secundum
2347 3426 2570 3482 Orientis
2607 3425 2901 3496 synodum;
2934 3431 2991 3477 ut
3022 3421 3206 3478 illmsis
3233 3419 3634 3486 Orientalibus,

2034 3523 2168 3578 satis
2193 3521 2523 3593 significaret
2551 3519 2696 3579 illam
2724 3532 2910 3577 eorum
2934 3531 3079 3589 esse,
3103 3516 3192 3587 qui
3220 3516 3287 3571 ab
3314 3515 3574 3585 occident
3591 3534 3637 3565 ι-

2039 3613 2179 3675 libua
2207 3612 2448 3671 Serdica:
2472 3610 2816 3683 congregatis
2842 3616 3220 3673 secesserant;
3243 3607 3388 3678 quod
3415 3607 3640 3678 perinde

2036 3714 2123 3763 est
2169 3718 2235 3761 se
2284 3703 2331 3759 si
2377 3703 2925 3775 Philippopolitannm
2966 3706 3236 3757 'vocasset.
3281 3699 3638 3756 Surdieensetu

2036 3800 2252 3873 quidem
2277 3813 2396 3855 eam
2418 3796 2556 3853 dixit
2584 3796 2723 3851 libro
2746 3796 2797 3850 in
2825 3792 3237 3859 Constantium;
3269 3791 3363 3849 sed
3396 3806 3501 3847 non
3532 3798 3639 3847 tam

2036 3908 2106 3950 ex
2133 3907 2270 3959 sua,
2315 3905 2474 3963 quam
2511 3886 2819 3949 Constantii
2864 3886 3032 3957 ipsius
3071 3900 3231 3957 quem
3266 3882 3640 3955 alloquebatur

2036 3985 2326 4042 seruantia.
2362 3982 2429 4038 Et
2455 3992 2588 4038 sane
2611 3980 2680 4035 de
2701 3980 2862 4034 rebus
2886 3977 3125 4034 Orientis
3147 3987 3277 4034 tunc
3297 3986 3414 4034 erat
3441 3978 3640 4032 instrn-

2036 4079 2198 4145 ctior,
2223 4090 2386 4150 quam
2416 4083 2471 4130 ut
2503 4086 2645 4131 verte
2670 4087 2735 4128 ac
2758 4070 2909 4129 falsa:
2937 4069 3126 4146 synodi
3154 4069 3493 4128 Sartlicensis
3523 4067 3637 4124 dis-

2035 4170 2243 4229 crimen
2267 4169 2561 4240 ignoraret.

2105 4262 2271 4320 XVII.
2313 4261 2535 4317 Etiamsi
2574 4268 2755 4317 autem
2792 4257 3042 4317 nonnihil
3079 4265 3387 4329 sust'iectnm
3416 4258 3641 4315 haberet

2034 4353 2386 4419 Orientalium
2414 4352 2598 4420 tidem,
2622 4366 2783 4424 quam
2815 4358 2994 4407 tamen
3024 4353 3105 4407 eis
3137 4353 3239 4406 huc
3270 4350 3407 4405 libro
3434 4349 3639 4421 patefe-

2036 4449 2112 4507 cit
2133 4446 2590 4513 benevolentiam,
2621 4445 2783 4513 etiam
2809 4454 2993 4517 postea
3017 4443 3278 4503 Seleucia:
3300 4451 3353 4503 et
3374 4440 3640 4501 Constan-

2036 4542 2264 4613 tinopoli
2295 4541 2657 4599 conservarit.
2691 4538 2801 4596 Nec
2838 4539 2996 4599 aliter
3031 4554 3160 4609 erga
3198 4553 3293 4595 eos
3327 4552 3449 4595 sese
3474 4537 3640 4607 gessit

326 4628 736 4697 multitudinem
760 4628 938 4701 palam
965 4634 1023 4683 et
1045 4636 1233 4699 aperte
1260 4624 1607 4697 improbavit.
1639 4623 1735 4691 llis
1756 4624 1932 4701 itaque

2039 4636 2395 4699 Athanasius,
2437 4634 2531 4704 qui
2568 4633 2730 4688 etiam
2777 4641 2898 4704 post
2933 4647 3132 4688 annum
3162 4631 3287 4696 560,
3335 4631 3390 4684 in
3437 4630 3530 4684 lib.
3571 4629 3637 4685 de

326 4723 507 4787 libris,
539 4730 749 4778 mutato
768 4722 879 4792 jam
899 4735 1081 4776 rerum
1100 4730 1269 4784 statu,
1294 4716 1525 4775 mutavit
1537 4715 1772 4787 stylum;
1796 4732 1923 4785 non,

327 4826 395 4872 ut
425 4816 647 4888 quidam
676 4814 863 4871 volunt
888 4854 905 4881 ,
949 4813 1243 4885 pugnantia
1273 4826 1397 4868 eum
1442 4808 1511 4865 iis
1547 4822 1673 4880 qua
1700 4808 1838 4869 libro
1862 4809 1932 4865 de

324 4907 569 4984 Synodis
596 4906 810 4963 dixerat
837 4906 1055 4971 loeutus
1084 4912 1187 4961 est.

402 4990 521 5069 ΧῩ.
554 4998 719 5065 Quam
737 4997 911 5055 multis
935 4996 1091 5073 hujus
1108 4996 1227 5063 fibri
1244 4995 1368 5059 lacis
1389 4994 1575 5057 indicet
1593 4992 1933 5051 Orientalium

325 5092 491 5164 ﬁdem
512 5090 611 5149 sibi
643 5108 745 5153 non
773 5090 1000 5163 probari.
1028 5117 1103 5131 -—-
1129 5088 1320 5160 Neque
1342 5102 1473 5147 vero
1499 5102 1565 5144 es
1600 5086 1779 5145 verbis
1796 5102 1935 5158 apo-

333 5186 502 5256 logis;
524 5190 759 5255 tantum,
780 5182 879 5240 sed
907 5190 967 5239 et
984 5196 1057 5238 es
1083 5183 1317 5253 ipsemet
1342 5186 1571 5251 tractatu
1593 5180 1934 5252 perspicuum

333 5287 445 5351 est,
471 5276 831 5349 Orientalium
852 5272 1226 5341 confessiones
1245 5279 1377 5339 tunc
1406 5271 1667 5347 temporis
1696 5269 1799 5342 ipsi
1826 5284 1934 5326 non

328 5370 504 5437 fuisse
533 5383 634 5442 per
655 5383 721 5429 se
748 5376 805 5425 et
847 5365 1099 5429 absolute
1151 5363 1424 5437 probatas.
1463 5364 1740 5434 Quorsum
1762 5363 1934 5433 enim,

328 5477 486 5520 nstin.
518 5461 576 5529 0,
606 5474 931 5531 rursumque
964 5473 1120 5515 nam.
1164 5455 1259 5521 65,
1297 5463 1411 5511 tam
1448 5449 1613 5512 enisa
1633 5458 1935 5512 obtestatus

326 5560 437 5627 est,
471 5571 540 5612 ne
566 5553 638 5612 de
667 5570 728 5610 se
764 5560 893 5609 ante
921 5553 1191 5613 sermonis
1232 5549 1760 5613 consummationem
1784 5548 1935 5618 indi-

325 5652 575 5719 carem.
605 5646 710 5717 nisi
738 5645 861 5721 quia
883 5660 950 5705 ex
978 5642 1231 5725 benignis
1255 5640 1796 5715 interpretationibus
1823 5639 1939 5711 suis

336 5744 415 5833 de
441 5758 505 5817 ta
529 5758 696 5817 me
714 5742 859 5815 male
882 5741 1115 5820 iudicari
1135 5739 1501 5827 praeviderat?
1524 5738 1698 5833 Quae
1716 5739 1789 5801 ob
1808 5754 1940 5803 sau-

340 5830 488 5911 sam,
505 5851 654 5907 num.
682 5835 738 5906 'l,
760 5833 830 5894 de
856 5833 1098 5900 formulis
1116 5849 1145 5890 a
1167 5848 1226 5890 se
1250 5830 1584 5916 exponendis
1603 5834 1710 5905 ait:
1738 5834 1805 5902 lu
1823 5835 1941 5907 qui-

2036 4727 2243 4802 Synod.
2277 4744 2396 4801 pag.
2422 4712 2481 4791 9i
2494 4726 2549 4795 6,
2582 4726 2788 4792 scribit,
2815 4740 2937 4783 cum
2962 4726 3159 4783 Basilio
3180 4724 3467 4797 Ancyrano
3488 4724 3636 4795 ejus-

2035 4836 2143 4892 que
2171 4819 2441 4881 similibus
2467 4819 2547 4879 sic
2586 4819 2852 4888 agentium
2880 4833 3004 4875 esse
3025 4858 3040 4883 ,
3087 4818 3251 4875 Veluti
3290 4832 3413 4875 cum
3456 4816 3523 4874 iis
3550 4816 3639 4885 qui

2037 4926 2140 4965 non
2162 4911 2310 4979 longe
2329 4910 2514 4966 absunt
2531 4927 2563 4962 α
2578 4910 2875 4980 recipienda
2890 4925 3011 4964 voce
3030 4909 3501 4964 consubstantialis.
3530 4908 3582 4963 Ν
3587 4926 3639 4965 e-

2036 5017 2132 5073 que
2152 5002 2305 5067 enim,
2336 5001 2508 5072 inquit
2530 4998 2686 5072 paulo
2707 5006 2853 5069 ante,
2885 5000 3132 5055 adversus
3152 5015 3236 5056 eos
3269 5001 3424 5055 veluti
3452 4999 3638 5055 adver-

2039 5111 2129 5153 sus
2151 5093 2497 5157 At'iomanttas
2526 5101 2615 5151 aut
2651 5093 2896 5157 adversus
2925 5090 3144 5155 Patrum
3183 5092 3351 5151 hostes
3378 5094 3639 5155 contrudi-

2042 5186 2239 5249 ciutus;
2256 5184 2349 5241 sed
2371 5184 2528 5241 velati
2557 5191 2743 5257 fratres
2766 5200 2881 5240 eum
2915 5185 3163 5255 fratribus
3186 5187 3552 5256 disceptamus,
3581 5194 3638 5240 ut

2037 5288 2158 5331 eum
2184 5276 2367 5345 quibus
2393 5276 2538 5330 nobis
2556 5276 2733 5330 eadem
2760 5278 2825 5331 sit
2849 5278 3122 5342 sententia,
3155 5278 3497 5332 controversia
3536 5294 3631 5331 nn-

2041 5376 2142 5424 tem
2163 5368 2226 5423 de
2262 5365 2443 5422 verbis.
2477 5366 2535 5431 In
2563 5382 2670 5439 quo
2694 5368 2888 5431 melius
2913 5369 2985 5439 de
3008 5367 3635 5437 Orientalibusscnsisse

2040 5462 2279 5529 Videtur.
2300 5476 2463 5532 quam
2495 5468 2681 5523 noster
2702 5460 2936 5521 Hilarius
2962 5461 3085 5533 tqui
3110 5477 3231 5521 cunt
3254 5461 3450 5521 similia
3481 5478 3634 5533 quac-

2040 5555 2163 5610 dam
2191 5552 2337 5608 dicat
2375 5554 2476 5608 sub
2502 5553 2662 5609 finem
2707 5570 2855 5609 num.
2902 5553 2957 5621 8,
3005 5569 3067 5609 ea
3107 5569 3168 5609 se
3210 5568 3318 5608 non
3349 5561 3456 5609 tam
3485 5564 3634 5617 certo

2038 5663 2415 5721 asseverasse,
2456 5662 2614 5722 quam
2663 5651 2748 5722 pia
2777 5648 3008 5733 quadam
3050 5648 3214 5719 animi
3243 5650 3634 5723 prOpeqsione,

2041 5758 2166 5816 qua
2203 5741 2437 5823 necdum
2461 5743 2579 5813 sine
2605 5728 2895 5827 lormidine
2927 5751 3065 5809 erat.
3100 5743 3339 5821 locutum,
3369 5758 3493 5809 esse
3522 5728 3635 5827 Plit.

2044 5835 2195 5911 ribus
2214 5835 2338 5897 aliis
2357 5835 2641 5906 sententiis
2669 5836 3027 5904 demonstrat.
3063 5835 3142 5895 ita
3162 5836 3273 5899 duo
3297 5837 3375 5915 illi
3402 5837 3640 5919 διετιεῴ
