4106 6192
461 297 568 356 479
1674 298 1920 358 SANCTI
1961 302 2220 362 HILARII
2261 305 2572 364 EPISCOPI
3667 311 3777 370 480

457 419 533 474 mi
563 416 666 474 viri
689 431 789 474 nos
810 418 1062 491 exemplo
1080 418 1380 474 docuerunt
1409 417 1724 488 przeclaram
1757 419 1906 475 illam
1931 419 2069 477 Gre-
2097 428 2153 486 Α
2177 422 2490 479 demnemus.
2517 422 2623 480 Sed
2646 423 2712 480 ad
2736 424 2994 481 Hilarium
3023 435 3269 482 nostrum
3297 428 3440 498 quod
3461 428 3674 485 attinet.
3707 429 3777 487 de

458 511 599 582 gorii
629 510 759 566 Naz.
786 511 880 567 Or.
909 528 1020 577 xxi,
1068 527 1122 565 n.
1159 512 1257 577 l9,
1285 512 1611 567 sententiam
1636 530 1648 568 :
1684 513 1774 569 Sic
1799 515 1933 568 enim
1955 516 2068 569 exi-
2171 531 2300 572 vero
2328 517 2472 572 illius
2495 533 2621 590 erga
2649 517 2952 574 Orientales
2978 533 3146 574 sensu
3165 562 3179 586 ,
3212 521 3421 577 nullum
3449 530 3508 577 ut
3537 522 3775 579 diximus

459 605 614 659 stimo
639 605 695 659 in
725 604 898 660 dubiis
928 612 976 658 et
1000 605 1213 660 incertis
1238 605 1386 662 rebus
1421 607 1718 678 faciendum
1745 624 1882 676 esse,
1920 618 1974 664 ut
2001 610 2069 664 ad
2171 609 2393 666 dubium
2425 611 2732 680 relinquent
2763 612 2932 681 ipsius
2963 627 3224 683 responsa
3259 615 3618 684 apologatica,
3653 631 3775 688 qua:

459 700 824 773 benignitatem
852 709 902 756 et
934 702 1304 757 humanitatem
1330 705 1691 772 propensiores
1726 704 1920 771 simus,
1957 721 2070 760 eos-
2173 712 2230 761 et
2271 706 2496 762 seorsim
2546 707 2598 761 in
2641 707 2802 771 notis,
2842 713 2897 762 et
2937 715 3061 777 post
3097 707 3244 764 hunc
3281 708 3478 765 librum
3519 709 3679 765 simul
3721 713 3776 767 in

458 809 582 864 que,
622 794 709 861 qui
737 795 792 849 in
817 794 973 865 culpa
1014 804 1152 860 sunt,
1199 795 1524 851 absolvemus
1549 797 1718 868 potius
1758 814 1912 868 quam
1946 815 2070 854 con-
2175 813 2339 853 unum
2373 798 2598 854 collecta
2625 797 3022 855 exhibebimus.

538 1024 899 1101 “7"”
994 1052 1998 1217 SANCTI

2206 1049 3287 1306 HILARII

1120 1345 1721 1488 LIBER
1811 1339 3133 1608 DESEUSYNODIS,

1401 1676 1562 1761 DE
1626 1675 1902 1760 FIDE
1969 1673 2838 1766 ORIENTALIUM.

1650 1817 1925 1890 (SCRIPTUS
1953 1833 2110 1876 CIBCA
2139 1834 2301 1875 FINEI
2331 1833 2456 1875 sum
2483 1819 2634 1892 558.)

491 924 3740 953 M

1918 1958 2281 1969 —_.—

1944 1972 2306 1986 Ψ

481 2063 862 2122 Dilectissimis
892 2064 972 2138 (τι)
999 2073 1054 2119 et
1080 2063 1407 2120 beatissimis
1430 2062 1710 2118 Fratribus
1731 2071 1786 2118 et
1810 2061 1886 2135 (b)
1909 2061 2090 2134 eoepi-
2120 2069 2169 2130 Β
2196 2062 2419 2120 urbibus
2451 2063 2840 2136 significassent
2864 2108 2879 2133 ,
2908 2066 3036 2138 quid
3068 2081 3190 2122 cum
3219 2067 3494 2140 religiosis
3535 2069 3800 2129 fratribus

555 2157 768 2227 sc0pis,
797 2156 1088 2226 provincia}
1121 2154 1423 2211 Germanize
1465 2155 1682 2224 primat,
1706 2162 1762 2210 et
1783 2154 2088 2211 Germania:

553 2238 828 2314 Secundae,
868 2257 923 2303 et
955 2247 1142 2318 prima:
1167 2246 1394 2318 Belgica:
1415 2287 1430 2311 ,
1458 2254 1513 2300 ct
1545 2246 1774 2318 Belgica:
1802 2247 2054 2303 secundae
2076 2287 2091 2312 ,

558 2352 616 2399 et
644 2341 716 2416 (c)
738 2341 1082 2413 Lugdunensi
1100 2342 1308 2412 primae,
1323 2340 1732 2411 etLugdunensi
1749 2339 2019 2407 secundae,
2036 2351 2093 2398 et

557 2437 846 2507 provinci-.e
876 2436 956 2508 (ά)
983 2436 1319 2508 Aquitanicae
1337 2477 1352 2500 ,
1377 2444 1434 2492 et
1475 2435 1768 2507 provincia:
1789 2434 2094 2507 Novempo-

561 2531 768 2602 pulanae
790 2572 804 2596 ,
833 2539 888 2586 et
919 2529 993 2603 (ε)
1019 2544 1082 2584 ex
1115 2528 1454 2584 Narbonensi
1486 2529 1730 2599 plebibus
1781 2536 1836 2584 et
1882 2527 2094 2583 clericis

559 2624 860 2691 Tolosanis,
885 2633 938 2678 et
968 2622 1365 2693 provinciarum
1385 2623 1454 2693 (f)
1470 2620 1865 2676 Britanniarum
1880 2622 2093 2691 episco-

557 2717 672 2788 pis,
704 2717 937 2772 llilarius
963 2729 1154 2771 servus
1180 2714 1415 2782 Christi,
1441 2715 1494 2770 in
1528 2715 1638 2770 Deo
1667 2723 1722 2770 et
1749 2715 1977 2770 Domino
1999 2730 2096 2771 no-

561 2821 675 2868 stro
705 2821 964 2868 aeternam
995 2809 1250 2866 salutem.

570 3001 620 3055 l.
653 2998 844 3056 Hilarii
874 2998 937 3054 de
966 2995 1154 3053 Gallia:
1175 3001 1540 3070 episcoporum
1564 2999 1666 3068 [ide
1687 3000 1833 3054 anatii
1860 3001 2097 3074 preposi-

490 3103 617 3149 tuni.
652 3123 710 3135 -—
739 3091 1104 3150 Constitutum
1131 3107 1343 3148 mecum
1375 3092 1638 3148 habebam
1663 3133 1676 3158 ,
1735 3091 1955 3149 Fratres
2003 3108 2094 3148 ea-

490 3188 690 3244 rissimi
715 3229 729 3249 .
755 3187 807 3242 in
840 3195 988 3242 tanto
1013 3186 1214 3241 silentii
1239 3187 1402 3242 vestri
1437 3194 1681 3256 tempore
1713 3185 1886 3241 nullas
1908 3185 1974 3241 ad
1997 3201 2092 3242 vos

490 3280 842 3337 ecclesiastici
873 3279 1141 3335 sermonis
1173 3279 1381 3334 litteras
1407 3279 1639 3334 mittere.
1673 3277 1806 3333 Nam
1832 3293 1956 3335 cum
1983 3279 2090 3334 fre-

494 3381 728 3446 quenter
759 3372 910 3429 vobis
929 3387 994 3428 ex
1015 3371 1264 3443 plurimis
1295 3371 1661 3426 Romanarum
1691 3371 2090 3440 provinciarum

2199 2158 2398 2214 nostris
2447 2159 2684 2215 Orientis
2767 2159 3037 2230 episcopis
3112 2159 3234 2216 lidei
3280 2161 3552 2233 studiique
3604 2172 3787 2231 esset,

2198 2261 2536 2323 quantaque,
2583 2252 2684 2308 sub
2728 2254 3014 2310 occasione
3064 2254 3441 2324 temporalium
3513 2263 3795 2324 motuum,

2199 2344 2446 2400 diabolus
2477 2355 2741 2400 venenato
2765 2360 2860 2401 ore
2888 2354 3050 2417 atque
3091 2345 3268 2417 lingua
3325 2345 3618 2404 mortiferae
3667 2347 3803 2404 doc-

2200 2437 2354 2494 trinm
2379 2437 2534 2494 sibila
2568 2438 2915 2508 protulisset;
2939 2452 3134 2494 verens
3160 2454 3229 2494 ne
3276 2439 3328 2493 in
3381 2447 3530 2496 tanto
3571 2453 3636 2496 ac
3686 2447 3802 2496 tam

2202 2533 2434 2604 plurium
2464 2533 2844 2604 episcoporum
2873 2533 3203 2590 calamitosae
3223 2533 3520 2604 impietatis
3573 2534 3662 2590 vel
3708 2551 3805 2591 er-

2201 2629 2342 2686 roris
2371 2628 2641 2698 periculo,
2669 2627 3003 2684 taciturnitas
3031 2635 3212 2682 vestra
3268 2625 3336 2682 de
3383 2625 3602 2696 polluta:
3632 2636 3808 2698 atque

2199 2723 2436 2793 impiatae
2461 2719 2809 2776 conscientiae
2839 2730 2984 2776 esset
3009 2718 3388 2791 desperatione
3433 2716 3512 2791 (g)
3537 2727 3802 2790 suscepta

2199 2815 2345 2888 (nam
2371 2815 2618 2886 ignorare
2648 2813 2801 2868 vobis
2831 2811 3142 2884 frequenter
3170 2810 3464 2867 admonitis
3508 2825 3613 2866 non
3663 2810 3809 2868 lice-

2199 2909 2314 2982 bat)
2342 2949 2357 2974 ,
2387 2907 2516 2964 mihi
2545 2921 2759 2988 quoque
2779 2905 2919 2978 apud
2975 2920 3071 2962 vos
3127 2903 3415 2960 tacendum
3454 2903 3766 2961 arbitrabar
3788 2946 3806 2970 ,

2200 3000 2486 3058 dominicae
2516 2999 2803 3057 sententia:
2832 2997 3122 3055 admodum
3156 3013 3385 3063 memor,
3416 3011 3520 3068 qua
3542 3005 3664 3068 post
3687 2998 3817 3070 pri-

2201 3112 2342 3152 mam
2365 3105 2526 3167 atque
2551 3095 2800 3152 iteratam
2832 3094 3249 3150 conventionem
3271 3135 3286 3159 ,
3317 3106 3444 3160 eos,
3488 3092 3579 3162 qui
3631 3092 3810 3148 etiam

2199 3189 2301 3244 sub
2325 3188 2639 3245 testimonio
2665 3186 2831 3260 559
2883 3186 3136 3244 Ecclesiae
3177 3184 3552 3242 inobedientes
3574 3183 3819 3242 exsiste-

2200 3289 2354 3347 rent,
2380 3279 2565 3337 baberi
2588 3279 2731 3335 sicut
2779 3279 3027 3335 ethnicos
3064 3277 3490 3350 publicauosque
3537 3277 3810 3349 iussisset

2201 3373 2416 3446 (Matth.
2437 3389 2588 3441 xvm,
2623 3373 2690 3429 l5
2718 3381 2767 3428 et
2787 3370 2974 3444 seqq.).

566 3534 644 3608 (η)
675 3533 766 3590 Sic
790 3549 982 3608 omnes
1011 3547 1142 3608 mss.
1175 3547 1284 3588 uno
1307 3539 1536 3608 excepto
1561 3531 1982 3608 Vaticantebas.
2027 3541 2090 3608 et
2117 3533 2162 3598 C
2194 3533 2678 3608 ingprovinciarnm
2710 3532 3104 3608 Gallicanarum
3133 3531 3454 3608 partitione,
3507 3546 3664 3608 quam
3692 3547 3807 3587 ex-

493 3601 794 3664 recentiore
819 3604 980 3661 Czirn.
1006 3605 1098 3676 qui
1120 3619 1241 3659 eum
1264 3604 1494 3676 vulgatis
1510 3603 1807 3676 praeferunt
1833 3601 2085 3665 Dominis,

495 3694 602 3735 non
635 3673 1040 3732 dilectissimisf
1068 3679 1138 3732 At
1188 3673 1419 3745 epistola
1458 3673 1718 3730 adversus
1769 3676 2093 3728 Auxentium

493 3765 691 3878 lmagno
720 3749 966 3805 codicmn
989 3763 1261 3804 consensu
1278 3747 1329 3802 di
1337 3746 1624 3802 lectissimis
1635 3747 1886 3817 fratribus
1901 3746 2095 3800 inscri-

534 3823 661 3878 itur.

534 3823 661 3878 itur.

569 3893 647 3966 (b)
670 3892 1014 3966 Plnr_es_mss.
1043 3906 1148 3966 non
1172 3900 1358 3966 tamen
1393 3889 1668 3966 potiores,
1695 3900 1768 3966 ‘et
1807 3888 2092 3966 episcopis,

495 3959 699 4020 omisso
722 3962 920 4019 deinde
951 3964 1230 4034 prouincite
1257 3960 1538 4034 vocabulo.
1598 3963 1665 4034 A_t
1694 3959 1762 4034 in_
1794 3961 2097 4034 recentiore

495 4034 658 4092 Carn.
689 4043 834 4092 totus
859 4029 1049 4090 titulus
1069 4037 1147 4090 sic
1176 4033 1532 4101 interpolatur
1565 4048 1577 4084 :
1608 4029 1934 4101 Coepiscopis
1967 4029 2092 4084 ϐαι-ο

498 4109 686 4162 mania:
712 4105 894 4177 prima:
915 4149 929 4171 ,
962 4107 1015 4160 in
1045 4122 1148 4177 qua
1175 4115 1248 4160 est
1274 4100 1441 4177 prima
1481 4101 1859 4177 Maguntia;_et
1886 4100 2099 4177 Germa-

499 4181 599 4233 nia:
627 4171 897 4250 secundae,
931 4171 1096 4250 inqua
1117 4171 1284 4250 prima
1298 4185 1369 4231 est
1393 4171 1706 4250 Agrippina,
1851 4183 1923 4227 est
1947 4171 2096 4250 _Colo-

499 4196 599 4233 ma:
627 4196 897 4240 δεεωιαιε,
931 4196 981 4230 tn
1031 4197 1096 4231 ua
1117 4196 1284 4250 prima
1298 4196 1369 4231 εει
1393 4196 1706 4247 agrippma,
1752 4196 1805 4226 us
1851 4196 1923 4227 εδι
1947 4196 2096 4228 μυιο·

499 4250 619 4321 nia;
642 4258 696 4321 et
720 4249 898 4315 prima
924 4196 1146 4321 Βεῖῃίσίε
1169 4289 1186 4313 ,
1230 4249 1282 4302 in
1309 4263 1410 4321 qua
1438 4246 1606 4321 prima
1649 4254 1722 4321 est
1755 4242 1986 4321 Treveris
2004 4253 2098 4321 ;_et

504 4314 728 4389 Belgicis
746 4319 983 4372 secunda:
1002 4314 1098 4384 ,"in
1124 4336 1225 4388 qua
1252 4314 1420 4387 prium
1439 4314 1518 4389 est
1537 4315 1752 4389 Remis;
1793 4325 1841 4370 et
1888 4314 2100 4389 {sugdu-

504 4384 674 4444 neniis
701 4389 881 4458 prima
903 4430 917 4452 ,
947 4391 1000 4443 in
1020 4407 1122 4458 qua
1136 4384 1315 4459 prima
1344 4397 1417 4441 est
1441 4385 1783 4459 Lugdunum;
1815 4395 1862 4439 et
1885 4384 2100 4459 Lugdu-

505 4460 676 4514 nensis
694 4457 932 4531 secunda:
952 4501 966 4522 ,
985 4457 1042 4514 in
1065 4457 1166 4531 qua
1191 4460 1356 4527 prima
1379 4468 1450 4512 est
1475 4457 1818 4531 liotomagunt
1837 4500 1849 4522 ,
1881 4457 2102 4531 εέΔΝᾳιξ-

506 4531 718 4602 bonensi
741 4529 874 4602 plebi
896 4531 986 4595 ,in
1006 4524 1106 4601 qua
1134 4524 1300 4600 prima
1342 4537 1413 4582 est
1463 4524 1746 4602 Narbona;
1786 4537 1832 4580 et
1856 4524 2102 4602 Δ(Περ-ἱείς

509 4597 806 4665 Tolosanis,
830 4611 962 4667 etc.,
994 4597 1498 4671 quod'dcsumptum
1528 4597 1740 4671 videtur
1748 4613 1824 4671 ex
1856 4597 1958 4671 liis,
1982 4614 2102 4668 qute

507 4675 560 4730 in
593 4689 724 4728 mss.
757 4667 1069 4729 monasterii
1101 4673 1263 4729 Silva:
1313 4667 1534 4739 majoris
1561 4677 1617 4725 et
1639 4667 1698 4726 S.
1747 4669 1975 4739 Remigii
2001 4667 2104 4725 lle-

511 4745 746 4812 mensis,
782 4745 832 4798 in
867 4745 1042 4800 l'ronte
1069 4746 1232 4799 totius
1260 4743 1544 4798 Tractatus
1574 4743 1654 4796 sic
1677 4749 2052 4810 praenotantur
2084 4760 2096 4795 :

510 4814 579 4870 In
603 4815 877 4887 Germania
903 4817 1068 4886 prima
1087 4827 1161 4870 est
1195 4815 1466 4887 Maguntia
1485 4855 1496 4874 .
1539 4815 1592 4867 in
1591 4812 1836 4887 _secunda
1862 4813 2104 4887 Agrippi-

512 4903 582 4942 na
603 4929 616 4951 ,
647 4888 701 4940 id
727 4897 796 4941 est
823 4883 1068 4950 Colonia.
1085 4889 1135 4942 in
1165 4883 1372 4958 Belgica
1397 4888 1562 4958 prima
1587 4883 1814 4958 Treueris
1839 4924 1854 4948 ,
1878 4883 1932 4958 in
1985 4883 2104 4938 Bel-

512 4960 631 5043 gica
648 4961 869 5043 secunda
905 4959 1076 5043 (ternis
1102 5001 1117 5024 ,
1140 4961 1193 5043 in
1214 4953 1551 5043 'Ijtgdu'nensi
1579 4957 1742 5043 prima
1765 4953 2098 5043 Lugdunum,

513 5027 567 5084 in
599 5029 932 5102 Lugdunensi
958 5032 1184 5087 secunda
1209 5027 1522 5102 Rot'ontagus
1547 5069 1561 5094 ,
1595 5027 1648 5081 in
1691 5027 2108 5102 ovempopnla-

514 5118 583 5155 na
614 5097 898 5155 est—Tolosa
947 5119 966 5157 :
1023 5103 1310 5167 mendose,
1366 5097 1622 5169 quantum
1671 5097 1737 5152 ad
1779 5105 2107 5166 postremam

517 5172 657 5227 hanc
684 5173 1048 5240 metropolim.
1083 5173 1213 5228 Nam
1242 5171 1732 5240 Novempopulanze
1755 5170 2006 5238 primaria
2035 5169 2110 5222 ci-

517 5244 654 5298 vitas
683 5239 980 5298 Elusatium
1037 5245 1089 5299 in
1123 5239 1664 5299 Corbeiensi’codice
1707 5239 1906 5294 sarculo
1955 5247 2111 5294 sexto

517 5323 739 5386 exarato
791 5317 1139 5386 consignatur
1191 5333 1202 5368 :
1259 5313 1578 5386 Tolosatium
1606 5320 1786 5366 autem
1832 5310 1884 5365 in
1940 5310 2111 5382 prima

517 5385 854 5442 Narbonensi
885 5384 1006 5456 post
1027 5385 1329 5456 Narbonam
1361 5384 1663 5456 ordinatur.

593 5458 662 5528 (c)
687 5459 825 5514 Editi
852 5452 937 5514 hic
965 5470 1021 5516 et
1045 5460 1182 5515 intra
1204 5499 1219 5524 ,
1265 5455 1625 5527 Lugdunensis
1675 5471 1694 5509 :
1720 5452 2117 5525 refragantibus

520 5529 820 5602 potioribus
846 5546 975 5587 mss.

593 5603 673 5670 (ά)
703 5602 757 5654 Ιιι
792 5616 983 5658 novem
1011 5617 1145 5658 mss.
1174 5599 1517 5670 desideratur
1553 5607 1617 5670 et‘
1649 5597 1924 5670 provinciae
1951 5595 2112 5667 Aqui-

522 5667 722 5725 tanica.
750 5671 807 5725 In
841 5683 1053 5729 vetusto
1099 5673 1254 5729 (που).
1283 5678 1337 5726 et
1364 5669 1549 5736 Germ,
1603 5667 1853 5731 habetur,
1899 5677 1946 5721 et
1996 5685 2110 5737 pro-

522 5741 701 5820 vincia:
727 5741 996 5821 4qn£lante
1017 5759 1036 5797 :
1055 5744 1112 5821 in
1134 5742 1343 5821 duobus
1370 5741 1488 5821 aliis
1509 5740 1901 5821 2rctprotn'n-cia:
1945 5739 2106 5821 {lqui-

525 5810 680 5864 ‘tanite
702 5823 718 5863 t
748 5809 801 5863 in
830 5808 993 5866 Corn.
1015 5820 1065 5866 et
1092 5811 1366 5881 provincia!
1395 5808 1709 5868 Aquitaniae
1731 5810 1930 5871 primat.
1955 5809 2098 5863 Sane

2196 3604 2345 3660 hibet
2362 3605 2470 3674 jam
2487 3605 2661 3660 dictus
2683 3603 2851 3660 codex
2871 3603 3214 3658 Corbeiensis
3232 3604 3412 3659 medio
3425 3605 3625 3658 saeculo
3645 3613 3820 3661 sexto

2195 3685 2483 3738 exaratos.
2529 3677 2652 3731 dure
2682 3682 3034 3731 recensentur
3081 3675 3454 3744 Aquitanicae,
3507 3684 3562 3730 et
3607 3674 3817 3743 primae

2195 3747 2414 3818 quidem
2448 3747 2761 3816 metrOpolis
2786 3747 2977 3818 civitas
2999 3745 3300 3818 Biturigum
3320 3787 3338 3810 ,
3388 3745 3640 3802 secunda:
3700 3762 3815 3802 au-

2198 3817 2306 3874 tem
2341 3818 2824 3889 Burdigalensium.
2855 3817 2932 3872 Ita
2955 3817 3116 3873 etiam
3147 3825 3518 3889 memorantur
3564 3827 3818 3888 quatuor

2198 3887 2587 3960 Lugdunenses
2617 3905 2678 3942 ac
2703 3889 3088 3960 Narbonenses
3137 3887 3278 3960 dure.
3305 3889 3411 3942 'An
3463 3887 3590 3942 data
3630 3903 3812 3958 opera

2200 3958 2435 4017 llilarins
2468 3961 2777 4030 provincias
2805 3959 2923 4016 illas
2971 3976 3076 4014 non
3125 3958 3379 4015 distincte
3431 3961 3759 4030 nuncuparit
3788 3963 3819 4017 ?

2273 4053 2534 4128 (e)§orb.
2588 4053 2788 4128 aliique
2841 4051 3152 4128 complures
3187 4061 3407 4128 ms§._et
3475 4050 3822 4128 Narbonensi

2201 4119 2356 4197 plebi.
2379 4124 2674 4197 Retinenda
2700 4119 2820 4179 cum
2852 4119 3239 4197 vetustioribus
3261 4119 3444 4197 Colb.,
3464 4123 3649 4187 Carm,
3669 4130 3816 4190 etc.,

2201 4193 2415 4268 vulgata
2447 4196 2608 4268 lectio
2643 4214 2657 4251 :
2691 4197 2842 4268 quasi
2875 4195 3081 4268 diceret
3111 4193 3373 4258 Hilarius,
3431 4203 3488 4268 et
3536 4209 3602 4268 ex
3650 4197 3819 4268 otuni

2203 4265 2562 4339 Narbonensi
2593 4266 2870 4334 provincia
2923 4266 2943 4339 (
2974 4265 3128 4339 cujus
3180 4265 3501 4339 metropolis
3521 4265 3824 4339 _Narbona

2203 4351 2259 4396 et
2281 4340 2381 4394 sub
2409 4353 2472 4394 ea
2520 4335 2715 4392 Tolosa
2768 4335 3126 4406 recensetur),
3171 4337 3475 4406 praesertim
3520 4335 3824 4394 Tolosauis

2204 4410 2457 4482 plebibus
2485 4409 2779 4482 et_c_ler_icis
2812 4427 2827 4464 :
2859 4408 3142 4482 dequibus
3197 4408 3470 4479 przecipua
3521 4407 3624 4482 ipsi
3666 4422 3814 4482 cura

2203 4479 2307 4565 fuit
2321 4523 2338 4547 ,
2365 4479 2509 4568 quod
2534 4479 2872 4568 Illiodaitiuin
2889 4480 3450 4568 illortnnepiscOp‘um
3467 4520 3495 4568 ,ί
3510 4480 3601 4568 qui
3615 4520 3655 4568 πε
3675 4479 3826 4568 ξιμ-

2205 4553 2347 4624 picio
2374 4549 2577 4624 severo
2606 4559 2745 4606 teste
2767 4592 2781 4615 ,
2815 4562 3000 4624 natura
3025 4551 3189 4624 lenior
3217 4567 3318 4603 non
3351 4561 3453 4603 tam
3476 4550 3584 4604 suis
3611 4549 3820 4624 viribus

2204 4620 2360 4695 quam
2385 4621 2576 4695 Hilarii
2598 4624 2845 4695 societate,
2887 4622 3096 4676 Arionis
3149 4638 3250 4676 non
3298 4629 3550 4686 cesserat,
3594 4620 3800 4678 eadem

2211 4693 2388 4752 exsilii
2437 4694 2674 4750 conditio
2700 4693 3061 4764 implicuerat.

2281 4787 2348 4859 (r)
2399 4789 2703 4843 Britannias
2744 4789 2852 4858 jam
2901 4802 2998 4859 sua
3054 4794 3212 4859 aetate
3240 4785 3605 4859 Christianas
3632 4784 3825 4859 luisse

2209 4855 2438 4916 testatur
2467 4855 2834 4915 Tertullianns
2863 4858 3124 4914 adversus
3151 4857 3368 4912 .lndieos
3390 4876 3443 4914 ιι.
3470 4856 3529 4921 ι,
3557 4856 3645 4912 ubi
3690 4855 3826 4911 Bri-

2128 4921 2180 4981 Ῑ)
2207 4944 2479 4988 (annorum
2504 4933 2765 4985 inaccessa
2788 4930 3034 4984 Romanis
3056 4931 3168 4984 loca
3193 4928 3400 4984 Christo
3445 4944 3564 4984 vero
3602 4928 3824 4983 subdita

2214 5013 2498 5058 memorat.
2528 5003 2636 5056 llos
2654 5001 2830 5057 medio
2853 5001 3053 5056 stecnlo
3074 5001 3316 5056 secundo
3338 5043 3352 5066 ,
3379 5000 3528 5056 Lucii
3573 5001 3716 5070 regis
3755 5011 3828 5056 et

2217 5075 2512 5129 Eleutlterii
2539 5075 2696 5142 Papa:
2724 5071 3059 5139 temporibus
3086 5072 3244 5126 tidem
3285 5072 3592 5142 suscepisse
3621 5069 3829 5142 scribit

2216 5145 2381 5210 Beda,
2408 5146 2501 5200 lib.
2527 5161 2542 5200 ι
2568 5141 2694 5199 bist.
2716 5143 2893 5214 gentis
2923 5143 3216 5212 Anglorum
3239 5159 3361 5211 cap.
3393 5145 3446 5198 4.
3467 5141 3652 5214 Neque
3666 5141 3820 5198 alios

2213 5227 2461 5286 spectare
2489 5216 2700 5272 videtur
2719 5213 2951 5270 Hilarius
2977 5217 3027 5268 in
3053 5215 3192 5268 Psal.
3210 5229 3322 5286 xiv,
3347 5231 3402 5268 ιι.
3423 5213 3594 5286 διιὼι
3626 5227 3829 5286 narrat

2215 5284 2369 5342 etiam
2396 5289 2448 5341 in
2477 5287 2670 5342 Oceani
2695 5285 2879 5342 insulis
2916 5287 3168 5357 plurimas
3219 5284 3325 5339 Deo
3378 5285 3720 5357 habitationes
3741 5285 3826 5357 ab

2220 5360 2489 5429 Apostolis
2521 5355 3070 5428 paratas.Nunc'vero
3097 5356 3296 5412 iudicat
3315 5357 3473 5429 ipsos
3505 5355 3819 5429 Britannia-

2225 5425 2344 5485 rum
2370 5425 2654 5500 episcopos
2678 5446 2800 5485 cum
2833 5429 3121 5486 Gallicanis
3140 5425 3480 5498 conspirasse
3500 5469 3515 5494 ,
3540 5437 3597 5482 ut
3621 5425 3826 5500 decer-

2224 5497 2419 5558 tarent'
2455 5497 2716 5557 adversus
2742 5500 2996 5556 Arianam
3047 5497 3286 5570 pestem,
3330 5515 3452 5570 qua:
3499 5500 3615 5570 ipso
3664 5497 3822 5553 Beda

2223 5583 2380 5640 teste,
2406 5575 2542 5630 libro
2564 5573 2805 5637 laudato,
2827 5589 2946 5642 cap.
2979 5571 3033 5636 8,
3063 5571 3292 5642 perﬁdia:
3313 5587 3419 5625 sum
3446 5571 3706 5642 airusnon
3731 5586 3824 5623 so-

2217 5647 2321 5701 lam
2350 5646 2488 5702 orbis
2511 5647 2664 5700 totius
2691 5686 2706 5712 ,
2733 5645 2823 5700 sed
2849 5641 2908 5699 et,
2925 5641 3214 5699 insularum
3253 5643 3493 5699 ecclesias
3529 5641 3819 5711 adspersit.

2211 5743 2360 5865 m('g)
2409 5740 2589 5810 Editi,
2634 5737 2919 5811 suspecta;
2970 5736 3329 5796 emendantur
3375 5751 3440 5793 ex
3497 5733 3826 5792 melioﬁbu's

2269 5827 2341 5864 89.

2269 5827 2341 5864 89.
