4106 6192
313 165 412 224 481

1084 159 1291 216 LIBER
1329 157 1420 215 DE
1459 155 1750 216 SYNODIS
1778 199 1793 224 ,
1836 155 1970 215 SEU
2014 155 2098 212 DE
2140 155 2300 214 FIDE
2339 154 2835 214 ORIENTALIUM.

3503 164 3611 222 482

382 280 436 334 ‘2.
465 277 653 333 Gallite
678 275 934 347 episcopis
953 276 1243 348 gratulatur
1269 276 1331 331 ob
1354 285 1593 348 negatam
1625 275 1908 330 Saturnino
1936 276 1982 336 A
2015 282 2201 329 tronos
2222 272 2384 343 hujus
2411 272 2682 327 haereseos
2735 269 3044 342 ingerenda:
3093 271 3413 342 quibusdam
3459 276 3613 332 vobis

309 362 744 437 communionem,
770 373 832 424 ob
881 371 1176 425 damnatam
1227 370 1408 426 Sirmii
1455 371 1630 440 ﬁdem.
1676 400 1746 409 —
1799 369 1909 426 Sed

317 465 487 522 beatae
517 462 644 520 ﬁdei
667 471 859 520 vestra:
898 464 980 535 (α)
1010 463 1204 519 litteris
1225 463 1487 534 sumptis,
1531 479 1755 535 quarum
1804 464 1912 519 leu-

317 557 601 614 titudinem
625 571 688 613 ac
713 557 990 612 raritatem
1045 556 1114 612 de
1169 557 1342 612 exsilii
1373 557 1480 613 mei
1505 566 1559 612 et
1581 556 1912 628 longitudine

316 659 371 709 et
395 659 606 707 secreto
655 650 901 720 intelligo
943 650 1285 714 constitisse;
1341 649 1639 720 gratulatus
1682 663 1803 704 sum
1857 649 1910 703 in

319 744 548 801 Domino
568 785 584 810 ,
613 741 1068 800 inoontaminatos
1092 756 1189 796 vos
1211 750 1267 798 et
1289 741 1489 797 illaesos
1514 741 1582 797 ab
1610 741 1759 797 omni
1780 756 1914 798 con-

317 837 458 908 tagio
484 835 824 892 detestandae
853 833 1126 890 haereseos
1150 834 1452 903 perstitisse
1470 874 1484 896 ,
1527 847 1731 905 vosque
1758 848 1912 889 com-

317 929 610 1004 participes
631 928 807 985 exsilii
831 926 966 996 mei,
1001 927 1056 982 in
1075 926 1219 997 quod
1243 941 1330 981 me
1360 925 1713 993 Saturninus,
1743 929 1913 996 ipsam

319 1022 707 1081 conscientiam
729 1035 881 1076 suam
905 1020 1108 1076 veritus
1125 1059 1139 1084 ,
1158 1019 1529 1074 circumvento
1576 1017 1651 1089 (ὁ)
1684 1019 1913 1089 impera-

321 1127 433 1177 tore
458 1119 798 1180 detruserat,
823 1123 1014 1186 negata
1063 1113 1165 1183 ipsi
1218 1127 1388 1182 usque
1431 1111 1534 1168 hoc
1563 1121 1776 1182 tempus
1802 1120 1918 1166 toto

314 1213 424 1284 jam
444 1212 682 1268 triennio
714 1206 1130 1269 communione,
1157 1204 1264 1259 ﬁde
1310 1202 1442 1258 mihi
1494 1219 1557 1259 ac
1606 1204 1799 1271 spiritu
1825 1218 1919 1259 co-

318 1305 528 1360 haerere
557 1324 570 1360 :
600 1312 654 1358 et
677 1301 897 1356 missam
931 1297 1180 1368 proxime
1209 1296 1362 1351 vobis
1391 1311 1458 1351 ex
1488 1293 1770 1351 Sirmiensi
1817 1311 1918 1366 0p-

319 1396 448 1468 pido
471 1394 704 1451 inﬁdelis
733 1392 856 1448 ﬁdei
886 1390 1218 1460 impietatem
1243 1425 1258 1452 ,
1289 1402 1395 1442 uon
1427 1386 1589 1442 modo
1645 1402 1751 1440 non
1803 1401 1922 1442 sus-

325 1489 538 1560 cepisse
557 1528 573 1555 ,
603 1486 697 1542 sed
721 1483 1020 1539 nuntiatam
1046 1481 1210 1537 etiam
1255 1478 1720 1550 signiﬁcatamque
1769 1478 1922 1533 dam-

325 1595 506 1637 nasse.
529 1575 913 1634 Necessarium
937 1573 1067 1629 mibi
1098 1589 1160 1628 ac
1186 1572 1506 1642 religiosum
1561 1571 1799 1627 intellexi
1823 1613 1837 1638 ,
1865 1579 1924 1626 ut

2016 367 2243 424 testibus
2263 367 2705 424 denuntiaret-am
2731 407 2745 432 ,
2777 366 3071 431 innocens,
3103 368 3172 437 (Ῑ)
3206 367 3490 434 inviolata,
3523 385 3613 426 re-

2014 459 2224 529 ligiosa.

2087 553 2142 608 5.
2174 551 2377 608 Ηίετεεὶ
2422 559 2752 625 proruptura:
2789 566 2894 604 non
2935 550 3148 616 cedunt,
3199 561 3616 624 prorumpentent

2016 646 2366 719 franguntAd
2380 645 2790 715 resipiscentiam
2806 643 3096 700 Orientales
3110 644 3345 716 exemplo
3359 663 3453 701 suo
3473 664 3616 702 com-

2017 749 2236 794 movent.
2253 769 2323 778 —
2339 737 2711 808 Exspectastis
2727 737 2868 792 enim
2899 745 3100 791 sancta:
3124 747 3179 792 et
3209 736 3616 796 indemutabilis

2017 832 2438 902 perseverantia:
2468 830 2762 901 gloriosum
2791 830 3162 900 triumphum,
3211 847 3317 886 non
3368 831 3614 889 cedendo

2018 925 2294 982 Saturnini
2322 926 2510 990 minis,
2542 925 2933 994 potestatibus,
2967 925 3160 983 bellis:
3191 937 3246 983 et
3283 944 3405 984 cum
3438 931 3620 986 omnia

2020 1019 2340 1076 inchoandte
2369 1018 2788 1090 blasphemiasin
2822 1020 2989 1075 Deum
3012 1023 3308 1078 certamina
3335 1038 3621 1081 moveren—

2020 1121 2126 1181 tur,
2157 1121 2439 1169 maneutes
2470 1126 2612 1167 nunc
2638 1127 2810 1181 usque
2836 1127 3043 1167 mecum
3067 1113 3120 1168 in
3151 1113 3366 1170 Christo
3397 1115 3583 1172 ﬁdeles
3604 1157 3620 1184 ,

2022 1221 2197 1275 neque
2233 1213 2391 1260 antea
2442 1206 2508 1260 ad
2563 1205 2901 1260 occasionem
2957 1213 3297 1276 proruptum
3351 1207 3622 1266 hmrcscos

2023 1299 2300 1368 cessistis,
2331 1307 2388 1355 et
2416 1314 2558 1354 nunc
2587 1314 2802 1354 omnem
2831 1298 2948 1370 ejus
3007 1301 3356 1368 petulantiam
3413 1303 3467 1358 in
3501 1320 3624 1374 pro-

2023 1391 2290 1463 ruptionis
2313 1392 2700 1463 congressione
2731 1391 2984 1463 iregistis.
3022 1393 3238 1448 Vicistis
3260 1395 3436 1462 enim,
3492 1397 3624 1452 Fra-

2028 1494 2168 1551 tres,
2198 1499 2320 1539 cum
2353 1483 2556 1555 ingenti
2586 1483 2708 1539 ﬁdei
2737 1482 3041 1538 communis
3096 1486 3457 1554 gratulatione
3502 1505 3514 1543 :
3574 1499 3630 1544 et

2029 1578 2296 1649 geminam
2330 1577 2517 1633 habuit
2550 1578 2735 1633 illmsa:
2766 1576 2844 1648 (g)
2876 1581 3195 1635 constantiae
3227 1589 3422 1636 vestra:
3453 1581 3628 1638 honor

323 1686 470 1728 nunc
499 1670 652 1741 quasi
683 1669 974 1740 episcopus
1003 1665 1276 1737 episcopis
1331 1679 1540 1720 mecum
1596 1665 1649 1718 in
1701 1661 1920 1721 Christo
1949 1677 1995 1738 Β
2022 1671 2284 1743 gloriam,
2334 1671 2400 1725 de
2430 1669 2740 1740 integritate
2768 1670 2978 1726 scilicet
3026 1673 3410 1742 conscientias,
3460 1686 3514 1732 et
3559 1677 3630 1735 de

322 1760 849 1820 communicantibus
875 1758 1130 1814 salutaris
1151 1771 1215 1812 ac
1242 1755 1421 1812 ﬁdelis
1443 1755 1713 1811 sermonis
1757 1757 1908 1812 collo»

323 1857 449 1929 quia
477 1854 944 1909 transmitterem:
979 1859 1036 1907 et
1060 1850 1152 1921 qui
1193 1865 1290 1920 per
1334 1857 1536 1904 metum
1571 1849 1922 1916 incertorum,

324 1947 674 2006 conscientia:
697 1952 906 2001 tantum
927 1953 1084 1999 antea
1109 1957 1247 1999 mete
1267 1983 1282 2008 ,
1313 1941 1456 2012 quod
1506 1939 1574 1996 ab
1625 1940 1710 1996 his
1752 1940 1928 1996 omni-

326 2040 432 2097 bus
447 2054 627 2096 essem
651 2038 812 2105 liber,
843 2035 1177 2109 gratulabar,
1203 2049 1346 2090 nunc
1367 2034 1478 2103 jam
1530 2033 1830 2088 communis
1862 2035 1928 2087 ti-

331 2133 423 2191 dei
441 2130 961 2202 nostraaintegritate
972 2127 1286 2198 gauderem.
1309 2125 1354 2182 0
1374 2125 1626 2197 gloriosze
1646 2127 1930 2181 conscien-

331 2229 426 2284 tia:
445 2235 638 2283 vestra:
683 2226 1059 2280 inconcussam
1096 2221 1473 2277 stabilitatem!
1518 2219 1563 2275 Ο
1597 2221 1804 2275 ﬁrmam
1854 2219 1925 2290 (c)

339 2322 515 2378 ﬁdelis
537 2329 700 2391 petra:
723 2318 1030 2375 fundamine
1055 2317 1309 2372 domum!
1351 2315 1396 2370 Ο
1444 2316 1779 2371 intemeratas
1830 2331 1924 2370 vo-

342 2417 565 2474 luntatis
586 2414 809 2470 illaesam
831 2412 1383 2483 imperturbatamque
1408 2408 1489 2482 (tl)
1533 2410 1890 2465 constantiam
1915 2411 1928 2464 !

339 2508 538 2565 Mansit
558 2520 821 2576 namque,
843 2511 1009 2576 atque
1036 2506 1199 2560 etiam
1232 2517 1372 2558 nunc
1398 2500 1565 2574 Λα)
1611 2510 1931 2573 permanet,

337 2613 460 2675 post
483 2601 674 2675 synodi
705 2600 1028 2656 Biterrensis
1059 2597 1452 2670 professionem
1473 2637 1488 2666 ,
1517 2598 1570 2652 in
1593 2613 1696 2668 qua
1743 2599 1814 2670 (ε)
1844 2614 1938 2670 pa-

410 2759 812 2834 (a)Siiquidem
870 2757 936 2834 iis
989 2757 1182 2834 litteris
1226 2757 1446 2834 didicit,
1502 2757 1686 2834 Gallos
1733 2757 1931 2813 editam

340 2829 484 2889 anno
510 2829 1056 2900 557,conlessionem
1113 2829 1467 2886 Sirmiensem
1526 2829 1632 2899 (vel
1703 2841 1759 2883 ut
1804 2844 1934 2884 con-

335 2915 546 2962 stanter
569 2910 750 2960 exstat
775 2902 828 2956 in
856 2916 985 2956 mss.
1012 2901 1346 2970 Sirmensem)
1371 2917 1474 2954 non
1501 2900 1660 2954 modo
1681 2916 1785 2954 non
1813 2915 1933 2953 sus-

337 2981 549 3048 cepisse
572 2973 1091 3048 ,sedﬂetgdamnasse
1108 2991 1124 3048 ς
1155 2973 1331 3048 liquet
1344 2987 1436 3048 eas
1467 2981 1560 3026 aut
1587 2981 1930 3048 exennte_an.

336 3042 447 3104 557
473 3055 568 3102 aut
583 3063 675 3102 an.
701 3046 806 3102 558
828 3045 1046 3101 ineunte
1072 3045 1139 3098 ab
1161 3045 1279 3113 ipso
1309 3043 1473 3098 fuisse
1494 3053 1765 3110 acceptas.
1797 3042 1931 3098 Cum

333 3129 523 3176 autem
551 3120 868 3174 inconcussa
898 3117 988 3172 illa
1015 3117 1066 3171 in
1099 3115 1401 3169 damnanda
1431 3113 1685 3184 praedicta
1717 3115 1929 3170 conres-

334 3170 1174 3248 sioneCallor'umwconstantia
1230 3170 1595 3241 Orientalibus
1642 3186 1936 3239 innotuerit
1961 3170 2006 3234 C

333 3274 470 3319 ante
495 3260 701 3317 Pascha
731 3275 821 3314 an.
845 3259 983 3326 558,
1009 3259 1110 3313 hoc
1134 3269 1216 3314 est
1235 3299 1250 3323 ,
1313 3259 1457 3327 prius
1503 3271 1660 3327 quam
1709 3257 1940 3328 Ancyra:

336 3335 738 3396 convenirent,
766 3346 985 3387 necesse
1029 3341 1108 3386 εει
1145 3328 1363 3385 easdem
1418 3328 1622 3383 litteras
1663 3344 1768 3382 non
1823 3339 1942 3396 post

338 3421 588 3461 mensem
616 3403 861 3458 Martium
908 3419 996 3456 an.
1053 3399 1160 3457 558
1223 3400 1421 3454 llilario
1474 3401 1637 3454 fuisse
1681 3399 1937 3454 redditas.

337 3475 518 3532 Valde
547 3476 691 3531 enim
722 3473 1005 3542 probabile
1032 3469 1476 3537 est;0rientales
1520 3486 1617 3542 per
1646 3470 1820 3542 ipsum
1848 3485 1943 3524 au-

339 3549 511 3604 diisse
533 3547 675 3618 quod
709 3540 761 3600 in
792 3546 969 3618 Gallia?
991 3543 1188 3599 factum
1211 3553 1312 3597 est.
1343 3543 1413 3618 At
1435 3540 1942 3618 certe_ab0r_ienta-

339 3620 488 3675 libus
517 3612 635 3685 ipse
667 3633 769 3670 non
797 3617 1000 3672 audivit
1024 3619 1226 3684 primus
1247 3654 1260 3678 ,
1290 3614 1381 3684 qui
1427 3625 1554 3670 ante
1595 3612 1690 3668 has
1738 3613 1944 3668 litteras

341 3691 414 3747 de
442 3690 718 3747 Gallorum
746 3687 848 3743 ﬁde
880 3689 1117 3743 incertus
1144 3693 1259 3740 erat
1286 3696 1340 3741 et
1367 3686 1579 3742 anxius.

424 3763 501 3834 (ὁ)
529 3759 845 3834 Constantio
875 3760 1028 3834 _s_cil.,
1060 3758 1150 3828 qui
1201 3765 1311 3834 tum
1354 3757 1638 3814 Mediolani
1692 3755 1941 3829 degebat.

341 3828 562 3891 VideSie
588 3833 684 3886 lib.
713 3847 749 3886 ιι
779 3831 844 3886 ad
865 3830 1143 3886 Constant.
1180 3828 1304 3882 m2.
1425 3876 1432 3881 ,

423 3904 496 3976 (c)
523 3904 708 3976 Gallos
727 3903 812 3956 hic
832 3900 1295 3976 laudarevidetur
1316 3899 1560 3976 Hilarius
1579 3942 1619 3976 ,_
1649 3898 1790 3976 quod
1820 3914 1943 3976 cou-

348 3969 488 4033 fessi
506 3977 612 4031 sint
637 3975 808 4029 ﬁlium
836 3973 961 4038 Dei,
1009 3971 1254 4028 alludens
1279 3971 1528 4026 nimirum
1557 3973 1622 4028 ad
1647 3969 1949 4027 confessio-

348 4064 478 4105 nem
501 4048 680 4112 Petri,
714 4047 780 4100 de
807 4060 909 4114 qua
941 4044 1033 4098 lib.
1067 4060 1103 4098 ιι
1131 4044 1200 4097 de
1229 4042 1379 4097 Trin.
1414 4059 1466 4096 ιι.
1493 4043 1565 4114 25
1602 4061 1614 4098 :
1651 4042 1820 4098 Unum
1851 4044 1952 4114 igif

352 4132 439 4175 tur
466 4120 565 4173 hoc
586 4126 660 4172 est
680 4113 937 4171 immobile
958 4117 1348 4187 fundamentum
1370 4155 1384 4178 ,
1414 4130 1532 4187 una
1546 4113 1656 4167 haec
1684 4115 1810 4186 felix
1825 4113 1950 4184 ﬁdei

353 4200 504 4264 petra
526 4189 672 4264 Petri
697 4184 1036 4264 orecontessa
1056 4229 1072 4252 ,
1100 4185 1179 4240 Tu
1202 4201 1254 4264 es
1279 4184 1534 4264 ﬁlius-Dei
1557 4184 1753 4264 uitiiset
1773 4187 1865 4264 lib.
1892 4200 1950 4264 _vt

353 4256 413 4318 is.
437 4263 509 4319 56
543 4280 557 4314 :
587 4260 758 4330 Super
781 4256 913 4314 hanc
936 4260 1100 4330 igitur
1122 4257 1458 4328 confessionis
1481 4264 1679 4329 petram
1709 4256 1952 4312 Ecclesia:

353 4333 635 4403 testiﬁcatio
656 4339 749 4386 est.

301 4455 308 4460 .
430 4398 514 4477 (il)
545 4404 764 4477 Aliquot
791 4417 923 4477 mss.
961 4401 1345 4477 conscientiam
1375 4416 1392 4453 .·
1420 4398 1558 4455 male
1580 4416 1611 4477 ;_
1642 4398 1753 4477 jam
1794 4399 1951 4477 enim

356 4469 715 4533 conscientia:
739 4475 1000 4530 stabilitas
1024 4474 1256 4528 laudata.
1281 4471 1453 4527 Minus
1507 4469 1656 4527 male
1690 4472 1742 4526 in
1787 4469 1948 4526 Carn.

356 4547 680 4604 sententiam.

436 4619 507 4693 (c)
539 4618 596 4674 in
619 4634 720 4693 sex_
743 4630 872 4671 mss.
894 4624 1206 4693 patronum,
1239 4630 1403 4693 quem
1443 4612 1726 4670 commode
1752 4612 1950 4693 intelli-

359 4685 498 4763 gere
523 4699 667 4746 esset
689 4687 1040 4763 Saturninum
1067 4685 1294 4763 Arelat;
1314 4688 1630 4763 Arianarum
1687 4685 1949 4763 partium,

363 4755 444 4818 an
469 4778 596 4818 eum
627 4772 780 4816 vocat
811 4759 1078 4830 Sulpicius
1103 4775 1155 4829 p.
1188 4758 1326 4822 265,
1351 4759 1565 4813 ducem.
1597 4755 1704 4830 Sed
1751 4771 1877 4830 cum,
1899 4757 1952 4810 in

359 4833 753 4892 vetustioribus
782 4827 1022 4902 legamus
1041 4827 1295 4902 patronos
1311 4845 1330 4895 ,°
1356 4844 1614 4902 unacnm
1666 4827 1956 4902 Saturnino

359 4903 644 4976 designati
664 4899 1020 4976 biovidentnr
1040 4900 1294 4976 Ursacius
1309 4912 1368 4976 et
1394 4901 1592 4976 Valens
1607 4942 1622 4967 ,
1646 4914 1872 4976 quorum
1886 4899 1955 4976 .in

361 4967 601 5034 couc'ilio
632 4973 915 5030 blediolan.
949 4990 1040 5028 an.
1068 4973 1198 5039 555,
1224 4967 1678 5042 adingerendam'
1708 4967 1956 5042 baaresim

361 5057 598 5105 conatus
651 5055 704 5102 et
757 5053 900 5101 artes
923 5051 1106 5100 narrat
1146 5045 1286 5099 idem
1337 5041 1606 5113 sulpicius
1649 5041 1954 5114 pag._'247.

364 5120 582 5191 Quibus
603 5119 743 5191 lavet
770 5116 913 5191 quod
935 5115 1259 5191 aitHilarius
1286 5112 1739 5191 in_Coustant,‘u_.’
1773 5112 1860 5191 ᾖε
1899 5127 1959 5168 se

365 5183 500 5250 Eum
553 5183 842 5246 Gallicanis
884 5187 1154 5258 episcopis
1199 5186 1441 5258 proxime
1491 5195 1622 5258 post
1669 5183 1955 5258 Mediolan.

366 5261 676 5318 Concilium
701 5255 1014 5316 aSaturnini
1038 5255 1083 5312 et
1109 5255 1310 5314 Ursacii
1326 5269 1374 5313 et
1404 5255 1625 5312 Valentis
1649 5256 1962 5311 communio-

366 5351 442 5391 ne
460 5331 776 5390 discessisse
794 5375 808 5398 ,
843 5331 1044 5386 indulta
1071 5331 1267 5385 ueteris
1319 5345 1494 5385 coruus
1514 5327 1825 5384 consortibus
1841 5326 1962 5382 rcsi-

369 5405 626 5479 piscandi
638 5404 900 5479 facultate.

453 5475 520 5601 ff)
552 5470 692 5532 Editi
723 5484 949 5544 excepto
979 5473 1134 5556 liam,
1157 5472 1499 5556 inviolateque
1519 5471 1697 5543 religio
1730 5487 1775 5554 οε
1819 5470 1962 5541 quod

473 5549 656 5601 tabent
681 5546 789 5600 duo
814 5561 943 5601 mss.
973 5560 1090 5601 sme
1121 5545 1381 5601 particula
1404 5560 1521 5601 aue.
1549 5541 1745 5598 Creten
1784 5550 1962 5600 autem

367 5557 432 5606 et
455 5541 656 5604 habent
681 5546 789 5600 duo
814 5541 943 5602 mss.
973 5546 1090 5601 sine
1121 5545 1381 5615 particula
1404 5541 1521 5615 aue.
1549 5541 1745 5598 Caétcri
1784 5550 1964 5600 autem

367 5635 498 5677 cum
529 5617 686 5684 Bad.,
710 5617 975 5683 inviolata,
1003 5615 1242 5686 religiosa
1273 5633 1292 5671 :
1313 5617 1536 5686 supple,
1586 5617 1889 5672 constantia.

449 5689 530 5768 (g)
556 5689 636 5746 lta
663 5689 919 5764 praecipui
950 5705 1078 5747 mss.
1110 5691 1178 5745 At
1203 5688 1393 5746 excusi
1422 5731 1438 5760 ,
1476 5686 1816 5744 conscientia}.

2027 1763 2259 1831 exempli
2289 1762 2630 1818 auctoritate.
2660 1761 2791 1816 Nam
2816 1762 2939 1818 ﬁdei
2983 1773 3176 1821 vestra:
3228 1766 3628 1836 imperturbata:

2028 1854 2475 1925 inconcussaeque
2502 1854 2638 1908 fama
2661 1896 2676 1921 ,
2707 1855 2968 1924 quosdam
2999 1858 3354 1914 Orientalium
3413 1863 3628 1931 episco-

2030 1960 2129 2017 pos
2151 1961 2275 2001 sero
2290 1945 2403 2015 jam
2428 1945 2494 2000 ad
2517 1946 2753 2016 aliquem
2782 1946 3040 2017 pudorem
3057 1950 3273 2006 nutrita:
3293 1951 3489 2008 exinde
3515 1953 3628 2010 ha:-

2033 2051 2220 2093 reseos
2241 2046 2520 2108 attctzequc
2541 2040 2837 2092 commovit
2864 2056 2878 2093 :
2908 2050 2964 2094 et
2988 2040 3185 2096 auditis
3231 2043 3296 2098 iis
3339 2059 3460 2115 qure
3488 2045 3630 2116 apud

2035 2130 2291 2187 Sirmium
2321 2129 2627 2200 conscripta
2657 2132 2974 2201 impiissime
3004 2142 3187 2203 erant,
3207 2135 3630 2209 irreligiosorum

2034 2225 2272 2280 audacite
2293 2223 2614 2294 quibusdam
2645 2226 3036 2281 sententiarum
3059 2241 3277 2284 suarum
3292 2229 3530 2286 decretis
3553 2232 3637 2304 (lt)

2035 2317 2506 2373 contradixerunt.
2559 2317 2626 2372 Et
2671 2317 2796 2373 licet
2845 2335 2950 2373 non
3005 2320 3123 2376 sine
3183 2321 3365 2393 aliquo
3419 2326 3634 2381 aurium

2035 2409 2292 2465 seandalo
2313 2416 2369 2464 et
2392 2408 2494 2479 piae
2515 2407 2898 2471 sollicitudinis
2927 2411 3226 2470 offensione
3277 2417 3576 2473 restiterint
3621 2435 3636 2474 :

2041 2514 2220 2561 tamen
2243 2504 2379 2560 adeo
2401 2505 2752 2571 restiterunt,
2780 2513 2838 2559 ut
2869 2504 3018 2575 ipsos
3048 2507 3169 2562 illos
3187 2550 3202 2576 ,
3227 2510 3316 2579 qui
3344 2520 3469 2567 tunc
3497 2511 3639 2584 apud

2039 2598 2292 2656 Sirmium
2319 2599 2370 2652 in
2403 2598 2726 2654 sententiam
2751 2596 2980 2653 Potamii
3006 2607 3170 2670 atque
3205 2601 3273 2671 (ἱ)
3305 2600 3450 2670 Osii,
3485 2604 3555 2658 ita
3585 2613 3643 2661 et

2119 2758 2197 2829 (It)
2227 2759 2322 2832 llic
2346 2765 2601 2814 notantur
2623 2758 2927 2832 Ancyranae
2947 2761 3137 2832 synodi
3163 2762 3403 2820 decreta.
3439 2766 3644 2826 Deinde

2045 2840 2167 2910 post
2195 2830 2416 2910 verbum
2441 2831 2860 2910 contradixerunt
2881 2873 2896 2898 ,
2927 2830 2991 2886 in_
3019 2834 3175 2910 prius
3215 2837 3446 2907 vulgatis
3476 2838 3644 2910 subji-

2042 2902 2291 2980 ciebatur
2321 2917 2333 2954 :
2452 2904 2497 2955 si
2527 2901 2798 2980 diligenter
2814 2899 3064 2980 sententia
3089 2903 3198 2980 (tusc
3219 2899 3444 2975 empcttsa
3472 2899 3601 2966 esse't
3623 2953 3639 2980 ,

2043 2974 2178 3050 forte
2198 2973 2351 3050 totius
2373 2971 2644 3050 Tractatns
2660 2976 2764 3050 inci
2780 2974 2914 3027 ratio
2938 2991 3040 3050 non
3088 2971 3296 3050 [uisset'
3322 2971 3630 3050 suspiciosa.

2045 3042 2166 3098 Non
2196 3045 2328 3097 enim
2355 3045 2628 3098 tacuissem
2654 3045 2759 3097 illic
2785 3085 2799 3109 ,
2827 3047 2964 3115 quod
2989 3042 3096 3101 non
3116 3049 3215 3102 nisi
3240 3065 3360 3103 cum
3385 3042 3635 3108 seandalo

2042 3125 2171 3189 esset
2196 3115 2529 3170 audiendum.
2563 3116 2693 3183 Qute
2717 3118 2879 3189 verba
2911 3117 3131 3189 reliqua:
3156 3122 3384 3175 orationi
3417 3139 3524 3178 non
3551 3139 3647 3180 co-

2042 3188 2279 3258 haerent,
2310 3201 2483 3258 neque
2517 3194 2729 3258 exstant
2756 3187 2809 3241 in
2841 3203 2970 3242 mss.
3000 3187 3180 3258 prolue
3207 3199 3349 3246 notae
3371 3191 3640 3250 Colbcrti-

2043 3259 2125 3312 nis
2151 3257 2378 3322 duobus,
2400 3257 2777 3319 Germ.,Cat'n.
2815 3257 3088 3315 Habentur
3116 3268 3292 3317 tamen
3323 3265 3374 3318 in
3406 3266 3641 3321 veterri-

2043 3330 2398 3406 moecclesise
2415 3329 2692 3406 _Vaticanaa
2713 3330 2916 3406 codice,
2933 3330 3095 3406 Corb.
3123 3333 3348 3404 aliisque
3375 3337 3640 3406 pluribus.

2042 3401 2183 3478 Quis
2205 3417 2310 3478 non
2339 3400 2548 3478 videat,
2582 3416 2644 3454 ex
2678 3403 2820 3478 nctis
2845 3403 3225 3474 apologeticis.
3260 3400 3328 3461 de
3368 3400 3561 3478 quibus
3587 3410 3642 3466 in

2045 3471 2358 3550 prmfatione
2380 3469 2581 3550 dictum
2615 3481 2695 3526 cst
2716 3514 2730 3536 ,
2777 3469 2916 3550 hanc
2948 3469 3106 3550 un'am
3133 3490 3289 3550 esse,
3321 3469 3439 3545 quas
3471 3481 3644 3550 respi-

2045 3541 2151 3598 ciat
2178 3541 2371 3618 verba,
2405 3541 2471 3596 Et
2502 3542 2739 3618 licetnon
2779 3545 2889 3598 sine
2931 3545 3101 3614 aliqua
3148 3541 3352 3602 auriuni
3378 3541 3646 3618 scandala,

2048 3625 2154 3690 etc.
2187 3614 2262 3668 Re
2292 3615 2404 3684 ipsa
2437 3613 2594 3690 enim
2615 3613 2713 3669 hac
2737 3631 2838 3669 una
2872 3613 3140 3690 sententia
3176 3619 3343 3686 probe
3372 3613 3647 3690 expensa,

2049 3687 2268 3759 relictus
2299 3700 2403 3740 non
2436 3695 2553 3740 erat
2585 3685 3054 3759 locusgsuspicioui
3076 3729 3092 3754 ,
3123 3685 3364 3759 inquam
3413 3685 3649 3749 Hilarius

2049 3758 2118 3811 ob
2151 3753 2294 3811 hunc
2322 3765 2603 3811 tractatum
2633 3756 2806 3824 venit,
2838 3753 2988 3824 quasi
3028 3753 3334 3816 Orientales
3365 3762 3649 3820 catholica:

2051 3830 2258 3884 veritati
2292 3843 2385 3898 per
2408 3828 2586 3882 omnia
2608 3837 2968 3898 congruentes
2985 3830 3310 3886 existimarit
3336 3850 3349 3886 :
3374 3848 3494 3888 cum
3519 3850 3650 3890 con-

2049 3901 2221 3977 ceptis
2241 3899 2967 3977 ve_rbismaneat,_qu:edam
3020 3901 3090 3977 in_
3121 3903 3374 3977 praedicta
3403 3906 3646 3977 _synodo

2051 3971 2265 4026 decreta
2297 3969 2490 4034 fuisse,
2515 3984 2634 4038 quae
2663 3972 2778 4040 pias
2808 3985 2967 4026 aures
3011 3969 3370 4030 oﬁcitderent.
3401 3969 3503 4033 Ubi
3540 3993 3648 4034 non

2054 4043 2284 4117 obscure
2310 4048 2460 4095 notat
2487 4040 2593 4095 duo
2617 4050 2885 4117 postrema
2910 4041 3158 4117 decreta,
3219 4046 3287 4100 ab
3341 4046 3647 4117 Epiphanio

2053 4113 2244 4178 relata,
2271 4113 2400 4167 hmr.
2431 4128 2617 4178 cum,
2648 4129 2702 4166 ιι.
2729 4112 2818 4175 ll,
2851 4129 3077 4183 quorum
3101 4116 3270 4172 altero
3300 4112 3513 4175 Patrem
3540 4136 3648 4178 non

2054 4184 2355 4239 substantia
2383 4184 2588 4248 solum,
2624 4184 2720 4257 sed
2742 4193 2794 4238 et
2817 4187 3138 4243 auctoritate
3193 4197 3398 4257 patrem
3439 4206 3651 4248 assere-

2056 4257 2217 4335 bant;
2248 4257 2420 4335 altero
2459 4263 2636 4310 autem
2669 4255 2990 4335 homousiou
3035 4255 3504 4335 damnabantJlla
3533 4264 3656 4335 qui-

2054 4327 2187 4406 dem
2204 4329 2255 4383 in
2279 4327 2381 4406 hoc
2404 4335 2634 4406 tractatu
2666 4327 2901 4406 prudens
2923 4329 3209 4406 supprimit
3231 4331 3464 4406 llilarius
3487 4375 3501 4401 ,
3525 4327 3650 4406 q'uia

2057 4399 2312 4476 nimirum
2343 4397 2645 4476 Orientales
2674 4399 2774 4469 ipsi
2824 4397 3078 4456 Sirmium
3112 4403 3432 4460 accedentes
3451 4397 3516 4460 ea
3540 4397 3651 4476 pri-

2059 4471 2131 4527 mi
2157 4472 2520 4527 reticueraut:
2551 4471 2644 4527 sed
2662 4486 2848 4526 eorum
2884 4481 3060 4528 tamen
3113 4490 3172 4530 se
3216 4476 3493 4531 conscium
3527 4471 3656 4533 fuis-

1979 4563 2032 4623 D
2059 4559 2118 4623 se
2139 4585 2154 4609 ,
2185 4553 2296 4599 lum
2328 4543 2451 4607 hic,
2484 4552 2594 4597 tum
2622 4542 2748 4623 alibi
2766 4541 2987 4623 indicat.
3007 4545 3282 4623 Quocirca
3315 4547 3654 4623 in_apologe-

2059 4627 2072 4668 t
2076 4614 2163 4688 ica
2183 4623 2332 4681 nota,
2347 4629 2445 4688 pro
2455 4629 2557 4667 non
2571 4613 2701 4688 enim
2715 4615 2984 4688 tacuissem
3000 4616 3128 4688 illic,
3146 4615 3286 4688 haud
3299 4613 3460 4672 dubie
3475 4613 3657 4688 legeti-

2058 4685 2208 4750 dum,
2224 4701 2325 4739 non
2338 4685 2473 4739 enim
2492 4684 2630 4738 tacui
2640 4699 2748 4738 esse
2767 4684 2897 4737 illic.
2917 4684 3046 4740 Item
3062 4685 3112 4739 in
3133 4687 3319 4755 primis
3346 4684 3657 4744 verbis'Etsi

2060 4756 2355 4840 diligenter,
2373 4769 2772 4825 supervacanea
2797 4757 3154 4824 eStparticula
3168 4769 3236 4824 et,
3271 4773 3445 4830 neque
3483 4770 3659 4817 exstat

2061 4844 2113 4882 ιιι
2139 4842 2272 4882 11155.

2130 4897 2267 4971 (i)ln
2298 4895 2707 4972 antiquislibris
2757 4896 2869 4952 οδὶὶ
2922 4911 3155 4972 [ιοιιιειι-
3180 4913 3300 4955 cum
3351 4900 3552 4972 duplici
3579 4920 3652 4961 ss.

2066 4967 2377 5045 constanter
2405 4968 2660 5045 pingitur,
2695 4977 2820 5045 puta
2840 5009 2856 5035 ,
2909 4967 3251 5045 Ossii.__Tum
3308 4973 3362 5027 in
3391 4967 3654 5045 vulgatis,

2064 5042 2136 5096 ita
2163 5051 2216 5096 ut
2236 5039 2334 5112 ipsi
2356 5037 2761 5112 consentientes._
2775 5039 2861 5112 Ex
2894 5037 3195 5110 potioribus
3245 5059 3375 5100 mss.
3421 5037 3659 5101 restitui-

2066 5110 2280 5168 musita
2301 5113 2589 5181 etipsi,ex
2619 5110 2871 5183 omnibus
2922 5124 3102 5167 autem
3150 5116 3444 5171 sentientes.
3499 5117 3655 5183 Quod

2069 5185 2156 5256 hic
2174 5183 2378 5256 delibat.
2406 5182 2639 5256 Hilarius
2664 5223 2678 5247 ,
2714 5182 2921 5256 plenius
2951 5187 3294 5256 prosequitur
3319 5203 3472 5242 num.
3504 5182 3573 5244 78
3602 5196 3659 5243 et.

2069 5253 2283 5330 79,Aubi
2305 5255 2542 5310 declarat
2561 5253 3020 5330 quosdamgcoucta
3065 5253 3372 5330 ignorantia:
3397 5276 3504 5314 sua:
3544 5277 3660 5330 pro-

2067 5328 2285 5401 fessione
2307 5336 2362 5381 et
2390 5341 2522 5401 nova
2553 5326 2970 5401 subscriptione,
2990 5326 3236 5401 quamvis
3261 5329 3362 5384 sibi
3384 5326 3653 5401 suspecta,

2067 5396 2352 5454 damnasse
2379 5396 2523 5468 quod
2546 5397 2811 5463 fecerant;
2839 5407 2947 5454 tum
2986 5396 3109 5455 vero
3139 5398 3422 5456 Ursacium
3472 5396 3528 5458 et
3555 5396 3660 5458 Va?-

2067 5471 2264 5543 lentem
2290 5469 2602 5543 nominatim
2629 5470 2997 5543 exagitatLut
3052 5471 3248 5543 quibus
3299 5473 3657 5543 ignorantiam

2069 5541 2362 5598 obtendere
2383 5541 2604 5600 minime
2633 5542 2861 5596 licuerit.
2889 5541 3028 5608 Quin
3059 5542 3175 5599 lucc
3201 5541 3416 5598 illorum
3468 5554 3655 5601 coacta

2069 5612 2396 5687 subscriptio
2420 5613 2808 5687 proxime_pos_t
2833 5614 3174 5687 Ancyranam
3229 5615 3496 5687 synodum
3527 5632 3657 5673 con-

2073 5683 2298 5757 tigerit,
2333 5683 2550 5759 quando
2597 5683 2716 5742 scil.
2774 5683 3003 5743 Basilius
3043 5683 3447 5762 aliique'legati
3497 5687 3656 5765 hujus
