4106 6192
499 221 604 281 187

1709 200 1960 265 εειΝοτι
1999 197 2259 260 HILARll
2299 193 2603 261 EPISCOPI

3674 202 3764 265 188

500 336 682 408 Ipsam
709 341 888 389 autem
924 347 993 389 ex
1032 326 1205 387 solido
1234 323 1567 397 impiissimte
1606 321 1957 393 blasphemia:
1983 335 2109 392 pes-
2134 321 2190 382 Α
2212 320 2414 376 debere
2444 317 2722 390 prmdicari
2749 331 2765 383 ;
2813 315 2939 389 quia
2966 316 3082 387 ipse
3107 313 3368 370 Dominus
3408 314 3561 373 dixit:
3602 317 3686 375 Ibo
3710 326 3770 378 ad

511 436 621 484 tem
652 428 851 481 invitus
874 425 998 480 licet
1020 420 1234 478 subdidi
1259 461 1275 486 ,
1307 429 1364 473 ut
1393 414 1467 489 (α)
1508 415 1922 486 responsionum
1951 455 1964 478 ,
1990 429 2113 484 quze

510 536 543 577 e
566 519 782 576 diverso
812 518 880 572 ab
906 512 1271 571 Orientalibus
1301 509 1492 581 positze
1519 516 1684 574 sunt,
1726 505 2028 561 absolutius
2057 511 2113 559 et

512 616 682 670 virtus
709 620 766 669 et
806 610 944 666 ratio
971 616 1315 673 nosceretur,
1344 604 1540 676 quibus
1571 601 1647 675 (b)
1675 600 1837 657 studii
1867 600 1968 655 fuit
1991 639 2007 666 ,
2057 610 2113 655 ut

513 704 807 763 secundum
838 700 1205 772 intelligentia:
1244 712 1357 754 suae
1386 711 1607 753 sensum
1636 692 1888 751 omnibus
1935 691 2113 749 luere-

515 803 742 859 ticorum
779 798 984 855 artibus
1011 795 1366 853 contraircnt.

517 934 589 1009 (ε)
620 932 930 1005 Exemplum
958 929 1303 1003 Blasphemia:
1331 926 1485 1000 Apud
1532 923 1781 982 Sirmium
1821 940 1909 995 per
1938 921 2118 979 Osiunt

776 1035 821 1082 et
851 1024 1143 1081 Potamium
1162 1021 1468 1092 conscripta:
1498 1019 1660 1094 (anno
1683 1018 1837 1091 557).

593 1162 679 1218 11.
714 1160 883 1216 Deum
910 1175 1019 1216 esse
1047 1174 1226 1213 unum.
1274 1154 1591 1213 Substantia:
1629 1172 1798 1211 vocem
1830 1156 2117 1211 tacendum.

523 1255 735 1314 Patrem
750 1255 887 1311 Filio
913 1271 1020 1311 esse
1039 1254 1308 1325 majorem.
1323 1280 1396 1293 —
1412 1269 1431 1303 ι
1458 1250 1593 1308 Cum
1615 1252 1870 1308 nonnulla
1899 1259 2116 1321 putare-

522 1361 613 1408 tur
638 1364 761 1407 esse
788 1347 857 1405 de
883 1348 987 1403 ﬁde
1029 1344 1193 1419 465
1221 1344 1545 1415 disceptatio
1564 1385 1580 1410 ,
1625 1343 1914 1415 diligenter
1940 1342 2119 1397 omnia

523 1445 665 1518 apud
695 1442 948 1501 Sirmium
979 1449 1204 1496 tractata
1228 1448 1355 1495 sunt
1379 1448 1435 1495 et
1453 1437 1727 1503 discussa,
1762 1435 2119 1507 praesentibus

525 1536 881 1598 sanctissimis
908 1534 1161 1590 fratribus
1190 1541 1247 1588 et
1265 1532 1601 1602 coepiscopis
1625 1530 1845 1599 nostris,
1868 1529 2116 1595 Valente,

526 1631 750 1691 Ursacio
789 1637 846 1685 et
894 1626 1172 1684 Germinio
1213 1623 1316 1697 (ά).
1363 1622 1540 1680 Unum
1572 1622 1647 1696 (e)
1698 1630 1912 1679 constat
1958 1623 2126 1678 Deum

526 1737 649 1780 esse
673 1720 1100 1790 omnipotentem
1132 1716 1202 1788 (ί)
1232 1725 1287 1772 et
1312 1723 1519 1787 patrem
1547 1757 1561 1779 .
1607 1716 1746 1771 sicut
1771 1729 1870 1786 per
1907 1715 2129 1771 univer-

2216 431 2415 490 patrem
2435 434 2606 474 meum
2641 426 2688 472 et
2714 416 2782 470 ad
2797 424 2995 489 patrem
3021 422 3264 479 vestrum,
3292 411 3361 465 ad
3383 413 3533 470 Deum
3561 433 3708 472 meum
3731 430 3773 475 et

2225 513 2293 566 ad
2319 509 2486 567 Deum
2511 519 2732 565 vestrum
2753 507 2932 582 (Joan.
2958 523 3051 571 xx,
3075 505 3191 577 17).
3242 504 3368 560 Ideo
3396 507 3616 564 omnium
3644 510 3772 569 Deus

2227 606 2306 678 (g)
2339 620 2474 662 unus
2500 614 2582 661 est
2608 646 2622 671 ,
2652 604 2791 660 sicut
2818 601 3108 674 Apostolus
3132 598 3336 655 docuit.
3385 602 3461 654 An
3496 598 3775 661 Indieorum

2217 700 2357 755 Deus
2393 698 2643 755 tantum?
2712 712 2880 751 nonne
2936 704 2982 751 et
3030 693 3303 766 gentium?
3352 691 3460 749 Ima
3483 704 3527 750 et
3553 699 3775 769 gentium.

2222 791 2478 858 Quoniam
2503 790 2709 860 quidem
2734 804 2865 842 unus
2890 785 3030 843 Deus
3052 829 3068 854 ,
3107 787 3193 858 qui
3227 784 3306 859 (It)
3325 787 3569 859 justi/ient
3586 790 3782 845 circum-

2222 885 2465 939 cisionem
2485 898 2549 938 ea:
2568 882 2689 953 ﬁde,
2708 891 2758 937 et
2782 882 3092 952 prwputium
3109 896 3198 952 per
3218 879 3371 950 ﬁdem
3398 879 3563 951 (Rom.
3592 898 3666 949 ιιι,
3698 884 3780 954 29,

2222 970 2357 1048 30).
2407 976 2513 1033 Sed
2557 983 2615 1032 et
2657 984 2852 1031 canem
2904 981 3311 1039 convenerunt,
3356 986 3453 1029 nec
3504 973 3654 1030 ullam
3696 974 3783 1032 lia-

2224 1071 2354 1128 bere
2394 1078 2689 1143 potuerunt
2712 1068 3143 1139 discrepantiam.
3190 1066 3345 1136 Quod
3383 1082 3504 1124 vero
3540 1065 3600 1141 (i)
3637 1083 3783 1141 quos-

2226 1160 2350 1217 dam
2392 1169 2485 1217 aut
2512 1160 2711 1217 multos
2753 1160 3004 1217 movebat
3033 1159 3101 1216 de
3128 1159 3424 1216 substantia
3451 1201 3466 1225 ,
3493 1175 3604 1231 qua:
3629 1176 3786 1232 graace
3826 1176 3839 1207 λ

2229 1254 2346 1311 usia
2371 1253 2696 1325 appellatur,
2725 1253 2777 1308 id
2808 1260 2890 1308 est
2930 1251 2951 1325 (
2977 1261 3035 1307 ut
3066 1251 3382 1322 expressius
3408 1251 3786 1325 intelligatur),

2230 1346 2577 1412 homousion,
2612 1344 2685 1420 (j)
2714 1355 2803 1400 aut
2834 1345 2977 1416 quod
3000 1344 3199 1400 dicitur
3228 1343 3582 1408 ltommusion,
3609 1345 3791 1403 nullam

2229 1441 2451 1496 omnino
2480 1439 2599 1495 ﬁeri
2650 1447 2901 1509 oportere
2942 1437 3313 1505 mentionem;
3363 1452 3462 1492 nec
3498 1452 3793 1510 quemquam

2232 1533 2530 1605 prtedicare
2561 1530 2637 1604 (It)
2665 1545 2726 1586 ea
2765 1530 2834 1587 de
2863 1545 3021 1587 causa
3053 1541 3108 1586 et
3133 1529 3341 1585 ratione
3366 1528 3506 1601 quod
3537 1545 3632 1587 nec
3656 1531 3704 1585 in
3724 1531 3796 1587 di-

2232 1624 2374 1681 vinis
2403 1625 2697 1696 Scripturis
2728 1624 3069 1679 contineatur
3088 1665 3101 1689 ,
3149 1630 3205 1677 et
3230 1621 3376 1694 quod
3402 1635 3560 1692 super
3587 1620 3830 1704 hominis.

2235 1718 2515 1775 scientiam
2550 1718 2617 1774 sit
2640 1760 2654 1783 ,
2706 1732 2809 1774 nec
2837 1717 3121 1789 quisquam
3150 1716 3319 1787 possit
3346 1715 3665 1771 nativitatem
3690 1714 3799 1770 Filii

527 1832 647 1874 sum
676 1816 865 1873 orbem
890 1812 1161 1870 creditur:
1210 1820 1265 1868 et
1308 1810 1526 1867 unicum
1570 1810 1740 1868 illium
1783 1811 1903 1883 ejus
1942 1811 2128 1868 Jesum
2157 1780 2209 1841 Β
2235 1826 2525 1880 enarrare,
2568 1812 2635 1867 de
2669 1826 2776 1883 quo
2804 1780 3074 1882 Scriptum
3124 1780 3241 1879 est,
3290 1808 3671 1866 Generationem
3704 1810 3799 1880 ejus

528 1910 805 1968 Christum
856 1908 1143 1963 Dominum
1189 1904 1512 1960 salvatorem
1560 1911 1846 1973 nostrum,
1898 1920 1964 1962 ex
2012 1906 2131 1977 ipso

531 2011 659 2060 ante
687 2000 882 2059 saecula
907 1999 1170 2072 genitum.
1201 1997 1347 2053 Duos
1376 2005 1555 2052 autem
1578 1995 1710 2053 deos
1730 2010 1831 2053 nec
1851 2011 2011 2068 posse
2030 2013 2134 2056 nec

629 2166 723 2294 Aa)
758 2160 1158 2233 Responsiones
1185 2159 1594 2229 Ancyranorum
1619 2154 1838 2212 Patrum
1858 2172 1968 2213 non
2009 2166 2138 2212 sunt

611 2238 627 2293 i
668 2253 754 2293 em
809 2250 905 2294 per
947 2248 1006 2288 se
1058 2231 1231 2294 primo
1288 2229 1480 2294 positae
1525 2228 1783 2283 adversus
1832 2229 2132 2294 subiectam

535 2254 627 2308 qui

668 2228 754 2293 ein
809 2228 1006 2307 pe'rise
1058 2231 1231 2307 primo
1288 2228 1480 2307 positio
1525 2228 1783 2307 adversus
1832 2229 2132 2307 subiectam

533 2298 883 2369 Sirmiensém
914 2298 1224 2369 formulam,
1256 2298 1351 2355 sed
1383 2299 1643 2354 adversus
1670 2298 2131 2364 Eudoxii,‘Aeacii

535 2383 876 2450 aliorumque
898 2374 1039 2433 Aetii
1050 2375 1330 2450 fautorum
1345 2370 2132 2450 _At_i_tioe_hiae_congregatorum

536 2441 839 2510 sententias
869 2457 926 2505 et
951 2446 1135 2513 verba,
1160 2459 1282 2515 qua:
1309 2443 1378 2498 ab
1413 2441 1735 2515 Epiphanio,
1768 2443 1901 2515 liter.
1928 2457 2093 2515 Lxxttt
2115 2482 2132 2510 ,

538 2541 594 2580 ιι.
623 2523 718 2591 21,
750 2519 1151 2591 describuntur.
1182 2512 1334 2591 :Quia
1373 2521 1550 2591 tamen
1580 2514 1634 2568 in
1661 2512 1743 2568 his
1761 2513 2049 2591 _Eutloxius
2074 2527 2137 2568 ac

536 2596 672 2652 socii
705 2584 849 2649 'cum
914 2587 1195 2648 Sirmiensi
1241 2584 1466 2641 formula
1523 2585 1926 2655 congruebant,
1976 2594 2137 2653 atque

538 2667 686 2723 illius
715 2672 993 2720 auctorum
1020 2657 1270 2729 exemplo
1298 2658 1571 2727 provocati
1600 2656 1667 2729 ad
1695 2657 1836 2729 eain
1861 2655 2134 2725 publicum

539 2736 870 2810 proferenda
897 2737 1136 2810 animum
1166 2726 1509 2810 adiecerant;
1542 2726 1993 2810 eademddecreta,
2014 2742 2138 2798 qua:

540 2799 801 2865 adversus
830 2803 1057 2862 Eudoxii
1089 2811 1145 2859 et
1172 2799 1501 2856 asSeclarum
1529 2799 1824 2855 sententias
1850 2814 1945 2869 per
1963 2813 2024 2854 se
2036 2813 2137 2869 po-

543 2882 647 2936 sita
675 2888 824 2947 sunt,
855 2892 963 2932 non
990 2873 1214 2947 dubium
1245 2880 1329 2928 est
1380 2869 1550 2942 posita
1581 2885 1702 2927 esse
1737 2868 1996 2925 adversus
2026 2868 2141 2926 Sir—

542 2946 1241 3018 miensemblasphemiam.
1347 3015 1379 3018 __
1483 2956 1495 2965 ‘

616 3020 692 3095 (b)
718 3013 981 3095 Expressa
1008 3025 1092 3095 est
1111 3016 1200 3072 hic
1233 3017 1288 3072 in
1311 3015 1518 3086 aliquot
1537 3028 1668 3071 mss.
1700 3013 1890 3070 vocula
1919 3013 1994 3081 id,
2018 3026 2141 3083 qua:

544 3095 598 3152 in
628 3091 933 3152 potioribus
957 3091 1232 3146 reticetur.

670 3110 933 3148 OIIOI'IDUS
957 3110 1232 3146 ῐθιιεθιυῐ.

616 3110 690 3241 δε)
725 3163 963 3241 Titulum
994 3161 1146 3241 ΔΙιιιιιίι
1262 3155 1945 3241 ipsollilarioprtcflxum,
2000 3154 2138 3209 nihil

545 3227 636 3296 esi
664 3227 763 3293 cur
802 3234 941 3304 apud
979 3227 1332 3304 Athanasium
1360 3237 1438 3304 et_
1458 3229 1737 3304 Socratem
1777 3227 2137 3304 requiramus.

2238 1907 2354 1981 quis
2376 1907 2635 1961 enarrabit
2677 1905 2697 1980 (
2722 1906 2866 1961 Esai.
2893 1910 3006 1969 Llll,
3036 1904 3069 1961 8
3095 1901 3115 1975 )
3140 1903 3163 1959 ?
3195 1903 3348 1961 Scire
3380 1913 3552 1960 autem
3574 1900 3805 1958 manifes-

2240 2011 2352 2058 tum
2380 2011 2461 2057 est
2490 2001 2662 2057 solum
2681 1999 2896 2056 Patrem
2911 1997 3182 2070 quomodo
3197 1996 3451 2069 genuerit
3465 1995 3625 2051 ﬁlium
3645 2007 3801 2063 suum,

2309 2160 2391 2235 (ά)
2416 2160 2575 2235 Αριιά
2601 2160 2956 2235 Athanasium
2979 2168 3032 2235 et
3061 2156 3341 2235 socratem
3374 2155 3586 2235 additur
3610 2153 3690 2210 hic
3711 2195 3724 2218 ,
3765 2159 3810 2207 et

2239 2229 2381 2289 aliis;
2414 2229 2599 2287 Nullos
2626 2232 2760 2288 alios
2792 2231 3068 2288 Eutloxius
3112 2230 3235 2285 loco
3263 2229 3550 2286 Sozomeni
3578 2240 3694 2282 mox
3717 2238 3812 2281 me-

2243 2312 2455 2360 morato
2485 2304 2746 2359 nominat.
2795 2303 3000 2359 lluicne
3043 2300 3335 2357 conventui
3374 2298 3666 2355 interfuerit
3687 2296 3813 2351 Con-

2242 2377 2492 2439 stantius,
2528 2376 2816 2431 incertum.
2849 2375 2954 2430 Sed
2989 2376 3032 2429 si
3062 2372 3404 2429 interfuisset
3430 2414 3445 2438 ,
3476 2386 3647 2426 nonne
3668 2365 3813 2424 Ursa-

2238 2449 2307 2503 cii
2335 2457 2392 2504 et
2426 2448 2663 2504 Valentis
2706 2448 2966 2503 intererat
2988 2456 3050 2501 ut
3073 2445 3126 2501 id
3155 2444 3538 2509 declararent,
3582 2458 3681 2514 quo
3722 2444 3816 2500 for-

2240 2520 2400 2575 mula:
2425 2535 2538 2575 sua:
2570 2518 2859 2574 accederet
2886 2517 3224 2573 auctoritatis
3249 2516 3423 2573 robur
3442 2518 3462 2568 2'
3489 2515 3571 2570 An
3592 2529 3709 2570 vero
3727 2515 3817 2572 boc

2242 2600 2474 2655 tacuere,
2504 2598 2561 2646 ut
2583 2589 2879 2645 Catbolieis
2904 2590 3080 2646 solum
3111 2586 3223 2643 Osii
3257 2603 3457 2645 nomen
3488 2586 3649 2656 magis
3664 2586 3817 2656 impo-

2242 2661 2438 2717 neret?
2462 2661 2623 2717 Certe
2654 2662 2917 2716 interesse
2949 2660 3142 2731 potuit,
3167 2659 3255 2727 qui
3275 2676 3424 2715 anno
3439 2657 3562 2724 557,
3585 2656 3811 2731 Sirmium

2241 2732 2325 2787 bis
2368 2733 2665 2805 accessisse
2717 2728 3299 2805 legituri'Ammianus
3339 2731 3563 2805 quippe,
3588 2728 3673 2783 lib.
3700 2744 3777 2805 xvi
3801 2768 3818 2795 ,

2245 2805 2475 2870 scribit,
2508 2801 2882 2859 Constantium
2908 2802 2944 2857 4
2984 2802 3093 2858 kal.
3145 2802 3326 2871 iunias
3368 2801 3600 2858 abllrbc
3629 2801 3816 2869 profec-

2251 2882 2361 2946 tum
2395 2891 2487 2945 per
2513 2874 2830 2931 Tridentum
2882 2877 2934 2929 in
3001 2874 3434 2946 Illyricumhiter
3467 2871 3737 2946 festinasse
3763 2884 3817 2926 ac

2250 2942 2508 3002 Sirmium
2558 2947 2792 3003 venisse.
2859 2942 3090 3001 Rursum
3146 2943 3327 2999 Sirmii
3397 2960 3517 3000 eum
3571 2942 3821 2998 exstitisse

2249 3032 2437 3073 mense
2460 3018 2759 3080 decembri,
2797 3017 2955 3072 fidem
2985 3017 3111 3072 facit
3138 3016 3260 3071 data
3284 3016 3358 3071 ab
3389 3030 3454 3071 co
3481 3016 3563 3070 lex
3615 3013 3680 3067 27
3705 3011 3819 3068 Cod.

2251 3088 2488 3160 Ilieod.,
2522 3089 2590 3145 de
2618 3088 3044 3160 Apellationibus
3068 3106 3083 3152 ;
3105 3102 3226 3143 cum
3256 3085 3588 3160 intermedio
3599 3093 3825 3160 tempore

2251 3156 2534 3217 Mediolani
2575 3156 2697 3216 eum
2729 3168 2992 3216 moratum
3023 3175 3144 3216 esse
3175 3166 3357 3228 pateat
3388 3173 3454 3213 ex
3482 3156 3640 3213 variis
3668 3156 3824 3228 legunt

2252 3232 2756 3302 subscriptionibus.
2802 3231 2920 3287 Jam
2956 3229 3024 3286 de
3055 3226 3299 3302 tempore
3330 3228 3496 3302 huius
3524 3226 3742 3302 synodi,
3766 3240 3825 3281 an

547 3297 859 3379 ὃυδὶθίξιιιηῖ
896 3311 1076 3359 autem
1103 3299 1564 3379 τοτηξυιεηιρεὶυε
1584 3313 1692 3355 ηοη
1732 3306 1838 3353 tam
1862 3297 2143 3379 seriqsisse
2170 3299 2217 3363 C
2249 3304 2449 3379 t_ned_i_o_,
2469 3297 2547 3379 an
2576 3313 2806 3379 exeunte
2833 3302 2936 3379 hoc
2964 3316 3106 3379 anno
3136 3297 3535 3379 habita_fuerit,
3554 3297 3824 3371 'quzeritur.

551 3368 820 3452 putandus
841 3386 947 3452 est,
981 3388 1139 3443 quam
1160 3372 1675 3452 subscriptione‘sua
1703 3379 1875 3452 ratam
1888 3368 2099 3452 fecisse
2125 3385 2139 3421 :

548 3440 605 3507 ct
631 3450 733 3505 hoc
752 3491 767 3516 ,
810 3445 885 3502 uti
913 3440 1080 3501 testes
1103 3455 1228 3516 sunt
1257 3440 1532 3516 Socrates,
1563 3442 1659 3496 lib.
1683 3456 1744 3509 tt,
1766 3456 1818 3495 c.
1842 3441 1931 3504 51,
1964 3455 2028 3495 ac
2044 3440 2144 3516 So-

548 3510 825 3587 zomenus,
852 3517 947 3572 lib.
976 3532 1050 3587 tv,
1080 3530 1129 3571 c.
1160 3513 1271 3587 (iet
1291 3514 1382 3583 12,
1401 3510 2145 3587 vitormentorumcompul-

548 3608 665 3661 sus,
689 3599 745 3648 et
768 3580 827 3647 ul.
852 3585 1121 3661 Sulpicius
1149 3580 1530 3661 Severus,_lib.
1561 3599 1622 3661 tt,
1644 3600 1710 3640 es
1737 3581 1960 3661 perditis
1994 3580 2148 3637 Hila-

548 3664 618 3721 rii
645 3653 889 3735 epistolis
918 3653 1115 3735 tradit,
1158 3657 1469 3735 centenario
1502 3655 1705 3735 _t_noio_r.
1755 3653 1917 3735 Forte
1966 3660 2144 3735 tamen

550 3724 821 3793 eam'Osii
860 3746 982 3789 esse
1022 3729 1145 3786 ideo
1174 3727 1455 3799 scripserit
1501 3724 1771 3799 Hilarius,
1804 3726 1929 3799 quia
1980 3724 2148 3799 ipsius

550 3806 769 3865 nomine
793 3805 941 3861 illam
965 3795 1416 3859 circumferebant
1442 3797 1648 3853 Ariani.
1672 3797 1785 3865 Qua
1810 3797 1877 3851 de
1906 3810 1963 3851 re
1988 3795 2149 3851 Plite-

551 3878 741 3935 batlius
770 3878 957 3948 Agenn
983 3890 997 3928 :
1025 3872 1148 3928 Non
1173 3887 1287 3927 sum
1316 3870 1586 3948 nescius?
1620 3867 1959 3948 antiquissimi
1978 3881 2149 3920 sacer-

552 3950 688 4006 dotis
713 3959 765 4005 et
794 3940 1045 4019 p'romptaa
1072 3959 1271 4014 semper
1297 3943 1420 4019 ﬁdei
1443 3940 1559 4019 Qsii
1597 3956 1782 4019 nomen
1806 3941 1951 4008 quasi
1970 3954 2148 4019 quem-

553 4022 673 4077 dam
698 4022 754 4076 in
781 4011 874 4075 nos
902 4011 1111 4073 arietem
1138 4011 1429 4088 temperari.
1461 4011 1897 4088 Qui_itntttissutti
1921 4012 2146 4088 arietem

553 4093 849 4166 prudenter
874 4096 1153 4166 retorquet
1175 4082 1258 4141 bis
1286 4085 1463 4166 verbis
1489 4082 1592 4166 :§.i
1623 4082 1899 4155 nonaginta
1926 4082 2031 4164 fere
2056 4097 2151 4134 an-

555 4153 636 4220 nis
654 4164 785 4218 male
800 4159 1018 4217 credidit
1040 4153 1060 4227 ξ
1080 4168 1194 4229 post
1214 4157 1493 4229 nonaginta
1517 4153 1816 4229 illumirecte
1833 4153 2149 4229 sentirenon

555 4235 780 4290 credam.
800 4222 1058 4289 Eamdeni
1081 4222 1212 4285 Osio
1233 4222 1556 4297 adscriptam
1578 4225 1777 4297 vidisse
1796 4224 2007 4297 videtur
2029 4222 2151 4292 Epi-

557 4305 811 4377 phanius,
860 4304 992 4358 liter.
1023 4315 1208 4367 Lxxtu,
1240 4316 1293 4354 ιι.
1330 4294 1428 4377 id;
1452 4296 1543 4377 ubi
1571 4296 1647 4377 ait
1673 4312 1686 4349 :
1722 4294 2005 4377 Ecclesium
2029 4311 2152 4348 con-

558 4367 806 4431 Hemnare'
822 4390 876 4429 se
896 4389 1045 4445 posse
1071 4378 1314 4445 putarunt
1360 4370 1425 4445 iis
1453 4367 1665 4445 litteris,
1694 4384 1820 4437 quas
1848 4367 1911 4445 ab
1939 4381 2153 4445 venera-

560 4447 647 4503 bili
673 4435 910 4519 episcopo
944 4435 1196 4519 Osio'per
1226 4441 1462 4519 fraudem
1497 4435 1838 4519 ajstulcruni,
1867 4438 1922 4491 in
1971 4435 2153 4506 quibus

558 4507 825 4574 dissimilis
846 4507 1066 4571 essentia
1096 4507 1300 4583 legitur.
1328 4511 1423 4565 Cui
1445 4508 1767 4583 suifragatur
1792 4507 2151 4583 Sogomenus,

558 4590 654 4648 lib.
679 4605 754 4659 tv,
785 4604 836 4644 c.
870 4585 956 4641 12.
982 4577 1253 4659 Interieos
1282 4595 1497 4653 quoque
1517 4577 1838 4659 .“qiii‘batic
1868 4577 2153 4659 formulam

559 4649 1238 4728 conscfipserunttosium
1267 4649 1515 4709 recenset
1542 4649 1765 4721 Vi’gilius
1786 4649 1975 4728 laps”
1994 4649 2090 4728 ιιι).
2123 4665 2155 4703 v

560 4745 749 4790 contra
773 4720 1182 4803 Eutycilélllius
1197 4734 1376 4781 tamen
1400 4720 1650 4803 auctores
1673 4721 1978 4803 praecipuos
1991 4720 2156 4803 fuisse

562 4804 841 4863 Ursacium
861 4792 902 4868 ,'
932 4800 1214 4856 Valentem
1236 4839 1253 4865 ,
1284 4806 1458 4868 atque
1483 4794 1789 4868 Potamium
1827 4792 2158 4868 Ifhoebadius

563 4892 670 4933 non
700 4865 931 4944 obscure
954 4869 1242 4944 significat.
1276 4865 1392 4924 Huc
1418 4875 1627 4944 spectat
1644 4865 1786 4944 _i_|lutl
1814 4865 2113 4944 _Sozgm_eni
2140 4903 2155 4928 ,

563 4948 657 5004 lib.
689 4963 766 5015 tv,
797 4962 848 5002 c.
878 4943 968 5011 12,
998 4935 1142 5012 quod
1168 4955 1290 5015 cum
1320 4935 1603 5015 agentibus
1644 4935 1898 5015 Ursacio,
1934 4935 2157 5015 Valente

562 5029 617 5076 et
645 5006 923 5077 Germinio
942 5006 1308 5071 consensisset
1333 5006 1514 5074 Gaius,
1541 5017 1599 5064 ut
1620 5024 1794 5079 neque
1832 5006 2153 5063 ltomousiou

564 5106 743 5162 neque
781 5086 1125 5162 homosusion
1154 5091 1506 5162 usurparetur
1533 5121 1547 5148 ,
1574 5087 1685 5162 etc.-
1710 5098 1723 5132 :
1744 5079 1825 5134 Ad
1851 5087 2156 5162 eos,.utpole

563 5148 792 5234 qni'Osii
840 5175 994 5234 super
1031 5173 1091 5212 ea
1118 5172 1178 5234 re
1221 5148 1412 5210 litieras
1454 5153 1854 5234 gpressisgent,
1887 5148 2157 5234 epistolam

564 5220 705 5309 misit
735 5220 1028 5294 Eudoiius,
1050 5227 1241 5309 gratias
1267 5242 1422 5309 agens
1438 5220 1683 5309 .Vaienti,
1716 5220 2157 5309 Ursacio‘ett'ier-

565 5306 744 5369 minio,
765 5291 1347 5370 eorumque'ministerio
1381 5294 1710 5370 adscribens,
1740 5293 1877 5365 quod
1907 5291 2156 5370 Occiden-

566 5376 694 5432 tales
720 5364 851 5431 recte
872 5364 1134 5428 sentirent.
1163 5369 1385 5424 Demum
1410 5366 1647 5438 Hilarius
1675 5366 1810 5438 ipse,
1837 5379 1962 5438 cum
1984 5364 2081 5419 lib.
2103 5365 2155 5418 in

568 5448 879 5512 Constant.,
904 5462 960 5499 ιι.
983 5442 1087 5510 24,
1118 5438 1363 5512 eiusdem
1397 5437 1640 5512 formula;
1664 5436 1806 5494 dicta
1825 5436 2162 5512 deliramenta

570 5518 684 5574 Osii
708 5528 755 5574 et
784 5505 1091 5572 incrementa
1122 5505 1324 5568 Ursacii
1348 5517 1397 5565 et
1441 5507 1663 5564 Valentis
1691 5517 2003 5579 nuncupat,
2027 5505 2156 5578 quid

567 5589 673 5647 sibi
713 5589 826 5645 vult
875 5586 1021 5644 aliud
1050 5625 1068 5650 ,
1097 5583 1202 5641 nisi
1234 5596 1356 5640 eam
1383 5579 1451 5636 ab
1479 5579 1609 5636 Osio
1657 5580 1874 5650 quidem
1900 5594 1968 5635 ex
2006 5586 2161 5649 parte

568 5625 826 5792 ξιῑῑρῑςξις
845 5625 1470 5730 fenestram
1484 5625 2156 5711 ῖῖγὲἕιῖῑῖαῐιίηἱῐέῐιί

596 5745 736 5787 111350

596 5745 736 5787 111380

2250 3375 2326 3430 Ex
2355 3374 2543 3431 Hilarii
2570 3375 2752 3431 verbis
2788 3389 2850 3430 ea
2878 3376 3020 3429 inter
3063 3373 3202 3428 hanc
3229 3381 3286 3429 et
3312 3372 3656 3445 Ancyranam
3684 3384 3829 3445 syno-

2246 3445 2372 3502 dum
2417 3446 2578 3502 debet
2618 3446 2954 3503 intercedere
2989 3446 3246 3515 temporis
3273 3439 3454 3510 mora;
3486 3452 3545 3499 ut
3572 3439 3831 3515 commode

2248 3518 2482 3586 potuerit
2530 3518 2675 3573 illius
2705 3517 2933 3574 formula
2962 3518 3015 3571 in
3046 3511 3251 3572 Gallias
3287 3515 3608 3587 deportari,
3653 3511 3830 3587 deinde

2247 3583 2650 3661 Gallicanorum
2680 3589 3056 3661 episcoporum
3084 3583 3380 3661 convocari
3407 3583 3827 3661 synodus,‘l_t_ujus

2248 3660 2440 3733 synodi
2466 3659 2680 3716 decreta
2710 3654 2763 3717 in
2794 3654 2986 3733 AAs'iam
3012 3661 3081 3733 ad
3124 3658 3397 3733 Hilarium
3424 3654 3521 3726 {et
3552 3654 3831 3733 ab_llilari_o

2248 3723 2315 3786 ail
2359 3731 2662 3788 Orientales
2689 3729 2913 3803 perferri
2934 3773 2955 3803 ί,
2998 3732 3089 3801 qui
3116 3729 3400 3786 Gallorum
3427 3723 3671 3803 exemplo
3698 3723 3835 3782 exci-

2252 3804 2367 3870 tati,
2401 3800 2739 3875 Ancyranam
2773 3800 3041 3875 synodum
3071 3803 3372 3875 coegerint.
3421 3800 3679 3869 Quocirca
3722 3809 3836 3869 pro-

2251 3874 2481 3931 babilior
2506 3873 2591 3929 est
2630 3873 2895 3930 sententia
2929 3888 3114 3929 eorum
3140 3914 3156 3941 ,
3205 3873 3297 3943 qui
3349 3874 3500 3929 hunc
3535 3878 3835 3943 conventum

2250 3946 2603 4004 Sirmiensem
2658 3946 2803 4003 circa
2858 3945 3095 4001 medium
3143 3940 3363 4000 annum
3435 3943 3544 4002 557
3619 3940 3837 3998 habitum

2251 4024 2497 4075 censent.

2330 4088 2404 4163 (e)
2458 4088 2513 4143 ln
2543 4089 2733 4160 grtccis
2761 4086 3487 4163 exemplaribusAthanasii
3507 4094 3561 4143 et
3583 4082 3836 4150 Socratis,

2254 4158 2597 4227 cunmm;
2644 4161 2890 4216 constitit.
2928 4158 2957 4214 l
2983 4158 3266 4216 boebadius
3296 4168 3486 4216 tamen
3512 4172 3631 4214 cum
3672 4163 3841 4212 nostro

2253 4232 2464 4288 Hilario
2493 4232 2621 4302 legit
2641 4240 2859 4286 constat.

2332 4302 2401 4376 (Ῑ)
2421 4303 2524 4376 _S_ic
2549 4317 2678 4376 mss.
2731 4302 2802 4358 At
2822 4302 3193 4376 particulaket
3235 4301 3289 4358 in
3322 4302 3565 4376 vulgatis
3590 4342 3606 4369 ,
3649 4309 3844 4355 necnon

2256 4372 2394 4447 apud
2420 4372 2715 4447 Phqabad,
2749 4372 3008 4447 Atlianas.
3037 4383 3091 4430 et
3110 4373 3320 4431 Soerat.
3346 4372 3707 4431 desideratur.

2257 4444 2302 4573 δ’
2329 4444 2406 4571 ig)
2456 4445 2784 4501 Athanasius
2824 4456 2879 4502 et
2922 4444 3174 4502 Socrates
3205 4462 3314 4502 non
3344 4448 3661 4518 exprimunt
3692 4452 3845 4496 voca-

2296 4533 2328 4573 ιι
2357 4533 2443 4571 um
2475 4532 2629 4572 unus.

2296 4532 2443 4573 unum
2475 4532 2629 4572 unus.

2332 4588 2412 4661 (Ιι)
2443 4588 2513 4661 Ιιι⁸
2531 4588 2828 4658 potioribus
2858 4604 2989 4645 mss.
3016 4589 3342 4661 justiﬁcavit.
3389 4587 3529 4645 Cum
3561 4582 3849 4661 ειπερ-1η·

2184 4684 2233 4744 ι)
2261 4652 2450 4744 beatur
2477 4652 2798 4744 ⁹διῖκιιιιᾴιιτει,
2853 4674 2966 4744 nec
3002 4652 3292 4744 quidquam
3339 4662 3394 4716 in
3444 4652 3849 4744 antiquis.“er

2262 4732 2559 4803 solemnins
2609 4734 2701 4799 sit,
2733 4726 2891 4803 quam
2915 4742 2975 4786 ut
2998 4726 3030 4785 6
3059 4733 3111 4787 in
3134 4726 3168 4787 ιὶ
3208 4742 3475 4801 mutetur,
3499 4726 3654 4786 facile
3671 4726 3851 4784 damus

2260 4802 2545 4874 legendum
2574 4818 2696 4860 esse
2710 4802 3040 4874 justiﬁcabit.

2337 4894 2401 4971 (i)
2434 4884 2661 4971 Lips.et
2690 4896 2839 4964 Pan,
2870 4897 3121 4971 quosdam
3160 4897 3300 4953 haud
3332 4899 3547 4971 multos.
3589 4896 3695 4952 Alii
3733 4905 3852 4949 vero

2261 4967 2390 5042 libri
2428 4968 2680 5042 quosdam
2722 4976 2811 5024 aut
2863 4970 3052 5024 mullos
3077 4986 3097 5024 :
3140 4971 3285 5042 quod
3328 4969 3499 5042 greci
3547 4971 3852 5031 verterunt,

2259 5041 2478 5103 πολλούς
2500 5063 2661 5103 τινας.

2334 5131 2412 5206 (j)
2441 5131 2532 5189 Sic
2561 5131 2795 5204 optimus
2823 5132 2995 5190 codex
3025 5132 3183 5191 Colb.
3206 5149 3327 5190 cum
3351 5132 3547 5191 Germ.
3572 5134 3754 5204 sicque
3781 5128 3852 5209 le:

2334 5205 2487 5259 udum
2516 5213 2729 5259 constat
2767 5221 2836 5259 ex
2874 5206 3069 5259 amcis
3105 5205 3533 5259 exemplaribus.
3572 5209 3643 5259 At
3667 5204 3852 5259 vulnatt

2255 5204 2492 5329 gendum
2516 5213 2729 5260 constat
2767 5221 2836 5289 ex
2857 5206 3069 5288 .grtecis
3105 5205 3533 5288 exemplaribus.
3572 5209 3643 5260 At
3667 5204 3855 5273 vulgati

2278 5291 2563 5347 tomousion
2599 5276 2956 5347 quoddicttur
2991 5287 3082 5332 aut
3104 5278 3443 5333 Itonueuston.
3494 5276 3661 5332 Deest
3686 5283 3854 5347 amem

2262 5348 2314 5402 in
2349 5361 2479 5421 mss.
2510 5340 2699 5421 Carit.,
2727 5346 2890 5405 Corb.
2921 5363 2985 5405 ac
3006 5349 3248 5420 pluribus
3272 5349 3392 5405 aliis
3410 5390 3428 5417 ,
3457 5346 3713 5421 autquod
3737 5340 3857 5400 dici-

2261 5428 2344 5473 tur
2374 5418 2707 5475 hommusion.

2337 5510 2415 5586 (lt)
2445 5510 2611 5586 Bad.,
2631 5510 2725 5568 Er.
2755 5520 2816 5569 et
2843 5511 2990 5578 Min,
3017 5513 3196 5570 eadem
3232 5529 3341 5571 esse
3368 5510 3777 5583 ratione;Lips.
3806 5513 3857 5563 et

2263 5583 2425 5651 Par.',
2472 5600 2533 5638 ea
2579 5585 2642 5638 de
2684 5599 2845 5645 causa
2883 5585 3116 5642 ratione:
3162 5585 3525 5643 emendantur
3560 5600 3629 5641 ex
3656 5597 3781 5639 mss.
3807 5586 3856 5633 el

2262 5670 2439 5783 grain
2463 5656 2713 5745 versione
2737 5654 2823 5714 διὰ
2861 5658 3057 5718 ταύτην
3095 5663 3188 5721 τὴν
3229 5658 3395 5718 αἰτίαν
3439 5659 3529 5716 καὶ
3575 5655 3663 5714 διὰ
3686 5660 3855 5711 τοῦτον

2264 5750 2349 5783 τον
2401 5749 2630 5783 cuto-uos.

2264 5750 2349 5786 τον
2371 5749 2630 5804 namque».
