4106 6192
216 238 220 255 τ
301 212 406 269 489

224 277 241 465 l

226 470 235 492 τ

223 498 237 699 l

222 706 236 792 ὲ

222 812 241 933 ἓ

1076 220 1282 279 LIBER
1326 224 1412 281 DE
1440 225 1748 300 SYNODIS,
1791 229 1921 288 SEU
1964 231 2052 289 DE
2099 233 2254 293 FIDE
2293 232 2792 300 ORIENTALIUM.

3502 256 3610 315 490

302 342 355 386 et
371 329 580 436 .Filium
613 333 888 440 quomodo
908 337 1137 443 genitus;
1149 341 1220 396 sit
1244 358 1272 396 a
1298 343 1475 400 Patre.
1529 346 1681 402 Nulla
1726 349 1897 406 ambi-
1924 353 1971 413 Α
2002 354 2376 414 condiderunt.
2409 357 2515 414 Sed
2537 359 2660 431 quia
2687 361 2939 433 frequens
2969 364 3125 425 nobis
3150 373 3482 443 nuncupatio
3512 392 3605 432 es-

295 425 474 496 guitas
510 435 629 491 est,
661 429 919 498 majorem
947 447 1073 488 esse
1100 434 1340 492 Patrem.
1385 438 1527 495 Nulli
1573 451 1753 511 potest
1796 445 1899 500 du-

296 518 443 575 bium
484 536 607 578 esse
628 562 645 589 ,
671 521 887 580 Patrem
920 524 1128 583 honore
1151 570 1166 593 ,
1195 529 1487 602 dignitate,
1523 534 1600 607 (α)
1630 536 1899 605 claritate,

294 616 601 684 majestate,
631 623 686 672 et
707 614 827 687 ipso
853 620 1073 677 nomine
1099 623 1268 691 patris
1290 624 1550 695 majorem
1578 643 1702 683 esse
1726 628 1899 698 Filio,

292 705 414 776 ipso
439 715 693 775 testante,
727 708 920 776 Quime
944 712 1106 780 misit,
1135 718 1304 788 major
1321 733 1401 771 me
1422 728 1495 772 est
1533 718 1554 790 (
1575 719 1736 776 Joan.
1768 738 1860 777 XIV
1881 764 1896 791 ,

293 799 410 871 28).
431 799 502 857 Et
527 799 631 859 hoc
649 804 977 862 catholicum
1003 822 1149 877 esse,
1175 825 1337 866 nemo
1359 811 1591 881 ignorat,
1616 813 1752 871 duas
1780 831 1902 886 per-

222 921 232 969 ,
294 908 464 950 sonas
503 909 627 952 esse
652 896 829 954 Patris
872 907 928 955 et
956 899 1076 956 Filii
1106 943 1121 967 ,
1163 904 1420 974 majorem
1451 904 1619 979 5.66
1642 907 1855 965 Patrem
1881 951 1898 978 ,

293 988 491 1045 Filium
524 988 601 1062 (ι)
631 990 934 1060 subjectum
958 1008 1081 1050 cum
1111 997 1364 1054 omnibus
1397 998 1480 1056 his
1504 1017 1622 1071 qua:
1651 1000 1753 1072 ipsi
1792 1003 1901 1059 Pa-

294 1091 381 1139 ter
403 1083 656 1154 subjecit.
688 1084 906 1143 Patrem
937 1088 1149 1144 initium
1170 1105 1279 1146 non
1310 1091 1547 1158 habere,
1571 1093 1901 1152 invisibilem

292 1192 448 1243 esse,
491 1178 854 1234 immortalem
885 1194 1004 1236 esse
1026 1224 1040 1250 ,
1073 1179 1148 1252 (ε)
1185 1185 1573 1254 impassibiletu
1623 1202 1764 1243 esse.
1817 1187 1899 1244 Fi-

292 1267 425 1324 lium
453 1279 635 1325 autem
665 1280 847 1328 natum
877 1288 998 1328 esse
1023 1290 1091 1330 ex
1115 1274 1295 1343 Patre,
1328 1277 1497 1333 Deum
1528 1294 1598 1334 ex
1630 1280 1743 1336 Deo
1770 1322 1784 1346 ,
1815 1282 1899 1336 lu-

293 1376 421 1416 men
450 1375 523 1416 ex
559 1362 781 1418 lumine.
813 1362 977 1434 Cujus
1006 1364 1132 1422 Filii
1163 1369 1567 1437 generationem
1603 1411 1618 1436 ,
1675 1381 1734 1426 ut
1775 1381 1902 1429 ante

291 1455 502 1512 dictum
531 1466 635 1525 est,
669 1458 940 1515 neminem
969 1460 1108 1516 scire
1133 1462 1237 1517 nisi
1264 1462 1480 1520 Patrem
1503 1479 1682 1520 suum.
1719 1466 1898 1536 Ipsum

292 1558 477 1606 autem
501 1548 698 1605 Filium
728 1550 822 1607 Dei
852 1552 1140 1608 Dominum
1163 1563 1220 1610 et
1240 1554 1408 1611 Deum
1441 1564 1707 1624 nostrum,
1743 1558 1900 1615 sicuti

292 1642 495 1714 legitur
516 1684 532 1710 ,
564 1657 782 1699 carnem
814 1643 896 1700 vel
924 1658 1142 1715 corpus,
1185 1645 1240 1702 id
1266 1655 1370 1714 est,
1411 1646 1689 1704 hominem
1718 1664 1903 1706 susce-

2005 449 2196 503 sentire
2228 464 2289 503 ac
2318 452 2638 507 substantiae
2667 458 2971 512 necessaria
2997 470 3119 526 est;
3167 466 3605 533 cognoscendum

2006 548 2091 595 est
2122 541 2248 612 quid
2276 543 2551 614 signiﬁcet
2574 549 2809 603 essentia
2835 589 2851 616 ,
2906 566 2974 606 ne
3020 552 3091 608 de
3131 554 3298 610 rebus
3335 556 3608 626 locuturi,

2005 647 2120 687 rem
2153 634 2440 690 verborum
2467 638 2796 695 nesciamus.
2842 642 3089 700 Essentia
3129 654 3213 702 est
3238 663 3327 703 res
3354 665 3478 721 qua:
3504 661 3609 718 est,

2007 724 2094 779 vel
2128 725 2208 797 (ι’)
2238 741 2310 781 ex
2344 726 2540 797 quibus
2569 739 2648 786 est
2675 773 2689 798 ,
2742 741 2796 787 et
2840 749 2958 807 qute
3006 736 3057 791 in
3105 752 3169 793 eo
3209 739 3353 809 quod
3397 752 3613 799 maneat

2004 818 2270 874 subsistit.
2312 819 2428 877 Dici
2457 832 2636 879 autem
2665 825 2901 881 essentia
2928 869 2941 892 ,
2970 838 3025 885 et
3052 840 3242 888 natura
3271 875 3283 896 ,
3317 842 3371 889 et
3401 852 3568 905 genus
3594 880 3609 905 ,

2005 919 2058 966 et
2079 910 2380 969 substantia
2407 915 2833 989 uniuscujusque
2855 921 2933 976 rei
2967 924 3183 992 poterit.
3239 925 3465 999 Proprie
3514 945 3612 986 au-

2007 1012 2113 1059 tem
2144 1007 2380 1062 essentia
2413 1006 2617 1065 idcirco
2647 1009 2721 1082 (g)
2750 1021 2833 1067 est
2863 1012 3004 1070 dicta
3031 1057 3047 1083 ,
3089 1019 3212 1087 quia
3259 1034 3478 1091 semper
3503 1031 3607 1079 est.

2006 1094 2135 1164 Qua:
2165 1097 2370 1155 idcirco
2399 1100 2561 1155 etiam
2593 1102 2893 1158 substantia
2926 1117 3009 1161 est
3030 1151 3044 1174 ,
3077 1109 3205 1178 quia
3234 1127 3321 1166 res
3351 1128 3469 1184 quae
3501 1123 3604 1179 est,

2003 1185 2165 1261 46⁸1
2197 1206 2420 1248 necesse
2448 1202 2531 1249 est
2558 1194 2812 1251 subsistat
2844 1198 2895 1251 in
2926 1212 3085 1263 sese;
3138 1202 3396 1272 quidquid
3425 1217 3605 1262 autem

2005 1280 2291 1351 subsistit,
2347 1284 2466 1340 sine
2507 1285 2675 1342 dubio
2707 1288 2757 1342 in
2806 1304 3008 1359 genere
3038 1292 3122 1346 vel
3153 1305 3342 1349 natura
3373 1297 3457 1352 vel
3484 1300 3612 1354 sub-

2005 1378 2202 1431 stantia
2235 1386 2473 1432 maneat.
2496 1376 2631 1434 Cum
2662 1395 2794 1452 ergo
2817 1384 3109 1438 essentiam
3141 1385 3373 1442 dicimus
3403 1391 3611 1459 signiti-

2004 1480 2130 1522 care
2154 1477 2400 1524 naturam
2425 1470 2510 1526 vel
2532 1486 2704 1541 genus
2740 1474 2826 1530 vel
2848 1475 3231 1546 substantiam,
3258 1474 3615 1553 intelligimus

2005 1558 2122 1629 ejus
2170 1560 2252 1615 rei
2297 1577 2416 1631 quae
2447 1562 2501 1617 in
2534 1562 2619 1619 his
2654 1567 2908 1621 omnibus
2935 1584 3151 1637 semper
3179 1585 3303 1627 esse
3330 1573 3612 1630 subsistat.

2005 1650 2159 1708 Nunc
2184 1650 2347 1723 igitur
2375 1656 2723 1727 praascriptas
2750 1659 2820 1713 ab
2847 1659 3213 1719 Orientalibus
3245 1664 3367 1721 ﬁdei
3418 1665 3613 1723 deﬁni-

294 1737 446 1808 pisse
474 1752 541 1792 ex
570 1746 725 1791 utero
754 1736 977 1808 virginis
1008 1736 1189 1793 Maria:
1220 1779 1234 1802 ,
1265 1738 1404 1794 sicut
1433 1740 1671 1811 Angelus
1699 1740 1899 1811 pratdio
1930 1753 1978 1815 Β
2007 1744 2181 1800 tiones
2206 1744 2286 1818 (It)
2318 1762 2723 1805 recenseamus.

294 1832 443 1886 cavit
464 1829 615 1902 (Luc.
648 1845 687 1896 ι,
711 1826 824 1902 5i).
854 1828 927 1886 Ut
944 1840 1126 1886 autem
1150 1829 1445 1903 Scriptura:
1466 1847 1658 1888 omnes
1680 1832 1900 1899 docent,

295 1935 353 1980 et
386 1924 656 1994 prmcipue
681 1922 797 1995 ipse
825 1923 1081 1994 magister
1109 1924 1348 1994 gentium
1382 1925 1695 1996 Apostolus,
1728 1924 1903 1981 homi-

296 2033 425 2074 nem
454 2018 763 2088 suscepisse
791 2017 860 2072 de
904 2018 1068 2074 Maria
1101 2016 1321 2089 Virgine
1344 2061 1360 2089 ,
1413 2035 1508 2090 per
1545 2035 1704 2091 quem
1755 2035 1903 2076 com-

297 2128 495 2184 passus
520 2122 624 2177 est.
657 2112 750 2168 llla
773 2124 950 2168 autem
997 2112 1079 2186 (ά)
1100 2115 1339 2170 clausula
1383 2125 1467 2171 est
1497 2118 1661 2172 totius
1699 2116 1820 2173 ﬁdei
1849 2126 1905 2175 et

298 2205 395 2261 illa
419 2206 782 2274 conﬁrmatio,
816 2205 959 2277 quod
988 2206 1228 2263 Trinitas
1256 2223 1474 2280 semper
1500 2209 1767 2265 servanda
1796 2218 1900 2278 est,

296 2298 443 2354 sicut
479 2295 709 2370 legimus
758 2299 811 2353 in
843 2298 1170 2370 Evangelio:
1222 2297 1303 2354 Ite
1338 2308 1385 2353 et
1433 2300 1687 2372 baptizate
1728 2318 1903 2358 omnes

296 2402 476 2466 gentes
524 2394 582 2449 in
634 2395 838 2449 nomine
883 2393 1059 2448 Patris
1100 2403 1150 2449 et
1190 2392 1319 2449 Filii
1362 2404 1411 2450 et
1456 2395 1688 2466 Spiritus
1739 2396 1905 2452 sancti

299 2487 523 2562 (Matth.
558 2488 885 2561 xxvtn,19).
929 2488 1173 2560 Integer,
1206 2488 1477 2560 perlectus
1504 2504 1760 2545 numerus
1784 2488 1903 2545 Tri-

302 2583 491 2638 nitatis
522 2590 631 2638 est.
667 2580 741 2655 (e)
771 2582 1085 2641 Paracletus
1113 2592 1290 2640 autem
1317 2584 1552 2655 Spiritus
1578 2599 1677 2655 per
1704 2583 1902 2639 Filium

299 2687 430 2744 est;
458 2676 553 2748 qui
577 2678 775 2735 missus
798 2680 946 2733 venit
970 2677 1123 2749 juxta
1153 2677 1497 2749 promissum,
1529 2687 1586 2733 ut
1613 2678 1906 2749 Apostolus

298 2779 357 2827 et
383 2786 575 2828 omnes
603 2771 887 2828 credentes
914 2772 1228 2838 instrueret,
1251 2772 1493 2839 doceret,
1517 2771 1899 2829 sanctiﬁcaret.

378 2866 468 2921 1‘2.
516 2864 756 2922 Essentia
782 2876 831 2921 et
859 2866 1143 2921 substantia
1176 2866 1322 2938 quid.
1351 2865 1629 2938 Ancyraua
1659 2865 1908 2937 Synodus

297 2977 425 3015 ann.
442 2960 571 3017 558.
606 2958 775 3016 Filius
800 2970 857 3015 ut
882 2962 1052 3032 imago
1082 2976 1182 3015 non
1202 2960 1313 3016 solo
1340 2960 1543 3015 nomine
1570 2960 1705 3017 alius
1731 2976 1762 3013 a
1794 2958 1905 3013 Pa-

300 3064 397 3109 tre.
426 3083 501 3094 —
526 3053 622 3110 His
646 3054 832 3126 itaque
863 3062 941 3111 tot
968 3063 1024 3111 et
1050 3054 1212 3110 tantis
1232 3052 1525 3126 impietatis
1554 3051 1910 3124 professioni-

2078 1837 2119 1892 Ι.
2161 1855 2180 1890 ι
2219 1837 2273 1893 Si
2318 1839 2440 1909 quis
2486 1840 2714 1898 audiens
2761 1842 3050 1917 imaginem
3103 1862 3224 1905 esse
3272 1848 3466 1906 Filium
3518 1853 3616 1911 Dei

2006 1930 2293 1988 invisibilis
2319 1973 2335 1996 ,
2382 1933 2526 1989 idem
2553 1934 2699 1991 dicat
2725 1952 2847 1994 esse
2874 1936 3164 2011 imaginem
3195 1942 3291 1999 Dei
3319 1985 3333 2012 ,
3378 1945 3521 2015 quod
3558 1955 3615 2002 et

2006 2026 2174 2081 Deum
2204 2026 2531 2083 invisibilem
2559 2047 2573 2085 :
2625 2031 2778 2101 quasi
2809 2047 2916 2088 non
2942 2034 3208 2092 conﬁtens
3237 2051 3364 2093 vere
3405 2038 3572 2095 ﬁlium
3594 2082 3610 2110 ,

2004 2118 2290 2174 anathema
2319 2120 2393 2175 sit
2443 2121 2532 2194 (δ).
2584 2140 2604 2175 ι

2080 2212 2166 2267 15.
2211 2212 2345 2268 Item
2383 2213 2520 2270 alius
2548 2225 2656 2283 est,
2697 2227 2754 2270 ut
2789 2220 3042 2289 accipiens
3084 2238 3117 2275 a
3145 2219 3318 2278 .Patre
3343 2224 3515 2280 vitam.
3542 2256 3614 2267 -—-

2007 2302 2240 2362 Exclusa
2286 2315 2370 2361 est
2413 2309 2643 2364 assertio
2690 2310 2988 2366 volentium
3042 2314 3355 2372 nominibus
3406 2325 3614 2375 tantum

2007 2398 2222 2455 Patrem
2267 2408 2323 2456 et
2365 2400 2562 2458 Filium
2610 2402 2953 2472 praedicare;
2998 2420 3121 2462 cum
3168 2408 3386 2480 quando
3438 2411 3616 2484 imago

2006 2494 2204 2564 omnis,
2226 2497 2344 2565 ejus
2364 2496 2435 2552 ad
2464 2511 2626 2570 quem
2649 2499 3046 2570 coimaginetur
3068 2502 3280 2571 species
3304 2504 3618 2562 indiﬁ‘erens

2007 2586 2097 2642 sit.
2125 2586 2312 2659 Neque
2337 2587 2481 2644 enim
2514 2589 2630 2659 ipse
2675 2589 2777 2644 sibi
2811 2592 3095 2662 quisquam
3128 2593 3305 2663 imago
3344 2605 3467 2663 est;
3517 2598 3613 2653 sed

2008 2693 2154 2745 eum,
2184 2679 2341 2750 cujus
2382 2680 2558 2752 imago
2584 2690 2686 2747 est,
2717 2697 2940 2740 necesse
2966 2695 3048 2739 est
3078 2694 3134 2740 ut
3170 2686 3348 2759 imago
3391 2688 3618 2746 demon-

2009 2780 2164 2827 stret.
2214 2772 2399 2844 Imago
2426 2774 2605 2845 itaque
2629 2785 2708 2830 est
2746 2777 2819 2830 rei
2847 2776 2913 2831 ad
2944 2793 3057 2833 rem
3086 2782 3435 2852 eomquandae
3478 2782 3618 2840 ima-

2008 2863 2188 2936 ginata
2216 2874 2272 2922 et
2298 2864 2586 2922 indiscreta
2616 2856 2932 2926 similitudo.
2986 2870 3086 2927 Est
3123 2888 3251 2945 ergo
3283 2874 3446 2933 Pater
3471 2918 3485 2943 ,
3533 2887 3619 2934 est

2010 2966 2065 3013 et
2094 2956 2266 3013 Filius
2292 2976 2304 3011 :
2331 2960 2451 3029 quia
2486 2960 2660 3030 imago
2691 2960 2864 3015 Patris
2892 2972 2971 3018 est
3002 2962 3208 3032 Filius;
3234 2976 3289 3022 et
3315 2968 3408 3039 qui
3439 2970 3617 3042 imago

2010 3057 2123 3117 est,
2152 3047 2218 3125 (j)
2242 3058 2298 3103 ut
2324 3050 2402 3106 rei
2435 3051 2610 3124 imago
2636 3051 2725 3119 sit,
2757 3054 2994 3123 speciem
3020 3071 3241 3113 necesse
3263 3067 3349 3114 est
3378 3070 3433 3117 et
3461 3070 3619 3117 natu-

296 3145 405 3203 bus
430 3145 591 3204 editis
616 3187 633 3216 ,
684 3146 783 3203 bas
830 3161 1044 3204 rursum
1071 3163 1103 3204 e
1131 3147 1406 3204 contrario
1431 3144 1736 3203 Orientales
1787 3144 1906 3214 epi-
1936 3156 1982 3222 ρ
2015 3158 2129 3199 ram
2156 3151 2211 3199 et
2236 3144 2547 3214 essentiam,
2590 3145 2884 3201 secundum
2914 3146 3058 3217 quod
3098 3148 3276 3221 imago
3300 3158 3385 3208 est
3407 3193 3421 3219 ,
3472 3153 3527 3208 in
3552 3168 3615 3211 se

297 3242 453 3314 scopi
483 3241 541 3299 in
581 3258 747 3299 unum
785 3242 1094 3315 congregati
1141 3244 1532 3299 sententiarum
1564 3236 1910 3296 deﬁnitiones

378 3404 456 3477 (α)
476 3403 593 3477 Hoc
616 3401 792 3474 ipsum
820 3400 1041 3477 totidem
1072 3401 1251 3477 verbis
1278 3401 1528 3471 exprimit
1550 3401 1907 3477 thbadius.

298 3475 491 3533 Athan
513 3475 635 3530 dum
662 3488 825 3531 voces
854 3475 1112 3545 claritate,
1135 3475 1431 3545 maiestate,
1465 3489 1569 3529 una
1592 3490 1767 3545 grteca
1794 3475 1908 3531 θεό-

298 3572 420 3610 τητι
439 3547 581 3618 apud
608 3545 868 3618 Albanas.
897 3553 953 3601 et
979 3544 1190 3601 Socrat.
1220 3544 1538 3618 redduntur.

380 3614 650 3690 (bprud
678 3616 940 3690 Albanas.
988 3614 1451 3690 subjectumuPatri
1491 3616 1689 3672 Filium
1716 3660 1731 3684 ,
1774 3632 1911 3689 quo-

300 3687 472 3748 modo
494 3687 693 3759 legisse
723 3688 936 3745 videtur
963 3699 1017 3745 et
1047 3687 1393 3743 thbadius.

376 3762 449 3837 (ε)
482 3758 785 3817 Prudenter
829 3760 883 3837 in
924 3760 1432 3837 lirec_l_’_l_i(ebadius:
1481 3758 1607 3814 Haec
1638 3759 1910 3837 ideopro-

304 3830 527 3903 ponunt,
550 3842 606 3888 ut
628 3833 891 3887 contraria
918 3832 997 3886 his
1027 3830 1169 3887 Filio
1199 3831 1493 3886 adscribunt
1517 3870 1531 3884 .
1556 3869 1569 3883 .
1595 3871 1607 3884 .
1635 3833 1720 3897 qui
1736 3833 1781 3886 si
1806 3833 1908 3886 iui—

302 3909 432 3962 tium
464 3905 651 3960 habere
675 3903 918 3976 probatur
944 3945 959 3968 ,
1008 3905 1188 3976 merito
1218 3904 1448 3959 mortalis
1473 3945 1487 3968 ,
1527 3904 1707 3976 merito
1727 3905 1905 3976 passi-

303 3977 423 4033 bilis
469 3974 741 4032 credetur.
790 3974 1027 4030 Primam
1069 3974 1448 4029 haereticorum
1506 3974 1904 4030 confessionem

304 4047 469 4105 simili
492 4056 606 4104 arte
632 4055 940 4103 contextam
965 4044 1193 4102 advertit
1215 4061 1279 4101 ac
1306 4046 1516 4101 monuit
1541 4054 1726 4100 noster
1754 4045 1903 4100 Hila-

303 4120 418 4176 rius
447 4120 545 4175 lib.
566 4134 623 4177 ιν
650 4127 705 4173 et
734 4133 791 4172 vt
826 4118 894 4173 de
912 4118 1062 4172 Trin.
1090 4116 1320 4172 Maxime
1355 4133 1486 4172 vero
1504 4116 1721 4172 laudato
1737 4115 1903 4173 Phre-

304 4192 467 4248 badio
511 4191 804 4260 displicent
850 4189 1089 4260 subjecta
1142 4187 1362 4243 inlerius
1403 4188 1579 4260 verba
1617 4204 1707 4259 per
1754 4205 1904 4260 quem

305 4259 610 4333 compassus
638 4271 751 4316 est:
780 4266 930 4332 quast
959 4260 1080 4315 scil.
1112 4260 1446 4333 du_olueri_n_t
1478 4259 1774 4333 patientes,
1797 4259 1904 4333 hoc

304 4350 397 4405 mo
424 4330 840 4405 assumptus,et
863 4346 1143 4405 assumens
1170 4330 1358 4405 Filius.
1381 4330 1899 4405 Unde_Atbanasius,

305 4404 401 4462 lib.
446 4405 518 4461 de
563 4401 784 4460 salutari
809 4404 1057 4459 Adventu
1108 4402 1252 4458 1.0.
1308 4418 1428 4474 pag.
1458 4401 1599 4468 645,
1654 4417 1748 4458 eos
1778 4417 1899 4459 cum

304 4475 527 4532 Arianis
557 4474 936 4543 blasphemare
961 4477 1172 4530 incusat
1197 4516 1212 4541 ,
1242 4476 1334 4545 qui
1364 4475 1523 4529 Deum
1568 4491 1660 4545 per
1698 4490 1903 4529 carnem

306 4564 520 4618 passum
564 4564 670 4618 esse
691 4558 737 4602 et
760 4548 1099 4602 resurrexisse
1120 4544 1303 4601 dicunt
1325 4562 1341 4611 ;
1366 4562 1482 4600 cum
1508 4544 1783 4614 Sbriptura
1809 4546 1904 4600 do-
1928 4550 1983 4611 D

306 4617 455 4691 (eat,
473 4634 564 4689 per
589 4617 758 4675 Deum
784 4620 837 4672 in
858 4634 1011 4673 carne
1033 4620 1146 4691 ejus
1175 4619 1462 4687 passionem
1474 4618 1767 4688 contigisse,
1799 4635 1900 4673 non

306 4689 481 4745 Deum
506 4706 597 4760 per
622 4706 827 4745 carnem
855 4689 1065 4760 passum
1089 4705 1214 4744 esse.

387 4708 481 4745 um
622 4706 827 4745 carnem
855 4706 1061 4760 passum
1089 4706 1214 4744 esse.

387 4761 466 4835 (ά)
506 4706 828 4831 ῗξνυξπιίε
852 4802 867 4829 ,
894 4761 1074 4835 clauis.
1123 4760 1345 4816 Rectius
1372 4760 1424 4815 in
1456 4773 1588 4814 mss.
1616 4758 1852 4835 clausula
1882 4800 1898 4828 ,

302 4832 361 4889 id
397 4831 498 4897 est,
527 4848 727 4889 summa
751 4848 769 4885 :
806 4833 946 4902 quod
973 4847 1147 4902 graece
1175 4847 1389 4887 versum
1412 4841 1494 4886 est
1522 4831 1807 4902 κεφαλαῖον.

414 4853 498 4897 :st,
527 4853 727 4889 summa
751 4853 769 4885 :
806 4853 946 4902 quou
973 4853 1147 4902 grtece
1175 4853 1389 4887 versum
1412 4853 1494 4886 est
1522 4853 1577 4889 κε
1650 4853 1807 4887 Λαιον.

414 4905 463 4973 c)
498 4904 553 4960 In
584 4918 717 4959 mss.
750 4912 1060 4959 constanter
1093 4901 1414 4971 Paraclitus,
1444 4915 1535 4957 aut
1568 4853 1899 4973 ﬂraclytus.

412 4973 465 5047 Ι)
500 4976 723 5047 Supple,
752 4991 833 5030 res
862 4990 1053 5029 eorum.
1105 4973 1219 5030 Hoc
1245 4976 1420 5047 altero
1444 4973 1705 5047 orationis
1734 4989 1904 5047 mem-

304 5045 417 5103 bro
440 5045 738 5119 explicatur
774 5048 1007 5103 essentia
1044 5047 1223 5117 genita
1247 5085 1262 5112 ,
1308 5046 1443 5101 sicut
1488 5045 1753 5119 superiori
1799 5059 1907 5101 non

302 5126 455 5175 nata.

387 5190 468 5264 (θ)
509 5188 641 5264 Non
679 5190 836 5264 aliam
870 5196 1090 5264 prtestat
1112 5187 1439 5264 Phrebadius
1468 5188 1784 5264 substantia:
1813 5201 1909 5243 no-

306 5260 514 5318 tionem
540 5280 554 5316 :
604 5261 902 5317 Substrmtia
927 5262 1083 5327 enim,
1123 5260 1314 5331 inquit,
1339 5261 1528 5315 dicitur
1547 5261 1603 5314 id
1622 5260 1759 5329 quod
1779 5276 1910 5314 sem-

305 5350 407 5405 per
422 5350 483 5389 ea:
502 5349 614 5389 sese
629 5344 725 5405 est,
744 5335 839 5387 hoc
858 5343 956 5399 est;
976 5332 1114 5405 quod
1136 5333 1346 5404 prepria
1368 5333 1503 5387 intra
1520 5348 1573 5405 se
1584 5333 1769 5405 uirtute
1795 5331 1914 5405 sub-

305 5402 479 5460 sistit:
502 5420 617 5475 qua
640 5404 716 5460 vis
739 5405 831 5458 uni
857 5414 904 5458 et
932 5402 1029 5476 soli
1068 5402 1177 5458 Deo
1206 5402 1461 5476 competit.
1518 5403 1679 5459 Vocis
1710 5402 1914 5476 utrius-

305 5491 422 5547 que
449 5474 697 5547 diatincta
728 5476 865 5532 ratio
888 5475 1187 5544 explicatur
1206 5474 1528 5547 Fragmento
1555 5491 1614 5541 ιι,
1649 5493 1702 5529 n.
1732 5474 1822 5547 52.

397 5545 473 5622 (lt)
513 5548 656 5617 Quas
693 5547 813 5604 scil.
847 5550 1195 5622 ancyraaan.
1226 5544 1333 5601 558
1358 5588 1374 5612 ,
1404 5546 1582 5622 paulo
1612 5557 1734 5622 ante
1764 5544 1933 5622 diem-

308 5615 868 5690 Pasc'lue'congregati
893 5615 1333 5690 conscripserunt
1354 5615 1435 5673 ad‘
1448 5615 1909 5690 comprimendam

308 5689 703 5747 Anomoeorum
738 5689 1088 5759 impietatem.
1113 5689 1417 5746 ’Eudoxius
1467 5689 1612 5745 enim
1664 5704 1787 5744 cum
1817 5702 1912 5744 an-

306 5761 488 5820 disset
513 5760 637 5835 quid
669 5761 850 5819 Sirmii
881 5763 1117 5833 egissent
1145 5761 1401 5820 Ursacius
1426 5805 1440 5830 ,
1492 5760 1685 5818 Valens
1732 5773 1796 5816 ac
1824 5776 1913 5818 so-

681 5858 959 5921 Psrrnoru
1018 5856 1100 5919 Χ.

2017 3235 2216 3296 habeat
2239 3238 2497 3294 auctoris.

2017 3402 2085 3457 cii
2111 3443 2126 3468 ,
2176 3404 2404 3458 multum
2436 3401 2562 3459 inde
2599 3402 2679 3458 eis
2718 3402 3014 3472 gratulatus
3041 3444 3054 3469 ,
3106 3403 3220 3474 ipse
3265 3404 3429 3461 etiam
3480 3407 3622 3464 Aetii

2020 3474 2292 3548 bteresim,
2326 3483 2583 3548 quantum
2622 3484 2866 3548 poterat,
2901 3490 3223 3548 promovere
3248 3478 3473 3533 studuit.
3504 3480 3619 3548 Qua

2018 3545 2087 3601 de
2124 3561 2183 3600 re
2210 3587 2225 3612 ,
2252 3544 2631 3620 quﬁecelesite
2652 3544 2966 3620 dedicandae
2994 3547 3160 3620 gratia
3182 3551 3457 3620 Ancyram
3488 3544 3622 3606 con-

2021 3626 2308 3682 venerant,
2339 3616 2559 3691 Georgii
2588 3616 2874 3672 Laudiceni
2909 3617 3102 3673 litteris
3128 3616 3388 3691 admoniti
3415 3663 3430 3686 ,
3453 3633 3619 3691 quot-

2015 3698 2145 3761 quot
2158 3688 2442 3743 commode
2454 3695 2746 3759 potuerunt
2768 3703 3088 3761 convocare,
3107 3688 3209 3743 sibi
3232 3688 3616 3759 adiunxerunt,

2016 3759 2073 3831 ut
2094 3760 2316 3814 Eudoxii
2345 3766 2569 3815 conatus
2599 3759 2971 3815 retunderent.
3000 3759 3227 3815 Basilius
3248 3762 3405 3831 epist.
3433 3778 3616 3829 Lxxtv,

2013 3829 2241 3886 Concilii
2274 3831 2432 3901 hujus
2457 3831 2726 3905 meminit,
2760 3840 3025 3905 vocatque
3053 3829 3334 3905 σύλλογοτὶνε
3361 3849 3481 3901 quae
3509 3849 3615 3890 vox

2015 3919 2122 3958 non
2147 3942 2163 3968 ,
2213 3912 2271 3958 ut
2315 3913 2464 3973 putat
2488 3903 2573 3957 vir
2602 3902 2737 3956 alias
2776 3902 3059 3974 eruditus,
3090 3902 3401 3974 colloquium
3433 3916 3613 3970 sonat,

2012 3974 2108 4048 sed
2147 3984 2447 4048 conventum
2472 4015 2486 4035 ,
2541 3974 2862 4048 nimirttnra
2895 3973 3613 4048 conmarcouyocostiesta

2013 4044 2156 4101 illius
2185 4054 2369 4100 narrat
2392 4045 2729 4100 Sozomenus
2759 4044 2855 4100 lib.
2885 4059 2941 4099 tv
2961 4087 2975 4111 ,
3003 4043 3064 4099 c.'
3088 4045 3172 4100 15.
3230 4043 3615 4104 Consulendus

2013 4130 2076 4172 ea
2106 4116 2173 4172 de
2194 4132 2252 4172 re
2274 4116 2627 4187 Epiphanius,
2659 4116 2788 4171 hmt‘.
2820 4131 3008 4188 LXXII},
3031 4133 3095 4188 _n.
3132 4115 3198 4181 2,
3229 4128 3335 4188 etc.
3360 4117 3461 4187 Qui
3494 4120 3615 4188 qui-

2010 4189 2133 4260 dem
2163 4188 2255 4255 ibi,
2288 4186 2434 4242 num.
2467 4190 2536 4246 10
2585 4195 2641 4260 et
2666 4188 2727 4260 li
2758 4228 2772 4253 ,
2804 4186 3187 4260 synodi-hujus
3212 4187 3426 4244 decreta
3460 4186 3612 4260 plura

2005 4259 2173 4314 refert
2195 4275 2356 4330 quam
2390 4267 2574 4314 noster
2602 4258 2877 4330 Hilarius:
2910 4259 3037 4328 quia
3063 4259 3312 4315 videlicet
3336 4276 3396 4316 ea
3422 4258 3614 4317 recen-

2004 4339 2089 4385 set
2131 4329 2250 4402 quie
2276 4329 2509 4402 Ancyrae
2537 4340 2665 4387 sunt
2691 4329 2870 4396 edita,
2920 4329 3156 4385 Hilarius
3203 4346 3366 4397 vero,
3417 4334 3492 4387 uti
3541 4350 3608 4389 ex

2004 4410 2132 4475 nota
2163 4404 2409 4475 sequenti
2433 4403 2607 4472 palam
2642 4402 2734 4458 ﬁet
2757 4442 2773 4468 ,
2824 4418 2943 4473 quae
2985 4417 3012 4457 a
3051 4402 3242 4472 synodi
3273 4402 3463 4475 legatis
3490 4403 3608 4460 Sir-

2005 4474 2172 4528 mium
2202 4474 2377 4529 delata
2411 4485 2465 4529 et
2496 4474 2781 4543 publicata.

2080 4545 2144 4617 (i)
2190 4547 2440 4602 Proxime
2467 4557 2589 4616 post
2618 4548 2895 4617 anathema
2931 4546 3037 4613 sit,
3070 4544 3228 4617 apud
3259 4544 3390 4601 Bad.
3419 4587 3434 4611 ,
3469 4548 3561 4601 Er.
3592 4586 3609 4613 ,

2007 4615 2128 4671 Mir.
2161 4618 2294 4672 etin
2328 4615 2636 4687 pervetusto
2680 4632 2785 4672 ms.
2826 4616 2889 4673 S.
2937 4616 3081 4687 Petri
3131 4616 3301 4672 Vatic.
3351 4619 3453 4671 sub
3500 4633 3610 4672 uno

2006 4688 2311 4758 eodemque
2328 4686 2583 4743 eontextu
2604 4688 2849 4759 sequitur
2873 4704 2899 4759 εξ
2935 4686 3293 4753 Expositioues
3324 4704 3532 4754 omnes,
3563 4688 3610 4742 si

2043 4759 2132 4813 uid
2161 4757 2612 4824 habentcrimtnis,
2636 4757 2774 4812 intra
2797 4773 2852 4811 se
2879 4757 3104 4823 habent;
3129 4767 3364 4813 crateram
3388 4775 3490 4812 non
3519 4761 3612 4812 lm-

2043 4775 2131 4813 uta
2161 4775 2612 4824 ttaoentcrtmtms,
2636 4775 2774 4812 intra
2797 4775 2852 4811 se
2879 4775 3104 4823 nauem;
3129 4775 3364 4813 crateram
3388 4775 3490 4812 non
3519 4775 3611 4812 ua-

2006 4775 2124 4884 Zere
2154 4831 2211 4883 in
2239 4830 2446 4899 publica
2483 4830 2617 4900 [acie
2640 4829 3016 4900 existimantur.
3058 4830 3163 4884 Sed
3197 4829 3317 4897 quia
3337 4830 3521 4884 scirem
3549 4847 3611 4884 ea

2009 4902 2121 4957 sola
2144 4898 2390 4955 Sirmium
2410 4898 2519 4956 esse
2556 4899 2748 4955 delata.
2782 4899 2895 4971 llac
2916 4898 3081 4971 altera
3116 4908 3240 4954 nota
3271 4902 3610 4971 apologetica

2009 4972 2249 5029 declarat
2291 4971 2558 5039 Hilarius,
2592 4972 2767 5027 nullas
2794 4968 3170 5042 deﬁnitionum
3199 4968 3382 5027 earum
3414 4968 3611 5042 {quas

2009 5043 2158 5100 solas
2184 5044 2252 5116 ab
2276 5040 2816 5116 Aucyranaesynodi
2855 5040 3044 5110 legatis
3072 5042 3327 5116 Sirmium
3359 5040 3616 5116 esse—de-

2014 5116 2151 5171 latas
2182 5115 2365 5179 sciret,
2396 5113 2452 5169 in
2479 5113 2691 5185 publica
2721 5113 2855 5168 facie
2896 5121 2952 5169 et
2979 5113 3273 5185 secundum
3309 5114 3612 5170 verborum

2013 5200 2180 5242 sonos
2202 5230 2217 5250 ,
2255 5184 2545 5257 quidquam
2588 5184 2788 5257 habere
2817 5185 2958 5255 quod
2989 5184 3499 5257 reprehendendum
3533 5186 3616 5241 vi-

2014 5259 2206 5315 deatur
2228 5298 2247 5325 ,
2270 5256 2516 5329 quamvis
2544 5256 2787 5313 fraudem
2816 5258 2917 5312 sub
2938 5256 3205 5329 speciosis
3236 5257 3413 5314 verbis
3442 5257 3617 5329 laten-

2016 5339 2124 5385 tem
2155 5344 2262 5385 non
2291 5328 2470 5400 neget.
2530 5330 2660 5397 Quae
2689 5338 2814 5400 nota
2846 5328 2987 5384 male
3015 5328 3230 5398 quidem
3260 5330 3311 5384 in
3340 5328 3623 5400 praedictis

2016 5401 2170 5457 libris
2213 5399 2387 5457 lorum
2419 5403 2473 5456 in
2502 5410 2652 5456 textu
2673 5399 2944 5456 obtinuit:
2990 5400 3084 5456 sed
3131 5410 3308 5456 tamen
3343 5399 3460 5456 non
3492 5402 3614 5455 sine

2016 5473 2210 5543 injuria
2243 5489 2270 5527 a
2298 5472 2482 5541 Lipsio
2508 5486 2729 5543 prorsus
2759 5485 3049 5543 suppressa
3095 5470 3219 5543 iuit.
3264 5472 3399 5527 Cum
3430 5480 3614 5528 autem

2016 5541 2169 5615 atque
2189 5545 2446 5613 resniciat
2473 5541 2663 5615 omnes
2688 5541 3002 5614 Ancyranas
3022 5541 3620 5615 deﬁnitiones‘inl'erius

2018 5613 2234 5681 relatas;
2262 5617 2452 5685 prima:
2478 5614 2601 5670 huic
2622 5631 2727 5670 non
2756 5613 3010 5686 peslponi
3036 5614 3242 5682 debuit,
3291 5613 3384 5672 sed

2018 5688 2297 5755 anteponi.
2324 5686 2491 5757 Magis
2520 5688 2680 5742 etiam
2713 5685 2948 5756 placeret
2976 5702 3060 5740 eas
3079 5686 3219 5740 solas
3244 5726 3257 5740 .
3292 5726 3305 5740 .
3335 5726 3350 5740 .
3396 5686 3621 5741 delatas.

2089 5757 2166 5833 (j)
2188 5758 2332 5814 Editi
2352 5799 2367 5825 ,
2400 5769 2455 5814 ut
2478 5774 2590 5814 uere
2613 5759 2784 5830 imago
2808 5760 2894 5813 sit.
2932 5757 3257 5829 Expressius
3285 5773 3441 5828 mss.,
3472 5767 3523 5813 ut
3545 5776 3590 5813 ν(

3106 5849 3183 5911 16

3440 5615 3622 5685 potius
3700 5630 3741 5671 Α·
3758 5620 3781 5623 ”
