4106 6192
496 219 607 278 495

497 433 622 506 quia
646 431 866 504 impiam
889 438 1152 486 creaturae
1194 440 1260 480 cx
1288 422 1457 478 nihilo
1495 422 1830 493 opinionem,
1855 419 2105 492 impossi-

499 524 595 582 bili
624 540 722 597 per
767 537 888 597 eam
944 519 1019 592 (ιι)
1064 515 1364 573 divinitatis
1405 514 1735 585 perfectione
1781 521 2102 579 monstrata,

504 595 849 688 consequens
890 609 1153 683 professio
1200 606 1462 665 naturalis
1492 606 1856 679 generationis
1899 607 2105 662 exstin-

500 717 650 781 guat.

574 800 663 859 Vl.
711 819 732 854 ι
778 798 915 857 Etsi
945 797 1066 871 quis
1095 798 1147 853 in
1175 793 1336 863 Filio,
1373 794 1447 869 (b)
1491 793 1666 851 Patris
1696 792 2101 851 similitudinem

504 892 802 954 secundum
836 890 1131 949 essentiam
1159 888 1375 961 quidem
1405 888 1523 958 ipso
1549 885 1688 942 Filio
1712 884 1988 942 revelante
2010 899 2106 955 per

502 990 622 1045 haec
647 1002 771 1059 qua:
809 984 940 1042 dicit
979 1001 993 1039 :
1043 983 1193 1040 Sicut
1221 982 1358 1037 enim
1400 978 1559 1036 Pater
1584 979 1733 1035 habet
1761 980 1918 1034 vitam
1945 982 2000 1033 in
2027 993 2105 1035 se-

500 1081 737 1153 metipso,
768 1080 843 1135 sic
873 1089 919 1134 et
960 1076 1099 1132 Filio
1144 1076 1286 1132 dedit
1325 1075 1509 1131 habere
1537 1075 1693 1130 vitam
1739 1075 1794 1129 in
1838 1073 2106 1144 semetipso

504 1171 682 1247 (Joan.
731 1188 787 1238 ν,
832 1171 963 1243 26);
1016 1170 1167 1242 juxta
1214 1167 1513 1225 efficaciam
1553 1176 1731 1223 autem
1778 1180 1875 1237 per
1894 1179 1955 1223 ea
1984 1179 2107 1236 quas

500 1267 663 1324 docet
692 1283 705 1319 :
739 1266 868 1333 Qua:
896 1264 1033 1318 enim
1059 1262 1218 1317 Pater
1238 1262 1384 1334 facit,
1418 1260 1595 1317 eadem
1622 1271 1669 1315 et
1704 1257 1754 1314 F
1755 1259 1877 1314 ilius
1919 1255 2106 1313 simili-

499 1368 574 1416 ter
605 1359 730 1433 facit
763 1355 955 1431 (Ibid,
984 1355 1097 1427 19),
1116 1356 1285 1413 solam
1308 1353 1605 1411 secundum
1629 1352 1928 1411 efficaciam
1954 1350 2108 1409 simi—

498 1453 785 1511 litudinem
810 1449 1140 1517 concedens,
1169 1448 1242 1522 (c)
1265 1453 1417 1520 juxta
1448 1447 1739 1505 essentiam
1769 1459 1923 1511 vero,
1960 1441 2106 1515 quod

500 1555 587 1602 est
622 1542 1138 1616 principalissimum
1191 1539 1317 1596 fidei
1347 1548 1569 1605 nostrae,
1615 1536 1809 1593 Filium
1843 1534 2057 1591 fraudet
2088 1550 2102 1589 :

496 1641 649 1714 quasi
682 1636 1323 1711 semetipsumfraudans
1353 1635 1433 1711 (ά)
1480 1635 1789 1707 cognitione
1819 1633 1944 1689 vita:
1975 1647 2103 1704 per-

496 1743 694 1805 petuae,
736 1746 856 1805 quas
886 1745 971 1789 eSt
995 1731 1051 1786 in
1080 1730 1242 1786 Patre
1270 1737 1326 1786 et
1354 1728 1489 1791 Filio
1531 1748 1545 1784 :
1575 1727 1859 1784 anathema
1889 1726 1981 1782 sit.
2013 1744 2033 1779 ι

571 1828 659 1885 19.
710 1826 932 1882 Virtutis
958 1823 1244 1879 similitudo
1274 1839 1379 1878 non
1407 1831 1482 1878 est
1503 1822 1604 1877 nisi
1647 1837 1711 1876 ea:
1740 1829 1940 1875 natura:
1968 1817 2113 1873 sinti-

499 1921 736 1977 litudine.
780 1918 897 1976 Vita
937 1918 1155 1974 essentia
1181 1916 1526 1989 signiﬁcatur.
1554 1944 1627 1956 ——
1650 1914 1902 1970 Conclusi
1934 1912 2109 1968 lucre-

508 2013 602 2070 tici
631 2013 1031 2084 Scripturarnm
1062 2009 1498 2076 auctoritatibus,
1532 2008 1633 2063 hoc
1659 2007 1833 2063 solum
1870 2005 2110 2061 tribuere

503 2106 683 2163 solent
703 2104 865 2169 Filio,
915 2112 975 2159 ut
1000 2102 1147 2158 Patri
1179 2110 1382 2157 tanttnn
1413 2102 1612 2155 virtute
1658 2098 1851 2154 similis
1881 2099 1967 2166 sit,
1994 2096 2111 2153 adi-

493 2207 650 2255 munt
693 2208 871 2253 autem
920 2196 968 2251 ei
1016 2194 1423 2250 similitudinem
1457 2200 1710 2247 naturrc:
1752 2191 1901 2247 stulti
1947 2200 2109 2262 atque

491 2290 662 2363 impii,
694 2304 799 2346 non
832 2287 1203 2358 intelligentes
1232 2300 1338 2340 non
1380 2285 1481 2339 nisi
1512 2300 1579 2339 ex
1611 2292 1816 2337 natura:
1853 2282 2105 2338 similitu-

462 2370 624 2441 'dinc
670 2380 1081 2438 similitudinem
1137 2392 1259 2434 csse
1307 2377 1542 2432 virtutis.
1587 2374 1773 2446 Neque
1814 2375 1957 2431 enim
2002 2373 2103 2429 ali-

494 2475 712 2549 quando
754 2474 979 2531 inferior
1029 2481 1241 2540 natura,
1269 2471 1566 2542 superioris
1598 2485 1627 2523 a
1659 2484 1719 2526 se
1768 2468 2106 2541 potiorisque

493 2580 703 2629 natura:
731 2571 989 2626 virtutem
1038 2568 1410 2640 consequitur.
1456 2567 1564 2621 Aut
1611 2564 1740 2637 quid
1793 2563 1909 2619 haec
1958 2576 2109 2618 asse-

493 2672 680 2721 rentes
728 2663 798 2719 de
851 2661 1223 2732 omnipotente
1282 2658 1395 2713 Deo
1460 2664 1611 2728 patre
1667 2654 2101 2727 proﬁtebantur,

495 2756 543 2812 si
575 2754 651 2828 (ε)
690 2754 874 2811 virtuti
924 2768 1039 2810 sua:
1068 2752 1241 2808 virtus
1285 2757 1489 2806 natura:
1531 2747 1803 2804 inferioris
1822 2747 2105 2820 aequatur?

493 2845 613 2903 Non
641 2847 785 2903 enim
818 2855 997 2915 potest
1049 2842 1257 2914 negari,
1305 2840 1432 2914 quin
1479 2841 1650 2897 Filius
1699 2838 1841 2896 idem
1886 2840 2101 2911 possit;

491 2956 617 2998 cum
645 2938 843 2996 dixerit
874 2959 888 2996 :
922 2938 1269 3007 Qumcumque
1295 2936 1419 3009 facit
1448 2934 1614 3010 ἀπε
1643 2933 1821 3002 Pater,
1850 2934 2034 2990 cadent
2057 2944 2105 2989 et

495 3034 673 3090 Filius
714 3034 838 3106 facit
879 3032 1114 3087 similiter
1144 3029 1322 3104 (Joan.
1366 3046 1420 3098 γ,
1475 3029 1588 3101 19).
1625 3028 1731 3085 Sed
1762 3025 2099 3085 similitudini

1644 192 1648 196 ’
1697 205 1943 267 SANCTI
1979 203 2241 263 illLARll
2303 204 2613 265 EPISCOPI

400 336 412 345 ’
498 346 803 397 creaturam
832 349 954 393 esse
981 332 1077 391 Dei
1104 331 1272 388 filium
1310 326 1549 401 profiteri
1574 341 1725 395 ausa,
1755 326 2039 383 damnatur
2084 344 2098 379 :
2131 331 2181 391 Α
2282 326 2393 382 VII.
2439 345 2461 379 ‹
2505 326 2573 382 Et
2614 326 2658 380 si
2706 325 2826 397 quis
2877 324 3090 381 Patrem
3138 334 3194 382 et
3248 324 3433 382 Filium
3464 329 3668 388 credere
3707 351 3759 391 se

3665 217 3754 277 496

2205 422 2551 493 promittens,
2597 420 2813 478 Patrem
2862 419 3145 476 dissimilis
3171 420 3274 476 sibi
3304 424 3542 478 essentia:
3584 423 3646 498 (f)
3676 444 3757 498 [.a.

2206 525 2341 571 trem
2390 513 2554 581 dicat,
2606 513 2702 571 sed
2754 514 2947 570 similis
2975 513 3261 580 efficacius;
3293 515 3440 586 quasi
3469 516 3697 587 profanas
3718 530 3763 576 et

2206 621 2373 665 novas
2400 621 2563 664 voces
2590 615 2780 663 contra
2810 606 3098 663 essentiam
3136 605 3258 662 Filii
3305 606 3541 678 loquens,
3568 618 3619 666 et
3644 612 3761 669 inte-

2205 702 2407 758 rimens
2432 697 2509 773 (α)
2527 715 2658 756 vere
2684 699 2777 756 Dei
2805 699 2971 754 filium
2995 713 3118 756 esse
3147 717 3160 755 :
3192 698 3467 755 anathema
3488 700 3573 758 sit.
3600 720 3618 755 ι

2275 795 2366 851 20.
2412 793 2655 849 [heretici
2668 792 2844 849 dolose
2863 791 3069 848 Patrem
3088 801 3133 848 et
3158 791 3352 848 Filium
3367 794 3663 863 conﬁtentes.
3680 797 3767 852 lle-

2206 886 2455 960 felluntnr
2478 885 2674 943 Filium
2687 896 2929 959 negantes
2940 903 2971 941 a
2986 884 3145 941 Patre
3158 885 3323 941 alium
3340 883 3401 941 ob
3419 886 3770 945 similitudinem

2208 991 2424 1037 natura'.
2444 1011 2514 1021 —
2525 980 2776 1037 Confusis
2803 979 3194 1052 permixtisque
3206 978 3388 1037 verbis
3400 979 3661 1038 veritatem
3679 981 3772 1038 fre-

2205 1074 2557 1148 quentissime
2586 1072 2828 1129 lueretici
2871 1072 3121 1140 eludunt,
3152 1080 3208 1129 ct
3259 1072 3583 1130 incautorum
3629 1089 3771 1132 aures

2210 1170 2576 1227 communium
2602 1166 2990 1224 vocabulorum
3021 1183 3158 1225 sono
3199 1164 3438 1239 capiunt,
3483 1167 3679 1225 Patrem
3726 1178 3774 1227 et

2207 1261 2402 1319 Filium
2434 1262 2565 1318 solis
2591 1260 2921 1328 nominibus,
2950 1276 3057 1319 non
3084 1259 3247 1317 etiam
3270 1275 3366 1332 per
3402 1259 3667 1318 veritatem
3694 1276 3776 1316 na-

2208 1358 2398 1416 turalis
2420 1365 2477 1414 et
2503 1358 2754 1429 genuina:
2793 1358 3046 1414 essentia:
3080 1355 3433 1428 prtedicantes
3475 1373 3489 1411 :
3522 1357 3635 1427 quia
3677 1371 3780 1411 om-

2208 1451 2356 1506 nium
2384 1450 2720 1507 creationum
2760 1449 2935 1505 sciant
2958 1449 3062 1505 diei
3095 1446 3264 1505 Deum
3315 1456 3543 1519 patrem,
3574 1455 3625 1504 et
3647 1462 3779 1505 sanc-

2211 1554 2294 1602 tos
2334 1559 2580 1618 quosque
2623 1545 2922 1617 nuncupari
2965 1543 3317 1601 meminerint
3361 1542 3454 1601 Dei
3497 1542 3649 1599 filios.
3678 1543 3780 1612 Quo

2211 1640 2464 1709 exemplo
2485 1640 2703 1697 Patrem
2732 1648 2787 1696 et
2818 1637 3014 1694 Filium
3036 1637 3337 1695 secundum
3367 1637 3655 1694 communia
3680 1635 3782 1691 uni-

2141 1733 2190 1795 B
2220 1732 2494 1788 versitatis
2514 1731 2731 1788 nomina
2750 1732 3115 1798 confitentur;
3145 1739 3207 1788 ut
3232 1730 3397 1787 Pater
3434 1741 3488 1788 et
3525 1730 3683 1786 Filius
3715 1727 3784 1785 di-

2215 1835 2407 1882 cantur
2436 1824 2636 1896 potius,
2666 1840 2827 1895 quam
2865 1824 2995 1880 sint.
3027 1824 3289 1881 Dicuntur
3303 1824 3467 1890 enim,
3506 1837 3606 1879 non
3636 1823 3776 1879 etiam

2214 1927 2357 1985 sunt,
2391 1919 2434 1974 si
2483 1918 2537 1973 in
2566 1916 2650 1973 his
2679 1917 2980 1982 differentis
3026 1917 3282 1975 essentia:
3338 1916 3565 1974 discreta
3617 1927 3784 1972 natura

2213 2021 2333 2069 est:
2363 2026 2484 2068 cum
2520 2028 2626 2067 non
2658 2012 2831 2083 possit
2861 2011 3073 2083 paterni
3102 2011 3338 2067 nominis
3366 2010 3559 2067 veritas
3588 2008 3683 2065 nisi
3718 2025 3776 2064 ex

2212 2114 2419 2162 naturm
2441 2121 2552 2161 sua:
2580 2105 2839 2177 progenie
2864 2103 3089 2176 acquiri.
3119 2104 3275 2160 Pater
3294 2104 3472 2175 itaque
3496 2116 3594 2157 non
3626 2109 3788 2173 potest

2211 2199 2401 2255 alienzc
2427 2214 2455 2254 a
2484 2214 2544 2255 se
2570 2214 2633 2255 ac
2661 2197 2943 2254 dissimilis
2970 2197 3289 2252 substantia:
3331 2206 3479 2267 pater
3506 2194 3637 2259 dici;
3675 2192 3783 2264 quia

2211 2290 2462 2346 nativitas
2502 2289 2740 2361 perfecta
2793 2304 2899 2345 non
2929 2288 3123 2346 habeat
3149 2287 3500 2345 dissidentem
3532 2284 3788 2357 originalis

2210 2386 2527 2442 substantia:
2556 2385 2945 2442 diversitatem.
2969 2383 3305 2455 Repudiatur
3329 2398 3456 2455 ergo
3485 2379 3597 2437 haec
3627 2380 3787 2436 omnis

2211 2480 2482 2550 impietas,
2555 2494 2674 2550 quae
2736 2477 2954 2534 Patrem
3013 2492 3119 2534 non
3192 2475 3491 2533 seettndum
3562 2481 3785 2529 naturam

2207 2591 2359 2632 suam
2388 2572 2468 2645 (Ιι)
2494 2572 2659 2645 geniti
2689 2588 2752 2629 ex
2807 2587 2867 2628 se
2912 2572 3007 2626 filii
3060 2579 3265 2641 patrem
3315 2570 3577 2641 loquatur.
3628 2564 3790 2635 Neque

2207 2669 2350 2724 enim
2376 2684 2471 2738 per
2509 2666 2560 2722 id
2591 2674 2742 2738 pater
2772 2665 2983 2721 dicetur
3009 2664 3169 2731 Deus,
3200 2662 3247 2719 si
3270 2661 3466 2721 habeat
3492 2658 3667 2717 virtuti
3710 2665 3780 2713 at-

2204 2778 2310 2835 que
2331 2761 2585 2817 efficacia:
2611 2775 2725 2816 sum
2749 2760 2982 2816 similem
3011 2757 3347 2815 creationem
3374 2774 3389 2825 ;
3419 2754 3512 2813 sed
3534 2755 3576 2811 si
3604 2766 3785 2826 genue-

2206 2852 2275 2910 rit
2303 2871 2406 2909 non
2428 2852 2707 2909 dissimilis
2733 2862 2894 2923 atque
2912 2851 3101 2907 aliena:
3125 2866 3153 2905 a
3176 2849 3509 2906 seessentia:
3528 2855 3790 2903 naturam:

2205 2946 2331 3017 quia
2356 2945 2724 3001 diversitatem
2754 2953 2999 3015 patorum
3038 2952 3242 2999 natura:
3279 2941 3532 2998 nativitas
3559 2936 3793 2994 naturalis

2207 3056 2313 3097 non
2341 3038 2555 3111 recipit.
2575 3039 2750 3111 Atque
2776 3038 2847 3095 ob
2878 3038 2927 3094 id
2955 3037 3237 3095 anathema
3260 3047 3408 3107 sunt,
3432 3037 3518 3109 qui
3540 3031 3795 3111 5731‘s:

494 3128 713 3185 virtutis
754 3135 959 3182 naturae
994 3123 1289 3182 similitudo
1317 3122 1588 3190 succedit,
1617 3137 1739 3177 cum
1770 3121 1899 3177 dicit
1929 3139 1941 3174 :
1972 3120 2096 3177 Sic-

2211 3145 2344 3190 trem
2372 3141 2619 3190 asserant
2657 3132 2937 3188 dissimilis
2966 3130 3067 3187 sibi
3092 3138 3301 3187 natum
3331 3140 3537 3202 patrem
3564 3106 3677 3183 esse
3703 3140 3714 3177 :
3745 3106 3798 3177 ιιι

496 3232 557 3278 ut
609 3221 758 3276 habet
803 3218 961 3274 Pater
988 3220 1145 3274 vitam
1183 3218 1237 3272 in
1276 3232 1349 3283 se,
1386 3218 1459 3270 ita
1500 3225 1545 3270 et
1581 3214 1721 3270 Filio
1763 3215 1903 3270 dedit
1946 3215 2103 3269 vitam

498 3315 684 3370 habere
711 3316 765 3369 in
799 3314 1069 3385 semetipso
1102 3310 1291 3383 (Ibid.,
1312 3310 1428 3382 ‘26).
1464 3310 1522 3365 In
1553 3310 1683 3377 vita,
1708 3317 1914 3365 natura:
1939 3317 1994 3366 et
2018 3323 2105 3365 es-

510 3408 702 3466 sentia:
724 3406 1043 3477 significatio
1069 3412 1189 3461 est:
1223 3420 1342 3474 quae
1373 3403 1512 3459 sicut
1557 3402 1805 3469 habetur,
1866 3402 1937 3457 ita
1981 3402 2103 3458 data

507 3516 636 3559 esse
663 3500 887 3556 docetur
915 3498 981 3554 ad
1027 3496 1356 3553 habendum.
1390 3496 1558 3553 Tenet
1592 3511 1723 3567 ergo
1768 3496 1891 3551 vine
1920 3494 2110 3551 simili-

503 3593 637 3652 tudo
662 3592 873 3649 virtutis
897 3590 1307 3648 similitudinem
1339 3608 1352 3643 :
1377 3588 1674 3645 similitudo
1716 3588 1861 3645 enim
1892 3588 2109 3644 virtutis

500 3704 614 3746 non
647 3696 825 3761 potest
859 3701 980 3743 esse
1006 3686 1285 3742 dissimilis
1312 3694 1541 3741 παίω-ω.
1569 3686 1745 3755 Atque
1784 3684 1857 3738 ita
1886 3697 2109 3739 necesse

500 3790 609 3851 est,
654 3790 713 3837 ut
762 3779 1017 3838 essentim
1061 3777 1358 3835 similitudo
1423 3775 1639 3833 virtutis
1690 3775 2103 3832 similitudinem

505 3883 873 3948 consequatur
901 3890 916 3928 :
950 3872 1074 3944 quia
1090 3872 1233 3928 sicut
1257 3886 1320 3927 ea
1342 3885 1461 3942 qua:
1482 3869 1644 3926 Pater
1666 3867 1816 3938 facit,
1839 3868 2027 3925 eadem
2055 3876 2111 3924 ct

502 3969 677 4026 Filius
700 3968 830 4024 facit
861 3985 875 4021 :
903 3966 979 4022 ita
999 3967 1140 4022 sicut
1168 3964 1376 4020 habens
1401 3964 1563 4019 vitam
1595 3963 1776 4030 Pater,
1801 3963 1881 4019 sic
1907 3961 2111 4018 haben-

501 4061 627 4119 dam
658 4060 795 4116 Filio
816 4059 964 4115 dedit
986 4058 1170 4112 vitam.
1194 4054 1600 4111 Condemnatur
1620 4069 1751 4126 ergo
1781 4054 1961 4125 impia:
1984 4068 2109 4124 pro-

504 4154 761 4213 fessionis
785 4153 1085 4219 temeritas,
1131 4166 1252 4222 qnm
1284 4150 1500 4205 virtutis
1541 4147 1947 4204 similitudinem
1976 4162 2111 4204 con-

510 4250 694 4317 fitens,
724 4246 1220 4305 dissimilitudinem
1252 4259 1383 4300 ausa
1413 4244 1485 4299 sit
1513 4242 1813 4313 prtcdicare
1852 4252 2060 4299 naturae
2090 4258 2107 4300 :

507 4356 633 4399 cum
660 4341 973 4414 principalis
1005 4340 1119 4411 spei
1164 4346 1364 4394 nostra:
1404 4336 1538 4393 fides
1579 4337 1669 4404 sit,
1716 4337 2111 4395 indifferentem

507 4433 567 4491 in
598 4434 757 4491 Patre
783 4440 841 4491 et
861 4433 999 4490 Filio
1025 4430 1327 4488 divinitatis
1347 4428 1700 4486 substantiam
1730 4428 2001 4487 confiteri.

2207 3242 2276 3284 ex
2304 3227 2414 3283 Deo
2441 3223 2583 3281 aliud
2607 3240 2768 3296 quam
2801 3223 2948 3280 Deus
2978 3231 3137 3279 natus
3160 3223 3252 3290 sit,
3308 3231 3364 3279 et
3412 3227 3599 3293 putent
3632 3229 3796 3273 essen-

2208 3322 2335 3377 tiam
2359 3320 2534 3377 Patris
2564 3335 2596 3377 a
2624 3334 2683 3376 se
2707 3320 2759 3375 in
2791 3317 2930 3374 Filio
2959 3317 3325 3389 degenerasse
3365 3312 3644 3388 gignendo.
3675 3309 3791 3365 Per-

2207 3415 2382 3471 imunt
2419 3415 2591 3480 enim,
2623 3423 2882 3485 quantum
2914 3412 2968 3468 in
3012 3426 3076 3468 se
3105 3422 3210 3480 est,
3249 3411 3425 3482 ipsam
3471 3409 3612 3465 illam
3634 3403 3799 3460 innas-

2212 3506 2430 3564 cibilem
2461 3506 2637 3563 Patris
2665 3515 2719 3563 et
2757 3504 3199 3562 indemutabilem
3241 3502 3537 3562 essentiam
3558 3542 3573 3567 ,
3606 3500 3668 3569 (i)
3714 3493 3794 3568 qui

2215 3598 2334 3656 ausi
2364 3608 2487 3655 sunt
2518 3600 2567 3655 ei
2601 3600 2654 3654 in
2685 3596 2959 3670 Unigeniti
2984 3599 3068 3655 sui
3096 3597 3383 3653 nativitate
3422 3587 3799 3652 dissimilitudi-

2217 3706 2341 3748 nem
2372 3690 2715 3763 degenerata:
2734 3689 2985 3746 essentia:
3012 3689 3274 3745 naturalis
3304 3689 3570 3761 ingerere.

2291 3782 2423 3841 Vllf.
2459 3802 2478 3837 ι
2514 3784 2577 3839 Et
2599 3783 2643 3839 si
2671 3784 2792 3853 quis
2818 3782 3125 3855 intelligens
3150 3780 3230 3858 (j)
3261 3780 3498 3838 similem
3519 3774 3792 3836 secundum

2215 3877 2505 3935 essentiam
2534 3877 2733 3933 Filium
2783 3876 2924 3947 ejus,
2970 3876 3126 3947 cujus
3179 3884 3235 3933 et
3268 3875 3420 3933 filius
3471 3871 3801 3943 intelligitur;

2216 3971 2467 4030 eumdem
2498 3972 2687 4028 dicens
2739 3969 2935 4026 Filium
2978 3986 3136 4042 quem
3179 3969 3425 4039 Patrem,
3479 3976 3570 4025 aut
3617 3972 3802 4038 partem

2217 4064 2420 4134 Patris,
2445 4073 2537 4121 aut
2559 4080 2656 4137 per
2679 4064 3079 4121 emanationem
3110 4071 3205 4120 aut
3224 4063 3464 4137 aliquam
3488 4060 3802 4135 passionem,

2215 4156 2673 4230 quemadmodum
2737 4156 3051 4228 corporales
3114 4155 3299 4225 filios,
3382 4156 3452 4213 ab
3496 4147 3804 4224 incorporali

2215 4249 2376 4305 Patre
2406 4248 2803 4320 incorporalem
2837 4246 3035 4305 Filium
3063 4247 3453 4306 subsistentem
3479 4264 3494 4303 :
3523 4243 3799 4302 anathema

2215 4340 2308 4398 sit.
2341 4359 2361 4395 ι

2286 4432 2380 4488 2i.
2405 4431 2638 4492 Cavctur
2666 4432 2718 4491 in
2744 4434 2999 4492 omnibus
3022 4431 3309 4491 adversum
3332 4432 3664 4507 singularum
3691 4441 3804 4501 pere

584 4620 676 4747 (αέ’
701 4616 940 4700 Supple,
976 4614 1365 4699 professionem,
1422 4613 1538 4696 vel.
1562 4628 1733 4669 uocent
1773 4628 1876 4685 qua
1924 4613 2113 4673 nititur
2137 4618 2191 4680 D
2216 4617 2543 4677 damnantur
2581 4620 2672 4693 qui
2704 4620 2891 4678 volunt
2923 4620 3138 4679 Patrem
3164 4622 3389 4695 gignere
3412 4637 3477 4679 ac
3514 4631 3699 4693 parere
3722 4627 3807 4672 es-

584 4710 624 4747 m
663 4699 771 4747 tcta
798 4704 981 4747 onnno
1012 4702 1195 4747 Impia,
1222 4694 1346 4747 puta
1370 4695 1557 4739 creavit
1586 4702 1684 4740 me.
2216 4692 2447 4747 sentiam
2475 4693 2556 4747 sui
2592 4708 2699 4747 non
2740 4693 2993 4747 similem.

509 4684 771 4767 prmdicta
785 4684 1195 4767 opinio—impia,
1214 4694 1357 4767 puta
1370 4684 1557 4767 creavit
1586 4702 1684 4767 me.

586 4764 665 4838 (b)
699 4763 795 4817 Hic
820 4756 1151 4839 post-Patris
1179 4756 1568 4839 similitudinem
1602 4758 1819 4839 (μαθεὶς),
1856 4761 1987 4839 πρὸς
2022 4760 2108 4819 τὸν

510 4828 701 4909 inure»)
718 4828 1265 4909 garipaﬁpoco‘mra),
1298 4828 1655 4909 supplendum
1684 4830 1787 4909 sibi
1796 4828 1926 4909 esse:

589 4907 667 4978 (c)
707 4901 915 4961 Clarius
947 4901 1047 4978 hoc
1070 4902 1139 4955 ita
1182 4904 1553 4978 enuntiaretur
1587 4901 1982 4978 :__similitudine
2018 4921 2114 4958 au—

511 4971 613 5033 tem
624 4971 778 5047 juxta
800 4973 1091 5047 essentiam,
1114 4972 1250 5042 quod
1270 4982 1344 5047 est
1371 4971 1879 5047 principalissimum,
1906 4986 2010 5031 etc.

590 5043 831 5121 (ἄλει,
864 5045 1005 5106 Mir.,
1031 5043 1177 5117 Lips.
1207 5054 1261 5098 ct
1281 5043 1428 5108 Palu,
1471 5044 1769 5121 cognatione
1816 5062 1835 5121 _:
1878 5047 2037 5121 male,
2061 5055 2121 5102 ut

513 5115 858 5190 perspicuum
885 5126 966 5190 est
990 5115 1056 5168 ex
1082 5128 1258 5190 grteco
1286 5128 1558 5190 sermone,
1591 5117 1659 5190 ὡς
1685 5115 1859 5173 ἑαυτὸν
1895 5118 2121 5175 ἀποστε-

513 5185 616 5269 per.»
640 5185 734 5250 ’ἑῆς
763 5190 812 5242 ἐν
826 5189 1019 5269 γνώσει
1039 5187 1233 5269 pavper
1248 5185 1474 5269 θεαςςῐῖοῦ
1504 5188 1707 5241 αἰωνίου
1738 5192 1873 5252 ζωῆς
1914 5206 1927 5242 :
1955 5206 2119 5269 quem

514 5256 698 5318 ininus
717 5256 939 5315 confuse
960 5256 1190 5312 reddere
1218 5256 1297 5311 sic
1324 5257 1507 5329 liceret
1525 5271 1551 5329 ;7
1570 5267 1831 5329 tamquam
1868 5276 1922 5314 se
1948 5256 2119 5329 ipsum

510 5333 762 5404 fraudans
791 5331 893 5404 vita
924 5339 1132 5404 aeterna,
1164 5343 1280 5404 ante
1325 5327 1377 5380 in
1405 5328 1692 5404 segnitione
1732 5328 1907 5385 Patris
1936 5327 1981 5386 et
2008 5331 2108 5387 Fi-

515 5399 573 5457 lii
596 5405 694 5458 sita
715 5411 810 5465 cst,
840 5403 988 5470 juxta
1010 5400 1171 5454 verba
1199 5399 1356 5453 Joan.
1380 5414 1508 5470 xvu,
1554 5401 1606 5453 5.

583 5474 655 5613 ξε)
698 5469 862 5537 Editi,
892 5472 1095 5524 virtutis
1123 5485 1269 5524 sum:
1298 5469 1575 5525 mendose.

615 5544 667 5613 f)
712 5544 851 5600 Editi
874 5543 960 5597 hic
986 5558 1092 5596 non
1113 5548 1364 5611 repetunt
1389 5551 1575 5612 patrem

615 5544 667 5614 f)
712 5544 851 5600 Editi
874 5543 1092 5615 hicinun
1113 5548 1364 5615 repetunt
1389 5551 1628 5612 patrem:
1665 5552 1913 5615 eruantea
1958 5543 2108 5615 Lips.

513 5624 568 5671 ct
602 5616 719 5669 Par.
765 5613 1082 5671 vocabulum
1112 5613 1211 5667 sibi
1245 5623 1683 5684 suppresserunt.
1718 5613 2114 5672 Restaurantnr

508 5699 613 5761 ope
644 5699 776 5761 mss.
806 5694 859 5741 et
887 5699 954 5739 ex
981 5686 1336 5761 gf"£CO,___rtiv
1360 5687 1577 5761 inrigat
1621 5691 1692 5759 μή
1725 5688 1900 5761 οὐςίας
1935 5688 2113 5761 iaciat;

508 5760 672 5817 αὐτοῦ
724 5756 859 5833 λέγοι
906 5756 1127 5832 πατέρα,
1173 5755 1301 5815 ἀλλὰ
1352 5755 1655 5835 fumi-iac:
1700 5757 1897 5829 quibus
1936 5755 2115 5816 verbis

2216 4692 2447 4747 sentiam
2475 4693 2556 4747 sui
2592 4692 2699 4749 non
2740 4693 2993 4749 similem.

2239 4830 2264 4856 ν
2287 4762 2517 4856 (gl‘Siﬁ
2542 4781 2671 4856 mss.
2726 4767 3100 4856 consentiente
3149 4780 3362 4856 grrec‘o,
3525 4763 3731 4842 ἁναίρων
3754 4755 3809 4815 τὸ

2215 4835 2343 4891 εἶναι
2363 4836 2554 4899 ἀληθῶς
2574 4835 2707 4894 Υῖόν.
2736 4839 2806 4893 At
2832 4839 3036 4905 excusi,
3064 4835 3241 4893 verum
3266 4837 3362 4894 Dei
3391 4836 3442 4891 F
3444 4836 3606 4892 ilium.

2289 4929 2372 5005 (ρ)
2406 4930 2521 5005 [ἐτη
2552 4929 2698 5005 Lips.
2730 4939 2785 5005 et
2807 4931 2956 4998 Par.,
2979 4932 3237 5005 genitique
3257 4948 3321 4988 ea:
3352 4948 3408 5005 se
3442 4947 3462 4986 :
3491 4931 3809 5005 castigantur

2220 5015 2285 5056 ex
2316 5001 2447 5056 Bad.
2470 5013 2524 5056 ct
2552 5003 2851 5072 potioribus
2873 5001 3002 5058 mss'.
3031 5001 3159 5058 Mos
3176 5004 3457 5062 vocabulis
3478 5001 3618 5058 Deus
3642 5001 3696 5072 et
3723 5014 3810 5068 pa-

2224 5082 2303 5153 ter
2327 5074 2445 5128 loco
2470 5070 2712 5153 mutatis,
2742 5075 2939 5153 clarior
2959 5074 3039 5131 sic
3055 5074 3368 5153 efficeretur
3394 5076 3570 5132 oratio
3598 5090 3611 5127 :
3639 5070 3807 5140 Neque

2221 5143 2357 5198 enim
2381 5160 2471 5213 per
2490 5144 2544 5197 id
2571 5143 2712 5200 Deus
2732 5146 2930 5200 dicetur
2952 5156 3117 5216 pater,
3145 5148 3213 5215 si,
3244 5156 3351 5204 etc.

2262 5236 2355 5321 ,_(_i)
2386 5237 2476 5321 Sic
2511 5239 2826 5321 organum
2857 5255 3012 5309 vero,
3043 5243 3164 5315 quia
3203 5248 3315 5300 ausi
3363 5251 3490 5300 sunt
3540 5241 3593 5295 in
3639 5237 3809 5308 unige-

2219 5317 2313 5363 nitt‘
2335 5317 2414 5363 sui
2438 5317 2769 5366 nativitatem.

2293 5400 2574 5484 milibus
2622 5402 2851 5484 obscura
2887 5417 3047 5463 erunt
3101 5407 3219 5484 hmo
3247 5408 3317 5464 ita
3364 5406 3659 5484 ordinata;
3689 5396 3815 5484 [Etsi

2217 5471 2667 5545 quisintelligens
2698 5474 2897 5531 Filium
2954 5481 3233 5536 secundum
3277 5480 3550 5536 essentiam
3604 5471 3812 5545 similem

2217 5547 2357 5671 εζξιδ,
2389 5542 2562 5616 cujus'
2580 5554 2629 5601 et
2676 5546 2820 5618 filius
2876 5550 3229 5634 intelligitur;
3272 5560 3360 5605 aut
3402 5548 3637 5605 eumdem
3684 5542 3814 5597 άὶωι

2219 5618 2238 5671 ι
2298 5615 2428 5671 τίοι).
2469 5626 2558 5671 aut
2588 5627 2785 5671 nartem
2812 5616 3013 5671 Patris-
3039 5623 3127 5671 ubi
3178 5625 3229 5671 in
3278 5622 3511 5671 vulgatis
3541 5614 3810 5671 mendose.

2219 5614 2428 5690 (λέγοι),
2447 5614 2558 5673 Vaut
2578 5614 2785 5694 Partem
2800 5616 3014 5694 fatris,
3039 5614 3128 5679 ubi
3178 5614 3230 5679 in
3278 5614 3810 5694 vulgatis_mendose._

2219 5698 2310 5742 aut
2332 5696 2529 5772 patrem
2554 5690 2765 5772 Patris.
2799 5690 2934 5747 Tum
2977 5690 3029 5749 in
3058 5709 3192 5752 mss.
3222 5690 3400 5772 Colb;
3414 5701 3470 5749 et
3498 5691 3706 5758 Germ,
3732 5690 3811 5739 In“

2220 5774 2310 5833 per
2334 5761 2749 5832 emuttiationem,
2786 5778 2891 5821 non
2921 5774 3013 5820 aut
3057 5782 3148 5840 per
3175 5766 3572 5824 emanationem.

3902 5378 3927 5407 Ι
