4106 6192
321 309 420 368 497

1076 311 1279 369 LIBER
1331 312 1420 369 DE
1464 309 1779 382 SYNODIS,
1811 313 1946 374 SEU
1987 316 2076 375 DE
2115 318 2273 376 FIDE
2311 319 2811 382 ORIENTAIJUM.

3514 335 3622 393 498

319 427 628 484 rersitatnm
652 425 803 493 vitia,
838 441 1013 497 neque
1065 428 1281 483 occasio
1331 428 1535 484 fraudis
1577 428 1906 485 admittitur.
1936 434 1991 494 Α
2082 431 2176 489 25.
2229 431 2398 499 Quam
2443 447 2590 493 caute
2643 440 2762 496 dua:
2803 442 3020 498 Iuereses
3071 455 3250 500 contra
3303 445 3402 502 Dei
3452 448 3621 518 [ilium

317 523 503 580 Plures
525 523 672 578 enim
703 521 1081 579 hrcreticorum
1114 523 1317 579 idcirco
1344 523 1574 579 similem
1616 523 1912 579 secundum

311 618 647 676 divinitatem
672 631 797 673 esse
851 617 994 673 Patri
1023 617 1220 673 Filium
1250 618 1455 683 dicunt,
1506 624 1568 673 ut
1593 631 1690 689 per
1718 616 1914 673 simili-

312 711 512 768 tudinis
558 711 947 782 proprietatem
997 711 1251 768 eumdem
1306 711 1519 768 Patrem
1575 725 1698 768 esse
1750 727 1911 783 quem

308 805 500 861 Filium
547 804 873 860 conﬁrment
910 822 925 860 :
956 804 1080 874 quia
1132 803 1422 859 indiscreta
1483 803 1782 860 similitudo
1811 804 1911 860 ad—

308 900 523 956 mittere
565 897 816 955 videatur
876 897 1022 953 unici
1065 912 1130 954 ac
1178 897 1469 968 singularis
1540 898 1905 954 occasionem.

304 992 457 1064 Quod
495 990 642 1048 enim
673 1006 781 1048 non
825 991 1078 1049 dissentit
1125 991 1178 1047 in
1226 1006 1446 1063 genere.
1501 992 1553 1047 id
1594 991 1807 1048 videtur
1851 993 1906 1049 in

303 1086 501 1142 unione
531 1099 756 1142 manere
783 1094 1012 1141 natura.

369 1180 464 1235 ἥ.
498 1178 674 1235 Filius
704 1196 763 1235 eo
813 1180 954 1253 quod
982 1188 1153 1246 natus,
1187 1196 1282 1234 nec
1317 1180 1428 1250 ipse
1469 1180 1557 1247 qui
1585 1177 1766 1246 Pater,
1813 1195 1906 1234 nec

299 1272 445 1329 aliud
491 1289 651 1345 quam
690 1272 870 1329 Pater.
903 1271 1103 1328 Filium
1128 1289 1160 1326 a
1199 1272 1360 1328 Patre
1399 1273 1546 1327 aliud
1566 1274 1808 1337 volentes,
1841 1273 1903 1327 ob

230 1426 237 1433 ,
306 1367 688 1423 distinctionem
731 1382 982 1439 persona.
1004 1398 1078 1410 —-
1098 1366 1206 1424 Sed
1240 1365 1494 1422 nativitas
1536 1381 1645 1421 non
1670 1363 1906 1421 admittit

296 1461 438 1515 hanc
478 1458 760 1528 fabulam;
802 1458 928 1529 quia
983 1459 1114 1515 unio
1166 1473 1273 1515 non
1322 1457 1489 1514 habet
1539 1456 1900 1512 nativitatem.

295 1550 453 1620 Quod
480 1551 629 1606 enim
668 1560 857 1607 natum
886 1558 991 1617 est,
1009 1549 1173 1606 habet
1196 1550 1500 1605 nativitatis
1528 1563 1642 1604 suae
1669 1558 1897 1620 patrem.

292 1643 484 1716 Neque
512 1643 637 1717 quia
663 1643 958 1700 indiscreta
988 1652 1072 1699 est
1104 1643 1376 1698 nascentis
1403 1658 1435 1698 a
1475 1643 1728 1714 gignente
1756 1640 1897 1697 divi-

292 1739 458 1804 nitas,
484 1736 608 1793 ideo
629 1737 745 1808 ipse
770 1747 855 1793 est
874 1746 930 1793 et
950 1743 1240 1808 generator
1268 1743 1324 1792 et
1346 1736 1560 1807 genitus
1587 1751 1603 1801 ;
1635 1749 1758 1790 cum
1788 1747 1897 1789 non

2019 539 2390 598 peremptie.—
2404 530 2613 588 Dictum
2643 533 2710 589 ad
2736 537 3024 605 Apostolos
3046 530 3261 594 Domini
3286 549 3408 596 est;
3438 538 3620 598 Estote

2017 622 2293 691 prudentes
2320 635 2377 679 ut
2415 638 2533 681 sunt
2584 639 2862 700 serpentes,
2896 641 2943 686 et
2986 633 3243 705 simplices
3285 645 3341 691 ut
3370 638 3620 694 columba:

2019 711 2259 785 (Malus,
2291 716 2477 790 x,16).
2521 719 2626 775 Per
2655 722 2798 792 quod
2827 723 3207 782 dissidentium
3234 742 3263 782 a
3286 744 3346 784 se
3373 732 3621 787 animan-

2014 807 2146 862 tium
2181 810 2357 866 inesse
2407 812 2563 868 nobis
2614 816 2787 869 voluit
2837 827 3088 873 naturam
3118 835 3132 872 :
3167 819 3263 875 sed
3288 821 3380 889 ita,
3411 832 3472 878 ut
3501 838 3619 880 ser-

2015 901 2288 970 pentinam
2336 906 2677 974 prudentiam
2721 908 2985 966 columbae
3039 911 3357 983 simplicitas
3405 925 3617 987 tempe-

2011 1001 2176 1060 raret,
2207 1004 2262 1050 et
2315 995 2720 1068 simplicitatem
2768 1000 3035 1057 columba:
3064 1003 3349 1075 prudentia
3390 1023 3618 1080 serpen-

2011 1084 2079 1140 tis
2120 1086 2414 1143 instrueret
2443 1105 2458 1155 ;
2498 1091 2757 1162 ﬁeretque
2780 1103 2834 1149 et
2863 1094 3092 1165 simplex
3131 1096 3418 1167 sapientia,
3451 1109 3508 1154 et
3530 1114 3621 1156 sa-

2009 1178 2165 1248 piens
2212 1179 2574 1250 simplicitas:
2606 1183 2749 1254 quod
2804 1195 3131 1258 praeceptum
3185 1187 3239 1243 in
3279 1188 3441 1260 hujus
3483 1190 3615 1248 ﬁdei

2008 1275 2344 1344 expositione
2370 1286 2642 1333 servatum
2672 1287 2776 1335 est.
2819 1280 3062 1353 Namque
3087 1298 3207 1338 cum
3234 1288 3502 1357 superior,
3533 1286 3606 1343 de

2005 1381 2113 1438 qua
2139 1367 2305 1423 locuti
2336 1382 2547 1438 sumus,
2579 1373 2854 1427 sententia
2892 1372 2946 1429 id
3000 1376 3256 1443 cavisset,
3288 1394 3377 1443 ne,
3412 1395 3507 1449 per
3535 1382 3615 1437 si-

2004 1459 2367 1520 militudinem
2394 1462 2670 1530 essentim,
2694 1466 3000 1535 personalis
3024 1467 3152 1522 unio
3184 1469 3610 1539 praedicaretur;

2007 1566 2181 1624 neque
2211 1563 2270 1608 ut
2299 1562 2508 1611 natura:
2548 1555 2912 1613 indifferentia
2945 1559 3239 1629 perimeret
3266 1561 3388 1617 Filii
3419 1564 3617 1623 nativi~

2004 1646 2166 1699 tatem
2201 1653 2301 1709 ;et
2352 1660 2491 1700 unus
2530 1660 2594 1701 ac
2639 1649 2914 1703 solitarius
2962 1651 3117 1706 nobis
3148 1663 3294 1708 esset
3326 1655 3378 1708 in
3426 1669 3610 1721 sensu,

2001 1739 2126 1810 quia
2152 1740 2291 1795 alter
2319 1739 2388 1794 ab
2417 1740 2588 1796 altero
2610 1757 2717 1796 non
2741 1742 2986 1799 differret
3015 1744 3065 1797 in
3093 1760 3293 1815 genere
3318 1765 3332 1801 :
3360 1746 3456 1802 sed
3484 1762 3616 1803 con-

290 1832 466 1904 possit
496 1830 600 1886 nisi
654 1830 793 1885 alius
821 1839 986 1901 atque
1014 1831 1152 1885 alius
1183 1844 1304 1887 esse
1325 1839 1381 1885 et
1425 1843 1692 1900 generans
1720 1836 1775 1883 et
1796 1842 1893 1882 na-
1925 1838 1974 1898 B
2000 1834 2246 1903 sequenti
2282 1835 2551 1889 sententia
2593 1834 2668 1889 illi
2716 1835 3016 1905 prudentiae
3043 1839 3333 1909 serpentis,
3364 1841 3450 1894 cui
3476 1854 3613 1896 con-

292 1934 394 1990 tus,
431 1938 614 1996 neque
641 1939 857 1980 rursum
891 1922 973 1996 (a)
1005 1922 1289 1980 dissimilis
1309 1938 1433 1980 esse
1459 1927 1631 1994 possit
1653 1930 1811 1977 natus
1838 1930 1893 1977 et

287 2032 581 2088 generans.
613 2016 919 2073 Anathema
955 2032 1085 2088 ergo
1111 2026 1218 2084 est,
1246 2018 1339 2088 qui
1378 2017 1431 2072 in
1466 2017 1626 2072 Patre
1665 2025 1722 2070 et
1750 2013 1892 2070 Filio

288 2120 499 2166 natura:
541 2109 950 2167 similitudinem
1006 2110 1073 2166 ad
1104 2110 1427 2167 abolendam
1458 2109 1585 2166 Filii
1632 2122 1893 2180 persona-

286 2205 388 2262 lem
438 2206 860 2277 signiﬁcantiam
912 2205 1429 2278 prtedicabit:quia
1478 2219 1602 2261 cum
1659 2204 1716 2259 in
1743 2203 1891 2260 nullo

285 2304 503 2362 differat
522 2319 614 2360 res
642 2319 673 2359 a
700 2318 762 2359 re
787 2318 885 2374 per
926 2310 1165 2357 mutuam
1207 2300 1662 2366 similitudinem;
1690 2298 1887 2355 simili-

287 2398 411 2454 tudo
439 2406 627 2453 tamen
659 2397 797 2468 ipsa,
830 2411 936 2452 non
968 2395 1241 2466 recipiens
1280 2394 1554 2463 unionem,
1599 2393 1813 2449 Patrem
1835 2402 1892 2450 et

285 2494 482 2551 Filium
512 2507 610 2564 per
639 2492 717 2559 id,
760 2491 903 2564 quod
934 2490 1102 2547 Filius
1146 2489 1550 2547 indemutabilis
1593 2487 1890 2545 similitudo

286 2590 458 2647 Patris
486 2597 596 2655 est,
624 2587 937 2644 conﬁtetur.
976 2586 1092 2643 Non
1121 2587 1267 2642 enim
1299 2594 1393 2641 aut
1440 2599 1566 2657 pars
1590 2594 1674 2641 est
1717 2582 1890 2640 Filius

285 2681 478 2749 Patris,
505 2687 571 2736 ut
599 2693 740 2735 unus
766 2678 874 2735 dici
916 2678 1088 2750 possit
1117 2688 1170 2733 et
1201 2687 1359 2733 natus
1387 2686 1441 2734 et
1462 2689 1751 2748 generans.
1784 2674 1890 2731 Ne-

282 2793 383 2850 que
397 2777 683 2833 emanatio
706 2783 815 2841 est,
838 2784 897 2830 ut
922 2773 1221 2830 continenti
1251 2772 1397 2828 fluxu
1427 2787 1523 2843 per
1551 2770 1887 2841 corporalem

281 2878 335 2927 et
379 2868 720 2925 individuum
751 2882 1072 2940 procursum
1111 2866 1255 2923 idem
1296 2867 1412 2936 ipse
1440 2864 1619 2920 fluxus
1643 2871 1888 2918 retentus

282 2963 333 3019 in
377 2962 620 3035 origine,
647 2961 925 3036 (b)ipsum
968 2961 1071 3017 sibi
1100 2963 1172 3016 sit
1218 2961 1362 3016 serie
1393 2968 1555 3029 atque
1597 2964 1769 3011 tractu
1798 2970 1889 3011 co-

282 3054 507 3111 haerenti
531 3055 685 3126 origo
707 3053 848 3125 quod
878 3054 1073 3109 ﬂuxus.
1099 3052 1209 3109 Sed
1241 3050 1476 3122 perfecta
1501 3047 1756 3105 nativitas
1781 3057 1885 3114 est,

280 3157 333 3206 et
355 3165 487 3206 cum
548 3159 755 3205 natura:
807 3147 1162 3205 similitudine
1189 3161 1418 3203 manens
1447 3161 1460 3200 :
1488 3161 1596 3202 non
1622 3152 1887 3215 conceptu

1972 1925 2214 1996 aligurari
2270 1941 2392 1981 cum
2422 1927 2690 1982 Columba).
2740 1929 3088 2000 simplicitate
3113 1932 3481 2002 praecipimur,
3515 1948 3612 2004 per

1995 2016 2300 2088 simplicem
2346 2027 2507 2090 atque
2570 2021 2925 2089 apostolicam
2985 2023 3329 2092 prudentiam
3393 2040 3610 2082 rursum

1995 2123 2275 2166 occursum
2317 2118 2401 2167 est
2428 2128 2443 2177 ;
2471 2125 2537 2167 ne
2566 2111 2707 2168 forte
2739 2128 2835 2182 per
2867 2113 2943 2181 id,
2980 2116 3123 2184 quod
3157 2117 3459 2186 personalis
3481 2119 3609 2175 uuio

1993 2218 2100 2260 non
2134 2207 2490 2273 reciperetur,
2537 2206 2663 2276 quia
2692 2206 2829 2261 alius
2868 2208 2938 2261 sit
2958 2207 3140 2276 Pater,
3167 2195 3303 2265 alius
3333 2221 3389 2267 et
3412 2209 3605 2283 Filius,

1993 2296 2308 2368 praedicatio
2327 2298 2524 2355 iterum
2552 2300 2832 2357 dissimilis
2861 2312 3071 2359 natura:
3094 2307 3265 2375 possit
3292 2306 3558 2378 obrepere
3583 2328 3597 2364 :

1993 2404 2064 2446 ne
2086 2405 2208 2446 cum
2233 2390 2374 2447 alius
2397 2395 2592 2465 estqui
2615 2394 2845 2462 miserit,
2872 2406 2926 2452 et
2947 2398 3082 2452 alius
3099 2400 3281 2471 estqui
3300 2402 3497 2457 missus
3524 2413 3608 2459 cst

1992 2482 2139 2554 (quia
2170 2497 2278 2538 non
2331 2498 2471 2540 unus
2514 2494 2597 2540 est
2643 2487 2843 2543 missus
2864 2497 2921 2545 et
2964 2492 3229 2563 mittens),
3259 2492 3512 2549 discretae
3539 2509 3603 2551 ac

1991 2576 2270 2633 dissimilis
2308 2589 2517 2634 natura:
2546 2580 2990 2638 existimarentur
3017 2599 3140 2640 esse
3166 2585 3365 2642 missus
3382 2596 3437 2643 et
3476 2589 3601 2643 mit—
3698 2564 3705 2569 θ

1991 2678 2280 2738 tens,cum
2325 2672 2555 2729 diversae
2586 2676 2837 2730 essentia:
2882 2692 3004 2733 esse
3046 2693 3153 2734 non
3200 2680 3415 2750 possint
3444 2689 3604 2738 natus

1990 2771 2047 2818 et
2091 2766 2335 2835 gignens.
2389 2764 2676 2822 Retinetur
2702 2767 2887 2839 itaque
2929 2769 2984 2825 in
3038 2771 3199 2828 Patre
3230 2780 3286 2828 et
3333 2773 3473 2830 Filio
3499 2790 3599 2830 na-

1988 2866 2124 2911 tura:
2167 2856 2523 2914 indifferentis
2568 2859 2866 2917 similitudo
2908 2878 3005 2933 per
3038 2866 3291 2921 essentia:
3337 2868 3596 2924 nativita-

1992 2957 2099 3004 tem
2134 2968 2146 3003 :
2181 2964 2287 3005 non
2333 2962 2513 3008 tamen
2562 2952 2815 3009 damnum
2864 2972 3113 3026 personae
3163 2960 3340 3027 affert,
3369 2971 3430 3017 ut
3456 2978 3598 3020 unus

1990 3042 2064 3098 sit
2089 3043 2287 3099 missus
2304 3052 2360 3100 et
2390 3046 2631 3112 mittens,
2664 3047 2963 3104 similitudo
3009 3059 3237 3107 naturae.
3266 3052 3454 3124 Neque
3480 3070 3602 3111 rur-

1990 3148 2111 3191 sum
2142 3136 2196 3190 iu
2253 3152 2501 3206 persona:
2559 3142 2914 3210 pr0prietatc,
2943 3156 3067 3197 cum
3126 3159 3234 3199 non
3265 3150 3437 3216 possit
3484 3149 3604 3218 ipse

280 3252 331 3300 ει
356 3253 520 3315 parm
547 3242 820 3315 corpora“
868 3242 1228 3315 οοτροηιίιεπ-
1255 3240 1527 3304 incohata,
1559 3238 1655 3295 sed
1695 3252 1890 3293 secun.
1915 3243 1961 3305 ο
1992 3228 2093 3285 sibi
2124 3244 2265 3285 unus
2291 3238 2347 3285 et
2371 3229 2512 3287 ﬁlius
2561 3240 2618 3289 et
2668 3233 2830 3291 Pater
2857 3235 2985 3303 dici,
3017 3236 3258 3293 aufertur
3298 3240 3602 3296 similitudo

281 3338 401 3395 dum
464 3338 712 3409 ejusdem
780 3346 988 3394 natura:
1062 3335 1468 3393 similitudinem
1527 3331 1884 3405 incorporalis

281 3430 438 3506 E75
464 3430 643 3488 Filius
670 3447 737 3488 ex
764 3431 1088 3504 incorporali
1106 3431 1266 3487 Patre
1291 3429 1609 3486 subsistens.

347 3527 439 3584 IX.
484 3545 505 3581 ι
548 3525 615 3583 Et
646 3526 691 3582 si
717 3527 858 3599 quis,
891 3535 1175 3599 propterea
1202 3525 1344 3598 quod
1394 3538 1685 3595 numquam
1724 3522 1886 3579 Pater

283 3620 444 3677 Filius
482 3620 824 3692 intelligitur,
847 3632 898 3677 et
928 3620 1072 3693 quod
1097 3620 1267 3677 Filius
1298 3634 1588 3689 numquam
1612 3617 1774 3673 Pater
1801 3616 1886 3671 in-

281 3714 546 3786 telligilur
582 3756 598 3781 ,
650 3714 815 3770 alium
870 3715 1059 3771 dicens
1132 3713 1325 3769 Filium
1393 3722 1590 3783 praeter
1644 3709 1880 3777 Patrem,

284 3819 574 3880 pr0pterea
624 3807 765 3879 quod
788 3807 928 3864 alius
967 3809 1036 3863 sit
1078 3809 1258 3869 Pater,
1291 3805 1428 3860 alius
1477 3806 1548 3859 sit
1590 3804 1782 3869 Filius,
1810 3817 1890 3857 se-

284 3902 514 3957 cundum
550 3899 698 3972 quod
754 3900 956 3956 dictum
988 3908 1072 3956 est
1101 3943 1116 3967 ,
1150 3899 1300 3953 Alius
1326 3908 1400 3954 est
1426 3897 1514 3967 qui
1543 3896 1887 3951 testimonium

287 3993 508 4063 perhibet
549 3994 622 4064 (ε)
667 3994 813 4059 mihi,
856 3995 943 4065 qui
972 4009 1053 4048 me
1082 3995 1220 4048 misit
1244 3991 1401 4046 Pater
1429 3990 1635 4063 (Joan.,
1663 4006 1718 4055 γ,
1751 3989 1843 4060 3'2)
1868 4007 1882 4043 :

286 4086 357 4160 (ό)
405 4098 639 4161 propter
685 4088 1024 4159 hanc‘piam
1073 4091 1125 4143 in
1181 4087 1422 4142 Ecclesia
1479 4083 1880 4154 intelligendam

287 4183 671 4253 proprietatem
729 4198 975 4253 persona:
1027 4183 1202 4238 Patris
1253 4190 1306 4236 et
1364 4180 1530 4246 Filii,
1578 4176 1771 4233 timens
1816 4192 1886 4232 ne

286 4277 494 4345 quando
519 4276 664 4331 idem
696 4276 1030 4347 intelligatur
1056 4274 1228 4330 Filius
1258 4285 1306 4329 ct
1339 4274 1520 4340 Pater,
1553 4271 1787 4328 similem
1814 4269 1885 4342 (ε)

289 4383 387 4426 non
432 4372 585 4429 dicat
627 4371 788 4428 etiam
838 4371 987 4444 juxta
1018 4370 1311 4427 essentiam
1371 4368 1557 4424 Patri:
1599 4364 1887 4423 anathema

288 4463 372 4520 sit.
425 4486 446 4520 ο
1314 4466 1319 4472 ’

1992 3332 2217 3380 naturae.
2265 3324 2440 3396 Atque
2487 3325 2557 3380 ita
2588 3334 2644 3382 et
2667 3328 2965 3385 nativitatis
3007 3330 3210 3387 veritas
3250 3331 3316 3387 ad
3348 3334 3601 3390 similitu-

1990 3416 2173 3474 dinem
2202 3416 2414 3487 proﬁcit
2441 3417 2719 3485 essentia},
2762 3427 2819 3475 et
2846 3421 3143 3478 similitudo
3185 3425 3440 3479 essentite
3491 3440 3599 3481 non

1994 3506 2076 3580 (Ι)
2125 3507 2326 3563 amittit
2367 3509 2663 3565 nativitatis
2709 3513 3047 3580 personalem
3078 3514 3383 3571 veritatem.
3412 3516 3600 3587 Neque

1993 3612 2207 3657 rursum
2237 3600 2503 3672 professio
2523 3602 2789 3674 gignentis
2812 3612 2867 3660 et
2893 3606 3060 3675 geniti
3102 3606 3266 3681 475
3284 3610 3599 3667 similitudi-

1996 3711 2118 3753 nem
2147 3696 2384 3753 excludit
2404 3698 2696 3765 essentiae;
2729 3699 2850 3767 quia
2884 3715 3007 3755 cum
3046 3702 3275 3773 gignens
3302 3714 3356 3758 et
3381 3706 3596 3774 genitus

1993 3804 2131 3845 unus
2161 3802 2281 3846 esse
2310 3804 2417 3845 non
2443 3790 2633 3860 possit,
2661 3805 2769 3846 non
2800 3799 2977 3847 tamen
3000 3792 3233 3849 diversa:
3262 3803 3469 3851 naturae
3486 3796 3598 3853 sint
3632 3806 3652 3850 ›

1992 3889 2149 3937 natus
2172 3891 2224 3937 οι
2267 3896 2462 3953 genera
2470 3896 2554 3936 IIS.

2062 3984 2132 4039 Χ.
2167 4003 2187 4037 ‹
2237 3983 2306 4039 Ει
2352 3984 2398 4039 si
2452 3983 2574 4053 quis
2619 3983 2674 4039 in
2725 3984 2905 4056 aliquo
2944 3994 3188 4057 tempore
3256 3998 3463 4059 patrem
3515 3992 3597 4064 (g)

1994 4079 2162 4135 Deum
2200 4078 2460 4151 unigeniti
2510 4077 2607 4133 ﬁlii
2636 4078 2920 4150 intelligat,
2949 4089 3005 4137 et
3034 4097 3139 4137 non
3163 4097 3329 4154 super
3355 4094 3599 4157 tempora

1996 4180 2056 4228 et
2084 4186 2250 4242 super
2280 4186 2499 4227 omnem
2544 4171 2833 4227 humanam
2863 4172 3277 4231 aestimationem
3314 4176 3393 4250 (It)
3419 4179 3608 4251 unige-

1994 4268 2173 4325 nitum
2202 4268 2370 4323 ﬁlium
2397 4268 2517 4324 sine
2541 4266 2790 4337 passione
2830 4268 3112 4326 exstitisse
3143 4286 3157 4324 :
3183 4268 3336 4342 quasi
3380 4282 3606 4343 prseter-

1994 4365 2247 4438 grediens
2276 4364 2640 4437 evangelicam
2670 4363 3127 4434 praedicationem,
3181 4382 3303 4438 quae
3352 4367 3416 4442 (i)
3468 4379 3608 4426 tem-

1998 4473 2192 4531 porum
2220 4457 2439 4530 quidem
2490 4456 2949 4530 intereapedinem
2976 4458 3047 4516 de
3071 4458 3231 4518 Patre
3256 4470 3313 4518 et
3340 4461 3481 4520 Filio
3510 4463 3607 4520 ad-

353 4630 431 4705 (α)
458 4634 520 4690 In
547 4647 689 4713 mss.‘
726 4631 1051 4713 iridissiiitilis
1079 4648 1097 4687 :
1130 4628 1429 4713 acﬁdeiude
1460 4629 1513 4684 in
1554 4626 1675 4713 solo
1714 4626 1895 4713 Vatia.

2001 4628 2130 4689 σεϐῆ
2153 4631 2207 4713 ἓν
2227 4636 2290 4713 τῇ
2311 4628 2581 4713 Ἐκῖςληρ-ἰᾳ
2598 4632 2870 4713 νοουμένην
2896 4632 3123 4694 ἰδιότητα
3146 4642 3264 4713 ⁵τῶν
3284 4636 3600 4713 προσῲπων,

288 4699 388 4759 me
411 4699 518 4762 non
547 4704 728 4774 possit.
761 4703 877 4758 .Iam
906 4719 1090 4773 supra,
1117 4719 1171 4758 n.
1202 4702 1295 4772 20,
1339 4715 1452 4771 pro,
1487 4699 1578 4754 sed
1599 4699 1899 4774 sigeuuerit

288 4791 392 4854 non
414 4770 711 4854 dissimilis,
761 4778 826 4854 ἰῐιΔ
845 4770 1098 4854 omnibus
1126 4770 1303 4854 βιζορεξΔ
1338 4770 1469 4854 mss:
1494 4770 1898 4854 exstaliat,_uo.n

285 4846 614 4919 indissimilis
634 4865 791 4919 :qum
815 4848 998 4907 lectio.
1025 4843 1152 4902 licet
1175 4845 1398 4919 forsitan
1420 4843 1705 4919 sincerior,
1735 4851 1794 4895 ut
1825 4843 1896 4897 sit

285 4918 614 4976 indissimilis
636 4914 789 4991 quasi
829 4917 1491 4991 intrinsecusdissimilis,a
1525 4914 1681 4969 nobis
1712 4923 1894 4968 tamen

287 5005 391 5046 non
424 5004 735 5058 revocatur,
764 5007 834 5047 ne
860 4990 1073 5045 errandi
1114 4990 1184 5043 sit
1212 4990 1443 5045 occasio.

366 5065 442 5145 (ἃ)
476 5061 1134 5145 Vetiistior_codex_§olb.
1174 5061 1334 5145 ipsud
1354 5078 1381 5145 :7
1394 5073 1520 5144 qum
1547 5073 1651 5142 _vox
1672 5071 1891 5145 rursum

284 5130 447 5204 intra,
494 5153 647 5193 num.
693 5135 788 5204 25,
820 5144 873 5191 et
925 5133 1051 5189 alibi
1090 5130 1278 5188 eadem
1308 5133 1517 5188 ratione
1548 5130 1600 5184 in
1627 5144 1694 5184 eo
1723 5143 1899 5184 enun-

288 5224 526 5359 ngln
558 5293 669 5359 uno
704 5294 806 5334 ms.
834 5277 993 5359 Colb.
1018 5288 1071 5333 et
1095 5277 1274 5359 altero
1304 5275 1536 5359 Sprbon.
1562 5272 1809 5359 perhibet
1831 5273 1897 5329 de

286 5345 389 5424 me;
416 5345 619 5434 kmpq,
648 5351 675 5434 ᾇ
696 5352 1109 5434 μαρτυρῶνιτςερί
1128 5348 1451 5434 ἒμρῦῄξῑῖξξῐη
1477 5345 1861 5434 consentiente
1877 5361 1891 5399 :
1927 5364 1934 5370 ·

288 5431 342 5486 in
368 5416 485 5500 quo
514 5416 709 5479 deinde
737 5416 834 5485 p'ro
871 5416 1077 5500 'verbis',
1114 5416 1203 5492 qui
1228 5416 1231 5417 ⁷
1255 5420 1392 5500 misit
1426 5434 1516 5500 ‘me
1560 5416 1743 5483 Pater,
1767 5417 1898 5500 sub-

285 5490 503 5573 ﬁcitur,
552 5500 658 5561 καὶ,
678 5501 971 5573 ,Μαρτυρεῖ
995 5490 1289 5573 γὰρέφησὶ,
1317 5491 1344 5547 ὁ
1372 5490 1585 5573 τξξμψας
1612 5511 1672 5561 με
1698 5492 1893 5573 Ιξατήρ,

289 5560 415 5645 qua:
456 5560 725 5645 sententia
753 5560 859 5645 alia
887 5560 1075 5645 'estex'
1113 5560 1269 5620 Joan.
1297 5579 1353 5629 ν,
1383 5560 1473 5628 '57,
1493 5560 1573 5616 'ad
1601 5560 1895 5616 confirma-

291 5638 509 5715 t'ionern
532 5640 777 5715 ejusdem
809 5638 1214 5715 dicti_allata.__
1517 5704 1530 5715 _
1600 5703 1612 5715 .
1722 5702 1736 5715 ‘
1804 5702 1816 5715 .

368 5714 457 5790 (ά)
486 5711 542 5768 In
562 5702 831 5790 'versione
861 5705 1345 5790 l_a_tina_§piplianii
1375 5748 1397 5790 ,.
1422 5703 1647 5789 majoris
1689 5702 1906 5790 clarita:

289 5775 553 5856 tis'ergo,
569 5784 845 5856 nonmale
867 5780 955 5836 hic
975 5775 1229 5856 adjicitur
1245 5780 1288 5833 si
1309 5778 1424 5856 quis
1444 5775 1679 5856 inquam,
1694 5775 1909 5856 etiamsi

291 5846 494 5931 εἰπεὲ
529 5846 634 5913 non
676 5851 966 5922 habeatur;
1009 5846 1102 5909 sed
1133 5860 1366 5921 tantum,
1392 5847 1478 5905 διὰ
1505 5846 1698 5906 suam
1721 5849 1811 5905 τὴν
1837 5848 1913 5901 εὖ·

2003 4703 2202 4778 Πατρός
2340 4705 2425 4759 καὶ
2443 4703 2572 4778 ﬁcii:
2600 4718 2613 4754 :
2639 4703 2789 4778 quod
2817 4716 2999 4778 posset
3023 4706 3182 4778 verti,
3210 4703 3420 4777 propter
3440 4705 3600 4772 hanc,

2002 4773 2122 4847 quis
2142 4773 2235 4847 pia
2261 4773 2507 4847 (antgpie)
2555 4773 2607 4827 in
2648 4773 2896 4847 Ecclesia
2910 4773 3240 4847 intelligitur,
3268 4773 3606 4847 personarum

2004 4841 2290 4926 fatris‘et.
2302 4842 2431 4897 Filii
2478 4841 2860 4926 proprietatem.
2892 4845 3042 4926 _llinc
3071 4841 3433 4918 liquet,'male
3458 4849 3605 4919 apud

1999 4914 2123 4970 Par.
2156 4922 2212 4969 et
2231 4915 2378 4985 Lips.
2412 4913 2591 4968 omitti
2620 4915 2674 4969 in
2703 4913 2957 4971 Ecclesia.

2072 4986 2142 5059 (e)
2173 4986 2383 5053 Graece,
2410 4987 2644 5061 ἀνόμοιον
2672 4987 2831 5061 λέγοι,
2860 4987 3004 5058 quod
3043 4997 3149 5056 est,
3177 4989 3479 5047 dissimilem
3525 4992 3607 5049 di-

1997 5069 2102 5113 cat.

2101 5130 2155 5201 f)
2180 5128 2278 5184 Ms.
2303 5127 2468 5184 Corb.
2498 5129 2700 5201 aliique
2721 5130 2990 5197 nonnulli,
3020 5148 3124 5187 non
3151 5132 3354 5188 adimit.

2100 5199 2154 5274 g)
2172 5202 2446 5275 In_grreca
2477 5199 2680 5275 phrasi
2712 5203 2977 5275 repetitur
3000 5218 3106 5258 vox
3138 5213 3334 5275 patrem
3363 5204 3485 5262 loco
3513 5221 3613 5265 vo-

2003 5271 2181 5330 cabuli
2222 5271 2413 5328 Deum.
2461 5272 2720 5342 Arguitur
2750 5271 2838 5347 hic
2863 5274 3109 5330 doctrina
3139 5271 3286 5341 'Arii,
3315 5277 3404 5347 qui
3436 5277 3610 5336 Deum

2003 5361 2069 5403 ex
2100 5359 2164 5401 se
2191 5355 2480 5470 gemmam,
2511 5354 2718 5400 tantum
2771 5345 2828 5400 in
2885 5355 3129 5418 tempore
3181 5345 3391 5418 patrem
3442 5348 3616 5408 fuisse

2003 5431 2189 5470 assere
2229 5431 2257 5469 a
2289 5456 2303 5469 .

2002 5425 2303 5474 asserebat.

2077 5487 2394 5573 (Ιιλϐιςωθθ,
2417 5490 2661 5573 ,πιστεύει
2701 5491 2793 5573 ςτὸν
3088 5491 3207 5573 υἱόν
3218 5493 3280 5573 ἐκ
3305 5500 3400 5550 τοῦ
3419 5496 3621 5573 Harpe:

2008 5564 2220 5637 ἀπαθῶς
2238 5561 2555 5637 tigrim-aiant,
2585 5563 2765 5637 credat
2805 5561 3124 5636 unigenitum
3169 5564 3335 5634 ﬁlium
3364 5581 3427 5621 ea:
3454 5561 3619 5623 Pa'tre

2010 5633 2120 5688 sine
2134 5630 2379 5703 passione
2394 5630 2696 5688 substitisse.

2088 5702 2153 5779 (i)
2196 5704 2321 5781 Mss.
2353 5718 2573 5781 summo
2608 5715 2898 5774 consensu,
2930 5715 3213 5781 temporum
3233 5709 3440 5780 quidem
3461 5710 3620 5765 inter-

2016 5776 2359 5848 pretationem
2388 5791 2408 5829 :
2433 5776 2575 5848 quod
2599 5789 2776 5848 gnere
2802 5794 2912 5834 uno
2938 5776 3109 5835 verbo
3138 5776 3454 5837 enuntiatur
3494 5785 3622 5846 τοὺς

2022 5846 2113 5926 μὲν
2168 5848 2408 5926 κρόνους.
2446 5846 2648 5907 Deinde
2676 5863 2799 5935 cum
2827 5857 3006 5907 vertat
3031 5851 3265 5909 Hilarius
3313 5850 3709 5935 summanr
