4106 6192
491 258 596 315 505

1718 251 1961 313 SANCTI
1999 251 2255 311 HlLARll
2297 252 2599 309 EPISCOPI

3659 262 3752 319 50b

491 389 546 436 et
576 378 792 435 virtutis
815 376 892 451 (η)
926 386 981 433 et
1004 377 1188 450 glorias
1212 373 1704 430 incommutabilem
1725 372 1892 445 479
1920 371 2101 442 imagi-
2130 387 2183 449 Α
2208 387 2353 440 nem,
2380 373 2521 429 sicut
2541 382 2667 428 sunt
2693 372 2934 438 factum,
2964 383 3144 428 etnon
3176 371 3313 428 sicut
3333 372 3522 430 divina:
3539 375 3753 448 Scriptu-

492 491 640 545 nem,
664 459 900 547 primum
926 473 1128 529 editum
1168 472 1333 526 totius
1358 478 1641 535 creaturas,
1668 468 1756 539 qui
1786 467 1861 541 (ὁ)
1884 482 2098 537 semper

499 571 600 627 fuit
646 570 701 625 in
740 565 1006 638 principio
1042 564 1185 635 apud
1227 564 1395 619 Deum
1446 562 1684 618 Verbum
1730 561 1907 627 Deus,
1944 561 2097 629 juxta

499 662 644 736 quod
676 662 877 717 dictum
901 666 985 715 est
1011 658 1063 713 in
1100 656 1390 727 Evangelio
1410 696 1425 721 ,
1458 654 1523 709 Et
1553 653 1697 710 Deus
1726 662 1839 708 erat
1876 652 2101 707 Verbum

500 756 681 829 (Joan.
709 771 745 823 ι,
780 753 857 824 1),
902 767 997 823 per
1026 766 1185 822 quem
1228 750 1408 805 omnia
1442 748 1582 804 facta
1615 755 1761 812 sunt,
1794 755 1851 802 et
1894 745 1951 800 in
1996 759 2102 815 quo

498 848 680 905 omnia
707 851 959 901 constant
986 860 1000 899 :
1032 843 1123 913 qui
1156 842 1207 896 in
1248 839 1560 896 novissimis
1602 838 1794 893 diebus
1823 834 2104 892 descendit

496 943 782 998 desursum
810 980 825 1004 ,
854 946 912 994 et
931 945 1090 992 natus
1120 943 1290 991 estex
1311 932 1521 1005 virgine
1548 929 1842 987 secundum
1864 929 2106 995 Scriptu-

502 1050 612 1103 ras,
645 1045 700 1090 et
744 1034 818 1105 (ς)
850 1046 1019 1103 agnus
1052 1029 1224 1085 lactus
1254 1038 1360 1095 est,
1404 1026 1672 1082 mediator
1703 1023 1798 1079 Dei
1842 1032 1897 1077 et
1934 1020 2108 1076 homi-

500 1144 650 1191 num,
675 1126 1090 1197 prmdestinatus
1132 1122 1255 1177 lidei
1291 1130 1490 1175 nostrae
1512 1162 1525 1186 ,
1558 1126 1614 1175 et
1643 1118 1747 1172 dux
1788 1116 1929 1171 vita).
1969 1115 2110 1169 Dixit

503 1224 700 1294 quippe
735 1238 748 1275 :
784 1217 905 1273 Non
928 1219 1064 1271 enim
1090 1216 1330 1271 descendi
1374 1213 1437 1267 de
1480 1212 1639 1278 caelo,
1681 1219 1737 1265 ut
1770 1215 1990 1280 [acerem
2027 1223 2109 1261 vo-

500 1321 748 1373 luntatem
792 1330 979 1381 meam,
1030 1312 1119 1366 sed
1174 1310 1487 1364 voluntatem
1526 1297 1653 1379 'ejus
1710 1305 1798 1374 qui
1848 1320 1927 1358 me
1974 1302 2111 1355 misit

501 1408 679 1484 (Joan.
711 1423 787 1475 vr,
825 1405 941 1475 58).
977 1404 1076 1473 Qui
1115 1416 1306 1473 passus
1342 1412 1426 1457 est
1470 1408 1525 1456 et
1565 1398 1867 1455 resurrexit
1907 1396 1986 1466 (ά)
2014 1412 2111 1469 pro

507 1503 661 1558 nobis
695 1500 852 1556 tertia
884 1498 993 1564 die,
1028 1504 1084 1551 et
1108 1493 1392 1550 adscendit
1434 1493 1488 1548 in
1532 1492 1737 1558 caelos,
1770 1502 1825 1546 et
1863 1491 2019 1546 sedet
2058 1490 2110 1543 in

504 1595 731 1649 dextera
757 1590 957 1655 Patris,
988 1597 1041 1644 et
1069 1589 1261 1642 iterum
1291 1595 1552 1640 venturus
1572 1594 1657 1639 est
1682 1598 1805 1638 cum
1831 1582 2001 1654 gloria
2027 1581 2113 1652 ju-

507 1685 688 1740 dicare
732 1682 886 1736 vivos
933 1690 987 1735 et
1028 1686 1295 1733 mortuos.
1330 1677 1400 1731 Et
1438 1677 1491 1730 in
1537 1675 1796 1746 Spiritum
1840 1681 2111 1739 sanctum,

2202 483 2277 523 rm
2316 466 2654 522 tradiderunt
2692 467 2902 538 singula
2935 481 3185 538 quasque,
3206 464 3368 539 480
3392 484 3505 538 qua:
3536 474 3755 542 superius

2202 559 2349 615 dicta
2391 570 2549 626 sunt;
2586 568 2641 614 et
2678 558 2724 613 si
2753 558 2873 630 quis
2915 559 3062 614 aliud
3108 559 3291 625 docet,
3331 572 3420 615 aut
3457 566 3758 635 evangelizat

2206 660 2405 722 praeter
2449 666 2608 722 quam
2654 652 2798 722 quod
2839 652 3146 722 accepimus
3188 651 3506 708 :anathema
3547 656 3628 711 sit.
3666 658 3759 716 Nos

2206 743 2353 800 enim
2373 743 2643 808 omnibus,
2673 760 2792 815 quas
2824 744 3021 800 divinis
3051 743 3345 814 Scripturis
3370 746 3555 802 tradita
3591 758 3701 804 sunt
3735 768 3761 809 ιι

2209 834 2489 905 prophetis
2518 838 2662 891 etab
2679 837 2964 907 apostolis,
2990 852 3117 894 vere
3140 846 3197 894 et
3225 852 3345 893 cum
3373 839 3557 896 timore
3583 850 3634 896 et
3656 859 3761 901 cre-

2208 928 2389 984 dimus
2419 938 2475 983 et
2502 930 2800 1000 sequimur.
2842 949 2862 983 ι

2284 1019 2373 1075 51.
2404 1017 2565 1073 Fides
2591 1023 2700 1074 [nec
2722 1031 2977 1092 quatenus
2999 1028 3257 1093 suspecta.
3272 1052 3341 1062 -—
3357 1022 3525 1079 Minus
3546 1024 3672 1083 forte
3689 1043 3767 1084 ex-

2213 1127 2400 1183 presse
2434 1114 2646 1169 videtur
2675 1114 2743 1171 de
2781 1115 3111 1172 indilferenti
3145 1117 3496 1175 similitudine
3531 1120 3689 1176 Patris
3723 1132 3771 1178 et

2212 1205 2337 1261 Filii
2368 1206 2497 1262 lidcs
2525 1207 2639 1262 haec
2671 1208 2848 1263 locuta
2875 1224 3016 1276 esse,
3044 1212 3278 1266 maxime
3312 1228 3432 1267 cum
3459 1213 3524 1268 de
3547 1213 3691 1270 Patre
3725 1227 3772 1272 et

2214 1296 2353 1352 Filio
2382 1307 2435 1353 et
2456 1296 2661 1368 Spiritu
2690 1310 2877 1357 sancto
2907 1300 2980 1357 ita
3005 1303 3239 1359 senserit
3261 1302 3600 1375 signilica'tam
3627 1309 3673 1362 in
3695 1325 3773 1366 no-

2215 1390 2452 1446 minibus
2473 1391 2736 1462 propriam
2757 1393 3158 1466 uniuscujusque
3177 1396 3546 1452 nominatorum
3568 1397 3775 1453 substan-

2218 1484 2342 1538 tiam
2368 1495 2414 1539 et
2442 1485 2674 1539 ordinem
2698 1495 2743 1539 et
2771 1487 3012 1559 gloriam,
3038 1498 3094 1542 ut
3117 1491 3219 1543 sint
3237 1488 3439 1560 quidem
3465 1506 3550 1561 per
3573 1490 3779 1547 substan-

2217 1576 2344 1629 tiam
2369 1575 2490 1642 tria,
2519 1592 2611 1648 per
2639 1579 3033 1633 consonantiam
3061 1596 3180 1635 vero
3206 1597 3386 1636 unum.

2292 1669 2381 1724 52.
2412 1668 2709 1724 Excusatur
2748 1687 2812 1726 ea:
2840 1688 2997 1745 scopo
3026 1674 3250 1730 concilii.
3277 1674 3504 1731 Hieresis
3535 1692 3654 1732 nova
3683 1687 3780 1751 post

504 1777 593 1849 qui
622 1777 675 1831 in
700 1773 999 1846 paraclesin
1023 1779 1081 1827 et
1103 1769 1588 1827 sanctiﬁcationem
1618 1774 1675 1822 et
1694 1765 2115 1822 consummatio-
2147 1786 2192 1847 Β
2222 1760 2491 1817 Nicamam
2514 1763 2791 1834 synodum.
2818 1763 3089 1822 Trinitatis
3109 1768 3410 1824 substantia:
3440 1779 3537 1826 tres
3557 1772 3637 1842 qui
3659 1774 3779 1843 apud

428 1934 435 1941 ί
511 1886 632 1925 nem
665 1866 1011 1925 credentibus
1045 1865 1206 1920 datus
1239 1872 1343 1931 est,
1373 1862 1531 1933 juxta
1572 1859 1716 1932 quod
1760 1867 1815 1915 et
1853 1858 2112 1913 Dominus

508 1962 665 2018 Jesus
690 1960 940 2016 Christus
967 1957 1238 2014 ordinavit
1276 1953 1346 2029 (e)
1389 1952 1689 2024 discipulos
1717 1951 1906 2007 dicens
1938 1968 1951 2004 :
1979 1948 2114 2004 Per-

510 2056 631 2126 gite,
663 2064 713 2109 et
744 2055 919 2109 docete
958 2055 1222 2107 universas
1245 2058 1448 2123 gentes,
1482 2048 1795 2120 baptizantes
1826 2061 1911 2100 eos
1944 2045 1998 2098 in
2027 2060 2117 2098 uo-

516 2151 650 2205 mine
689 2148 866 2203 Patris
890 2157 940 2202 et
963 2146 1092 2201 Filii
1120 2155 1168 2200 et
1219 2143 1449 2217 Spiritus
1478 2147 1645 2196 sancti
1676 2138 1893 2213 (Matth.
1920 2153 2115 2201 xxvm,

517 2241 606 2314 19)
635 2260 648 2298 :
681 2241 751 2314 (i)
781 2240 1066 2295 manifeste
1096 2238 1285 2307 utique
1311 2235 1487 2291 Patris
1508 2248 1639 2290 vere
1666 2232 1856 2303 patris,
1885 2240 2121 2286 certum-

513 2349 620 2404 que
649 2332 772 2388 Filii
809 2346 940 2388 vere
981 2330 1100 2397 tllii,
1139 2340 1193 2386 et
1234 2326 1473 2399 Spiritus
1516 2328 1691 2383 sanati
1732 2339 1861 2381 vere
1897 2324 2121 2396 spiritus

514 2424 726 2491 sancti;
781 2422 977 2494 hisque
1029 2418 1340 2477 nominibus
1403 2434 1512 2476 non
1572 2417 1891 2488 simpliciter
1945 2430 2123 2487 neque

513 2517 691 2574 otiose
721 2516 1037 2588 prepositis,
1079 2513 1174 2570 sed
1213 2513 1646 2586 signiﬁcantibus
1675 2510 1967 2582 diligenter
1994 2525 2121 2581 pro-

514 2611 691 2683 priam
731 2608 1161 2679 uniuscujusque
1207 2608 1610 2663 nominatorum
1659 2605 2019 2661 substantiam
2070 2612 2126 2660 et

517 2704 762 2761 ordinem
793 2712 848 2759 et
883 2702 1136 2773 gloriam,
1174 2700 1254 2773 (ρ)
1281 2708 1339 2755 ιιι
1367 2700 1475 2754 sint
1503 2698 1723 2769 quidem
1752 2713 1848 2770 per
1872 2697 2128 2754 substan-

496 2798 653 2867 jtiam
684 2796 811 2861 tria,
844 2811 943 2866 per
973 2794 1384 2852 consonantiam
1413 2807 1544 2849 vero
1568 2808 1755 2848 unum.

596 2889 689 2945 50.
722 2907 742 2942 ι
792 2887 944 2944 Hanc
973 2902 1104 2958 ergo
1146 2886 1412 2943 habentes
1456 2884 1641 2954 ﬁdem,
1681 2894 1737 2941 et
1774 2885 1843 2942 ab
1884 2885 2039 2942 initio
2072 2892 2131 2941 et

518 2997 690 3052 usque
712 2982 767 3037 in
797 2981 961 3037 ﬁnem
988 2982 1223 3038 habituri
1252 2982 1305 3036 in
1327 2990 1623 3051 conspectu
1667 2980 1762 3037 Dei
1802 2989 1857 3036 et
1895 2979 2121 3048 Christi,

519 3088 735 3130 omnem
769 3075 1078 3130 hasreticam
1119 3085 1174 3130 et
1203 3089 1425 3143 pravam
1455 3082 1659 3130 sectam
1699 3073 2129 3131 anathematiza-

2224 1853 2512 1909 Orientales
2532 1865 2665 1910 recte
2690 1856 2951 1912 dicantur.
2966 1888 3040 1899 —
3064 1858 3134 1915 Et
3157 1862 3391 1931 primum
3411 1862 3674 1918 sciendum
3691 1876 3779 1931 est,

2220 1962 2328 2001 non
2372 1947 2658 2003 adversum
2701 1948 2976 2017 haeresim,
3017 1967 3137 2021 qua:
3182 1952 3465 2008 dissimilis
3502 1954 3783 2010 substantia:

2222 2040 2439 2097 Patrem
2484 2053 2535 2096 et
2566 2040 2765 2098 Filium
2811 2041 2874 2116 (i)
2910 2058 3038 2099 ausa
3079 2052 3164 2100 est
3204 2044 3519 2115 praedicare,
3547 2045 3597 2100 in
3624 2045 3785 2102 Antio-

2219 2134 2341 2191 chia
2371 2134 2539 2192 fuisse
2566 2145 2933 2205 conventum;
2973 2138 3070 2196 sed
3109 2122 3383 2197 adversus.
3413 2157 3552 2209 eam,
3591 2140 3657 2215 (j)
3683 2157 3785 2212 qua:

2222 2238 2346 2299 post
2382 2238 2626 2286 sanctam
2657 2231 2927 2304 synodum
2971 2232 3247 2289 Nicaenam
3297 2235 3351 2291 in
3391 2235 3442 2291 id
3476 2244 3785 2306 proruperat,

2222 2328 2282 2376 ut
2307 2319 2406 2376 tria
2431 2322 2649 2379 nomina
2675 2324 2818 2380 Patri
2842 2325 3007 2382 vellet
3021 2328 3357 2395 adscribere,
3376 2328 3443 2384 de
3458 2342 3559 2400 qua
3575 2343 3666 2384 suo
3686 2328 3789 2383 loco

2224 2417 2597 2474 tractabimus.
2621 2418 2840 2476 Memini
2896 2423 3040 2479 enim
3077 2438 3165 2479 me
3207 2424 3263 2479 in
3294 2422 3516 2480 exordio
3552 2424 3789 2480 sermonis

2225 2511 2541 2582 patientiam
2592 2521 2648 2568 et
2691 2515 3150 2585 aequanimitatem
3193 2516 3490 2589 legentium
3527 2527 3679 2587 atque
3708 2530 3791 2570 au-

2226 2602 2491 2660 dientium
2533 2619 2706 2677 usque
2751 2606 2818 2661 ad
2848 2606 3246 2664 absolutionem
3286 2610 3528 2665 omnium
3552 2608 3791 2664 dictorum

2226 2712 2470 2753 meorum
2498 2700 2850 2769 poposcisse;
2880 2716 2949 2757 ne
2980 2701 3309 2757 temerarius
3333 2706 3606 2773 quisquam
3639 2701 3689 2755 in
3719 2715 3793 2756 me

2222 2790 2387 2863 judex
2415 2801 2543 2850 ante
2566 2793 2932 2865 cognitionem
2963 2795 3189 2866 perfecti
3215 2795 3488 2851 sermonis
3511 2794 3790 2852 exsisteret.

2230 2884 2431 2943 Volens
2463 2887 2627 2958 igitur
2653 2900 2981 2962 congregata
3011 2900 3327 2946 sanctorum
3365 2888 3600 2963 synodus
3633 2888 3797 2958 impie-

2231 2986 2394 3034 tatem
2424 2994 2542 3036 eam
2566 2981 2855 3051 perimere,
2880 2999 3001 3055 qum
3030 2983 3322 3039 veritatem
3352 2983 3528 3040 Patris
3548 2990 3601 3038 ct
3618 2979 3725 3036 Filii
3751 2988 3796 3035 et

2232 3069 2467 3141 Spiritus
2497 3073 2670 3128 sancti
2704 3074 2986 3131 nominum
3031 3090 3266 3131 numero
3317 3074 3588 3131 cluderet:
3623 3080 3679 3128 ut
3707 3086 3798 3126 non

524 3184 644 3225 mus
678 3186 690 3223 :
724 3178 775 3224 et
822 3170 868 3224 si
911 3168 1035 3239 quis
1074 3176 1274 3239 praeter
1317 3167 1587 3224 salubrem
1627 3167 2027 3238 Scripturarum
2076 3178 2131 3224 et
2156 3176 2203 3240 ο
2235 3164 2565 3221 subsistente
2618 3180 2780 3221 causa
2836 3167 3261 3237 uniuscujusque
3312 3168 3575 3233 nominis,
3630 3165 3797 3237 triplex

521 3272 728 3319 rectam
762 3261 924 3317 tidem
952 3261 1134 3326 docet,
1160 3260 1347 3317 dicens
1377 3270 1470 3316 aut
1499 3269 1735 3331 tempus,
1760 3268 1852 3314 aut
1872 3260 2129 3329 spatium,

522 3362 618 3410 aut
644 3353 927 3420 sasculum,
959 3363 1053 3408 aut
1074 3367 1197 3408 esse
1217 3363 1308 3407 aut
1336 3352 1505 3408 fuisse
1537 3351 1711 3423 prius,
1740 3366 1901 3420 quam
1932 3351 2015 3424 (Ιι)
2039 3366 2135 3422 ge-

523 3456 747 3503 neratus
772 3446 943 3501 Filius
977 3464 992 3502 :
1020 3446 1307 3501 anathema
1337 3447 1426 3500 sit.
1461 3445 1529 3500 Et
1558 3445 1604 3500 si
1630 3443 1752 3513 quis
1782 3443 1978 3499 Filium
2002 3458 2133 3499 con-

526 3539 790 3597 ditionem
821 3538 985 3603 dicit,
1015 3536 1472 3610 quemadmodum
1516 3551 1684 3591 unum
1726 3535 2129 3604 conditionum;

529 3641 624 3690 aut
661 3633 1020 3699 nativitatem,
1067 3631 1208 3688 sicut
1247 3639 1374 3686 sunt
1413 3631 1760 3696 nativitates;
1809 3639 1901 3684 aut
1938 3629 2129 3686 tactio-

529 3802 625 3858 Iib.
658 3800 712 3856 in
738 3799 1022 3856 Constant.
1059 3814 1114 3853 ιι.
1144 3796 1239 3852 25.
1271 3794 1465 3852 Verius
1493 3794 1769 3864 potiores,
1802 3791 1994 3857 Carn.,
2025 3792 2132 3846 duo

525 3872 711 3940 Colb.,
733 3872 946 3933 Germ.,
976 3869 1136 3926 Sorb.
1164 3911 1175 3931 .
1203 3869 1358 3937 juxta
1387 3863 1627 3940 graicum
1648 3907 1662 3929 ,
1695 3863 2132 3940 inconvertibilem

528 3954 581 3999 et
630 3936 1021 3998 immutabilem.
1067 3936 1335 4009 Integram
1382 3938 1526 3993 illam
1583 3938 1920 4009 sententiam
1952 3945 2011 4009 ut
2039 3936 2133 4009 _ab

528 4016 728 4071 Acacio
759 4023 815 4070 et
840 4012 1075 4068 Eusebio
1104 4012 1156 4065 in
1188 4006 1456 4065 Encmniis
1478 4009 1739 4077 prolatam
1770 4006 2132 4077 proditAtha.

530 4088 740 4153 nasius,
764 4086 860 4141 lib.
894 4085 963 4155 de
982 4083 1187 4155 Synod.
1218 4097 1338 4153 pag.
1358 4082 1485 4155 9i}.
1502 4080 1961 4155 Acacius_antem,
1990 4078 2134 4148 apud

532 4151 926 4226 Epiphanium,
954 4151 1364 4226 hair.1.xxu._‘n_.
1394 4152 1451 4219 6,
1470 4151 1590 4208 haec
1619 4161 1672 4208 et
1703 4151 1960 4223 pleraque
1980 4165 2133 4221 supe-

531 4224 679 4283 riora
706 4229 869 4283 verba
898 4224 1114 4281 Asteria
1142 4224 1405 4280 attribuit.

606 4296 680 4368 (ιι)
727 4297 938 4363 Graece,
992 4296 1276 4369 δυνάμιως,
1331 4296 1417 4351 καί
1460 4295 1670 4368 βούλης,
1715 4297 1800 4350 καὶ
1848 4292 1995 4361 δόξης
2040 4300 2133 4351 τοῦ

535 4371 754 4430 Πατρός.

610 4435 690 4515 (b)
715 4439 885 4495 Abest
910 4454 1110 4515 semper
1130 4436 1272 4503 apud
1293 4435 1556 4515 A_thanas.
1582 4443 1635 4489 ct
1657 4435 1870 4515 Sperat.
1892 4435 1975 4515 9b
1996 4435 2135 4515 hanc

533 4506 726 4569 vocem
752 4553 767 4576 ,
798 4526 825 4563 a
855 4525 961 4580 qua
1003 4506 1233 4563 Arianos
1264 4507 1615 4561 vehementer
1656 4506 2005 4562 abhorruisse
2044 4507 2135 4560 lli-

532 4584 702 4640 larius
727 4582 823 4639 lib.
844 4596 895 4636 rv
920 4580 989 4636 de
1010 4580 1161 4635 Trin.
1195 4597 1245 4633 ιι.
1275 4578 1328 4640 5.
1364 4577 1583 4644 indicat,
1618 4576 1733 4648 ipse
1763 4577 1922 4644 infra,
1954 4594 2008 4634 ιι.
2038 4577 2130 4644 55,

555 4594 702 4640 arius
727 4594 823 4639 ΙΙΙ).
844 4596 895 4636 ιν
920 4594 989 4636 ae
1010 4594 1161 4635 'l'rlﬂ.
1195 4597 1245 4633 11.
1275 4594 1328 4640 ἶ).
1365 4594 1583 4644 Inulcat,
1618 4594 1733 4644 ipse
1763 4594 1922 4644 Inll‘ﬂ,
1954 4594 2008 4634 ll.
2038 4594 2130 4644 οδ,

2237 3256 2566 3327 nuncupatio
2609 3259 2879 3314 obtineret
2921 3259 3024 3316 sub
3072 3260 3317 3316 falsitate
3357 3260 3626 3318 nominum
3670 3258 3803 3314 unio-

2236 3363 2383 3417 nem,
2418 3358 2473 3405 et
2502 3350 2660 3405 Pater
2690 3350 2840 3406 solus
2869 3359 3032 3422 atque
3056 3366 3198 3406 unus
3227 3351 3377 3408 idem
3407 3363 3565 3423 atque
3590 3351 3699 3421 ipse
3722 3350 3804 3404 ba-

2238 3440 2393 3497 berct
2420 3453 2475 3499 et
2511 3444 2746 3514 Spiritus
2781 3447 2951 3500 sancti
2993 3459 3189 3501 nomen
3217 3454 3275 3501 et
3306 3445 3426 3501 Filii
3460 3445 3686 3502 :ideirco
3713 3454 3805 3500 tres

2238 3536 2569 3595 substantias
2615 3551 2739 3593 esse
2786 3537 3063 3604 dixerunt,
3108 3538 3521 3595 subsistentinm
3573 3536 3834 3609 personas}

2240 3645 2336 3700 per
2355 3631 2669 3686 substantias
2695 3632 2773 3705 (Ir)
2800 3631 3113 3702 edocentes,
3141 3647 3248 3688 non
3279 3596 3632 3690 substantiam
3657 3596 3831 3688 Patrisl

2316 3793 2405 3867 (Ιι)Δ
2437 3795 2582 3865 Lips.
2613 3804 2669 3851 et
2703 3795 2827 3851 Par.
2861 3808 3211 3867 generaretur.
3255 3798 3347 3854 Er.
3378 3813 3500 3854 cum
3542 3794 3809 3851 vetustiore

2238 3864 2344 3921 ms.
2374 3864 2529 3940 Colb’:
2560 3876 2614 3922 et
2640 3867 2828 3923 Germ.
2857 3864 3149 3940 generatur.
3186 3869 3321 3925 Bad.
3342 3885 3462 3925 cum
3494 3868 3709 3936 caeteris,
3736 3882 3812 3938 gr-

2235 3948 2460 3993 neratus.
2490 3936 2700 4006 Grtnce,
2733 3942 2835 4016 πρὸ
2858 3936 2956 3997 ῖτοῦ
2982 3941 3067 3997 τὸν
3086 3942 3193 3996 υἱὸν
3218 3950 3313 3998 τοῦ
3336 3949 3487 3999 Θεοῦ.

2307 4031 2374 4099 (i)
2435 4030 2489 4086 In
2541 4033 2694 4106 prius
2750 4032 2983 4103 vulgatis
3027 4034 3281 4104 adjicitur
3348 4035 3439 4091 hic
3477 4045 3525 4090 et
3571 4033 3799 4106 Spiritum

2235 4110 2470 4157 sanctum
2500 4118 2519 4157 :
2547 4103 2753 4174 absque
2781 4106 3121 4161 auctoritate.

2312 4197 2383 4271 (j)
2427 4198 2540 4253 Hoc
2577 4199 2771 4271 saltem
2819 4199 3184 4256 obtendebant
3228 4201 3556 4266 Eusebiani,
3604 4196 3812 4271 qnisibi

2240 4267 2634 4394 adfversantes,
2687 4270 3010 4327 Sahelliana:
3060 4272 3285 4328 haeresis
3336 4275 3553 4330 nomine
3595 4267 3815 4327 solclmnt

2240 4355 2291 4393 ιη
2319 4355 2523 4394 amare.

2238 4355 2523 4397 tntamare.

2314 4431 2389 4502 (Ii)
2413 4431 2564 4501 Quod
2590 4434 2735 4489 enim
2765 4435 2926 4491 vertit
2955 4444 3139 4492 noster
3164 4436 3435 4502 interpres
3463 4448 3565 4494 tres
3592 4434 3828 4490 substet».

2239 4503 2356 4578 tias,
2387 4503 2466 4578 illi
2493 4515 2633 4578 τρεῖς
2652 4508 2972 4570 ὑποστάσεις
2995 4506 3267 4564 dixerunt.
3307 4503 3519 4575 Verum,
3552 4509 3623 4563 uti
3654 4512 3819 4561 monet

2243 4575 2573 4650 Epiphanius
2610 4578 2740 4632 hmr.
2772 4595 2960 4644 ωωιιιι,
2995 4596 3049 4633 n.
3081 4581 3169 4646 l7,
3207 4597 3271 4635 ne
3310 4597 3465 4650 quem
3505 4580 3819 4650 hypostaseon

532 4654 804 4727 signiﬁcat
825 4667 945 4708 eam
970 4650 1257 4727 formulam
1285 4650 1386 4705 sibi
1412 4648 1590 4727 minus
1612 4646 1775 4727 fuisse
1801 4658 2130 4718 suspectam.
2162 4651 2215 4711 D
2239 4646 2519 4727 appellatio
2550 4650 2822 4719 perturbet,
2858 4652 2919 4705 ob
2943 4651 2998 4704 id
3027 4652 3160 4705 enim
3187 4646 3489 4727 hypostases
3513 4646 3572 4706 ab
3597 4650 3816 4727 Qrienta-

608 4720 684 4801 (c)
711 4726 793 4781 Ex
814 4738 988 4801 graeca
1006 4722 1203 4801 ‘phrasi
1235 4720 1702 4801 legendnmjromo
1737 4722 1911 4801 [rictus
1937 4729 2051 4787 est;
2084 4730 2138 4777 ct

538 4791 676 4855 mox
698 4791 965 4869 apostolus
991 4794 1139 4865 ﬁdei,
1168 4809 1272 4848 non
1301 4791 1695 4869 prwdestinatus
1722 4792 1861 4869 ﬁdei.

612 4870 693 4943 (ά)
718 4863 886 4943 λῃιιᾷ
932 4863 1248 4943 δόίξτειιιεῐῐιι
1270 4863 1354 4920 τὸν
1394 4863 1619 4943 παθόγτα
1662 4864 1796 4943 ᾇπέρ
1840 4865 2143 4943 figam-mi

534 4934 827 5066 magis“
855 4941 989 5016 ὑπὲρ
1010 4941 1173 5011 ἡμῶν.
1207 4936 1320 4992 Hoc
1346 4937 1641 4990 secundum
1667 4934 1801 5010 ὐπέῥ
1824 4934 1965 5010 ἡμῶν
1990 4934 2144 4990 abest

538 5028 647 5066 anu
766 5022 781 5063 ι
823 5024 976 5066 anas.

538 5022 681 5067 apud
712 5022 976 5066 Albanus.

576 5028 681 5083 pua
712 5028 976 5066 Atnanas.

609 5082 688 5156 (e)
711 5082 808 5156 Sic
839 5080 971 5156 _Ba_d_.
998 5094 1120 5156 cum
1149 5092 1289 5156 mss,
1312 5077 1608 5156 Aliae‘vero
1634 5076 1789 5156 c_(_li_t.,
1817 5076 2109 5156 discipulis.

635 5146 681 5226 ι’)
710 5151 876 5226 Editi.
904 5150 1187 5226 Manifesta
1215 5150 1388 5217 utique
1430 5146 1608 5226 Patris
1656 5146 1959 5226 (hic_a_ddit
2002 5148 2135 5204 Bad.

540 5216 804 5297 persona),
829 5239 943 5277 vere
970 5216 1151 5297 patris,
1189 5216 1426 5297 certaque
1460 5216 1592 5273 Filii
1616 5216 1733 5275 vere
1761 5220 1881 5290 ﬁlii,
1921 5232 2140 5297 notaque

543 5291 778 5423 Epiritus'
827 5294 993 5349 sancti
1036 5308 1057 5348 :
1100 5292 1432 5361 castigantur
1471 5306 1537 5346 ex
1580 5305 1761 5362 graeco
1806 5302 1862 5347 et
1907 5291 2138 5362 potiori-

585 5384 649 5423 us
681 5380 810 5423 mss.

585 5384 649 5423 [IS
681 5380 810 5423 mss.

721 5438 928 5523 G‘raace,
947 5439 1017 5507 ὡς
1040 5431 1170 5523 sinat
1187 5442 1251 5510 τῇ
1263 5436 1354 5507 μέν
1380 5434 1673 5523 ὐῖεοστᾴσει
1687 5438 1829 5523 τρία,
1847 5433 2139 5523 [dionis-

541 5506 703 5587 9m5s:ia
743 5508 845 5587 is,
883 5506 1011 5587 quas
1034 5507 1195 5587 verba
1319 5520 1373 5587 _c.
1421 5506 1667 5587 lluelius,
1699 5506 1789 5566 lib.
1837 5506 2131 5587 uprigen.

546 5575 604 5651 ἱι.
634 5575 690 5649 2,
726 5597 782 5636 n.
812 5581 870 5648 5,
900 5575 1220 5651 deprompta
1259 5575 1426 5634 fuisse
1461 5580 1731 5651 conjectat
1776 5596 1843 5638 ex
1884 5575 2138 5651 Ocigene,

545 5648 639 5709 lib.
670 5648 758 5706 vui
788 5648 987 5707 contra
1009 5649 1250 5715 Celsum,
1283 5648 1582 5718 aSserente,
1598 5650 1811 5710 Patrem
1842 5659 1898 5707 et
1924 5648 2141 5717 Filium,

546 5720 667 5782 ὄντα
708 5721 799 5779 δύο
924 5724 1209 5800 ὑποστάσει
1246 5722 1564 5800 πράγματα]
1595 5720 1646 5800 ειν
1673 5724 1727 5797 δέ
1755 5734 1818 5800 τῇ
1839 5724 2039 5800 ,ὁμονάᾳ
2062 5724 2147 5780 καὶ

542 5804 610 5872 τῇ
636 5793 903 5867 σημφωνίᾲ
921 5797 1005 5850 καὶ
1031 5800 1094 5865 τῇ
1118 5793 1399 5853 accuratum
1413 5800 1505 5851 τοῦ
1534 5793 1877 5869 βουλήμαίος.

2244 4720 2377 4774 libus
2407 4730 2748 4794 usurpantur,
2772 4733 2825 4775 ut
2847 4738 3175 4794 personarum
3198 4720 3537 4794 proprietates
3565 4721 3821 4794 subsisten-

2245 4800 2327 4865 tes_
2360 4791 2754 4865 exsistentesque
2798 4794 3078 4852 declarent.
3128 4790 3208 4849 Et
3241 4804 3367 4865 post
3406 4811 3571 4864 pauca
3610 4790 3825 4865 {Merito

2245 4860 2564 4934 subsistentis
2613 4860 3000 4933 eaisistentisque
3040 4865 3214 4920 Patris
3241 4860 3303 4921 'et
3346 4860 3480 4921 Filii
3527 4876 3574 4921 et
3615 4864 3825 4934 Spiritus

2245 4933 2409 4986 sancti
2430 4936 2789 5006 proprietates,
2816 4937 3202 4991 subsistentium
3230 4954 3567 5006 personarum
3596 4933 3821 5006 hyposta-

2245 5020 2326 5078 ses
2366 5005 2628 5078 appellant
2669 5005 2994 5074 Orientales;
3030 5025 3132 5063 non
3164 5022 3220 5063 ut
3253 5021 3353 5063 tres
3392 5010 3512 5063 illas
3550 5005 3827 5078 hypostases

2249 5076 2349 5130 tria
2374 5075 2627 5145 principia
2661 5087 2824 5132 tresve
2857 5078 2980 5133 deos
3017 5096 3127 5135 esse
3168 5081 3342 5135 dicant
3372 5098 3391 5136 :
3423 5097 3540 5135 nam
3587 5075 3667 5133 eos
3706 5090 3823 5130 ana-

2243 5147 2463 5200 themate
2499 5147 2768 5222 damnant,
2811 5150 2911 5222 qui
2937 5160 3038 5206 tres
3084 5151 3205 5205 deos
3246 5153 3441 5206 dicunt.
3484 5150 3664 5222 Neque
3711 5161 3828 5222 vero

2244 5225 2395 5301 tunc.
2420 5221 2680 5301 temporis
2723 5215 2949 5301 haeresis
2992 5223 3302 5301 suspicione
3345 5215 3694 5301 laborabant,
3738 5215 3823 5301 qui

2244 5290 2343 5363 tria
2380 5290 2435 5343 in
2466 5290 2661 5363 divinis
2694 5290 3101 5360 praedicabant.'
3128 5295 3239 5350 lloc
3270 5296 3443 5363 ipsum
3488 5294 3628 5350 cnim
3654 5291 3828 5363 catho-

2246 5360 2349 5415 liee
2408 5361 2569 5437 etiam
2614 5371 2823 5437 postea
2854 5364 3164 5432 praedicavit
3229 5360 3526 5437 Gregorius
3558 5363 3694 5437 VNaz.
3734 5360 3821 5437 _0r.

2248 5446 2403 5496 xxxx,
2438 5447 2492 5504 ιι.
2520 5433 2575 5495 5.
2615 5430 2673 5489 et
2701 5430 2865 5502 alibi;
2893 5430 3415 5504 praedicaverunt'ct
3442 5430 3822 5495 Occidentales,

2248 5513 2392 5586 puta,
2423 5503 2769 5586 Consentius,
2795 5503 2957 5575 epist.
2985 5508 3127 5577 apud
3152 5509 3506 5586 Augustinum
3522 5521 3749 5586 _c_xtx,_n.
3777 5504 3827 5567 4.

2246 5575 2492 5651 scribens
2523 5594 2536 5630 :
2565 5576 2684 5651 Una
2712 5581 2872 5633 virtus
2910 5575 3200 5645 est,quam
3226 5575 3361 5634 trina
3388 5579 3619 5651 possidet
3653 5579 3828 5651 rirtus,‘

2248 5663 2351 5723 una
2380 5649 2667 5723 substantia
2709 5659 2801 5716 est,
2843 5652 2896 5705 in
2935 5668 3038 5723 qua
3077 5653 3177 5705 tria
3216 5662 3341 5723 sunt
3381 5649 3498 5722 quis
3539 5649 3825 5723 subsistunt.

2245 5717 2584 5793 Augustinus
2615 5723 2752 5791 ipse,
2777 5715 3132 5793 epistfccxx.
3162 5722 3228 5779 ad
3250 5715 3559 5793 Maximum,
3592 5739 3645 5776 n.
3667 5718 3700 5774 5
3726 5715 3828 5793 :th

2250 5784 2360 5845 me
2388 5790 2581 5860 onmia,
2616 5784 2828 5866 inquit;
2850 5811 2941 5852 nec
2983 5784 3198 5867 confuse
3234 5792 3391 5853 unum
3437 5784 3575 5862 sunt,
3609 5808 3695 5849 nec
3733 5784 3828 5844 dis-
