4106 6192
293 309 400 369 505

1063 314 1269 371 LIBER
1309 316 1397 372 DE
1436 316 1761 384 SYNODIS,
1804 318 1934 377 SEU
1975 319 2064 377 DE
2122 320 2278 378 FIDE
2316 322 2809 382 ORIENTALIUM.

3489 328 3597 386 506

205 458 227 491 ς
289 438 346 487 et
374 429 495 486 Filii
518 428 594 504 (a)
620 428 932 485 diversitate
959 429 1239 488 dissimilis
1267 434 1521 491 essentia:
1551 444 1891 506 separanles.
1921 438 1975 499 Α
1999 437 2297 494 substantia
2325 438 2525 509 habet,
2558 457 2625 497 ne
2656 442 2999 500 demutabilis
3042 443 3157 500 llat.
3191 442 3308 500 Non
3349 445 3497 503 enim
3542 447 3597 501 in

287 524 446 594 Quod
472 534 651 580 autem
676 525 877 581 dictum
907 535 992 582 est
1018 542 1034 582 :
1069 526 1137 583 Ut
1169 528 1268 583 sint
1295 529 1498 601 quidem
1528 547 1620 601 per
1658 532 1890 587 substan-

287 620 419 676 tiam
438 620 558 686 tria,
586 635 676 692 per
699 622 1092 675 consonantiam
1122 638 1238 677 vero
1258 639 1438 691 unum,
1469 639 1578 680 non
1605 624 1769 680 habet
1798 640 1893 680 ca-

288 714 551 771 lumniam
601 733 614 769 :
665 714 790 786 quia
844 713 918 786 (ιι)
969 716 1356 772 connominato
1408 716 1652 787 Spiritu,
1707 718 1759 773 id
1809 729 1893 775 est

288 808 593 880 paracleto,
625 808 997 863 consonantia:
1023 809 1224 878 potius.
1254 824 1415 881 quam
1443 811 1697 866 essentia:
1727 809 1889 884 5.81

286 914 391 971 per
458 898 866 956 similitudinem
927 899 1246 957 substantia:
1306 902 1589 973 praedicari
1638 904 1895 959 convenit

287 993 580 1049 unitatem.

366 1086 456 1141 55.
492 1084 610 1140 Hac
640 1085 866 1159 formula
892 1086 1119 1142 eamdem
1166 1086 1343 1142 Patris
1382 1105 1444 1143 ac
1471 1085 1601 1143 Filii
1624 1088 1895 1144 essentiam

289 1177 590 1248 praedicari.
628 1176 922 1233 Nativitatis
948 1189 998 1234 et
1025 1177 1440 1234 innascibilitatis
1469 1179 1763 1235 discrimen.
1794 1178 1895 1234 Fi-

287 1270 396 1324 lius
418 1270 775 1325 immutabilis.
808 1301 876 1311 —-
902 1271 1171 1327 Caeterum
1218 1272 1394 1326 omnis
1423 1272 1672 1344 superior
1712 1287 1894 1329 sermo

239 1384 261 1449 ς
287 1362 348 1419 in
373 1362 521 1418 nullo
554 1364 768 1420 Patrem
792 1374 847 1420 et
872 1364 1068 1420 Filium
1092 1365 1345 1420 essentize
1392 1378 1455 1419 ac
1480 1375 1686 1420 natura:
1709 1365 1892 1422 diver-

286 1459 455 1515 sitate
480 1458 758 1515 discrevit.
783 1459 884 1517 Ubi
916 1462 1060 1517 enim
1092 1460 1319 1524 dicitur,
1362 1459 1529 1515 Deum
1556 1462 1621 1516 de
1655 1461 1785 1527 Deo,
1818 1471 1895 1516 to-

287 1564 405 1608 tum
436 1569 503 1608 ea;
538 1563 643 1608 toto
669 1573 690 1621 ;
738 1569 844 1609 non
900 1555 1191 1626 ambigitur
1222 1563 1393 1610 totum
1454 1554 1619 1609 Deum
1666 1571 1734 1609 ex
1780 1562 1894 1610 toto

286 1648 408 1705 Deo
434 1656 640 1703 natum.
674 1647 808 1703 Nam
838 1658 893 1704 et
924 1648 1015 1705 Dei
1044 1647 1113 1704 de
1160 1648 1274 1704 Deo
1305 1656 1493 1703 natura
1528 1662 1634 1703 non
1681 1647 1891 1705 diﬂ‘ert:

282 1750 349 1797 et
379 1747 526 1795 totus
551 1754 620 1795 ex
647 1748 760 1794 toto
789 1740 840 1794 in
887 1740 955 1794 iis
1004 1749 1088 1797 est
1128 1740 1247 1808 ipse
1272 1780 1286 1803 ,
1320 1741 1518 1811 quibus
1574 1739 1734 1795 Pater
1783 1750 1889 1795 est.

1992 546 2059 587 eo
2091 542 2367 599 nascente,
2402 549 2488 601 ea,
2519 534 2587 591 de
2614 551 2716 607 qua
2756 546 2920 601 natus
2952 546 3036 594 est
3062 580 3077 606 ,
3105 537 3381 595 demutata
3409 545 3601 594 natura

1993 633 2115 681 est:
2148 625 2244 681 sed
2272 625 2714 685 indemutabilem
2753 630 3047 686 essentiam
3079 642 3240 687 natus
3267 631 3503 688 obtinuit
3534 647 3599 686 ex

1994 717 2398 776 indemutabilis
2438 719 2519 794 (ά)
2550 723 2874 779 auctoritate
2928 723 3323 780 naturae.‘Nam
3343 724 3599 805 quamvis

1999 813 2178 883 imago
2224 821 2333 879 est,
2396 821 2572 870 tamen
2616 816 3069 875 incommutabilis
3116 828 3201 874 est
3248 819 3423 891 imago
3465 820 3599 889 (non

1994 914 2321 961 commutata
2378 906 2431 961 in
2463 922 2529 963 eo
2578 908 2785 965 scilicet
2835 924 2933 981 per
2971 910 3475 968 dissimilitudinem
3503 928 3597 984 pa.

1995 1004 2166 1054 ternae
2195 999 2467 1069 essentiae,
2492 1016 2557 1056 ex
2591 1017 2694 1073 qua
2723 1011 2805 1057 est
2852 1005 3089 1073 genitus,
3119 1006 3361 1076 natura),
3389 1006 3513 1075 quia
3535 1005 3587 1061 in

1995 1105 2062 1147 eo
2107 1092 2285 1163 imago
2319 1102 2553 1162 paterna:
2606 1095 2855 1149 essentia:
2907 1104 3243 1160 nasceretur.
3295 1095 3415 1153 lam
3460 1112 3592 1153 vero

1995 1200 2118 1241 cum
2152 1186 2357 1255 primus
2384 1187 2561 1243 editus
2602 1187 2674 1262 (e)
2706 1204 2826 1246 esse
2854 1191 3018 1246 totius
3046 1200 3313 1247 creatura:
3339 1192 3588 1257 docetur,

1994 1286 2051 1334 et
2076 1277 2192 1348 ipse
2222 1279 2316 1335 ille
2357 1295 2572 1351 semper
2625 1281 2791 1337 fuisse
2843 1281 2894 1336 in
2927 1283 3194 1354 principio
3225 1283 3364 1355 apud
3422 1284 3591 1341 Deum

1995 1369 2232 1427 Verbum
2291 1372 2431 1428 Deus
2461 1374 2699 1439 dicitur;
2753 1373 2878 1429 dum
2931 1376 3138 1445 primus
3177 1375 3395 1443 editur,
3440 1386 3598 1433 natus

1996 1462 2161 1521 fuisse
2186 1466 2527 1533 ostenditur;
2553 1468 2680 1522 dum
2715 1482 2931 1539 semper
2957 1469 3051 1524 luit
3076 1511 3090 1535 ,
3124 1484 3226 1526 nec
3244 1479 3491 1542 tempore
3513 1486 3600 1528 se-

1998 1567 2221 1629 paratur
2248 1575 2275 1614 a
2298 1558 2462 1633 5.82
2511 1560 2692 1617 Patre.
2727 1562 2841 1618 Non
2876 1578 3005 1635 ergo
3051 1564 3218 1620 videri
3249 1575 3427 1635 potest
3463 1567 3598 1623 divi-

1995 1651 2079 1707 sio
2132 1652 2564 1709 substantiarum
2619 1655 2863 1727 (supple,
2897 1656 2966 1710 ab
3017 1656 3120 1711 bac
3168 1658 3403 1730 synodo)
3454 1659 3599 1732 (qua:

1998 1744 2131 1799 nihil
2161 1745 2307 1801 aliud
2333 1747 2558 1815 studuit,
2583 1762 2740 1818 quam
2771 1759 2825 1802 nt
2849 1764 2945 1818 per
2967 1749 3125 1804 trium
3163 1749 3235 1822 (Ι)
3264 1750 3592 1806 substantia-

285 1834 445 1892 Unus
469 1852 535 1891 ex
581 1853 685 1891 uno
713 1837 991 1905 passiones
1020 1835 1241 1892 humani
1272 1841 1457 1906 partus
1496 1844 1549 1890 et
1584 1834 1894 1905 conceptio-
1925 1829 1974 1891 B
2002 1853 2120 1893 rum
2147 1853 2344 1895 nomen
2375 1882 2389 1904 ,
2425 1840 2654 1910 triplicis
2680 1841 2929 1903 vocabuli
2960 1838 3279 1898 e'xcluderet
3318 1843 3594 1919 unionem)

280 1929 378 1985 nis
398 1928 668 1984 excludit:
698 1937 754 1984 ut
782 1929 909 1985 dum
956 1944 1095 1984 unus
1127 1944 1190 1985 ex
1222 1943 1330 1983 uno
1355 1936 1460 1994 est,
1492 1942 1599 1982 non
1630 1927 1847 1983 aliunde
1869 1970 1884 1994 ,

277 2036 394 2078 nec
418 2021 688 2090 diversus,
720 2032 813 2077 aut
840 2023 914 2095 (ε)
946 2021 1083 2077 alius
1108 2023 1200 2088 sit,
1233 2021 1326 2092 qui
1368 2030 1453 2077 est
1484 2036 1622 2077 unus
1644 2036 1714 2078 ex
1737 2036 1846 2078 uno
1872 2064 1887 2089 ,

278 2114 565 2187 perfectus
593 2131 623 2170 a
653 2115 915 2198 perfecto.
943 2116 1060 2173 Non
1089 2115 1269 2173 dill‘ert
1308 2125 1506 2187 przeter
1521 2117 1744 2188 originis
1763 2131 1890 2171 cau—

278 2223 405 2264 sam
458 2207 529 2263 ab
595 2209 1015 2266 innascibilitate
1078 2210 1359 2276 nativitas;
1424 2225 1547 2265 cum
1621 2208 1887 2279 perfectio

277 2302 574 2375 utriusque
600 2317 705 2358 non
754 2302 987 2359 dill'erat.
1049 2303 1160 2359 Rea:
1188 2304 1250 2357 de
1281 2304 1440 2375 Rege.
1489 2302 1602 2358 Non
1656 2302 1889 2357 admittit

276 2411 398 2453 uno
424 2406 587 2468 atque
605 2398 796 2455 eodem
830 2398 1048 2454 nomine
1076 2409 1314 2469 potestas
1339 2407 1751 2468 connuncupata
1777 2397 1890 2451 dis-

275 2491 697 2549 similitudinem
727 2494 1031 2564 potestatis.
1070 2493 1353 2548 Dominum
1380 2493 1443 2548 de
1489 2490 1732 2547 Domino.
1778 2491 1887 2546 Do-

276 2590 524 2645 minatus
553 2603 772 2660 quoque
794 2597 1036 2661 mquatur
1066 2589 1117 2644 in
1147 2590 1413 2644 Domino:
1448 2604 1548 2645 nec
1564 2588 1755 2659 recipit
1780 2585 1886 2641 dil-

275 2682 571 2739 ferentiam
598 2681 845 2738 confessa
873 2683 925 2738 in
951 2691 1178 2753 utroque
1204 2684 1323 2738 sine
1362 2682 1675 2737 diversitate
1705 2680 1883 2735 domi-

277 2775 459 2831 natio.
491 2775 627 2830 Illud
653 2789 784 2831 vero
808 2816 823 2842 ,
852 2775 996 2845 quod
1046 2783 1169 2845 post
1211 2775 1377 2830 multa
1425 2775 1529 2830 alia
1579 2774 1886 2843 subjectum

277 2876 397 2935 est,
428 2869 869 2924 ineoneertibilem
894 2877 943 2925 et
971 2867 1336 2923 immutabilem
1364 2908 1379 2933 ,
1427 2867 1706 2922 divinitatis
1732 2876 1780 2920 et
1810 2881 1890 2919 es-

276 2963 466 3020 sentia:
490 2972 536 3018 et
564 2964 765 3018 virtutis
800 2972 847 3018 et
875 2963 1055 3034 gloria:
1092 2961 1561 3017 incommutabilem
1590 2959 1884 3030 imaginem,

276 3054 594 3110 absolutum
625 3064 727 3111 est.
757 3054 889 3109 Nam
918 3069 983 3110 ex
1021 3055 1129 3109 Deo
1159 3054 1301 3110 Dens
1320 3095 1334 3119 ,
1364 3068 1432 3108 ex
1458 3060 1570 3107 toto
1601 3061 1746 3106 totus
1772 3091 1789 3117 ,
1817 3064 1884 3106 ex

274 3163 397 3205 uno
425 3164 588 3213 unus,
616 3156 673 3202 et
700 3163 765 3203 ex
796 3146 1039 3217 perfecto
1065 3146 1338 3217 perfectus
1366 3187 1380 3211 ,
1404 3152 1459 3199 et
1481 3158 1548 3199 ex
1591 3157 1720 3213 rege
1743 3156 1841 3198 rex
1869 3184 1884 3209 ,

277 3248 339 3298 et
355 3256 423 3297 ex
449 3240 678 3296 Domino
711 3241 970 3296 Dominus
1001 3281 1014 3305 ,
1049 3254 1171 3295 cum
1214 3237 1267 3292 in
1298 3253 1360 3294 ea
1392 3237 1538 3293 omni
1591 3235 1885 3291 divinitatis
1910 3212 1957 3274 Ο

277 3343 459 3415 gloria
487 3352 645 3414 atque
672 3351 862 3398 natura
891 3385 905 3407 ,
952 3343 1003 3396 in
1036 3358 1137 3412 qua
1181 3341 1339 3397 Pater
1366 3350 1648 3412 permanet
1679 3380 1695 3407 ,
1730 3348 1886 3394 natus

277 3448 506 3509 quoque
555 3437 816 3494 subsistat
849 3446 903 3493 et
959 3435 1166 3502 Filius;
1197 3436 1361 3491 etiam
1394 3435 1498 3491 hoc
1543 3449 1612 3491 ex
1658 3442 1885 3505 paterna

270 3579 464 3651 juncta
483 3578 584 3634 tria
608 3588 749 3645 sunt,
780 3579 871 3633 sed
900 3593 1017 3633 cum
1044 3577 1145 3633 sint
1173 3593 1356 3643 unum,
1387 3576 1486 3632 tria
1515 3583 1634 3631 sunt
1650 3591 1673 3643 ;
1700 3583 1887 3631 etcum

278 3650 387 3705 sint
410 3652 534 3713 tria,
561 3667 718 3705 unum
746 3661 883 3706 sunt.

366 3722 446 3794 (a)
497 3722 732 3778 Rursum
778 3722 905 3778 hinc
934 3721 1266 3778 removimus
1317 3734 1512 3794 voces,
1568 3728 1615 3773 et
1653 3717 1885 3791 Spiritus

278 3793 469 3860 meti,
500 3794 741 3865 adjectas
761 3796 965 3865 absque
994 3811 1124 3850 mss.
1157 3793 1496 3865 auctoritate.

356 3864 437 3939 (ὁ)
478 3866 532 3939 Ιιι
570 3862 804 3939 vulgatis
827 3909 851 3939 ,Α
879 3862 1261 3937 cognominata.
1291 3862 1620 3939 Coneinnius
1650 3862 1702 3939 in
1745 3877 1875 3939 mss.

284 3935 855 4006 corinbnzinatonnod
888 3935 1013 3994 vero
1043 3939 1307 4007 sequitur,
1341 3935 1520 4007 auita
1556 3935 1881 4007 intellexerit

286 4009 546 4074 Hilarius,
582 4020 639 4064 ut
668 4005 902 4078 spiritus
929 4005 1143 4065 sanctus
1168 4050 1181 4071 ,
1206 4005 1660 4079 quemadmodum
1694 4005 1888 4079 dicitur

286 4082 340 4137 in
367 4082 606 4148 Scliolis,
641 4082 689 4137 vi
715 4077 1085 4152 ’processionis
1114 4077 1233 4135 sua:
1257 4096 1362 4133 non
1397 4077 1653 4152 procedat
1677 4092 1709 4131 a
1734 4077 1891 4132 Patre

285 4152 590 4209 formaliter
628 4164 690 4208 ut
722 4150 958 4208 similis?
996 4153 1158 4209 Certe
1198 4153 1292 4207 lib.
1325 4166 1420 4217 xu,
1456 4165 1509 4203 ιι.
1552 4150 1652 4208 55.
1695 4162 1885 4217 magna

288 4224 392 4280 fide
422 4224 712 4295 profitetur
733 4239 793 4280 se
839 4224 1095 4294 Spiritum
1128 4233 1369 4279 sanctum
1403 4235 1690 4295 numquam
1714 4220 1888 4273 dictu-

286 4292 592 4359 rum'esse,
638 4306 731 4351 aut
768 4292 1030 4366 genitum,
1064 4307 1155 4350 ant
1198 4304 1457 4350 creatum.
1483 4292 1661 4366 Quam
1705 4301 1884 4366 autem

286 4366 595 4423 luculenter
630 4360 875 4424 adetr'u‘at
913 4368 1146 4438 Spiritus
1189 4366 1357 4438 sancti
1388 4360 1746 4438 divinitatem,
1774 4362 1883 4428 jam

286 4439 627 4497 ostendimus
651 4438 861 4511 prmfat.
894 4434 1140 4511 in'libi'os
1169 4437 1412 4511 deTrin.
1447 4436 1635 4511 n._15,
1666 4434 1802 4489 adeo
1830 4442 1885 4488 ut

285 4519 571 4581 suspectus
598 4506 800 4567 nemini
833 4510 999 4566 videri
1028 4511 1139 4581 jam
1164 4509 1357 4581 debeat
1379 4508 1479 4581 iste
1507 4506 1677 4581 locus.

355 4577 440 4656 (ὲ)
470 4584 563 4638 Sic
594 4598 724 4656 mss.
758 4584 996 4656 potiores
1018 4577 1044 4649 ,⁷
1067 4582 1172 4656 duo
1205 4578 1400 4656 _Colb._,_
1420 4578 1580 4632 Carn.
1610 4620 1625 4642 ,
1652 4577 1847 4656 gem}.
1866 4618 1880 4643 ,

1992 1930 2059 1985 ad
2083 1933 2477 2001 separationem
2540 1932 2774 1988 diversae
2806 1934 2857 1988 in
2894 1934 3027 1989 Filio
3073 1945 3128 1991 et
3160 1936 3213 1990 in
3264 1934 3424 1991 Patre
3462 1935 3593 1993 sub-

1990 2024 2202 2077 stantia:
2232 2023 2536 2079 introducta
2564 2042 2576 2078 :
2600 2040 2721 2079 cum
2742 2027 2906 2082 totius
2930 2027 3055 2082 ﬁdei
3079 2028 3347 2098 expositio
3369 2028 3581 2084 Patrem

1990 2123 2045 2171 et
2074 2114 2294 2181 Filium,
2322 2116 2695 2173 innascibilem
2727 2128 2783 2172 et
2809 2119 3167 2189 unigenitum,
3198 2133 3299 2174 nec
3328 2129 3591 2191 tempore,

1988 2225 2088 2266 nec
2112 2212 2353 2278 nomine,
2389 2227 2487 2268 nec
2515 2213 2750 2268 essentia
2778 2255 2793 2280 ,
2823 2229 2922 2269 nec
2948 2213 3211 2285 dignitate
3234 2255 3251 2281 ,
3284 2229 3387 2271 nec
3414 2214 3595 2271 domi-

1990 2307 2211 2362 natione
2262 2306 2558 2362 discernat.
2618 2308 2843 2378 Dignum
2896 2317 3077 2364 autem
3130 2318 3216 2365 est
3257 2309 3591 2365 conscientia

1988 2401 2262 2456 communi
2308 2402 2471 2456 etiam
2524 2412 2754 2457 emteras
2819 2402 3136 2458 corumdem
3206 2405 3587 2476 episcoporum

1988 2495 2345 2552 Orientalium
2374 2496 2604 2553 diversis
2627 2508 2682 2553 et
2709 2497 2843 2554 locis
2870 2508 2925 2554 et
2953 2499 3288 2570 temporibus
3315 2505 3595 2571 conscrip-

1990 2599 2072 2646 tas
2121 2590 2255 2647 lldes
2281 2607 2542 2658 noscere,
2575 2601 2633 2646 ut
2662 2608 2755 2661 per
2809 2593 2992 2661 plures
3019 2592 3389 2651 confessiones
3414 2595 3590 2651 since-

1991 2685 2122 2741 ritas
2144 2685 2490 2741 conscientia:
2522 2687 2695 2755 possit
2724 2684 2974 2758 intelligi.

2063 2820 2141 2895 (g)
2170 2820 2373 2878 FIDES
2395 2820 2767 2879 SECUNDUM
2814 2821 3140 2880 ORIENTIS
3167 2821 3514 2881 SYNODUM.

2644 2938 2757 3011 (mi.
2789 2938 2942 3011 547.)

1990 3052 2186 3111 Sancta
2219 3053 2459 3126 synodus
2486 3053 2540 3108 in
2571 3051 2650 3125 (lt)
2678 3052 2898 3109 Sardica
2920 3062 3246 3125 congregata
3273 3069 3336 3109 ex
3369 3054 3597 3110 diversis

2064 3147 2360 3218 provinciis
2411 3145 2769 3201 Orientalium
2813 3145 3047 3215 partium
3078 3188 3093 3213 ,
3143 3146 3453 3212 Thebaida,
3500 3146 3594 3203 E-

2060 3251 2247 3316 gypto,
2272 3240 2556 3297 Palaestina
2586 3283 2601 3307 ,
2632 3239 2826 3296 Arabia
2855 3283 2869 3306 ,
2896 3240 3153 3295 Pbcenice
3175 3284 3189 3307 ,
3221 3239 3378 3313 Syria
3401 3239 3552 3297 Coele
3579 3284 3594 3309 ,

2065 3336 2475 3408 Mesopotamia,
2508 3334 2717 3398 Cilicia,
2747 3334 3110 3405 Cappadocia,
3138 3335 3333 3402 Ponto,
3363 3335 3599 3407 Paphla-

2061 3431 2220 3502 gonia
2250 3471 2265 3497 ,
2307 3428 2513 3485 Galatia
2534 3470 2550 3496 ,
2581 3427 2830 3501 Bithynia
2857 3469 2873 3497 ,
2906 3427 3259 3500 Hellesponto
3287 3469 3302 3496 ,
3334 3427 3397 3502 (il
3424 3426 3551 3484 Asia
3577 3469 3594 3498 ,

3250 3520 3275 3545 τ

1992 3570 2114 3628 loco
2134 3570 2305 3641 juxta.
2328 3582 2474 3641 mss.
2513 3566 2904 3641 restituendum
2946 3568 3272 3641 curavimus.
3314 3569 3445 3640 Ejus
3474 3569 3595 3624 loco

1991 3642 2045 3698 in
2078 3636 2185 3697 uno
2229 3655 2332 3695 ms.
2360 3636 2519 3694 Colb.
2567 3638 2831 3703 habetur,
2858 3640 3109 3709 expositio
3155 3640 3276 3709 ﬁdei
3320 3636 3597 3695 secundum

1995 3712 2225 3769 Orientis
2249 3710 2502 3783 synodum
2525 3710 2762 3783 :codeni
2794 3723 2977 3763 Sensu.
3014 3708 3120 3783 Sed
3154 3708 3258 3783 non
3291 3712 3593 3783 audiendus

1990 3787 2262 3842 recentior
2279 3781 2494 3852 lleuiig.
2549 3782 2601 3835 in
2632 3796 2741 3852 quo
2786 3790 2980 3845 exstat,
3027 3781 3155 3851 ﬁdes
3209 3781 3427 3838 Serdica
3470 3798 3589 3836 con-

1998 3859 2212 3912 scripta.

2159 3875 2212 3910 a.

2071 3875 2158 4001 itif);
2179 3927 2311 4001 Mss.
2330 3932 2652 4001 constanter
2682 3934 2730 3979 et
2754 3938 2955 4001 magno
2980 3938 3249 4001 consensu
3282 3969 3297 3993 ,
3352 3924 3582 4001 Serdi_ca.

1994 3994 2384 4054 llre'c'niendax
2413 3995 2690 4065 inscriptio
2715 3996 2979 4066 plurimos
3024 3995 3254 4062 fefellit,
3282 4011 3453 4065 eaque
3492 3994 3591 4051 Do-

1992 4072 2204 4126 natistte
2232 4069 2584 4139 Augustinum
2616 4067 2866 4136 decipere
2896 4075 3173 4121 tentarunt
3201 4110 3214 4130 ,
3244 4082 3297 4121 ιιι
3334 4070 3448 4137 ipse
3480 4077 3593 4122 tes-

1993 4145 2060 4198 tis
2077 4151 2163 4198 est
2191 4140 2351 4207 epist.
2384 4140 2517 4192 alias
2538 4154 2720 4203 cum,
2757 4152 2918 4192 nunc.
2954 4154 3095 4204 XLIV,
3126 4155 3179 4193 n.
3213 4139 3270 4195 6.
3298 4140 3398 4195 Illo
3420 4139 3596 4194 minus

1990 4223 2175 4268 Cautus
2199 4209 2563 4280 fuitVigilius,
2596 4209 2688 4265 lib.
2722 4225 2753 4261 ν
2793 4220 2977 4282 contra
3013 4210 3312 4282 Eutychen,
3348 4228 3401 4265 ιι.
3440 4212 3494 4268 '5.
3526 4214 3594 4266 At

1991 4285 2251 4339 Hilarium
2285 4292 2527 4337 nostrum
2559 4295 2665 4335 non
2705 4280 2833 4350 fugit
2857 4324 2867 4341 ,
2894 4296 2922 4333 a
2970 4280 3162 4351 quibus
3194 4283 3458 4352 prodierit
3506 4298 3596 4338 se-

1990 4371 2160 4426 quens
2188 4353 2438 4426 fortnula,
2469 4353 2711 4426 qnznnvis
2736 4368 2841 4405 non
2871 4353 3390 4426 aperleprodiderit.
3422 4353 3594 4426 Porro

1997 4423 2102 4482 non
2135 4425 2395 4485 Sardicm.
2430 4424 2523 4478 sed
2554 4423 2916 4492 Philippopoli
2961 4425 3012 4475 ιιι
3041 4424 3269 4479 Thracia
3314 4426 3457 4481 edita
3495 4424 3597 4480 fuit.

1993 4499 2061 4554 ab
2090 4500 2177 4562 iis,
2211 4498 2299 4570 qui
2336 4496 2625 4570 sibi‘male
2652 4495 2855 4551 conseii
2877 4537 2891 4559 ,
2924 4494 3266 4552 Sardicensis
3296 4498 3486 4570 synodi
3510 4497 3599 4570 ju-

1993 4571 2192 4625 dicium
2223 4566 2600 4623 formidabant.
2632 4570 3001 4637 Quamquam,
3034 4570 3274 4636 exceptis
3303 4566 3590 4637 postremis

288 4638 521 4710 Sorb'on.
556 4638 665 4710 Alii
687 4638 816 4708 vero
856 4655 978 4709 libri
1006 4638 1032 4715 ,’
1069 4652 1215 4707 aliud
1243 4652 1326 4705 sit.
1358 4638 1427 4706 Ut
1477 4638 1622 4717 saepe
1652 4638 1887 4704 Hilarius
1918 4649 1963 4708 D
1994 4641 2144 4697 hisce
2173 4640 2372 4717 verbis,
2408 4638 2660 4717 Similiter
2690 4655 2809 4717 eos2
2840 4641 2926 4717 q_ui
2957 4638 3274 4717 diruuttres
3295 4655 3404 4692 esse
3427 4639 3548 4691 deos
3572 4682 3587 4705 ,

284 4727 432 4780 aliud
469 4734 696 4796 usurpat
733 4727 799 4779 ad
855 4726 1254 4780 distinctionem
1300 4735 1583 4794 pet-sonte,
1620 4722 1690 4774 ita
1745 4733 1887 4773 nunc

283 4796 421 4852 alius
449 4798 514 4852 ad
550 4799 953 4852 distinctionem
982 4808 1206 4851 naturae.

357 4871 440 4940 (ά)
470 4870 569 4925 Hic
588 4869 879 4924 auctoritas
905 4883 1010 4923 non
1041 4866 1183 4922 aliud
1210 4875 1361 4940 sonat
1403 4879 1466 4940 ac
1493 4870 1883 4940 auelqr_;_puta,

282 4935 535 4998 natusex
569 4951 792 4996 auctore
822 4940 973 5008 cujus
1001 4948 1085 4994 est
1120 4948 1309 4993 natura
1347 4935 1772 4991 indemutabilis.

358 5034 433 5106 (e)
465 5032 633 5100 Editi,
662 5032 1006 5106 cumiprimus
1038 5030 1213 5106 editus
1247 5037 1372 5106 esset
1416 5028 1571 5106 totius
1599 5036 1883 5106 creatum,

280 5098 499 5160 docetur
528 5115 574 5159 et
603 5098 713 5175 ipse
756 5098 844 5175 ille
891 5119 1090 5175 semper
1138 5102 1298 5175 fuisse
1342 5101 1398 5175 in
1443 5099 1699 5175 principio
1745 5098 1886 5175 apud

277 5175 474 5232 Deum.
515 5167 737 5232 Verbum
762 5172 903 5231 Deus
932 5167 1148 5239 dicitur,
1171 5173 1295 5228 dum
1320 5167 1516 5244 primus
1549 5172 1737 5225 editur.
1768 5167 1883 5223 Na-

279 5260 368 5304 tus
395 5248 553 5322 fuisse
578 5247 885 5315 ostenditur,
915 5255 1022 5302 etc.

362 5339 441 5416 (Ι)
470 5339 621 5416 Unus
649 5339 819 5416 codex
845 5338 1151 5416 Colb._eum
1181 5336 1366 5416 Carm,
1390 5335 1515 5390 Mic.
1548 5344 1601 5416 et
1632 5333 1882 5416 vulgatis,

278 5406 689 5468 subsistendum.
721 5410 872 5466 Alter
908 5408 1065 5465 Colb.
1094 5425 1216 5464 eum
1248 5407 1432 5464 Germ.
1468 5450 1484 5474 ,
1516 5406 1881 5461 substantiam.

280 5483 642 5540 meerimus
659 5498 781 5539 cum
823 5484 1037 5538 caeteris
1065 5481 1496 5535 substantiarum:
1532 5492 1653 5533 cum
1682 5477 1769 5531 hie
1792 5491 1889 5531 ex-

280 5566 546 5611 cusentur
564 5555 898 5621 Orientales,
934 5553 1079 5626 quod
1110 5555 1303 5626 trinam
1352 5549 1682 5626 bypostasim
1720 5548 1890 5626 intro-

279 5628 566 5695 duxerint,
596 5641 660 5682 ac
684 5619 905 5682 verbum
935 5619 1171 5697 gracum
1200 5619 1496 5684 ὑπόστοὶσις
1543 5622 1712 5677 latino
1772 5619 1893 5674 sub-

277 5701 496 5755 stantia:
514 5701 733 5755 nomine
760 5698 992 5754 Hilarius
1022 5697 1232 5753 reddat.

1216 5788 1515 5862 omissumk
1530 5793 1593 5842 et,
1612 5750 1890 5841 irl'editio-

284 5856 452 5921 nibus
477 5864 598 5921 aliis
641 5867 711 5920 ad
763 5856 1057 5933 marginem
1104 5858 1384 5918 dumtaxat
1430 5856 1698 5932 adjectum
1734 5896 1749 5927 ς
1792 5871 1890 5915 suo

1993 4723 2132 4780 etc.,
2163 4712 2394 4781 primum
2418 4709 2630 4778 vulgata
2661 4710 2828 4781 estalt
2858 4710 3180 4781 Eusebianis
3207 4711 3409 4781 aliquot
3441 4724 3592 4781 uten-

1993 4799 2081 4839 ses
2103 4778 2219 4853 post
2248 4781 2535 4837 concilium
2568 4778 2953 4853 Antiochimjn
2986 4779 3272 4853 Encaeniis,
3303 4778 3438 4853 etin
3463 4780 3592 4835 Gal-

1992 4850 2217 4924 lias'per
2242 4851 2822 4924 Narcissum,Marim,
2865 4850 3213 4924 Theodorum
3260 4860 3315 4904 et
3356 4850 3590 4924 Marcum

1993 4926 2058 4981 ad
2083 4920 2431 4981 constantem
2456 4922 2605 4992 quasi
2648 4937 2676 4974 a
2709 4920 2918 4992 synodo
2948 4920 3124 4975 delata
3164 4962 3178 4986 ,
3226 4933 3283 4975 ut
3326 4923 3482 4977 testis
3512 4934 3597 4978 est.

1990 4997 2340 5075 Athanasius,
2373 4991 2561 5075 ιιικειυ
2587 4991 2893 5075 Synod.p.
2955 4991 3081 5057 895;
3124 4994 3232 5047 imo
3282 5005 3337 5046 nt
3390 4994 3587 5075 ibidem

1990 5069 2227 5139 subjicit,
2260 5063 2676 5139 iidcntlriennio
2701 5072 2821 5139 post
2843 5063 2916 5139 in
2965 5078 3281 5139 consessum
3315 5067 3593 5121 venientes

1991 5133 2238 5195 eamdem
2271 5136 2543 5209 praedictis
2570 5134 2962 5209 appendicibus
3001 5133 3269 5209 Similiter
3297 5153 3402 5209 eos,
3436 5146 3541 5192 etc.
3575 5177 3592 5203 ,

1991 5211 2218 5280 aliisque
2247 5205 2483 5273 auctam,
2517 5222 2613 5276 per
2641 5205 2966 5280 Eudoxinm,
3000 5205 3309 5280 Martyrium
3340 5208 3585 5276 aliosque

1992 5282 2046 5337 in
2070 5277 2273 5337 Italiam
2300 5284 2614 5335 emiserunt.
2648 5277 2873 5331 Denium
2923 5294 3042 5346 qua:
3085 5277 3171 5332 hic
3201 5294 3321 5332 mox
3371 5280 3589 5349 subjici-

1995 5364 2083 5409 tur
2110 5362 2298 5410 contra
2329 5350 2617 5407 Photinum
2652 5392 2667 5414 ,
2699 5349 2766 5405 ab
2811 5349 2911 5403 hac
2941 5366 3045 5404 non
3076 5348 3256 5405 didert
3283 5391 3297 5415 ,
3329 5351 3429 5405 nisi
3460 5348 3592 5406 ana-

1996 5425 2293 5481 tbematum
2323 5421 2725 5479 additamemis.

2071 5495 2132 5568 (i)
2165 5498 2382 5568 Aliquot
2421 5508 2549 5549 mss.
2584 5492 2769 5568 proba:
2814 5506 2990 5561 netrr,
3024 5491 3455 5568 Asiwil’ltrygiis.
3500 5494 3591 5551 Sic

2000 5565 2138 5625 infra
2170 5565 2310 5640 apud
2336 5568 2464 5623 Ball.
2500 5579 2707 5640 necnon
2738 5565 2791 5620 in
2821 5576 3135 5640 veteranis.
3168 5565 3324 5640 Colb.
3350 5577 3404 5622 et
3430 5568 3551 5624 aliis
3577 5612 3593 5633 ,

2000 5635 2229 5713 Europa:
2254 5640 2478 5713 Tltracitt
2496 5651 2516 5691 :
2544 5635 2686 5713 quod
2711 5649 2765 5691 et
2801 5638 2947 5713 apud
2970 5636 3220 5713 Vigiliinn
3268 5638 3469 5713 legitur
3501 5641 3596 5696 Iit).

1999 5729 2035 5770 γ
2061 5709 2250 5769 contra
2288 5710 2520 5782 Eutych.
2572 5709 2768 5782 Neutra
2829 5711 3005 5782 lectiq
3033 5709 3384 5782 coniungitur
3428 5709 3602 5782 Frag-

1999 5781 2293 5912 ¥Ielll0.‘lll,
2325 5778 2414 5841 ubi
2443 5782 2622 5852 leglere
2650 5778 2752 5848 est;
2787 5782 2931 5851 Asia,
2967 5780 3201 5851 Europa,
3234 5778 3601 5856 Hellesponto;

2063 5873 2239 5912 ll'tttt'li

2063 5873 2239 5914 irai-"lt
