4106 6192
531 292 637 348 507

1733 282 1978 343 SANCTI
2019 281 2275 344 HlLABll
2316 281 2626 341 EPISCOPI

3730 283 3829 341 508

604 412 855 486 Phrygiis
880 409 1090 467 duabus
1108 448 1123 476 ,
1158 405 1359 464 Pisidia
1393 445 1407 470 ,
1437 402 1735 476 Cycladnm
1781 403 2075 460 insularum
2106 444 2123 471 ,
2152 404 2209 465 Α
2230 400 2398 458 dedit.
2425 403 2502 456 Ac
2524 416 2594 456 ne
2615 400 2731 457 hac
2756 397 2911 470 origo
2929 396 3072 469 ejus,
3093 411 3163 454 es
3184 412 3289 470 qua
3305 406 3462 455 natus
3480 408 3566 455 est
3590 412 3829 470 manens,

602 503 941 576 Pamphylia,
970 500 1124 558 Caris
1143 538 1160 568 ,
1186 498 1352 571 Lydia
1372 538 1387 564 ,
1414 496 1627 567 Europa
1649 537 1667 565 ,
1696 495 1923 552 Thracia
1946 535 1963 561 ,
1987 494 2138 552 Emi-

606 609 813 663 monto,
848 595 926 669 (a)
956 593 1126 669 Mysia
1149 634 1165 664 ,
1196 591 1489 651 Pannoniis
1524 590 1735 647 duabus
1754 631 1771 658 ,
1799 590 1939 647 hanc
1968 605 2135 662 espo-

598 691 806 749 suimus
826 688 1014 745 iidem.

568 871 691 928 δία
710 865 993 925 Credimus
1012 865 1063 921 in
1082 879 1242 927 unum
1260 864 1429 919 Deum
1451 869 1656 934 patrem
1679 861 2130 934 omnipotentem,

526 974 831 1023 creatorem
852 971 907 1017 et
926 960 1183 1019 factorem
1207 959 1604 1022 universorum,
1628 973 1695 1015 ex
1721 944 1826 1027 quo
1850 957 2024 1012 omnis
2041 971 2138 1027 pa-

528 1057 752 1114 ternitas
774 1055 828 1110 in
851 1053 1004 1110 cretis
1026 1061 1082 1108 et
1103 1053 1315 1107 interra
1345 1050 1671 1107 nominatur.
1691 1047 1973 1107 Credimus
1992 1058 2045 1103 et
2081 1048 2134 1105 in

528 1149 859 1221 unigenitum
874 1147 988 1217 ejus
1009 1145 1176 1201 lilium
1198 1144 1479 1201 Dominum
1498 1151 1739 1199 nostrum
1757 1140 1940 1199 Jesum
1959 1138 2138 1198 Chris-

525 1252 665 1308 tum,
687 1241 779 1313 qui
796 1246 921 1295 ante
938 1236 1116 1295 omnia
1136 1236 1330 1294 saecula
1351 1251 1415 1291 ex
1441 1235 1599 1290 Patre
1615 1235 1828 1306 genitus
1843 1240 1945 1301 est,
1968 1233 2133 1291 Deum

533 1354 602 1395 ex
624 1337 757 1401 Deo,
789 1334 972 1390 lumen
1001 1346 1067 1389 ex
1095 1330 1298 1387 lumine
1322 1369 1339 1397 ,
1369 1343 1465 1398 per
1494 1342 1651 1397 quem
1685 1326 1821 1382 facta
1850 1334 1975 1383 sunt
2013 1339 2134 1381 om-

528 1434 617 1489 nia
642 1446 763 1502 quae
791 1430 843 1485 in
872 1427 1025 1485 ctelis
1056 1434 1110 1482 et
1137 1440 1260 1496 qua:
1302 1425 1353 1479 in
1383 1431 1525 1478 terra
1551 1463 1565 1487 ,
1596 1421 1827 1483 visibilia
1860 1428 1915 1477 et
1944 1418 2137 1477 invisi—

531 1523 658 1579 bilia
693 1540 707 1576 :
738 1520 828 1592 qui
854 1530 936 1575 est
964 1517 1210 1583 verbum,
1243 1521 1297 1570 et
1317 1514 1601 1584 sapieutia,
1626 1520 1683 1569 et
1704 1513 1891 1579 virtus,
1919 1521 1973 1567 et
2000 1510 2132 1578 vita,

530 1623 587 1670 et
617 1614 801 1677 lumen
833 1624 1052 1667 verum:
1085 1618 1141 1663 et
1169 1606 1332 1678 quiin
1363 1604 1670 1661 novissimis
1698 1603 1888 1660 diebus
1917 1608 2137 1673 propter

534 1722 634 1767 nos
664 1708 973 1763 incarnatus
1004 1712 1110 1769 est,
1133 1709 1189 1758 et
1218 1713 1374 1758 natus
1404 1714 1473 1755 ex
1516 1707 1702 1755 sancta
1752 1696 1966 1769 Virgine
1991 1737 2006 1764 ,
2041 1697 2135 1768 qui

2236 495 2315 569 (ε)
2347 495 2449 551 alia
2478 496 2659 566 potius
2682 508 2847 565 quam
2874 492 2969 549 Dei
3019 492 3413 564 intelligeretur
3440 507 3562 549 esse
3588 493 3834 551 substan-

2239 587 2351 654 tia;
2383 586 2547 643 etiam
2595 600 2694 645 eos
2718 584 3070 657 blasphemas
3097 586 3416 658 pronuntiat
3442 626 3460 655 ,
3505 587 3598 659 qui
3626 603 3692 643 es
3730 589 3834 645 alia

2237 681 2415 753 aliqua
2444 681 2775 746 substantia,
2806 688 2863 736 et
2890 694 2999 735 non
3048 694 3115 735 ex
3138 679 3251 736 Deo
3279 680 3473 738 Filium
3505 690 3692 737 natum
3716 696 3834 738 esse

2238 774 2626 845 loquerentur:
2660 778 2824 843 atque
2854 773 2924 827 ita
2958 770 3031 842 (Ῑ)
3056 785 3177 827 eum
3220 785 3329 829 non
3353 787 3419 828 ex
3451 771 3620 830 nihilo
3637 772 3838 835 substi-

2238 867 2320 933 tit,
2355 880 2531 936 neque
2551 865 2768 922 aliunde
2792 880 2955 935 quam
2980 880 3045 921 es
3066 864 3179 922 Deo
3198 865 3342 937 quod
3362 875 3446 923 est
3468 866 3709 933 exstitit,
3732 882 3835 923 non

2240 967 2417 1030 potest
2438 958 2634 1029 ambigi
2682 958 2737 1013 in
2769 957 2853 1013 his
2894 967 3053 1013 natus
3083 972 3204 1013 esse
3248 972 3369 1028 qua:
3398 957 3495 1013 Dei
3532 966 3688 1025 sunt;
3720 959 3839 1031 quia

2237 1067 2413 1123 neque
2433 1051 2502 1107 de
2527 1065 2635 1110 non
2665 1048 3030 1117 exstantibus,
3056 1065 3233 1120 neque
3254 1050 3361 1107 alia
3385 1066 3544 1121 quam
3568 1051 3638 1107 de
3662 1054 3843 1109 innas-

2237 1145 2384 1202 cibili
2434 1145 2607 1202 Patris
2632 1153 2685 1200 et
2716 1150 2919 1200 reterns
2971 1143 3271 1199 substantia
3298 1141 3379 1216 (ς)
3408 1144 3687 1215 unigenita
3719 1145 3840 1202 Filii

2242 1247 2533 1311 generatur
2563 1235 2823 1293 essentia.
2854 1234 3083 1306 Respuit
3127 1250 3260 1292 vero
3288 1243 3345 1291 et
3391 1236 3677 1291 intervalla
3701 1246 3843 1292 tem.

2239 1349 2433 1405 porum
2462 1347 2526 1388 ac
2554 1331 2911 1387 seculorum:
2942 1340 3001 1384 ut
3038 1329 3131 1400 qui
3162 1342 3260 1400 per
3308 1336 3557 1386 naturam
3605 1343 3711 1386 non
3741 1330 3847 1386 dil-

2239 1426 2347 1483 fert
2371 1468 2386 1493 ,
2417 1440 2525 1481 non
2558 1425 2729 1495 possit
2754 1422 3074 1493 separabilis
3101 1436 3224 1480 esse
3259 1438 3356 1494 per
3382 1434 3615 1496 tempus.

2308 1523 2402 1581 56.
2432 1523 2589 1601 Deus
2616 1539 2719 1578 non
2745 1523 2847 1578 nisi
2874 1537 3004 1577 unus
3045 1530 3155 1587 est;
3181 1528 3429 1591 quatenus
3457 1519 3693 1574 dicantur
3726 1518 3849 1590 ρίσ-
3918 1542 3921 1545 ·

2239 1635 2349 1677 res.
2371 1618 2529 1674 Fides
2553 1616 2792 1687 superior
2814 1631 2971 1671 unam
3024 1614 3201 1670 Patris
3225 1631 3288 1669 ac
3335 1611 3465 1670 Filii
3510 1612 3849 1669 substantiam

2241 1712 2508 1783 prmdicat.
2541 1741 2614 1754 --
2636 1712 2713 1767 Ex
2756 1711 2906 1766 om’ni
2945 1718 3124 1765 autem
3156 1715 3341 1779 parte,
3387 1721 3493 1777 qua
3520 1720 3584 1761 se
3606 1705 3847 1763 circtsm-

527 1798 817 1861 crucilisus
845 1806 931 1853 est
964 1837 977 1864 ,
1006 1802 1063 1853 et
1100 1802 1343 1849 mortuus
1368 1831 1381 1858 ,
1413 1799 1468 1847 et
1502 1789 1748 1861 sepultus
1778 1830 1792 1857 ,
1820 1796 1876 1845 et
1896 1787 2134 1847 surrexit

2241 1820 2404 1879 agere
2427 1804 2737 1860 sollicitudo
2758 1802 2950 1874 potuit,
2984 1801 3365 1858 haereticorum
3409 1797 3638 1869 ingeniis
3660 1797 3851 1856 aditus

528 1909 596 1951 ex
622 1890 851 1949 mortuis
869 1887 1025 1952 tertia
1048 1886 1155 1954 dic,
1180 1895 1233 1943 et
1260 1891 1508 1953 receptus
1537 1882 1588 1937 in
1619 1882 1758 1938 creto
1774 1890 1878 1947 est,
1902 1890 1955 1936 et
1974 1877 2139 1953 483

534 1984 691 2043 sedet
718 1984 770 2039 in
800 1981 1021 2041 dextera
1066 1978 1273 2044 Patris,
1306 1984 1567 2032 venturus
1606 1972 1683 2045 (ὁ)
1712 1972 1957 2044 judicare
1990 1973 2141 2027 vivos

2241 1899 2538 1957 obstruitur
2569 1940 2585 1966 ,
2643 1914 2711 1956 ne
2740 1898 2867 1967 quid
2897 1911 3020 1953 esse
3063 1895 3399 1951 dirersitatis
3428 1892 3756 1965 pra-dicetur
3798 1891 3878 1947 int

2242 1994 2399 2050 Filio.
2429 1992 2867 2050 Anathematisat
2917 2004 3151 2061 namque
3177 2003 3272 2044 eos
3298 2029 3313 2055 ,
3342 1988 3434 2058 qui
3465 1998 3575 2044 tres
3599 1986 3736 2043 deos
3772 1986 3853 2042 di-

535 2087 590 2134 ct
614 2087 858 2133 mortuos
878 2116 894 2142 ,
936 2082 993 2129 et
1017 2071 1249 2129 reddere
1295 2068 1584 2138 unicuique
1630 2066 1924 2125 secundum
1973 2080 2142 2136 opera
2238 2094 2398 2143 eam.
2430 2086 2554 2156 qui,
2572 2085 2868 2141 secundum
2893 2081 3061 2156 ω
3088 2090 3294 2138 mlum
3314 2081 3626 2145 "malem.
3648 2094 3848 2137 “me.

536 2170 688 2242 ejus;
716 2168 869 2238 cujus
894 2179 1119 2236 regnum
1149 2164 1269 2218 sine
1309 2161 1612 2217 cessatione
1640 2167 1921 2229 permanet
1944 2158 1995 2213 in
2041 2158 2140 2221 im-

537 2278 722 2322 mensa
749 2261 970 2321 saecula.
1002 2256 1170 2314 Sedet
1196 2256 1341 2313 enim
1373 2255 1425 2311 in
1455 2253 1677 2311 dextera
1704 2252 1879 2313 Patris
1908 2266 2014 2311 non
2045 2267 2137 2309 so-

535 2360 645 2417 lum
670 2357 721 2414 in
748 2355 851 2415 hoc
874 2352 1098 2420 saeculo,
1131 2351 1225 2408 sed
1257 2360 1313 2407 et
1348 2350 1399 2409 in
1428 2348 1629 2405 futuro.
1674 2346 1960 2405 Credimus
1985 2355 2042 2402 et
2082 2347 2137 2407 in

532 2450 794 2520 Spiritum
822 2455 1093 2510 sanctum,
1130 2444 1231 2499 hoc
1264 2451 1348 2499 est
1376 2484 1391 2508 ,
1422 2440 1757 2514 paraclctum
1782 2480 1799 2509 ,
1828 2455 1986 2513 quem
2014 2454 2139 2510 pro-

537 2542 758 2601 mittens
787 2538 1063 2610 Apostolis
1085 2544 1208 2609 post
1228 2535 1458 2592 reditum
1492 2535 1544 2591 in
1573 2532 1741 2590 cmlos
1771 2532 1919 2589 misit
1939 2532 2139 2589 docere

533 2652 629 2693 eos
655 2650 719 2691 ac
758 2634 1045 2690 memorari
1074 2631 1278 2697 cinnia,
1322 2644 1417 2701 per
1443 2642 1603 2701 quem
1650 2637 1705 2683 et
1732 2627 2140 2685 sanctiﬁcantur

536 2731 749 2785 sincere
799 2728 851 2782 in
882 2740 1006 2782 eum
1036 2721 1371 2780 credentium
1409 2722 1622 2777 animae.
1669 2718 1742 2795 (c)
1775 2719 1881 2774 Eos
1907 2727 2086 2774 autem
2119 2759 2136 2786 ,

534 2822 625 2895 qui
664 2821 850 2877 dicunt
878 2817 947 2875 de
1000 2832 1108 2873 non
1134 2812 1469 2872 exstantibus
1515 2827 1638 2870 esse
1682 2812 1851 2868 lilium
1878 2810 1974 2867 Dei
1999 2851 2016 2879 ,
2052 2812 2138 2868 vel

533 2932 599 2972 ex
630 2916 732 2969 alia
760 2913 1086 2979 substantia,
1116 2920 1169 2967 et
1204 2925 1310 2966 non
1338 2924 1404 2966 ex
1438 2909 1548 2967 Deo
1572 2950 1585 2974 ,
1621 2918 1673 2963 et
1719 2906 1861 2980 quod
1889 2917 2005 2963 erat
2039 2906 2139 2961 ali-

535 3006 753 3079 quando
782 3016 993 3076 tempus
1021 3013 1114 3061 aut
1137 3004 1393 3061 Saeculum
1434 3001 1647 3075 quando
1684 3017 1791 3059 non
1820 3009 1978 3073 erat,
2006 3001 2139 3061 alio—

538 3114 639 3163 nos
671 3098 818 3157 novit
860 3106 1043 3155 sancta
1073 3108 1126 3152 et
1150 3095 1412 3153 catholica
1460 3092 1722 3153 Ecclesia.
1772 3092 2035 3153 Similiter
2083 3100 2137 3147 et

2240 2195 2360 2235 rum
2390 2177 2851 2249 nuncupationum
2877 2176 3177 2233 substantia
3209 2175 3308 2231 ista
3340 2189 3447 2230 non
3478 2173 3670 2245 recipit
3690 2215 3706 2236 ,
3743 2174 3848 2229 nisi

2241 2279 2299 2326 ut
2329 2271 2382 2325 in
2408 2268 2719 2325 hominibus
2747 2277 2911 2339 atque
2939 2266 3165 2337 Angelis
3183 2266 3344 2329 solet.
3377 2279 3498 2320 cum
3523 2279 3723 2345 nomen
3748 2266 3848 2323 tri-

2240 2361 2421 2418 buitur
2443 2375 2509 2418 ex
2542 2360 2751 2417 honore
2774 2360 3115 2425 meritorum,
3149 2368 3358 2415 natura:
3378 2365 3560 2415 tamen
3582 2359 3725 2415 inter
3752 2374 3850 2415 eos

2238 2462 2295 2511 et
2322 2453 2491 2510 Deum
2519 2452 2600 2526 (Il)
2633 2453 2917 2511 dit’l'erente
2946 2452 3277 2519 substantia;
3310 2459 3367 2507 et
3390 2450 3592 2511 ideirco
3617 2450 3694 2511 dii
3728 2450 3850 2521 plu-

2240 2561 2330 2603 res
2357 2556 2505 2605 sunt.
2537 2547 2806 2605 Craterum
2839 2545 2892 2605 in
2919 2552 3109 2603 natura
3138 2543 3236 2600 Dei
3258 2543 3403 2601 Deus
3442 2558 3581 2601 unus
3624 2552 3742 2611 est;
3774 2542 3846 2599 ita

2243 2650 2443 2706 tamen,
2469 2647 2529 2697 ut
2549 2649 2606 2695 et
2633 2638 2803 2697 Filius
2833 2638 2975 2695 Deus
3021 2637 3133 2704 sit,
3159 2637 3287 2708 quia
3314 2638 3367 2691 in
3409 2648 3481 2694 eo
3509 2644 3702 2697 natura
3736 2651 3846 2691 non

2239 2732 2497 2793 diﬂ'erens
2523 2732 2626 2791 sit:
2664 2740 2722 2789 et
2769 2744 2893 2789 eum
2923 2729 3068 2786 Deus
3119 2745 3187 2786 ex
3218 2728 3333 2789 Deo
3359 2727 3468 2797 sit,
3499 2742 3607 2787 non
3667 2737 3850 2800 potest

2240 2843 2347 2884 non
2380 2838 2608 2895 uterque
2637 2824 2782 2881 Deus
2810 2838 2954 2889 esse.
2994 2837 3226 2895 quorum
3255 2837 3354 2895 per
3390 2822 3609 2893 generis
3630 2822 3849 2879 inditis-

2241 2920 2471 2979 reutiam
2504 2935 2611 2977 non
2661 2917 3001 2977 discernatur
3040 2914 3297 2975 essentia.
3343 2914 3610 2977 Numerus
3658 2924 3845 2981 autem

2239 3014 2475 3075 nominis
2502 3013 2555 3069 in
2603 3009 3003 3082 nuncupatione
3030 3011 3331 3081 respuitur;
3362 3009 3486 3080 quia
3526 3023 3633 3067 non
3674 3016 3767 3063 est
3796 3008 3846 3063 in

2240 3118 2448 3166 natura:
2489 3106 2749 3178 qualitate
2797 3104 3102 3161 diversitas.
3156 3101 3291 3161 Cum
3341 3102 3505 3173 igitur
3551 3101 3847 3159 anathema

535 3208 653 3259 eos,
673 3193 763 3263 qui
789 3191 976 3249 dicunt
997 3200 1105 3247 tres
1131 3204 1251 3247 esse
1278 3188 1444 3257 deos;
1470 3188 1555 3243 vel
1579 3185 1851 3247 Christum
1875 3202 1980 3249 non
2011 3200 2134 3243 esse

2241 3201 2309 3256 sit
2334 3199 2402 3273 (ἡ)
2440 3200 2574 3257 deos
2597 3199 2804 3263 dicens,
2838 3204 2895 3259 et
2918 3196 3205 3257 anathema
3230 3198 3303 3252 sit
3326 3195 3524 3253 Filium
3546 3194 3720 3251 Deum
3749 3194 3848 3250 de-

540 3285 706 3349 Deum
736 3291 791 3338 et
814 3290 939 3339 ante
959 3280 1190 3347 saecula,
1223 3295 1397 3350 neque
1429 3279 1726 3347 Christum,
1762 3293 1936 3351 neque
1962 3277 2134 3335 lilium

534 3392 658 3437 eum
689 3391 810 3434 esse
838 3374 963 3441 Dei;
993 3374 1078 3432 vel
1101 3391 1222 3431 eum
1246 3374 1424 3444 ipsum
1466 3388 1587 3431 esse
1614 3373 1829 3437 Patrem
1858 3383 1912 3429 et
1937 3373 2134 3435 Filium

534 3477 591 3523 et
620 3476 864 3523 sanctum
897 3467 1198 3538 Spiritum,
1255 3466 1339 3520 Vt'l
1377 3463 1750 3522 innascibilem
1792 3466 1995 3531 lllittm;
2050 3464 2135 3520 vel

538 3558 679 3631 quod
713 3574 888 3629 neque
916 3557 1146 3614 consilio
1187 3572 1362 3628 neque
1390 3557 1667 3613 voluntate
1697 3555 1857 3617 Pater
1888 3554 2137 3628 genuerit

536 3652 771 3709 Filium:
830 3651 1244 3711 anathematizat
1295 3660 1480 3709 sancta
1525 3661 1579 3707 et
1625 3649 1888 3715 catholica
1948 3650 2135 3717 Eccle-

535 3747 635 3802 sia.
658 3744 769 3818 ›(ά)
1519 3750 1523 3755 ·

603 3841 692 3897 55.
719 3839 880 3895 Fides
901 3840 1010 3896 Ilch
1034 3838 1161 3895 Filii
1185 3840 1432 3911 originem
1462 3848 1705 3894 wternam
1747 3839 1945 3894 statuit.
1976 3837 2132 3894 Eam-

530 3951 629 4006 que
670 3951 733 3990 ex
773 3932 873 3988 Dei
912 3934 1217 3993 substantia.
1268 3961 1327 3973 -
1378 3932 1645 3993 Brevibus
1692 3931 1965 4003 expositio
2008 3930 2133 3989 ﬁdei

536 4026 718 4097 hujus,
749 4027 845 4084 sed
866 4027 1281 4084 absolutissimis
1317 4041 1411 4083 usa
1438 4037 1522 4082 est
1541 4024 1965 4083 deﬁnitionibus.
1996 4024 2132 4083 Nam

530 4119 901 4176 condenmans
926 4135 1021 4175 eos
1038 4160 1055 4186 ,
1083 4121 1173 4192 qui
1201 4120 1267 4176 de
1289 4134 1394 4176 non
1424 4118 1762 4176 exstantibus
1792 4134 1913 4175 esse
1938 4119 2131 4175 Filium

536 4211 815 4287 dicerent,
848 4214 1111 4286 originem
1144 4218 1194 4270 ei
1240 4227 1346 4272 non
1386 4224 1620 4286 ereptam
1644 4257 1661 4291 ,
1697 4213 1794 4271 sed
1824 4223 2131 4273 manentem

604 4368 684 4444 (α)
706 4371 761 4429 lu
791 4369 1038 4444 vulgatis,
1073 4369 1309 4426 Massilia
1331 4384 1447 4444 cum
1474 4366 1769 4444 HysiaLItt
1798 4382 1927 4423 mss.
1950 4334 2128 4444 habe-

536 4437 625 4500 tur
654 4437 860 4503 tantum
883 4437 1071 4513 'Hysia
1102 4487 1115 4508 ,
1152 4444 1233 4497 vel
1259 4481 1275 4504 .
1303 4452 1363 4499 ut
1404 4440 1457 4499 in
1491 4437 1621 4513 miss.
1654 4437 1812 4495 Colb.
1859 4447 1914 4513 e_t
1942 4437 2127 4497 Germ.

535 4517 794 4586 pingitur,
832 4508 1050 4584 MoySia.
1081 4513 1386 4586 Provinciae»
1427 4508 1649 4586 totidem
1700 4518 1757 4586 et
1800 4509 1991 4586 eodem
2035 4527 2128 4569 or-

2243 3308 2478 3364 negans;
2507 3292 2753 3353 absolute
2782 3290 3085 3349 ostenditur
3112 3290 3267 3345 unius
3295 3288 3363 3345 ad
3408 3295 3696 3358 utrumque
3747 3302 3849 3343 no-

2240 3387 2402 3449 minis
2429 3386 2685 3447 uuitatem
2718 3385 2785 3442 de
2802 3385 3131 3456 proprietate
3155 3381 3517 3439 indill‘erentis
3559 3396 3683 3437 esse
3708 3382 3846 3437 sub-

2240 3481 2454 3537 stanlite
2479 3497 2493 3533 :
2518 3494 2640 3535 cum
2672 3479 2725 3534 in
2748 3476 3090 3534 confessione
3118 3475 3449 3531 innascibilis
3473 3475 3567 3530 Dei
3592 3477 3767 3545 patris
3795 3484 3849 3529 t-t

2241 3573 2500 3644 unigeniti
2525 3571 2623 3629 Dei
2655 3571 2772 3638 lilii,
2805 3580 2997 3627 neutro
3022 3585 3050 3623 a
3078 3586 3139 3626 se
3174 3570 3611 3625 dissimilitudine
3649 3583 3849 3623 essen-

2239 3667 2330 3731 tite
2359 3664 2665 3732 dili‘erente,
2698 3664 2769 3740 (j)
2801 3675 3024 3737 uterque
3049 3678 3171 3720 cum
3200 3661 3343 3721 Deus
3368 3661 3457 3731 sit,
3484 3660 3626 3717 Deus
3659 3672 3846 3717 tamen

2241 3774 2381 3813 unus
2416 3767 2470 3813 et
2511 3756 2818 3813 credendus
2845 3757 2991 3813 silet
3022 3754 3420 3827 prmdicandus.
3453 3754 3695 3813 Sollicita
3742 3755 3848 3813 ita-

2240 3864 2344 3923 que
2374 3848 2600 3904 multum
2631 3847 2982 3919 diligentiquc
3026 3848 3234 3902 cautela
3277 3846 3655 3917 episcoporum
3705 3846 3846 3901 lides

2243 3943 2414 4007 munit
2440 3950 2645 4007 natura:
2669 3943 2866 4013 genita:
2894 3949 2949 3996 et
2985 3940 3250 4012 gigncnlis
3293 3937 3705 3997 indiﬂ'erentiam
3737 3954 3842 3999 no-

2242 4034 2406 4091 minis
2427 4032 2502 4108 (lt)
2536 4036 2734 4091 unione
2762 4034 3112 4095 conﬁrmans.

2312 4128 2401 4183 37.
2439 4125 2561 4180 Non
2591 4135 2759 4181 tamen
2786 4125 2913 4196 ﬁdes
2938 4124 3226 4180 solitarium
3251 4121 3440 4189 Deum,
3469 4121 3671 4177 Filium
3702 4132 3845 4178 recte

2240 4219 2387 4276 docet
2411 4219 2787 4279 innascibilem.
2823 4220 2925 4290 Qui
2947 4235 3011 4275 es;
3033 4218 3293 4275 voluntate
3330 4228 3590 4274 nascatur.
3621 4247 3695 4258 —
3728 4216 3840 4273 Ta-

2239 4369 2408 4442 liquet
2428 4387 2549 4427 eum
2580 4386 2646 4427 ex
2678 4369 2920 4441 pluribus
2966 4370 3101 4442 locis
3131 4412 3146 4438 ,
3197 4379 3307 4442 tum
3336 4384 3401 4425 ex
3438 4385 3586 4424 num.
3620 4367 3713 4442 40,
3747 4371 3840 4426 ubi

2238 4414 2429 4527 eodem
2462 4459 2624 4505 sensu
2652 4414 2843 4528 legere.
2860 4450 2980 4515 est,
3018 4414 3146 4499 Νοιῖ
3161 4451 3232 4498 est
3254 4441 3319 4497 de
3344 4458 3449 4497 non
3469 4414 3786 4498 exstantibus

2239 4523 2356 4574 utet
2386 4526 2593 4571 exstans
2637 4523 2781 4585 origo
2799 4523 2884 4571 sit.

537 4579 663 4645 dine
695 4579 1050 4660 recensentur
1069 4585 1208 4658 apud
1232 4583 1509 4660 Vigilium.
1540 4580 1610 4637 At
1638 4580 1775 4660 intra
1805 4579 2130 4651 Fragmenta
2158 4583 2208 4645 D
2266 4658 2272 4660 Α
2308 4586 2383 4660 (ι’)
2416 4587 2559 4656 Lips.
2596 4579 2820 4660 etrl’ar”
2847 4601 2948 4660 non
2974 4600 3092 4640 cum
3118 4600 3180 4639 ea:
3218 4583 3383 4641 nihilo
3423 4584 3646 4641 subsistit
3673 4603 3685 4640 :
3717 4600 3838 4643 cas-

535 4674 651 4724 cxr,
684 4656 939 4713 nonnulla
967 4667 1050 4712 est
1074 4653 1125 4713 in
1168 4655 1358 4711 ordine
1384 4653 1764 4724 discrepantia.

606 4721 683 4800 (ὁ)
714 4728 1036 4800 Fragmenta
1068 4744 1156 4784 CXI
1183 4727 1268 4795 hic
1295 4727 1545 4794 adjicitur
1568 4721 1626 4778 in
1656 4725 1757 4800 fine
1777 4721 2055 4791 mundi;et
2076 4726 2129 4781 in

532 4797 728 4873 graecis
755 4797 1001 4873 formulis
1019 4842 1034 4873 ,
1069 4815 1206 4873 quas
1217 4870 1226 4873 Α
1244 4814 1419 4873 supra_
1436 4797 1813 4873 annotavituus
1842 4805 1977 4873 po_st_
2001 4811 2132 4853 con-

528 4866 710 4928 cilium
742 4870 993 4929 Antioch.
1020 4866 1293 4933 inCallias
1316 4866 1373 4926 et
1400 4866 1606 4925 Italiam
1638 4869 1862 4935 missas,
1895 4869 1981 4925 ἰπὶ
2006 4889 2132 4924 συν-

531 4946 814 5023 τελεξᾳέτοᾷ
847 4947 1048 5023 astituor.

605 5012 936 5089 (c)'Epistola
953 5014 1364 5089 pseudosynodi
1412 5012 1640 5089 Sardic._
1659 5012 1985 5089 Fragmento
2005 5024 2125 5089 est.

534 5083 623 5145 hic
642 5083 861 5145 exhibet
889 5128 904 5153 ,
937 5083 1284 5144 Credimus'in
1332 5100 1563 5145 sanctam
1592 5083 1879 5145 Ecclesium
1917 5083 2133 5141 catholi-

531 5177 675 5225 cam,
700 5161 754 5214 in
778 5160 1126 5215 remissionem
1177 5167 1499 5227 peccatorum
1523 5198 1537 5224 ,
1571 5158 1624 5211 in
1669 5157 1839 5213 carnis
1869 5170 2130 5227 resurrec-

534 5216 754 5296 tionem,
797 5247 848 5286 in
894 5233 1048 5287 vitam
1095 5216 1337 5287 wtérnom
1367 5244 1384 5283 :
1411 5216 1535 5300 quze
1560 5227 1756 5297 verba,
1811 5216 2026 5300 omissis
2076 5225 2129 5282 in

533 5305 706 5359 carnis
730 5304 1169 5366 resurrectionem,
1199 5303 1323 5357 inde
1348 5297 1451 5355 huc
1472 5311 1721 5357 revocata
1748 5297 2129 5357 sunteditione

538 5374 659 5429 Par.
691 5390 814 5430 cum
846 5390 1021 5442 neque
1051 5374 1103 5428 iu
1132 5373 1253 5428 aliis
1281 5372 1412 5428 edit.
1441 5380 1677 5438 exstent,
1709 5386 1883 5442 neque
1909 5368 1962 5425 iu
1991 5386 2125 5427 mss.

533 5462 709 5518 neque
740 5448 793 5518 in
826 5446 1023 5517 graecis
1048 5445 1314 5518 formulis.

608 5513 689 5591 (ά)
723 5513 1376 5591 Vetustioreodex‘tlolb.
1410 5526 1465 5591 ct
1501 5515 1685 5591 Germ.
1737 5513 1826 5591 hic
1868 5513 2128 5591 adjiciunt

542 5592 616 5645 ita
640 5586 899 5647 dicentes:
929 5589 1019 5644 ubi
1067 5588 1206 5660 apud
1238 5586 1368 5644 Bad.
1398 5630 1413 5656 ,
1447 5589 1519 5645 ita
1548 5588 1724 5643 dicens
1747 5628 1761 5657 ,
1792 5589 1844 5643 in
1876 5586 1997 5647 aliis
2041 5600 2137 5649 att-

541 5673 647 5719 tem
680 5661 836 5730 edit.,
865 5660 1122 5717 Hilarius.

630 5737 704 5809 (e)
734 5736 832 5794 Ms.
885 5736 1019 5809 Silv.
1055 5777 1069 5802 ,
1096 5752 1161 5793 ea:
1188 5733 1293 5791 alia
1337 5735 1507 5809 potius
1553 5749 1709 5800 quam
1752 5732 1814 5789 de
1839 5731 1996 5809 Δ1ὶεὶ,
2029 5739 2136 5793 etc.

558 5804 869 5866 Proiimum
891 5808 1115 5871 verbum
1158 5804 1371 5863 manens
1397 5806 1540 5865 idem
1570 5820 1691 5863 esse
1713 5804 1855 5879 quod
1893 5813 2095 5865 exstant
2119 5845 2138 5879 ,

2240 4658 2476 4729 ligantur
2500 4674 2565 4715 ex
2591 4659 2711 4713 aliis
2739 4658 2909 4712 libris.

2310 4729 2388 4802 (θ)
2420 4730 2477 4785 In
2507 4729 2757 4801 vulgatis,
2790 4728 3053 4802 unigeniti.
3087 4725 3280 4784 Verius
3303 4726 3354 4783 iu
3385 4741 3516 4802 mss.
3547 4728 3832 4802 unigenito.

2238 4800 2501 4859 Sic'enim
2533 4811 2687 4857 antea
2719 4800 3042 4856 innascibilis
3084 4810 3131 4853 et
3159 4809 3351 4855 (eterna
3408 4800 3472 4852 ad
3510 4803 3677 4866 patris
3708 4801 3838 4855 sub-

2236 4873 2498 4999 lstantiam
2540 4872 2849 4931 referuntur
2875 4914 2891 4940 ,
2923 4887 3029 4929 non
3078 4868 3144 4925 ad
3178 4872 3347 4942 ipsius
3394 4874 3561 4951 patris
3600 4872 3836 4929 voeabu-

2258 4961 2367 4999 um.

2258 4961 2367 4999 Ulli.

2308 5016 2388 5090 (h)
2427 5015 2571 5079 Editi
2597 5058 2614 5084 ,
2664 5013 2909 5084 dilerens
2947 5024 3021 5070 est
3067 5015 3388 5070 substantia:
3435 5015 3834 5087 corrigunture

2234 5102 2367 5144 mss.

2307 5160 2371 5229 (i)
2411 5160 2526 5225 Er.,
2557 5160 2699 5222 Min,
2729 5158 2875 5228 Lips.
2907 5167 2965 5214 et
2991 5158 3113 5229 Par.
3144 5172 3431 5229 perperam
3460 5157 3550 5213 hic
3574 5158 3833 5229 adjiciunt

2234 5231 2401 5288 duos:
2429 5246 2550 5286 cum
2578 5247 2645 5287 ex
2669 5230 3026 5287 determinata
3050 5228 3403 5285 Orientalium
3436 5228 3825 5301 propositione,

2233 5318 2337 5371 qua
2377 5304 2700 5358 damnantur
2730 5318 2836 5361 non
2869 5303 2961 5372 qui
2991 5302 3120 5373 duos
3143 5343 3157 5368 ,
3191 5302 3285 5359 sed
3313 5303 3407 5373 qui
3449 5312 3554 5359 tres
3592 5305 3717 5358 deos
3745 5303 3826 5355 di-

2232 5370 2380 5442 cant,
2411 5374 2665 5431 conliciat
2692 5370 2926 5429 llilarius
2950 5370 3307 5431 indeﬂuitam.

2303 5446 2371 5522 (j)
2417 5445 2477 5500 In
2503 5446 2733 5522 vulgatis
2760 5485 2775 5510 ,
2801 5445 2990 5522 dicitur
3043 5455 3098 5501 ut
3143 5455 3390 5514 uterque:
3429 5442 3829 5517 interpolatoris

2242 5517 2406 5589 opera
2434 5526 2489 5573 et
2514 5517 2718 5587 absque
2740 5517 3062 5589 auctoritate
3089 5530 3222 5573 mss.

2316 5587 2392 5661 (It)
2423 5589 2560 5645 Editi
2589 5599 2820 5661 excepto
2846 5587 3001 5651 ΒΜ..
3030 5589 3292 5661 ultionem.
3324 5589 3543 5646 Rectius
3568 5590 3658 5647 alii
3686 5588 3824 5653 libri,

2248 5660 2456 5726 unione,
2490 5661 2591 5715 hoc
2621 5670 2704 5733 est
2736 5701 2750 5726 ,
2803 5660 2935 5716 lides
2964 5660 3137 5717 munit
3165 5660 3219 5718 in
3253 5661 3437 5733 genito
3480 5669 3537 5718 et
3578 5660 3826 5733 gignente

2249 5742 2459 5811 natura:
2494 5729 2919 5811 .indill‘erentiam
2943 5771 2961 5805 ,
3001 5746 3163 5811 quam
3206 5729 3495 5807 conﬁrmat
3542 5729 3739 5795 unicus
3763 5745 3826 5786 ac

2249 5804 2622 5883 singularitate
2647 5802 2903 5873 nominis.
