4106 6192
511 235 613 326 su

1665 244 1672 273 ε
1737 234 1983 295 SANCTI
2022 233 2278 291 IIILARII
2324 233 2629 296 EPISCOPI

3677 254 3768 312 51?.

507 376 617 419 non
656 359 872 417 Patrem
908 360 975 417 ad
1022 359 1213 417 Filium
1235 358 1464 426 dixisse,
1494 358 1589 414 sed
1621 357 1795 429 ipsum
1823 355 1891 411 ad
1916 362 2113 411 semet-
2136 362 2190 424 Α
2288 354 2477 412 XXIII.
2526 376 2545 410 ‹
2584 356 2640 414 Si
2669 358 2812 436 quis,
2843 359 2987 432 quod
3019 359 3222 418 dictum
3251 371 3368 419 est:
3397 363 3500 439 Ego
3523 365 3652 426 Deus
3678 375 3771 446 pri-

508 454 687 529 ipsum
710 454 857 511 dicat
882 454 1053 510 Deum
1085 454 1325 508 locutum
1361 468 1374 505 :
1398 450 1686 507 anathema
1711 448 1806 505 sit.

581 547 727 606 XIV.
774 567 793 601 c
842 547 900 605 Si
956 546 1077 616 quis
1126 545 1293 601 lilium
1325 558 1430 600 non
1473 543 1618 599 dicat
1664 542 1903 598 Abrahre
1945 540 2120 597 visum

507 641 661 715 (Gen.
690 641 865 714 xvm),
905 639 1001 696 sed
1050 640 1218 696 Deum
1259 638 1658 706 innascibilem,
1692 637 1777 695 vel
1801 636 1879 711 (a)
1911 645 2118 709 partem

504 735 624 807 ejus
649 753 664 791 :
696 732 988 790 anathema
1015 733 1104 789 sit.

582 826 700 884 XV.
753 844 773 879 ε
808 824 865 883 Si
894 826 1015 898 quis
1043 840 1166 882 cum
1199 824 1368 883 Jaeol)
1396 840 1501 881 non
1528 823 1726 880 Filium
1756 821 1909 894 quasi
1937 822 2118 879 homi-

504 934 633 978 nem
657 918 1005 975 colluctatum
1031 916 1187 992 (Gen.
1215 933 1393 986 xxxu,
1413 916 1540 990 25),
1567 916 1663 972 sed
1690 916 1859 973 Deum
1886 915 2124 972 innasci-

512 1010 702 1077 bilem,
729 1010 814 1067 vel
846 1020 1051 1079 partem
1080 1010 1201 1080 ejus
1230 1010 1376 1065 dicat
1402 1027 1414 1065 :
1447 1008 1742 1065 anathema
1772 1011 1863 1063 sit.

579 1103 725 1160 XVI.
772 1122 792 1156 ί
823 1102 881 1161 Si
902 1104 1046 1176 quis,
1078 1103 1151 1176 (b)
1188 1102 1332 1158 Pluit
1361 1102 1615 1158 Dominus
1637 1120 1669 1157 a
1698 1100 1917 1157 Domino
1957 1100 2112 1175 (Gen.

510 1211 604 1253 xxx
625 1239 639 1265 ,
664 1195 785 1267 24),
818 1210 925 1252 non
965 1195 1035 1252 de
1064 1196 1204 1251 Filio
1224 1204 1282 1252 et
1306 1195 1468 1251 Patre
1499 1194 1784 1265 intelligat,
1814 1193 1910 1250 sed
1941 1196 2115 1266 ipsum

504 1305 539 1347 a
569 1304 628 1346 se
653 1289 798 1346 dicat
837 1289 1042 1360 pluisse
1070 1307 1085 1345 :
1134 1289 1422 1344 anathema
1452 1289 1543 1346 sit.
1584 1287 1729 1344 Pluit
1755 1288 1899 1344 enim
1930 1288 2115 1344 Domi-

503 1398 609 1441 nus
637 1383 806 1440 Filius
833 1398 862 1438 a
890 1383 1117 1439 Domino
1146 1383 1327 1440 Patre.

576 1474 743 1531 XVII.
788 1474 859 1548 (c)
898 1494 919 1529 c
956 1476 1012 1533 Si
1044 1475 1164 1548 quis
1186 1476 1474 1532 Dominum
1516 1483 1573 1533 et
1620 1476 1909 1533 Dominum
1948 1475 2113 1549 487

505 1564 724 1624 Patrem
778 1575 833 1622 et
886 1566 1079 1623 Filium
1135 1567 1283 1639 (quia
1318 1567 1569 1630 Dominus
1594 1585 1626 1622 a
1657 1567 1882 1624 Domino
1909 1566 2116 1641 [supple

503 1657 728 1730 pluit]),
772 1657 911 1715 duos
959 1658 1104 1716 dicat
1140 1660 1274 1717 deos
1308 1678 1321 1715 :
1354 1662 1640 1717 anathema
1685 1662 1775 1717 sit.
1822 1660 1940 1718 Non
1968 1664 2111 1720 enim

2223 464 2360 518 mus,
2403 458 2455 505 et
2486 450 2760 523 ego‘Deus
2808 452 3139 520 nouissimus,
3185 464 3234 509 et
3260 466 3436 526 prwter
3479 477 3554 517 me
3594 481 3685 521 non
3706 477 3770 524 est

2226 540 2363 596 Deus
2407 541 2578 614 (Esai.
2624 560 2772 612 xuv,
2829 542 2911 613 6),
2968 547 3034 602 ad
3083 546 3491 608 destructionem
3534 555 3769 618 idolorum

2222 631 2424 689 dictum
2456 645 2510 689 et
2543 649 2730 691 eorum
2774 635 2863 708 qui
2902 651 3008 692 non
3058 646 3184 694 sunt
3236 640 3339 707 dii,
3387 642 3439 699 in
3486 644 3774 707 destructio-

2222 740 2344 782 nem
2379 724 2457 798 (g)
2489 726 2751 799 unigeniti
2776 738 2901 785 ante
2924 730 3123 786 smcula
3153 731 3247 788 Dei
3271 731 3477 804 judaice
3501 737 3767 815 intelligat:

2220 821 2508 878 anathema
2548 824 2639 878 sit.

2292 914 2483 972 XXIV.
2511 935 2531 969 ι
2559 916 2615 972 Si
2646 917 2766 988 quis
2782 917 3060 976 voluntate
3092 919 3209 987 Dei,
3240 929 3501 993 tamquam
3519 940 3669 982 unum
3687 929 3773 985 ali-

2219 1007 2345 1081 quid
2385 1010 2455 1066 de
2498 1021 2775 1081 creatura,
2810 1011 3010 1069 factum
3052 1012 3197 1071 dicat
3249 1013 3481 1073 Filium:
3523 1019 3776 1080 anathema

2216 1102 2308 1158 sit.

2291 1195 2457 1255 XXV.
2491 1217 2511 1254 ‹
2532 1198 2586 1254 Si
2614 1200 2736 1271 quis
2764 1201 2982 1258 nolente
3006 1201 3167 1258 Patre
3196 1208 3373 1258 natum
3405 1202 3541 1261 dicat
3560 1204 3734 1263 Filium
3761 1223 3776 1266 :

2216 1292 2507 1348 anathema
2550 1292 2640 1349 sit.
2676 1293 2790 1349 Non
2821 1294 2968 1350 enim
3024 1294 3101 1369 (Ιι)
3147 1295 3366 1353 nolente
3411 1296 3562 1354 Patre
3584 1310 3778 1358 coactus

2216 1386 2397 1455 Pater,
2430 1389 2517 1442 vel
2567 1388 2795 1443 naturali
2846 1391 3173 1446 necessitate
3220 1388 3441 1457 ductus,
3485 1405 3602 1446 cum
3635 1392 3782 1450 nollet

2214 1478 2400 1549 genuit
2426 1477 2622 1535 Filium
2651 1497 2664 1533 :
2695 1478 2790 1535 sed
2844 1478 2903 1553 (ἱ)
2952 1495 3078 1536 mox
3110 1480 3301 1548 voluit,
3332 1481 3448 1537 sine
3473 1491 3702 1554 tempore
3731 1492 3783 1543 et

2215 1569 2626 1643 impassibiliter
2655 1587 2722 1627 ex
2758 1586 2819 1628 se
2844 1587 2967 1629 eum
2992 1573 3234 1644 genitum
3265 1566 3657 1630 demonstravit.

2288 1663 2482 1721 XXVI.
2530 1683 2549 1717 ‹
2584 1664 2641 1721 Si
2664 1665 2784 1735 quis
2814 1665 3186 1721 iunascihilem
3214 1654 3359 1740 et(jf
3375 1666 3643 1723 sineinitio
3657 1666 3783 1725 dicat

503 1766 850 1823 exmquamus
877 1752 963 1809 vel
992 1752 1070 1826 (ά)
1115 1769 1492 1825 comparamus
1542 1755 1739 1811 Filium
1786 1755 1930 1811 Patri
1958 1798 1973 1824 ,
2001 1757 2097 1814 sed
2129 1756 2177 1818 B
2206 1754 2423 1822 Filium,
2449 1755 2840 1826 tamquamduo
2865 1758 2981 1815 sine
3005 1757 3271 1829 principio
3288 1766 3345 1813 et
3361 1758 3466 1814 duo
3479 1759 3783 1817 innascibilia

450 1814 463 1881 ί
502 1814 806 1919 subjectum
871 1814 1256 1921 intelligimus:
1299 1849 1486 1922 Neque
1532 1850 1678 1907 enim
1729 1850 2009 1908 descendit
2056 1851 2110 1909 in
2216 1858 2271 1902 et
2299 1846 2408 1902 duo
2444 1849 2625 1903 innata
2666 1848 2896 1906 dicens:
2944 1847 3082 1905 duos
3120 1814 3278 1906 Iaciat
3325 1850 3454 1906 deos
3488 1850 3782 1908 :anatltema

512 1939 806 1997 Sodomam
835 1941 952 1997 sine
987 1941 1165 1998 Patris
1192 1943 1503 2011 voluntate;
1548 1958 1724 2015 neque
1760 1942 1899 2015 pluit
1926 1958 1993 2001 ex
2019 1959 2109 2013 se,

506 2034 602 2092 sed
624 2050 655 2090 a
681 2032 938 2102 Domino,
982 2037 1300 2092 auctoritate
1341 2037 1549 2093 scilicet
1578 2036 1784 2103 Patris;
1832 2051 1936 2092 nec
1959 2036 2132 2093 sedet-

508 2127 564 2184 in
596 2127 822 2183 dextera
847 2142 877 2182 a
897 2129 1214 2198 semetipso,
1253 2128 1348 2184 sed
1373 2129 1524 2184 audit
1550 2128 1824 2186 dicentem
1867 2128 2107 2196 Patrem,

508 2218 647 2275 Sede
665 2219 734 2274 ad
757 2219 1017 2274 dexteram
1047 2220 1288 2293 meam(e)
1331 2220 1506 2295 (Psol.
1531 2236 1644 2288 (δικ,
1678 2221 1754 2294 1).

584 2312 776 2369 XVIII.
824 2330 844 2365 ‹
882 2313 940 2370 Si
991 2313 1111 2385 quis
1161 2314 1377 2377 Patrem
1424 2324 1481 2371 et
1507 2315 1701 2373 Filium
1750 2325 1807 2374 et
1848 2316 2109 2389 Spiritum

506 2417 755 2467 sanctum
782 2423 941 2465 unam
967 2422 1254 2481 personam
1277 2409 1422 2467 dicat
1450 2428 1464 2467 :
1497 2413 1786 2470 anathema
1818 2418 1912 2476 sit.

574 2519 721 2577 XIX.
768 2547 789 2582 ‹
824 2527 883 2585 Si
951 2530 1073 2602 quis
1128 2530 1391 2601 Spiritum
1446 2541 1693 2588 sanctum
1762 2533 2104 2606 paracletum

501 2622 689 2680 dicens
716 2667 731 2692 ,
765 2626 1141 2684 innascibilem
1168 2628 1338 2685 Deum
1368 2628 1513 2684 dicat
1538 2647 1552 2684 ε
1580 2629 1867 2684 anathema
1917 2629 2008 2685 sit.

579 2716 700 2774 XX.
748 2737 768 2773 ‹
806 2716 862 2775 Si
890 2720 1033 2790 quis,
1090 2721 1250 2777 sicuti
1304 2720 1488 2776 docuit
1528 2735 1627 2777 nos
1656 2721 1940 2787 Dominus,
1998 2735 2106 2777 non

502 2810 669 2868 alium
691 2812 837 2868 dicat
867 2814 1205 2873 Paracletum
1230 2831 1258 2870 a
1291 2817 1470 2883 Filio;
1504 2816 1639 2873 dixit
1667 2818 1811 2874 enim
1847 2836 1861 2874 :
1887 2817 1953 2873 Et
1978 2819 2108 2874 alte-

505 2919 623 2959 rum
651 2905 963 2978 paracletum
1010 2909 1172 2963 mittet
1213 2909 1354 2964 vobis
1380 2909 1560 2976 Pater,
1607 2926 1756 2981 quem
1802 2910 1994 2983 rogabo
2033 2909 2105 2983 (Ῑ)

504 3015 598 3072 ego
628 2998 811 3068 (Joan.
844 3019 952 3070 xlv,
986 3003 1076 3076 l6)
1108 3022 1122 3061 :
1151 3005 1436 3063 anathema
1477 3008 1569 3062 sit.

577 3092 721 3151 XXI.
754 3114 774 3149 ι
809 3093 864 3154 Si
895 3097 1016 3167 quis
1046 3097 1302 3168 Spiritum
1332 3109 1576 3155 sanetum
1595 3108 1804 3172 partem
1827 3099 1975 3156 dicat
2004 3099 2109 3156 Pa-

507 3187 608 3244 tris
633 3190 716 3246 vel
746 3189 869 3247 Filii
903 3209 917 3245 :
948 3193 1235 3247 anathema
1258 3192 1348 3247 sit.

571 3280 741 3337 XXII.
768 3301 788 3337 ‹
810 3283 867 3340 Si
894 3284 1015 3355 quis
1040 3284 1253 3340 Patrem
1286 3293 1341 3342 et
1362 3284 1558 3342 Filium
1583 3296 1639 3343 et
1658 3287 1920 3361 Spiritum
1946 3303 2104 3346 sanc-

503 3382 614 3431 tum
649 3384 757 3434 tres
784 3378 929 3435 dicat
950 3378 1084 3436 deos
1114 3397 1128 3435 :
1156 3380 1443 3438 anathema
1473 3382 1564 3439 sit.

585 3547 662 3615 (al
691 3547 831 3604 Editi
859 3548 946 3604 hic
975 3557 1028 3605 et
1065 3549 1296 3606 articulo
1342 3550 1694 3620 subsequenti
1745 3567 1957 3609 necnon
1985 3552 2048 3608 2i
2085 3593 2100 3619 ,

502 3629 704 3699 ραιχςηε
720 3637 740 3675 :
770 3621 1288 3699 renitentibusmss.
1328 3632 1384 3679 et
1411 3637 1585 3691 graeca
1617 3638 1751 3699 voce
1778 3627 1957 3699 μέρος.

574 3691 651 3829 ἱὸζ
687 3691 741 3746 ln
768 3694 1003 3755 antiquis
1028 3693 1180 3749 libris
1209 3702 1539 3755 constanter.
1575 3696 1758 3762 pluvit,
1778 3691 2028 3763 pluvisse.

598 3781 625 3817 e
674 3763 807 3820 Bad.
843 3765 1040 3829 Siquis
1079 3764 1356 3829 Dominum
1391 3776 1438 3820 et
1479 3766 1644 3821 Deum
1671 3784 1775 3822 non
1822 3767 2028 3822 Patrem

598 3763 646 3822 el
674 3763 807 3820 Bad.
843 3765 904 3821 Si
925 3767 1040 3831 quis
1079 3764 1356 3832 Dominum
1391 3776 1438 3820 et
1479 3766 1644 3821 Deum
1671 3784 1775 3822 non
1822 3767 2028 3822 Patrem
2057 3778 2104 3822 et

501 3832 701 3890 Filium
730 3837 1021 3903 intelligat;
1047 3838 1169 3908 quia
1196 3837 1469 3892 Dominum
1498 3847 1547 3890 et
1596 3838 1759 3893 Deum
1804 3840 1935 3894 duos
1966 3839 2104 3895 dicat

497 3907 859 3963 deos:anath.
903 3909 997 3964 Er.
1027 3907 1081 3963 et
1109 3909 1235 3963 Mir:
1262 3909 1323 3966 Si
1349 3911 1464 3977 quis
1514 3909 1795 3966 Dominum
1850 3921 1896 3964 et
1940 3911 2101 3966 Deum

499 3995 602 4034 non
632 3978 841 4034 Patrem
869 3990 916 4035 et
960 3979 1154 4035 Filium
1194 3983 1343 4048 quasi
1376 3981 1652 4036 Dominum
1681 3999 1715 4036 a
1762 3980 1983 4037 Domino
2021 3983 2105 4035 in-

500 4051 717 4123 telligat,
745 4060 854 4107 etc.
883 4095 897 4123 .
927 4062 983 4106 ut
1014 4052 1146 4107 Bad.
1202 4056 1269 4107 At
1300 4068 1430 4109 vero
1461 4053 1606 4123 Lips.
1634 4063 1689 4110 et
1732 4053 1873 4110 Par:
1905 4054 1965 4110 Si
1990 4055 2104 4123 quis

504 4121 777 4194 Dominum
799 4132 848 4177 et
875 4122 1147 4178 Dominum
1179 4123 1385 4180 Patrem
1414 4137 1461 4178 et
1490 4122 1712 4193 Filium,
1740 4126 1888 4194 quasi
1918 4121 2103 4181 Domi-

498 4209 624 4265 num
649 4210 681 4247 a
711 4193 935 4248 Domino
960 4195 1258 4263 intelligat:
1284 4197 1405 4265 quia
1433 4195 1713 4253 Dominum
1733 4208 1781 4254 et
1823 4197 2103 4253 Dominum

495 4263 626 4335 duos
653 4266 791 4335 dicat
815 4265 938 4320 deos
956 4283 974 4320 :
996 4269 1176 4320 anath.
1212 4267 1268 4322 In
1297 4263 1514 4323 vetusto
1541 4269 1730 4325 codice
1753 4269 2097 4335 Colbertino,

499 4334 569 4408 Si
589 4337 707 4396 quis
734 4333 898 4408 Deum
924 4348 971 4392 et
1001 4337 1278 4392 Dominum
1309 4338 1517 4393 Patrem
1546 4349 1595 4394 et
1619 4337 1837 4399 Filium.
1862 4357 1963 4408 qua
1987 4333 2097 4395 1)οέ

497 4406 694 4460 minum
716 4404 1013 4479 aDomiuo.
1042 4409 1170 4463 duos
1200 4410 1335 4464 dicat
1364 4410 1487 4464 deos
1509 4427 1529 4465 :
1557 4414 1777 4479 anatlt.;
1799 4404 1961 4467 lectio
1990 4427 2100 4468 non

499 4478 825 4549 spernenda,
858 4479 944 4534 cui
970 4478 1112 4534 favet
1138 4480 1447 4540 Facundus.
1474 4482 1640 4544 lib.x.
1669 4478 1866 4549 cap.6,
1892 4482 1988 4539 ubi
2009 4483 2103 4539 Hi-

498 4548 616 4605 larii
668 4549 782 4604 haec
833 4551 1011 4605 versio
1064 4551 1324 4607 mendose
1356 4552 1660 4608 exhibetur.
1717 4548 1786 4609 At
1834 4555 2100 4610 sincerior

409 4685 418 4692 ,
498 4629 615 4695 est,
628 4637 795 4695 quam
824 4637 889 4677 ex
911 4623 1124 4695 cmteris
1150 4639 1281 4677 mss.
1312 4624 1667 4691 exprimimus
1686 4667 1702 4694 ,
1733 4640 1914 4695 graeco
1934 4625 2101 4682 Atha-

500 4694 638 4749 nasii
658 4688 810 4748 textu
837 4693 1195 4762 suffragante:
1240 4711 1363 4751 nam
1387 4688 1535 4761 apud
1578 4688 1858 4753 Socratem
1887 4698 2099 4755 mendis
2129 4688 2178 4747 ῐ)

499 4763 663 4840 etiam
696 4773 887 4840 scatet:
941 4765 1110 4840 Porro
1141 4766 1228 4822 hic
1273 4768 1564 4840 damnatur
1589 4811 1602 4829 .
1635 4770 1725 4840 qui
1757 4785 1879 4824 cum
1914 4769 2098 4825 audiat

502 4832 817 4908 Dominusa
849 4836 1067 4892 Domino
1098 4840 1229 4908 pluit
1252 4880 1267 4899 .
1301 4839 1515 4894 Patrem
1547 4832 1838 4897 Dominum
1886 4850 1942 4897 et
1992 4841 2098 4896 Do-

503 4908 708 4981 minum
739 4907 932 4981 Filium
957 4911 1028 4963 ita
1061 4907 1328 4981 intelligat
1357 4955 1372 4973 .
1412 4922 1471 4966 ut
1496 4913 1775 4969 vocabulis
1804 4913 2020 4968 Domini
2045 4921 2101 4969 et

503 4977 718 5052 Domini
747 4979 882 5035 duos
906 4982 1053 5037 dicat
1077 4977 1261 5040 deos.w
1282 4983 1375 5040 Sic
1419 4985 1563 5038 enim
1596 5001 1772 5052 graece
1822 4984 2052 5040 habetur
2081 5004 2095 5041 :

502 5048 569 5133 Ei:
579 5074 659 5113 τις
680 5054 881 5133 ἁκρύων
903 5056 1078 5133 κ-ύριον
1101 5058 1194 5133 ron
1218 5058 1427 5133 ﬂat-ipa
1443 5057 1634 5133 gestiebat
1657 5059 1773 5114 Υἱόν
1801 5058 1999 5133 κύριον,
2018 5059 2104 5133 δεᾳί

501 5125 681 5207 fugito?
706 5125 802 5207 16v.
809 5125 1013 5207 Ποςτέρᾳ
1036 5132 1121 5207 uati
1144 5129 1230 5184 τὸν
1259 5125 1371 5184 Υἱὸῦ
1409 5129 1547 5201 (ἐπεὶ
1571 5127 1745 5204 κύριος
1792 5131 1848 5185 ἐκ
1870 5125 2102 5207 δεῖ-θρίου),

502 5193 596 5251 δύὸ
623 5196 759 5272 λέγοι
777 5193 955 5259 θεοὺς”
978 5200 1228 5270 ἀνάθεμα.

582 5289 664 5366 (ά)
691 5289 766 5366 Ita
811 5306 945 5346 mss.
963 5293 1047 5366 _At
1076 5291 1203 5347 editi
1230 5307 1555 5361 exmquamus
1582 5294 1661 5349 vel
1703 5290 2106 5366 conformamus.

510 5359 606 5416 llis
631 5361 847 5440 duobus
866 5363 1044 5440 verbis
1076 5359 1681 5440 unicumaovréo-aopsv
1704 5367 1758 5422 in
1790 5359 1969 5437 ἀντιεεο
2022 5382 2108 5423 re-

509 5432 760 5507 spondet.
812 5433 1072 5505 Superius
1098 5436 1206 5507 jam
1254 5432 1599 5494 observatum
1633 5481 1648 5501 ,
1701 5432 1862 5494 unam
1918 5455 2106 5496 vocem

510 5506 803 5581 πρόγνωσιν
823 5508 1012 5581 eadem
1058 5509 1269 5564 ratione
1310 5508 1517 5564 duabus
1569 5508 1739 5567 fuisse
1789 5510 2053 5566 redditam
2087 5553 2103 5576 ,

511 5579 890 5659 quasianceps
912 5580 1145 5636 Hilarius
1166 5596 1287 5652 quae
1313 5581 1488 5653 aptior
1511 5581 1672 5650 foret,
1707 5590 1992 5655 utramque
2018 5597 2107 5639 se-

512 5645 783 5732 ligendam
815 5645 1167 5725 proponeret.

510 5726 538 5819 ξ
592 5726 841 5819 (e)'“Apt’td
866 5743 1223 5819 Athanasium
1242 5756 1297 5819 et
1319 5746 1530 5819 Sperat.
1564 5747 1653 5819 hic
1675 5749 2109 5819 subjicituraeva'c-

512 5804 837 5883 Θεμάῖσὲωι
886 5825 942 5871 et
986 5816 1038 5871 in
1087 5804 1345 5876 versione,
1376 5814 1540 5875 latina
1568 5804 1952 5889 conciliorum,
1978 5804 2103 5877 iutil-

2215 1941 2304 1995 sit.
2334 1939 2506 2012 Caput
2528 1941 2856 2014 enim,quod
2890 1951 2970 1998 est
2990 1943 3314 2015 principium
3337 1944 3591 2012 omnium,
3619 1944 3783 2012 Filius;

2213 2046 2375 2104 caput
2415 2046 2630 2107 autem,
2672 2038 2817 2110 quod
2854 2047 2937 2095 est
2976 2039 3300 2111 principium
3364 2038 3579 2108 Christi,
3623 2041 3780 2097 Deus:

2212 2127 2381 2202 488
2407 2129 2477 2186 ita
2507 2132 2651 2188 enim
2682 2132 2748 2188 ad
2780 2149 2944 2189 unum
2987 2134 3078 2206 qui
3123 2146 3205 2190 est
3240 2135 3361 2191 sine
3400 2135 3652 2207 principio
3685 2152 3786 2191 om-

2214 2222 2364 2277 nium
2393 2224 2738 2297 principium,
2775 2241 2872 2298 per
2898 2226 3093 2283 Filium
3116 2226 3370 2284 universa
3396 2225 3685 2284 referimus.

2284 2318 2502 2376 XXVII.
2542 2340 2563 2375 ‹
2596 2322 2661 2377 Ει
2693 2322 2885 2379 iterum
2898 2324 3287 2383 conﬁrmantes
3301 2324 3685 2383 Christianismi
3713 2326 3784 2382 ἰη-

2212 2419 2507 2483 tellectum.
2541 2420 2793 2487 dicimus,
2820 2422 3074 2492 quoniam
3113 2422 3157 2478 si
3196 2421 3322 2492 quis
3346 2419 3609 2478 Christum
3636 2422 3785 2477 Deum

2212 2519 2384 2576 tilium
2413 2520 2508 2577 Dei
2534 2528 2662 2577 ante
2691 2520 2891 2577 saecula
2921 2519 3313 2577 subsistentem
3341 2527 3397 2574 et
3423 2517 3786 2574 ministrantem

2211 2620 2355 2680 Patri
2382 2621 2450 2678 ad
2470 2623 2710 2679 omnium
2741 2619 3129 2694 perfectionem
3154 2630 3263 2673 non
3287 2615 3431 2673 dicat
3449 2632 3467 2679 ;
3488 2615 3580 2673 sed
3607 2627 3669 2671 ex
3694 2628 3790 2684 quo

2211 2727 2279 2785 de
2304 2727 2468 2784 Maria
2486 2738 2645 2783 natus
2671 2735 2778 2791 est,
2808 2742 2873 2783 ex
2905 2741 2971 2783 eo
2995 2732 3053 2782 et
3074 2722 3352 2780 Christum
3377 2718 3606 2779 etﬁlium
3628 2719 3788 2775 nomi-

2211 2832 2397 2880 natum
2426 2838 2583 2886 esse,
2613 2831 2665 2878 et
2696 2822 2908 2879 initium
2939 2817 3217 2892 accepisse
3245 2828 3310 2874 ut
3336 2818 3410 2874 sit
3439 2816 3597 2883 Deus,
3624 2815 3787 2872 dicat:

2210 2916 2495 2973 anathema
2523 2918 2595 2973 sit
2620 2916 2717 2989 (lt).
2756 2934 2777 2970 ι

2282 3009 2371 3066 59.
2402 3008 2617 3065 Photini
2639 3013 2782 3082 fraus
2809 3008 3081 3089 multiplex
3104 3006 3420 3063 retunditur.
3454 3003 3621 3060 Filius
3643 3019 3671 3055 a
3695 2998 3790 3055 Pa-

2210 3114 2287 3161 tre
2310 3122 2402 3160 nec
2424 3104 2708 3162 substantia
2726 3102 2901 3172 cli/fert
2925 3118 3020 3157 nec
3049 3111 3297 3171 tempore.
3328 3131 3401 3141 —
3424 3095 3717 3155 Necessitas
3742 3100 3791 3149 et

2130 3194 2176 3260 C
2207 3207 2421 3270 tempus
2444 3195 2726 3253 admonuit
2752 3210 2868 3261 eos,
2884 3195 2971 3265 qui
3000 3201 3113 3250 tum
3132 3197 3524 3251 convenerant.
3554 3203 3648 3260 per
3668 3185 3793 3242 mul-

2210 3292 2424 3362 tiplices
2452 3291 2779 3363 quaestiones
2805 3289 2968 3346 Iatius
3014 3294 3095 3343 ac‘
3124 3285 3377 3343 dill'usius
3423 3282 3794 3354 expositionem

2211 3383 2334 3443 ﬁdei
2356 3384 2643 3451 ordinare;
2664 3383 2790 3456 quia
2815 3381 3001 3439 multis
3023 3388 3079 3438 et
3103 3380 3338 3438 occultis
3359 3377 3621 3436 cuniculis
3643 3376 3692 3432 io
3716 3389 3798 3430 ca-

2212 3551 2383 3608 thema
2410 3552 2523 3626 ait:
2544 3548 2685 3626 quod
2719 3547 2942 3604 omnino
2963 3542 3268 3626 superﬂuit.
3296 3543 3399 3626 llic
3419 3541 3687 3626 enimnon
3713 3552 3800 3626 no-

2208 3638 2308 3679 vus
2352 3611 2835 3679 anatheinatismus
2872 3627 2951 3675 est
2977 3660 2991 3683 ,
3022 3611 3119 3675 sed
3164 3616 3420 3690 proxime
3462 3612 3609 3671 allati
3634 3611 3795 3684 expli-

2208 3695 2373 3752 catio.

2212 3778 2222 3790 ‘
2284 3766 2355 3836 (Ι)
2384 3766 2475 3821 Sic
2515 3779 2647 3820 mss.
2676 3764 2743 3819 At
2767 3761 2924 3826 editi,
2953 3778 3103 3836 quem
3129 3760 3487 3836 rogaboeum.

2281 3830 2359 3907 (tt)
2408 3839 2465 3894 In
2509 3837 2725 3893 excusis
2776 3844 2830 3891 et
2883 3834 3139 3907 scriptis.
3173 3830 3370 3907 unici:
3399 3830 3515 3907 ubi
3549 3844 3612 3886 ex
3638 3840 3801 3907 graeco

2210 3901 2727 3984 verbopovo-yavosg,
2754 3917 2812 3984 et
2841 3922 2922 3984 e_x_
2955 3905 3142 3984 ililarii
3171 3901 3624 3984 interpretatione
3653 3902 3801 3968 liquet

2209 3974 2496 4051 legendum
2525 3974 2646 4036 esse
2673 3979 2942 4047 unigeniti.
2973 3976 3171 4032 Postea
3202 3991 3268 4051 ex
3292 3974 3470 4031 tribus
3500 3988 3628 4051 mss.
3655 3984 3802 4051 repoo

2208 4042 2390 4108 nimus
2435 4052 2659 4105 Judaice
2684 4042 2958 4125 intelligat,
3000 4047 3380 4125 consentiente
3407 4060 3584 4125 ξιξερο
3608 4042 3802 4125 Ἰουδαιτ

2206 4133 2307 4188 κῶς
2355 4125 2660 4181 ἓκλαυιϐάνοο
2692 4140 2706 4178 :
2737 4123 2825 4177 ubi
2852 4116 2911 4176 in
2958 4134 3088 4175 mss.
3134 4116 3291 4174 Colb.
3350 4128 3409 4188 et
3439 4117 3647 4179 Germ.,
3670 4116 3801 4188 quasi

2205 4187 2429 4272 thdaice
2455 4194 2768 4272 intelligens.
2794 4193 2848 4272 in
2875 4193 3106 4272 vulgatis
3145 4198 3351 4272 autem.
3381 4187 3803 4272 Iudaiceaictum

2204 4268 2455 4337 intelligat
2483 4283 2501 4321 :
2527 4281 2650 4337 quae
2688 4264 2850 4321 lectio
2881 4261 3043 4326 infra.
3077 4276 3227 4320 num.
3259 4261 3356 4330 57,
3376 4261 3587 4318 obtinet
3610 4261 3663 4315 in
3690 4270 3801 4313 om-

2210 4339 2372 4397 nibus
2394 4339 2571 4395 libris.

2277 4411 2358 4481 (Ir)
2410 4410 2499 4465 Er.
2547 4415 2859 4481 removerat
2889 4409 3092 4465 nolente
3127 4407 3332 4481 Patre:
3381 4404 3528 4475 quod
3573 4400 3806 4474 quamvis

2202 4477 2538 4551 superﬂuere
2566 4479 2857 4545 videatur,
2905 4495 3008 4537 nec
3057 4477 3291 4551 postulet
3343 4492 3563 4551 grmcus
3597 4486 3798 4538 sermo;

2203 4549 2539 4612 restituimus
2567 4564 2748 4608 tamen
2778 4551 3102 4609 auctoritate
3125 4549 3259 4607 Bad.
3293 4559 3351 4606 et
3377 4549 3621 4607 omnium
3645 4559 3769 4602 mss.

2280 4648 2342 4719 (ἱ)
2372 4648 2517 4710 Μὶν..
2544 4649 2693 4714 Lips.
2725 4655 2781 4704 et
2820 4647 2941 4719 Par.
2971 4655 3095 4717 post
3118 4646 3209 4702 Er.
3222 4689 3247 4719 ._
3263 4663 3391 4701 mox
3416 4654 3475 4701 ut
3500 4643 3677 4719 uoluit.
3707 4640 3801 4697 Hic

2207 4731 2262 4776 et
2287 4713 2447 4776 intra
2479 4713 2632 4778 abest
2658 4731 2767 4777 uta
2798 4718 2928 4775 Bad.
2963 4713 3013 4774 et
3057 4731 3189 4772 mss.
3219 4717 3414 4774 Gnece
3440 4759 3456 4781 ,
3491 4715 3600 4774 ἄλλ’
3625 4713 3729 4788 ἅμα
3750 4732 3804 4770 τε

2205 4796 2472 4856 ἐϐουλήθη.
2501 4797 2584 4869 ταὶ
2610 4792 2852 4869 ἀχρόνως
2876 4796 2965 4850 καὶ
2991 4793 3201 4853 ἀπαθῶς
3228 4793 3282 4859 ἓξ
3298 4791 3492 4847 ἑαυτοῦ
3523 4789 3671 4847 αὐτὸν
3696 4807 3805 4863 γιν-

2213 4872 2372 4930 νήσας
2401 4865 2703 4934 ὅιίιτιδειξεὶὸζ⁷
3767 4928 3779 4941 ,

2280 4937 2353 4982 (ἢ
2385 4937 2630 4982 (ll-mnam
2676 4949 2864 4982 vneam
2915 4934 3144 4982 ἔναηνην
3188 4934 3278 4982 hic
3322 4934 3610 4982 dumtaxat
3653 4934 3805 4982 vertit

2280 4937 2353 5012 (ᾔ)
2385 4937 2630 4994 Grmcam
2676 4949 2865 4992 vocem
2915 4934 3144 5014 ἄναρχον
3188 4934 3291 5021 hic.
3322 4934 3630 5019 dumtaxat.
3653 4934 3804 5013 vertit

2208 5009 2444 5067 Hilarius
2473 5010 2584 5064 sine
2608 5008 2753 5063 initio
2783 5049 2800 5074 ,
2851 5007 2990 5062 infra
3022 5016 3200 5062 autem
3244 5022 3359 5063 sine
3400 5019 3680 5073 pnnnpto.
3709 5000 3804 5057 Ubi

2208 5082 2354 5155 enim
2381 5096 2558 5155 graece
2589 5079 2818 5155 habetur
2861 5082 2930 5143 ὥς
2957 5078 3050 5155 δρο
3093 5075 3308 5155 ἄναρχοι
3333 5120 3353 5155 ,γ
3379 5078 3532 5155 uertit
3559 5084 3807 5155 tath

2212 5153 2319 5208 duo
2344 5146 2454 5208 sine
2479 5152 2736 5223 principio
2755 5168 2774 5207 :
2798 5160 2852 5207 et
2866 5151 3182 5224 Apauloqpost
3195 5146 3275 5211 ἰῖξ
3297 5154 3423 5224 piata
3454 5146 3692 5224 ἄναρχον
3713 5150 3809 5201 τῶν

2214 5224 2339 5282 ὅλων
2365 5221 2562 5302 ᾇρχῆν,
2594 5224 2762 5302 latine
2786 5222 2964 5302 reddit
2984 5222 3242 5302 adfluant
3636 5230 3809 5302 sermo

2211 5289 2627 5370 postulatr'quod)
2658 5303 2733 5370 est
2777 5295 2885 5370 sine
2914 5293 3192 5370 principio,
3218 5289 3451 5370 omnium
3480 5289 3805 5370 principium,

2212 5361 2307 5441 per
2354 5361 2551 5423 Filium
2593 5367 2833 5422 universa
2859 5367 3057 5439 (grzece
3087 5364 3175 5421 hic
3219 5363 3515 5435 subjicitur
3542 5361 3769 5423 εὐσεϐῶς
3792 5398 3807 5426 ι

2211 5439 2317 5513 pie)
2337 5441 2627 5512 referimus.

2283 5534 2359 5609 (It)
2410 5532 2565 5609 Apud
2595 5533 2874 5609 Socratem
2913 5531 2998 5588 his
3029 5531 3244 5609 additur
3272 5530 3397 5609 eis
3445 5528 3805 5609 εοεαοσατεὺςς

2212 5601 2358 5676 quod
2389 5601 2627 5663 retinere
2651 5606 2696 5661 si
2724 5606 2925 5676 placet,
2951 5620 3060 5659 non
3088 5603 3167 5659 sic
3194 5601 3610 5676 intelligendum
3635 5605 3810 5676 est,_ut

2216 5668 2420 5756 Paulus
2448 5668 2819 5756 Samosqteitus
2830 5668 3097 5756 asserebat
3120 5672 3632 5756 ,“quemadmpdnqt
3641 5674 3713 5756 in
3746 5668 3811 5756 la;

2214 5750 2344 5821 ginis
2365 5748 2602 5821 Socratis
2624 5743 2951 5821 e’ditionibys
2976 5753 3101 5813 ante
3124 5738 3397 5804 Vtil'esiunt
3420 5738 3677 5807 obtinuit;
3695 5738 3804 5809 sedi

2212 5812 2279 5879 in
2308 5812 2578 5879 anathema
2605 5814 2737 5878 sicut
2765 5827 2837 5879 est
2870 5812 3256 5877 Stimosatemts.
