4106 6192
330 258 441 317 513

1114 258 1322 317 LIBER
1362 258 1451 317 DE
1491 258 1807 328 SYNODIS,
1850 259 1983 321 SEU
2020 262 2111 319 DE
2170 261 2327 320 FIDE
2367 260 2863 321 ORIENTALIUM.

3545 260 3654 323 5N

333 374 594 431 tholicam
626 373 846 431 domum
878 387 974 443 ea,
1005 390 1125 447 qua:
1166 392 1264 448 per
1304 376 1590 434 Photinum
1639 378 1938 434 renovaba-
1963 388 2017 449 Α
2041 389 2147 446 est,
2181 380 2525 436 occasionem
2559 378 2830 436 hmrcticis
2852 386 3155 451 praestaret,
3188 388 3247 435 ut
3276 378 3648 439 innascibilem

330 475 443 536 tur,
475 466 701 524 haeresis
731 475 961 524 tentaret
987 467 1265 539 irrepere:
1296 479 1353 524 ut
1385 485 1482 541 per
1501 469 1709 541 singula
1739 485 1937 541 genera

329 560 672 619 intemeratas
688 570 743 617 et
763 560 947 617 ill:es:e
970 560 1116 630 ﬁdei,
1142 561 1435 634 unicuique
1452 563 1638 635 generi
1669 562 1940 620 htereticae

327 668 397 709 ac
408 651 625 709 furtiva:
647 653 1018 709 fraudulentae
1033 654 1398 711 contrairetur
1418 672 1434 723 ;
1451 664 1740 727 essentque
1759 653 1835 729 (α)
1861 663 1940 712 tot

328 746 460 804 ﬁdei
486 746 876 815 absolutiones,
905 746 1180 818 quotidem
1206 755 1392 805 essent
1435 748 1676 819 quazsita:
1700 747 1938 820 perfidia:

327 839 673 899 occasiones.
712 842 792 898 Ac
831 839 1064 912 primum
1105 850 1227 911 post
1264 842 1575 914 generalem
1602 842 1747 897 illam
1776 850 1939 914 atque

332 932 697 991 indubitatam
732 943 1195 989 sacramentorum
1231 934 1649 1005 expositionem,
1688 933 1815 990 hinc
1844 949 1939 991 ex-

325 1026 595 1099 ponenda:
633 1026 755 1082 fidei
777 1025 1065 1082 adversum
1111 1025 1401 1083 haereticos
1422 1025 1587 1098 erepit
1626 1027 1933 1085 exordium.

406 1120 445 1176 Ι.
495 1138 515 1174 ι
550 1120 660 1177 Eos
685 1127 865 1175 autem
911 1120 1004 1191 qui
1031 1118 1255 1176 dicunt:
1290 1119 1368 1176 De
1406 1119 1568 1175 nullis
1597 1119 1935 1177 exstantibus

322 1212 517 1282 Filius,
550 1215 640 1271 vel
680 1213 749 1271 de
788 1214 956 1271 altera
988 1212 1287 1270 substantia
1329 1222 1388 1270 et
1427 1227 1533 1268 non
1578 1228 1647 1269 ex
1690 1212 1832 1278 Deo;
1877 1220 1936 1269 et

323 1306 472 1380 quod
503 1318 620 1363 erat
650 1316 861 1379 tempus
908 1307 993 1363 vel
1043 1307 1303 1364 saeculum
1352 1305 1569 1378 quando
1614 1321 1721 1362 non
1767 1316 1932 1364 erat:

320 1403 537 1459 alienos
565 1403 669 1458 scit
695 1412 881 1459 sancta
909 1409 962 1458 et
991 1401 1257 1457 catholica
1288 1400 1557 1457 Ecclesia.
1591 1420 1610 1453 ι

400 1495 493 1552 40.
532 1495 666 1564 Quis
692 1494 781 1551 hic
813 1493 1178 1567 ambiguitatis
1220 1493 1412 1549 locus?
1444 1501 1537 1548 aut
1565 1489 1691 1564 quid
1720 1508 1787 1550 ex
1814 1493 1929 1549 sin-

319 1604 471 1646 cera:
499 1587 626 1646 fidei
655 1588 988 1645 conscientia
1032 1588 1297 1659 reliquum
1323 1587 1447 1643 est?
1474 1586 1592 1642 Non
1617 1596 1701 1643 est
1726 1586 1794 1644 de
1821 1601 1931 1642 non

319 1685 836 1743 exstantibuszutei
855 1694 1080 1743 exstans
1106 1685 1258 1754 origo
1281 1685 1375 1742 sit.
1392 1684 1505 1740 Non
1520 1695 1604 1741 est
1631 1693 1852 1741 exstans
1879 1680 1930 1739 ei

2044 472 2237 540 Deum,
2270 474 2357 530 vel
2380 484 2584 544 partem
2612 474 2750 545 ejus,
2782 473 2929 529 nasci
2964 472 3032 529 de
3060 472 3222 528 Maria
3253 474 3647 544 praedicarent;

2042 579 2328 623 occursum
2361 576 2445 624 est
2463 567 2716 623 salutaris
2747 565 3063 623 definitione
3089 568 3409 638 sententiae,
3436 578 3495 625 ut
3514 584 3642 625 ana-

2043 657 2223 717 thema
2252 672 2397 718 esset
2421 661 2523 718 hoc
2548 661 2835 719 confitens.
2864 661 2983 718 Non
3012 663 3154 719 enim
3183 663 3435 735 religiosa
3465 662 3646 719 unitas

2039 753 2305 821 nominis,
2333 769 2401 811 ex
2432 753 2787 811 indilferentis
2817 764 3024 811 natura:
3050 757 3288 812 essentia
3327 758 3645 825 constituta,

2040 845 2326 915 personam
2346 846 2544 917 genitae
2562 846 2759 904 ademit
2784 849 3058 916 essentite,
3086 858 3145 905 ut
3172 848 3253 923 (ά)
3285 849 3425 907 unici
3452 865 3516 907 ac
3536 850 3651 906 sin-

2037 938 2241 1008 gularis
2287 939 2383 995 Dei
2420 939 2719 997 substantia
2762 955 2858 1012 per
2901 941 3154 998 unionem
3184 942 3421 999 nominis
3446 943 3650 1000 intelli-

2036 1038 2191 1101 gatur
2219 1048 2232 1085 :
2263 1046 2385 1087 cum
2413 1031 2695 1103 utriusque
2715 1031 2964 1089 essentia:
2994 1047 3192 1092 nomen
3224 1050 3390 1090 unum
3410 1076 3425 1102 ,
3458 1034 3513 1091 id
3536 1043 3643 1104 cst,

2038 1122 2179 1181 Deus
2205 1139 2365 1194 unus,
2407 1126 2478 1183 ob
2507 1126 2815 1183 indiscreta:
2843 1127 2897 1183 in
2930 1137 3159 1199 utroque
3188 1137 3396 1185 natura:
3426 1128 3647 1186 indissi-

2035 1215 2218 1273 milem
2248 1217 2605 1274 substantiam
2637 1219 2981 1291 prmdicetur.

2108 1307 2171 1363 γ.
2209 1327 2229 1362 ι
2267 1309 2325 1367 Si
2351 1311 2470 1383 quis
2492 1311 2788 1368 secundum
2810 1314 3207 1384 przescientiam
3238 1314 3309 1387 (e)
3335 1326 3390 1372 et
3414 1315 3643 1387 praedes-

2034 1399 2348 1459 tinatiouem
2378 1413 2506 1459 ante
2534 1403 2755 1460 Mariam
2786 1404 2917 1460 dicit
2943 1405 3138 1461 Filium
3184 1422 3337 1476 esse,
3373 1424 3478 1464 non
3511 1418 3640 1466 ante

2033 1495 2229 1555 saecda
2259 1511 2327 1552 ex
2354 1497 2513 1553 Patre
2553 1508 2739 1554 natum
2766 1498 2908 1571 apud
2938 1498 3110 1556 Deum
3140 1515 3284 1570 esse,
3315 1509 3370 1557 ct
3394 1516 3491 1573 per
3514 1518 3638 1560 eum

2034 1585 2172 1643 facta
2205 1603 2326 1646 esse
2351 1592 2532 1647 omnia
2559 1609 2572 1645 :
2601 1591 2889 1649 anathema
2918 1593 3010 1649 sit.
3047 1611 3069 1647 ι

2103 1680 2197 1737 45.
2234 1682 2399 1738 Deum
2432 1685 2670 1740 omnium
2701 1695 2945 1741 nostrum
2980 1685 3072 1742 Dei
3102 1686 3293 1754 filium,
3324 1697 3452 1744 ante
3476 1704 3638 1760 quam

316 1781 395 1839 ad
418 1781 681 1855 originem
706 1780 1003 1839 substantia
1043 1782 1221 1855 aliqua
1252 1780 1377 1850 alia,
1416 1781 1516 1837 nisi
1539 1782 1652 1837 sola
1683 1795 1805 1853 qua:
1834 1780 1929 1837 Dei
1961 1781 2007 1842 B
2034 1786 2327 1843 corporeus
2354 1777 2615 1842 nascitur,
2658 1778 2905 1849 negaturi
2941 1786 3120 1834 tamen
3159 1778 3456 1835 secundum
3496 1796 3639 1851 pra:-

318 1881 538 1930 est:ut
566 1874 621 1930 in
651 1890 717 1930 co
743 1873 877 1930 nihil
929 1874 1075 1930 aliud
1125 1882 1310 1930 uatum
1347 1888 1470 1930 esse
1523 1872 1715 1944 possit,
1763 1888 1923 1945 quam

325 1981 497 2024 omne
536 1964 611 2039 (ὁ)
653 1965 795 2037 quod
836 1966 933 2023 Dei
973 1966 1073 2033 sit;
1120 1965 1243 2038 quia
1262 1979 1371 2022 non
1398 1980 1465 2021 ex
1494 1962 1662 2020 nihilo
1681 1974 1925 2030 exstans,

319 2058 550 2116 aliunde
576 2074 682 2115 non
705 2057 970 2116 subsistit.
994 2057 1112 2114 Non
1140 2057 1321 2114 diﬂ‘ert
1340 2058 1393 2114 in
1417 2067 1660 2129 tempore
1689 2075 1702 2112 :
1726 2068 1784 2114 nt
1805 2073 1927 2115 cum

313 2152 488 2210 Patre
510 2151 582 2208 sit
610 2151 981 2223 intemporalis
1007 2160 1063 2209 et
1092 2150 1280 2207 Filius.
1313 2149 1699 2223 Inseparabilia
1748 2150 1930 2223 itaque

313 2247 467 2303 inter
514 2245 888 2304 innascibilem
956 2246 1171 2303 Patrem
1236 2256 1294 2302 et
1345 2244 1677 2318 unigenitum
1730 2244 1926 2301 Filium

314 2348 519 2398 cuncta
549 2347 697 2407 sunt,
728 2353 862 2412 quos
902 2338 956 2394 in
1010 2348 1255 2410 tempore
1294 2354 1454 2411 pares
1493 2339 1607 2411 ipsa
1636 2337 1724 2394 illa
1768 2338 1928 2394 unius

311 2441 532 2490 tantum
558 2430 627 2505 (ο)
657 2441 895 2503 paterna:
919 2432 1249 2497 exsistentis,
1273 2446 1337 2488 ex
1358 2446 1465 2504 qua
1490 2431 1740 2488 nativitas
1759 2430 1927 2488 sumi-

316 2534 432 2591 tur,
462 2523 821 2580 indill‘erentia
850 2523 903 2579 in
931 2524 1079 2580 nullo
1108 2522 1381 2580 discernat
1409 2524 1683 2581 essentiaz.

390 2613 559 2690 ὧδε
596 2615 659 2672 ll.
698 2634 718 2669 ‹
748 2617 803 2674 Si
832 2616 953 2688 quis
1000 2627 1182 2672 autem
1211 2616 1427 2674 Patrem
1471 2625 1528 2674 et
1555 2616 1748 2673 Filium
1788 2616 1926 2674 duos

315 2709 455 2768 dicit
481 2713 615 2768 deos
646 2728 659 2766 :
692 2710 977 2767 anathema
1005 2711 1096 2767 sit.

394 2803 481 2859 lll.
514 2803 581 2860 Et
607 2804 654 2859 si
672 2803 795 2876 quis
820 2820 982 2860 unum
1011 2804 1196 2861 dicens
1224 2798 1413 2873 Deum,
1442 2803 1719 2862 Christum
1739 2813 1922 2863 autem

311 2897 495 2953 Deum
536 2904 665 2953 ante
703 2897 899 2955 saecula
949 2896 1119 2953 tilium
1167 2897 1259 2954 Dei
1306 2897 1620 2955 obsecutum
1675 2898 1818 2954 Patri
1868 2897 1922 2955 in

311 2989 597 3046 creatione
625 2989 865 3046 omnium
896 3005 1004 3047 non
1026 2992 1314 3047 cantitetur
1340 3010 1353 3045 :
1387 2990 1671 3047 anathema
1699 2992 1788 3047 sit.
1825 3010 1845 3044 ι

390 3083 484 3139 III.
519 3081 591 3139 Ut
616 3084 849 3139 essentia:
872 3084 1105 3149 nomine,
1134 3082 1206 3137 ita
1239 3092 1356 3138 sunt
1396 3100 1555 3139 unum
1582 3083 1813 3139 essentia:
1835 3098 1924 3155 ge-

2033 1868 2311 1925 scientiam
2329 1880 2379 1925 et
2398 1871 2948 1941 przedestiuationem,
2972 1888 3077 1928 non
3103 1873 3402 1930 secundum
3425 1883 3632 1931 natura:

2032 1959 2375 2017 subsistentis
2411 1963 2734 2033 essentiam,
2768 1964 2932 2021 fuisse
2961 1966 3284 2022 conﬁrmant
3314 1985 3328 2022 :
3359 1967 3413 2023 id
3436 1976 3550 2034 cst,
3581 1977 3641 2025 ut

2031 2068 2130 2128 per
2167 2056 2559 2125 prtescientiam
2597 2057 2794 2124 Patris,
2829 2060 2955 2130 quia
2981 2049 3103 2115 eum
3140 2060 3543 2130 praedestinavit
3578 2067 3642 2117 ut

2031 2156 2179 2204 esset
2196 2148 2505 2219 aliquando,
2535 2148 2741 2207 scilicet
2762 2150 3059 2223 gignendus
3081 2168 3146 2209 ex
3172 2152 3398 2225 virgine,
3423 2153 3639 2208 nuntia-

2030 2248 2116 2297 tus
2152 2241 2307 2298 nobis
2340 2242 2497 2298 fuerit
2527 2244 2736 2314 potius,
2773 2261 2932 2316 quam
2961 2256 3086 2303 ante
3116 2248 3311 2305 saecula
3343 2248 3395 2303 in
3424 2258 3632 2304 natura:

2029 2333 2224 2390 divinae
2244 2336 2541 2392 substantia
2566 2348 2724 2393 natus
2748 2339 3015 2396 exstiterit
3040 2357 3053 2394 :
3081 2350 3245 2413 utque
3268 2342 3477 2411 omnia,
3503 2357 3625 2413 quae

2029 2429 2146 2501 ipse
2175 2429 2227 2485 in
2254 2429 2532 2500 prophetis
2550 2430 2620 2487 de
2632 2433 3024 2501 corporationis
3045 2447 3156 2489 sum
3176 2450 3239 2491 ac
3262 2434 3527 2506 passionis
3546 2451 3633 2491 sa-

2027 2523 2316 2579 cramentis
2329 2524 2540 2581 locutus
2553 2534 2656 2592 est,
2682 2526 2793 2597 ipsa
2813 2526 2904 2583 illa
2917 2528 3213 2585 secundum
3236 2529 3632 2601 prmscientiam

2025 2611 2192 2687 590
2214 2614 2283 2671 de
2310 2629 2376 2672 eo
2401 2631 2432 2670 a
2458 2615 2619 2672 Patre
2648 2617 2938 2674 sintdicta.
2974 2619 3161 2691 Itaque
3185 2621 3449 2677 doctrinae
3474 2622 3635 2693 hujus

2027 2707 2355 2777 perversitas
2376 2707 2770 2765 condemnatur
2798 2726 2811 2762 :
2843 2720 2900 2766 ut
2924 2714 3172 2785 cognitus
3200 2712 3357 2769 nobis
3385 2715 3634 2786 unigeni-

2026 2809 2111 2857 tus
2142 2800 2234 2857 Dei
2267 2801 2429 2870 ﬁlius,
2461 2810 2619 2859 natus
2650 2804 2829 2875 potius
2860 2820 2926 2862 ex
2961 2807 3121 2863 Patre
3148 2817 3276 2862 ante
3313 2808 3542 2875 saecula,
3573 2823 3607 2865 e
3632 2815 3657 2865 t

2025 2893 2139 2966 ipsa
2167 2894 2363 2952 stecula
2403 2910 2524 2951 cum
2570 2896 2833 2953 creaturis
2862 2898 3113 2955 omnibus
3156 2898 3418 2968 condens,
3460 2914 3624 2971 quam

2025 2988 2439 3058 prardestinatus
2468 2989 2537 3045 sit
2562 3004 2685 3046 esse
2712 2990 3031 3061 gignendos.

2099 3079 2190 3136 Vl.
2226 3099 2244 3133 ι
2282 3080 2338 3138 Si
2383 3080 2504 3153 quis
2534 3082 2886 3139 substantiam
2922 3084 3012 3140 Dei
3042 3082 3256 3142 dilatari
3299 3092 3355 3141 et
3382 3083 3633 3143 contrahi

311 3192 460 3233 nere.
480 3205 554 3218 —
581 3176 784 3234 Rerum
824 3176 978 3232 nobis
1022 3176 1324 3232 absolutam
1366 3175 1777 3247 intelligentiam
1809 3175 1922 3247 ipsa
1952 3177 1998 3242 C
2028 3172 2160 3230 dicit
2187 3192 2199 3227 :
2234 3173 2522 3232 anathema
2554 3176 2645 3231 sit.
2683 3195 2702 3230 ι

310 3272 410 3329 illa
440 3271 678 3328 nominis
704 3272 956 3344 religiosa
988 3271 1253 3342 professio
1284 3271 1489 3327 tribuit.
1524 3274 1658 3327 Cum
1686 3271 1831 3327 enim
1867 3270 1920 3326 in

310 3363 671 3421 damnatione
695 3366 798 3431 sit,
826 3365 1038 3421 Patrem
1070 3375 1124 3421 et
1150 3363 1341 3420 Filium
1380 3364 1517 3420 duos
1546 3363 1679 3421 deos
1703 3363 1919 3430 dicere;

311 3464 374 3514 et
394 3471 612 3515 rursum
642 3457 928 3513 anathema
959 3459 1063 3526 sit,
1097 3456 1291 3513 Filium
1324 3457 1492 3514 Deum
1519 3471 1716 3529 negare
1747 3474 1760 3511 :
1791 3458 1924 3514 sub-

312 3549 534 3607 stantia:
575 3550 804 3607 diversa:
846 3550 1068 3606 alterius
1111 3550 1180 3607 ab
1218 3550 1387 3606 altera
1417 3550 1600 3621 opinio
1630 3550 1681 3605 in
1731 3550 1927 3622 praedi-

312 3642 507 3700 candis
545 3643 651 3699 diis
698 3643 908 3700 duobus
952 3643 1275 3700 excluditur.
1316 3643 1436 3700 Non
1484 3644 1628 3700 enim
1670 3654 1753 3700 est
1787 3643 1923 3712 alia,

313 3748 519 3810 praeter
540 3737 690 3794 illam
720 3736 816 3794 Dei
844 3739 1012 3811 patris
1038 3754 1101 3795 ex
1133 3754 1236 3811 qua
1266 3738 1360 3796 Dei
1392 3738 1533 3795 filius
1561 3739 1705 3795 Deus
1731 3739 1925 3795 intem-

314 3831 519 3903 poralis
545 3839 631 3888 est
649 3840 826 3901 natus,
854 3833 1110 3890 essentia.
1130 3831 1263 3888 Nam
1283 3847 1403 3888 cum
1426 3832 1731 3888 necessario
1749 3831 1918 3888 Deum

313 3935 529 3997 patrem
565 3924 906 3992 confitemur,
934 3935 991 3997 et
1023 3924 1273 3982 absolute
1300 3922 1576 3980 Christum
1608 3924 1701 3980 Dei
1748 3922 1918 3979 lilium

316 4016 491 4075 Deum
523 4016 917 4090 praedicamus,
945 4026 1000 4075 et
1040 4018 1181 4074 inter
1212 4016 1329 4074 haec
1373 4016 1538 4073 duum
1579 4015 1801 4072 deorum
1852 4016 1926 4073 sit

314 4110 623 4185 irreligiosa
647 4111 951 4169 confessio:
977 4126 1082 4167 non
1116 4118 1363 4182 possunt,
1394 4108 1688 4165 secundum
1716 4117 1925 4164 natum

315 4200 829 4262 indiﬁ'erentiam'et
860 4220 1056 4262 nomen
1088 4201 1435 4269 indill‘erens,
1469 4217 1771 4258 nonvunum
1802 4216 1925 4258 esse

314 4298 370 4354 in
413 4298 673 4355 essentia:
717 4312 953 4370 genere,
996 4312 1225 4370 quorum
1264 4296 1515 4354 essentia:
1564 4310 1761 4352 nomen
1816 4311 1923 4352 non

314 4391 447 4449 licet
471 4407 598 4450 esse
628 4391 731 4448 nisi
762 4407 951 4448 unum.
1112 4392 1115 4395 ⁷
1440 4395 1449 4401 ’

386 4488 484 4546 IV.
523 4508 544 4542 ι
582 4488 640 4545 Si
664 4486 783 4561 quis
806 4486 1177 4545 innascibilem
1208 4487 1398 4555 Deum,
1425 4484 1509 4542 vel
1533 4492 1739 4558 partem
1768 4481 1885 4556 ejus
1906 4524 1920 4551 ,

315 4580 385 4639 de
414 4580 583 4641 Maria
619 4588 800 4637 natum
842 4594 965 4637 esse
1003 4579 1165 4636 audet
1193 4579 1413 4636 dicere:
1443 4578 1728 4635 anathema
1773 4577 1865 4657 sit,
1896 4594 1918 4630 ι

388 4676 485 4733 42.
520 4672 649 4731 Filii
678 4685 726 4731 et
757 4673 934 4730 Patris
972 4690 1075 4730 non
1100 4690 1206 4730 una
1234 4689 1472 4744 persona.
1500 4671 1695 4729 Contra
1723 4687 1808 4727 eos
1835 4671 1923 4742 qui

315 4777 556 4826 asserunt
586 4766 786 4823 Filium
812 4776 930 4823 ante
960 4768 1185 4850 Mariam
1208 4784 1309 4823 non
1331 4783 1438 4823 esse
1464 4766 1563 4821 nisi
1587 4782 1680 4839 per
1701 4763 1925 4837 prwdes-

314 4860 640 4917 tinationem.
662 4890 734 4903 --
763 4860 843 4918 Ne
869 4860 1013 4933 quod
1050 4869 1374 4933 nuncupata:
1399 4858 1649 4917 essentia:
1673 4856 1728 4915 in
1767 4858 1927 4914 Patre

314 4966 373 5016 et
416 4957 593 5027 Filio,
642 4973 741 5030 per
785 4956 1158 5016 indissimilem
1204 4967 1469 5026 naturam,
1522 4970 1721 5013 nomen
1762 4970 1927 5011 unum

394 5114 474 5191 (α)
498 5114 559 5172 In
586 5114 1087 5191 νιιίεθιὶεξειοιὶιίεηιΣ
1120 5116 1191 5170 At
1214 5113 1266 5191 in
1293 5123 1564 5191 mss._tot:
1583 5122 1637 5191 et
1662 5129 1789 5191 mox
1810 5122 1931 5191 quot

318 5184 510 5257 eidem,
544 5203 643 5259 pro
671 5184 1479 5259 quotidemaEademAloquendi
1506 5187 1716 5243 ratione
1765 5184 1928 5259 habe-

317 5275 446 5317 mus
473 5256 593 5330 cap.
627 5258 698 5315 15
729 5259 781 5314 in
832 5257 1020 5314 Matth.
1059 5274 1115 5313 η.
1146 5257 1215 5314 10
1236 5276 1263 5331 :7
1294 5256 1367 5331 In
1393 5267 1465 5331 tot
1510 5258 1734 5331 partium
1764 5257 1928 5313 millia

320 5332 466 5404 plebs
492 5329 818 5387 dinumerata
842 5331 1059 5386 satiatur
1078 5371 1093 5398 ,
1122 5329 1383 5401 quotidem
1408 5330 1471 5385 de
1494 5329 1746 5401 partibus,
1778 5340 1884 5386 etc.

394 5468 472 5543 (ὑ)
497 5468 693 5543 Excusi
716 5476 943 5543 excepto
972 5465 1095 5543 Min:1
1118 5466 1374 5543 omittunt
1398 5483 1564 5543 omne,
1591 5466 1733 5538 quod
1758 5466 1930 5537 probe

318 5536 501 5599 exstat
526 5541 584 5596 iu
611 5536 865 5597 omnibus
890 5552 1021 5594 mss.
1056 5536 1444 5594 Excludendus
1470 5536 1621 5595 enim
1646 5548 1731 5594 est
1760 5536 1928 5593 error

320 5609 726 5684 hzereticorum,
760 5611 852 5684 qui
880 5609 1077 5667 Filium
1109 5620 1317 5681 partem
1364 5609 1540 5666 Patris
1564 5624 1689 5667 esse
1715 5622 1932 5665 assere-

328 5682 484 5741 bant.

2098 3268 2190 3326 44.
2218 3267 2467 3325 Dilatatio
2489 3280 2536 3326 et
2564 3271 2850 3329 contractio
2877 3272 2933 3326 in
2954 3269 3121 3326 Deum
3149 3287 3253 3326 non
3276 3270 3491 3326 cadunt.
3525 3268 3639 3326 Nec

2029 3361 2203 3419 Filius
2244 3371 2319 3419 est
2363 3363 2551 3420 divina:
2584 3363 2881 3420 substantia:
2911 3364 3170 3420 dilatatio.
3194 3393 3268 3405 —
3291 3361 3555 3420 Contrahi
3583 3370 3640 3420 et

2026 3454 2261 3523 dilatari,
2295 3457 2591 3528 corporalis
2622 3467 2705 3513 est
2736 3459 2914 3530 passio
2943 3476 2957 3514 :
2993 3458 3134 3515 Deus
3163 3467 3366 3526 autem,
3393 3457 3486 3530 qui
3515 3456 3629 3528 spi-

2028 3551 2164 3607 ritus
2189 3561 2293 3620 est,
2326 3561 2382 3609 et
2402 3551 2571 3622 spirat
2596 3553 2685 3609 ubi
2711 3554 2844 3622 vult,
2870 3568 2977 3610 non
3000 3569 3061 3610 se
3082 3569 3180 3625 per
3206 3553 3637 3611 demutationem

2030 3643 2351 3701 substantia:
2378 3645 2695 3711 autdilatat,
2720 3655 2812 3702 aut
2836 3646 3125 3702 contrahit.
3144 3646 3307 3702 Extra
3335 3645 3638 3718 corporalis

2030 3735 2174 3791 enim
2207 3746 2410 3792 natura:
2439 3738 2820 3794 necessitatem
2853 3737 2988 3793 liber
3018 3753 3275 3807 manens,
3308 3738 3452 3810 quod
3482 3737 3632 3804 vult,

2029 3838 2086 3886 et
2113 3845 2234 3887 cum
2262 3830 2395 3900 vult,
2431 3841 2485 3888 et
2509 3831 2600 3887 ubi
2638 3832 2770 3899 vult,
2805 3830 2856 3888 id
2886 3842 3108 3903 prmstat
3136 3847 3200 3888 cx
3230 3848 3371 3889 sese.
3402 3830 3632 3902 Impium

2029 3935 2158 3991 ergo
2201 3929 2286 3977 est
2335 3921 2649 3980 substantia:
2698 3923 3125 3981 demutationcm
3191 3924 3427 3981 libertati
3474 3932 3638 3982 tanta:

2031 4013 2245 4069 virtutis
2276 4014 2607 4074 adscribere.

2101 4107 2213 4165 \'ll.
2251 4127 2271 4162 ι
2321 4109 2376 4166 Si
2407 4110 2527 4181 quis
2563 4108 2839 4166 dilatatam
2880 4111 3238 4168 substantiam
3288 4112 3385 4170 Dei
3432 4115 3632 4173 Filium

2030 4200 2175 4258 dicat
2202 4200 2407 4267 facere,
2436 4210 2529 4257 aut
2567 4201 2902 4259 latitudinem
2940 4203 3256 4261 substantia:
3281 4206 3400 4278 ejus
3436 4207 3634 4268 Filium

2030 4295 2273 4352 nominet
2301 4309 2316 4349 :
2349 4294 2634 4352 anathema
2667 4296 2756 4352 sit.
2795 4316 2815 4349 ι

2098 4387 2190 4445 45.
2217 4386 2477 4458 Superior
2503 4388 2789 4456 sententia,
2821 4389 2951 4451 etsi,
2982 4389 3423 4451 indemutabilem
3459 4394 3629 4453 Deum

2029 4478 2230 4537 docere
2258 4479 2523 4549 voluerit,
2552 4480 2620 4538 ad
2650 4480 2788 4538 hanc
2816 4498 2876 4540 se
2899 4494 3077 4540 tamen
3106 4496 3423 4558 sequentem
3454 4488 3635 4546 lucre-

2027 4573 2129 4629 sim
2154 4574 2502 4647 prmparavit.
2534 4574 2762 4644 Quidam
2783 4576 2928 4633 enim
2956 4577 3073 4634 ausi
3098 4588 3225 4635 sunt
3255 4580 3632 4638 innascibilem

2027 4667 2195 4724 Deum
2221 4682 2398 4740 usque
2420 4668 2490 4725 ad
2516 4678 2757 4726 sanctam
2788 4669 3065 4742 Virginem
3096 4674 3409 4730 substantia:
3435 4674 3629 4731 dilata-

2028 4761 2172 4816 tione
2221 4759 2545 4833 protendere
2591 4758 2614 4834 (
2656 4760 2779 4815 Vid.
2838 4761 2975 4817 tib.r
3015 4763 3081 4817 de
3119 4763 3311 4819 Trinit.
3358 4783 3412 4821 η.
3468 4766 3535 4822 16
3580 4777 3627 4823 ct

2030 4851 2121 4909 lib.
2180 4868 2244 4920 x,
2274 4869 2329 4908 η.
2359 4851 2461 4925 50)
2491 4868 2507 4908 :
2533 4861 2591 4907 ut
2612 4852 2837 4909 latitudo
2885 4853 3114 4910 deducta
3158 4856 3391 4928 quodam
3419 4868 3629 4917 natura:

2030 4965 2142 5008 suae
2171 4958 2343 5005 tractu
2381 4961 2769 5020 assumensque
2804 4949 3076 5005 hominem
3118 4949 3261 5008 ﬁlius
3290 4967 3632 5026 nuncupare-

2036 5107 2158 5179 Er.,
2188 5107 2333 5176 Min,
2387 5108 2534 5181 Lips.
2564 5121 2621 5167 et
2650 5109 2773 5167 Par.
2798 5150 2812 5178 ,
2841 5109 3161 5181 indi/ﬂrenti
3184 5112 3239 5169 in
3268 5115 3433 5171 nullo.
3462 5114 3638 5173 Casti-

2036 5190 2239 5253 gantur
2254 5195 2320 5236 ex
2351 5181 2586 5251 scriptis.

2132 5250 2187 5325 4)
2219 5251 2276 5307 In
2306 5250 2537 5325 vulgatis
2562 5269 2625 5309 ac
2655 5252 2899 5325 pluribus
2946 5269 3080 5313 mss.
3112 5258 3286 5313 unica.
3331 5258 3552 5315 Rectius
3583 5260 3635 5316 in

2033 5321 2190 5380 Colb'.
2213 5334 2268 5379 et
2292 5321 2476 5380 Germ.
2519 5321 2677 5391 unici,
2710 5326 2763 5381 id
2791 5336 2877 5382 est
2900 5326 3127 5383 solitarii
3152 5345 3166 5395 ;
3191 5329 3346 5386 unica
3376 5340 3459 5386 est
3485 5332 3633 5389 enim

2033 5394 2128 5470 Dei
2158 5404 2368 5470 natura,
2397 5396 2508 5470 sed
2523 5414 2628 5455 non
2656 5397 2944 5470 singularis
2971 5414 3035 5454 ac
3064 5394 3336 5457 solitarius
3365 5402 3526 5459 Deus.

2107 5466 2181 5540 (e)
2227 5467 2284 5540 In
2331 5483 2436 5523 ms.
2470 5468 2633 5524 Corb.
2656 5466 2999 5540 acr'pluribus
3024 5471 3144 5526 aliis
3172 5488 3277 5528 non
3309 5473 3539 5531 habetur
3579 5486 3630 5531 et

2033 5538 2552 5614 prwdestinationem.
2576 5538 2872 5614 Deinde‘ex
2895 5555 3027 5614 mss.
3050 5552 3220 5614 prbpe
3242 5547 3482 5601 omnium
3507 5563 3638 5603 con-

2035 5625 2203 5689 sen_s_u
2242 5611 2585 5689 _restituim_us
2610 5623 2730 5667 ante
2768 5611 3319 5689 Marianis—quamvis
3349 5619 3633 5689 superius,

2040 5689 2100 5759 ut
2126 5680 2215 5759 hic
2240 5681 2294 5759 i_n
2338 5683 2554 5739 excusis
2575 5692 2797 5759 ,_exste_t
2822 5700 2855 5739 a
2886 5680 3106 5759 diaria;
3129 5685 3279 5759 Hanc
3325 5680 3642 5759 opinionem

400 5754 475 5828 (ε)
504 5753 649 5812 Editi
673 5799 688 5820 ,
721 5765 946 5822 paterna:
974 5755 1394 5828 innascibilitatis
1421 5752 1716 5828 (sternuas,
1748 5768 1936 5828 eaque
2039 5752 2211 5828 Paulo
2243 5752 2979 5828 Samosatensinominatim
3004 5755 3265 5828 adscribit
3314 5752 3645 5822 Athanasius

319 5823 562 5887 «minitas
586 5828 848 5885 sumitur:
878 5837 991 5885 tum
1021 5827 1156 5886 Bad.
1186 5870 1203 5899 ,
1230 5824 1635 5897 indilfereutiam
1660 5824 1716 5881 in
1748 5823 1889 5882 nullo
1911 5841 1932 5895 ;

2043 5825 2145 5885 sub
2174 5825 2336 5885 finem
2365 5825 2490 5886 libri
2515 5826 2584 5887 de
2611 5825 2825 5886 lncarn.
2858 5827 3079 5887 Christi.
