4106 6192
430 200 538 258 519

1585 206 1593 212 '
1636 193 1883 256 SANCTI
1925 188 2179 250 HILARII
2220 185 2527 247 EPISCOPI

3634 182 3748 241 520

429 325 607 372 tamen
629 357 644 385 ,
674 322 734 371 ut
761 314 1028 388 subiectio
1056 314 1293 372 nominis
1334 314 1718 388 proprietatem
1777 312 2037 371 naturalis
2064 317 2118 377 Α
2143 315 2329 362 sancto
2359 303 2693 375 nuncupatio
2717 300 3043 359 damnabilis
3067 301 3193 358 est?
3221 298 3376 372 Quod
3408 307 3587 358 tamen
3617 302 3749 373 quia

427 417 586 480 atque
617 408 973 465 indill'erentis
1004 418 1229 466 testetur
1260 412 1532 467 essentite.

498 499 664 573 494
683 500 871 556 XVIII.
899 521 918 552 ι
940 501 995 555 Si
1023 501 1143 571 quis
1171 500 1388 557 Patrem
1416 510 1474 559 et
1496 502 1691 558 Filium
1722 517 1879 557 unam
1908 516 2034 573 pcr-

428 604 619 647 sonam
650 591 819 648 dicit:
851 590 1140 648 anathema
1171 591 1260 647 sit.
1296 613 1314 646 ι

500 684 591 740 52.
624 682 786 738 Pater
814 694 862 738 et
893 682 1065 740 Filius
1094 702 1197 741 non
1222 702 1329 741 una
1357 703 1598 758 persona.
1627 719 1700 729 —
1727 686 1842 745 Non
1879 688 2039 746 habet

440 775 816 832 necessitatem
840 777 1247 834 contradicendi
1275 780 1375 836 sibi
1402 781 1649 837 absoluta
1681 783 2036 853 perversitas:

436 874 495 923 et
524 877 701 924 tamen
732 868 932 924 stultus
963 869 1317 940 quorumdam
1350 869 1501 928 furor
1530 872 1584 928 in
1608 873 1659 929 id
1683 873 1957 945 prorupit,
1982 883 2042 929 ut

433 975 722 1032 personam
749 970 911 1018 unam
939 962 1103 1019 duum
1132 964 1409 1019 nominum
1436 979 1599 1022 ausus
1625 965 1697 1021 sit
1721 967 2036 1037 praedicare.

506 1055 651 1112 XIX.
682 1057 783 1115 «Si
831 1058 955 1130 quis
999 1058 1259 1130 Spiritum
1308 1068 1552 1116 sanctum
1601 1062 1934 1132 paracletum
1960 1061 2043 1117 di-

434 1163 565 1207 cens
587 1191 602 1218 ,
633 1150 1007 1208 innascibilem
1036 1152 1203 1209 Deum
1236 1151 1413 1209 dicat:
1439 1153 1726 1210 anathema
1758 1154 1848 1209 sit.
1875 1173 1894 1206 ι

509 1243 602 1300 55.
633 1242 866 1314 Spiritus
894 1255 1101 1300 sanctus
1131 1262 1230 1300 non
1259 1245 1575 1302 innascibilis
1603 1245 1765 1303 Deus.
1798 1247 1945 1302 Alius
1972 1253 2045 1301 est

435 1352 467 1390 a
499 1335 661 1392 Filio.
685 1336 1026 1409 —-Adjectio
1058 1353 1202 1395 nunc
1230 1338 1528 1408 Paracleti,
1570 1338 1902 1397 anathemati
1943 1340 2044 1396 ob-

439 1429 657 1485 noxiam
704 1429 830 1487 facit
867 1431 1201 1489 innascibilis
1240 1433 1292 1488 in
1333 1448 1401 1489 eo
1444 1433 1539 1490 Dei
1581 1433 2042 1504 praedicationem.

437 1521 817 1595 Impiissimum
845 1525 988 1582 enim
1014 1536 1095 1582 est
1114 1568 1128 1593 ,
1160 1526 1533 1584 innascibilem
1559 1528 1725 1583 Deum
1752 1544 1873 1585 eum
1898 1527 2004 1584 dici
2029 1570 2043 1596 ,

437 1618 529 1688 qui
556 1618 624 1673 ad
653 1620 1078 1677 consolationem
1106 1631 1349 1678 nostram
1380 1629 1466 1679 est
1493 1622 1688 1679 missus
1715 1638 1744 1678 a
1778 1624 1933 1680 Filio.

2140 399 2383 455 hwretici
2413 399 2632 465 dicunt,
2666 406 2815 453 recte
2852 395 3107 452 catholici
3149 395 3535 452 condemnant.

2212 491 2433 548 ΧΧ111.‹
2458 491 2517 549 Si
2540 491 2663 564 quis
2693 491 2840 562 quod
2862 489 3068 547 dictum
3091 498 3195 559 est,
3226 488 3341 561 Ego
3362 488 3503 546 Deus
3528 489 3758 559 primus,

2139 593 2187 641 et
2213 602 2306 658 ego
2335 585 2475 639 Deus
2521 584 2850 651 novissimus,
2899 591 2950 638 et
2994 592 3179 655 praeter
3205 599 3284 639 me
3329 599 3435 638 non
3480 592 3556 637 est
3604 581 3763 638 Deus

2141 678 2326 753 (Esai.
2357 695 2504 746 xuv,
2532 679 2628 752 6),
2658 678 2727 735 ad
2754 677 3182 735 destructionem
3227 676 3499 734 idolorum
3537 677 3759 734 dictum

2141 782 2196 829 et
2215 786 2401 828 eorum
2424 771 2515 843 qui
2542 786 2648 826 non
2676 779 2802 827 sunt
2830 770 2926 840 dii,
2945 770 2999 825 in
3030 769 3455 826 destructionem
3487 768 3764 842 unigeniti

2141 874 2268 921 ante
2294 865 2489 922 saecula
2520 865 2611 919 Dei
2632 862 2848 935 iudaice
2886 863 3089 919 dictum
3122 863 3426 936 intelligat:
3460 864 3763 921 anathema

2143 962 2235 1019 sit.
2263 980 2282 1014 ι

2215 1057 2305 1112 57.
2337 1054 2505 1124 Illud,
2520 1070 2631 1111 non
2657 1065 2743 1110 est
2769 1053 2911 1109 Deus
2938 1060 3135 1125 praeter
3160 1065 3268 1120 me,
3303 1048 3501 1107 Filium
3531 1067 3634 1106 non
3660 1067 3763 1106 ne-

2143 1160 2236 1225 gat
2265 1151 2450 1206 Deum.
2472 1181 2544 1192 —
2566 1151 2799 1207 Deorum
2831 1148 3227 1206 numerositate
3252 1147 3529 1214 damnata,
3557 1155 3610 1203 et
3644 1146 3768 1203 Dco

2145 1253 2357 1302 tantum
2387 1261 2497 1301 uno
2530 1244 2863 1316 praedicata,
2896 1242 3085 1313 negari
3135 1242 3279 1298 Deus
3318 1240 3463 1296 filius
3503 1238 3600 1296 Dei
3640 1254 3760 1294 non

2144 1346 2347 1411 potest.
2369 1339 2569 1395 Verum
2597 1350 2803 1393 natura:
2831 1336 2972 1393 istud
2996 1345 3218 1408 prazstat
3237 1335 3471 1407 genuina
3497 1334 3752 1405 pr0prie-

2146 1439 2251 1499 tas,
2288 1441 2345 1487 ut
2374 1446 2596 1497 nomen,
2629 1429 2773 1500 quod
2800 1440 3032 1501 negatur
3058 1428 3125 1484 ad
3154 1442 3465 1495 numerum,
3494 1426 3770 1483 debeatur

2146 1525 2436 1591 essentim;
2469 1531 2526 1581 et
2556 1523 2641 1589 id,
2673 1523 2817 1594 quod
2845 1539 2944 1577 non
2976 1532 3052 1577 est
3089 1520 3229 1576 Deus
3275 1531 3606 1592 prmterme,
3649 1534 3767 1575 non

2147 1619 2320 1691 possit
2350 1617 2489 1674 Filio
2519 1617 2732 1672 auferre
2761 1615 2905 1687 quod
2939 1616 3079 1670 Deus
3108 1617 3223 1670 est:
3256 1616 3379 1685 quia
3408 1613 3550 1669 Deus
3573 1612 3756 1680 alius,

508 1710 729 1768 ΧΧ.σ8ἰ
758 1713 903 1783 quis,
928 1713 1085 1770 sicuti
1104 1714 1289 1771 docuit
1315 1731 1413 1772 nos
1436 1714 1714 1785 Dominus,
1740 1732 1846 1773 non
1875 1718 2042 1774 alium
2072 1709 2120 1771 B
2149 1720 2349 1784 praeter
2378 1726 2537 1783 quam
2568 1709 2660 1781 qui
2692 1710 2779 1765 est
2804 1724 2868 1765 ex
2901 1708 3033 1775 Deo,
3068 1706 3248 1762 nullus
3274 1715 3379 1762 est.
3407 1707 3472 1761 Et
3500 1720 3595 1775 per
3621 1704 3771 1759 hanc

434 1801 580 1859 dicat
605 1804 947 1861 Paracletum
972 1821 1001 1860 a
1030 1806 1200 1874 Filio;
1229 1807 1365 1863 dixit
1389 1808 1533 1865 enim
1558 1826 1570 1862 :
1599 1808 1669 1863 Et
1695 1809 1914 1865 alterum
1938 1809 2049 1865 Pa-

434 1896 687 1952 racletum
712 1898 875 1953 mittet
898 1898 1039 1954 vobis
1062 1897 1242 1968 Pater,
1268 1918 1418 1973 quem
1441 1902 1635 1976 ragabo
1656 1918 1789 1977 ego:
1813 1904 2046 1963 anathe-

436 2002 525 2043 ma
547 1989 673 2044 sit.»

507 2083 596 2141 54.
628 2082 733 2140 Cur
752 2085 955 2141 dicatur
976 2086 1109 2141 mitti
1131 2103 1162 2142 a
1187 2085 1363 2142 Patre.
1382 2090 1515 2145 —A
1543 2088 1683 2145 Filio
1707 2089 2045 2147 Paracletum

438 2178 665 2236 missum
704 2180 1049 2237 meminimus
1073 2223 1087 2246 ,
1133 2189 1188 2238 et
1231 2182 1284 2237 in
1328 2182 1591 2254 principio
1623 2184 1726 2240 hoc
1754 2184 1888 2241 fides
1932 2186 2080 2257 ipsa~

436 2271 707 2342 exposuit.
739 2271 847 2329 Sed
874 2274 996 2344 quia
1025 2272 1338 2344 frequenter
1367 2273 1535 2331 Filius
1565 2290 1663 2346 per
1689 2276 2048 2334 indifferentis

445 2373 654 2420 natura:
697 2364 951 2421 virtutem
982 2382 1146 2438 opera
1177 2381 1273 2423 sua
1304 2382 1467 2439 opera
1498 2370 1674 2426 Patris
1716 2386 1838 2429 esse
1876 2370 2045 2436 dixit,

445 2457 667 2515 dicens:
715 2456 833 2532 Ego
873 2476 1031 2531 opera
1071 2460 1248 2516 Patris
1277 2464 1376 2517 mei
1406 2465 1544 2535 facio
1574 2462 1770 2539 (Joan.
1800 2481 1833 2520 x
1860 2506 1876 2532 ,
1903 2466 1972 2522 57
1994 2464 2046 2537 ),

438 2550 707 2606 missurus
736 2566 950 2621 quoque
978 2551 1320 2609 Paracletum
1343 2594 1359 2621 ,
1393 2554 1554 2610 sicuti
1584 2554 1894 2627 frequenter
1919 2571 2049 2629 Spo-

440 2642 660 2717 pondit,
686 2642 954 2699 interdum
981 2659 1105 2699 eum
1147 2654 1204 2701 ct
1242 2644 1566 2702 mittendum
1605 2648 1740 2703 dixit
1779 2663 1809 2702 a
1846 2647 2047 2717 Patre,

437 2735 566 2792 dum
594 2751 757 2793 omne
783 2736 927 2809 quod
952 2746 1168 2809 ageret,
1198 2739 1287 2810 pie
1317 2738 1520 2796 referre
1548 2738 1624 2813 (a)
1652 2749 1737 2797 est
1763 2740 1956 2797 solitus
1982 2740 2051 2797 ad

438 2828 675 2887 Patrem.
704 2831 783 2887 Ex
803 2845 912 2903 quo
935 2830 1176 2888 bteretici
1207 2833 1546 2889 occasionem
1576 2835 1886 2907 frequenter
1910 2834 2049 2890 arri-

441 2924 633 2994 piunt,
660 2931 721 2980 ut
749 2923 924 2996 ipsum
955 2940 1075 2982 esse
1104 2924 1299 2982 Filium
1324 2927 1665 2985 Paracletum
1690 2929 1903 2985 dicant:
1928 2944 2051 2986 cum

436 3017 493 3071 in
519 3032 605 3080 eo,
634 3015 780 3088 quod
809 3018 974 3074 alium
1005 3019 1342 3076 Paracletum
1377 3021 1697 3080 mittendum
1727 3037 1757 3077 a
1788 3023 1950 3079 Patre
1978 3023 2051 3078 sit

2150 1820 2339 1861 vocem
2372 1803 2467 1859 Dei
2498 1802 2667 1873 patris
2696 1817 2802 1856 non
2836 1809 3014 1871 potest
3041 1815 3151 1857 non
3182 1799 3326 1855 Deus
3363 1813 3521 1867 esse,
3561 1798 3652 1868 qui
3691 1810 3769 1852 ex

2156 1895 2235 1967 (ὁ)
2262 1911 2321 1952 se
2348 1893 2677 1950 indifferenti
2706 1892 2773 1949 ad
2806 1902 3053 1947 naturam
3084 1906 3239 1947 suam
3265 1899 3353 1948 est
3382 1897 3540 1946 natus
3568 1903 3770 1946 essen-
3860 1937 3871 1943 -

2151 1987 2244 2044 tia.
2274 1987 2428 2056 Quod
2457 1986 2664 2042 idcirco
2693 1985 2865 2042 Judaei
2912 1983 2978 2039 ad
3028 1984 3283 2039 unionem
3332 1982 3428 2039 Dei
3472 1980 3765 2049 referunt,

2148 2081 2279 2153 quia
2307 2079 2646 2151 unigenitum
2682 2079 2851 2135 Deum
2883 2077 3155 2133 nesciunt.
3201 2075 3307 2133 Sed
3338 2089 3437 2131 nos
3468 2090 3591 2131 cunt
3622 2073 3774 2130 duos

2149 2176 2280 2233 deos
2313 2190 2606 2247 negamus,
2633 2173 3006 2229 diversitatem
3038 2170 3094 2226 in
3129 2170 3290 2226 Patre
3317 2179 3373 2226 et
3419 2169 3562 2226 Filio
3605 2177 3773 2225 natu-

2151 2271 2283 2326 ralis
2331 2267 2708 2325 abominamur
2762 2266 3015 2322 essentia:
3061 2282 3073 2318 :
3106 2265 3233 2335 quia
3263 2264 3349 2329 id,
3382 2262 3530 2335 quod
3558 2280 3661 2319 non
3688 2273 3772 2318 est

2150 2361 2294 2417 Deus
2326 2370 2513 2432 praeter
2538 2377 2647 2427 me,
2690 2360 2912 2431 impiam
2952 2358 3021 2415 de
3062 2356 3211 2413 falsis
3250 2357 3357 2414 diis
3395 2357 3612 2429 perimit
3644 2356 3770 2427 opia

2151 2454 2393 2510 nionem.
2423 2451 2557 2508 Cum
2585 2468 2719 2508 vero
2749 2467 2916 2508 unum
2950 2451 3120 2508 Deum
3162 2449 3521 2518 conﬁtentes,
3563 2448 3768 2505 Filium

2150 2564 2369 2621 quoque
2400 2549 2567 2604 Deum
2599 2548 2864 2614 dicimus;
2901 2547 3031 2602 nihil
3063 2547 3338 2604 diversum
3379 2561 3478 2617 per
3506 2546 3765 2601 substan-

2153 2644 2281 2700 tiam
2314 2644 2366 2698 in
2399 2649 2632 2713 utroque
2658 2641 2761 2697 sub
2793 2657 2901 2697 uno
2930 2640 3149 2697 nomine
3177 2640 3556 2713 praedicamus.

2226 2736 2421 2794 XXIV.
2470 2755 2490 2789 ‹
2538 2735 2597 2792 Si
2640 2737 2762 2807 quis
2809 2735 3084 2791 voluntate
3133 2734 3229 2791 Dei
3276 2742 3547 2806 tamquam
3593 2748 3765 2790 unum

2154 2828 2358 2901 aliquid
2398 2827 2466 2885 dc
2495 2837 2743 2884 creatura
2785 2828 2979 2884 Filium
3020 2826 3222 2885 factum
3260 2828 3437 2883 dicat:
3478 2828 3768 2883 anathema

2156 2922 2247 2978 sit.
2278 2940 2297 2974 ι

2229 3014 2323 3071 58.
2357 3013 2531 3071 Filius
2555 3031 2619 3071 ea:
2648 3013 2745 3069 Dei
2769 3014 3081 3083 substantia,
3108 3030 3211 3069 non
3234 3023 3288 3068 ut
3315 3022 3564 3069 creatura:
3587 3029 3650 3070 ea:
3677 3028 3771 3068 vo—

443 3119 785 3182 precaturus,
819 3110 1179 3168 dill'erentiam
1208 3114 1357 3170 missi
1384 3116 1732 3188 rogantisque
1758 3116 2048 3188 significet.
2080 3101 2127 3166 C
2158 3109 2374 3165 luntate.
2398 3140 2470 3153 -—
2494 3107 2757 3165 Omnibus
2801 3108 3066 3165 creaturis
3108 3108 3471 3164 substantiam
3512 3107 3770 3163 voluntas

512 3202 657 3259 XXI.
683 3222 702 3257 ι
723 3204 778 3262 Si
806 3204 927 3276 quis
958 3205 1220 3276 Spiritum
1251 3215 1499 3265 sanctum
1527 3216 1738 3281 partem
1766 3209 1913 3266 dicat
1939 3209 2046 3265 Pa-

439 3296 540 3354 tris
569 3297 654 3354 vel
685 3296 844 3355 Filii:
878 3300 1165 3355 anathema
1195 3301 1286 3356 sit.
1309 3319 1329 3353 ι

515 3392 605 3449 55.
642 3392 766 3448 Non
797 3402 873 3449 est
904 3410 1026 3465 pars
1055 3392 1235 3450 Patris
1260 3404 1352 3450 aut
1384 3394 1534 3451 Filii.
1566 3425 1638 3436 —
1668 3395 1905 3453 Stultitia
1937 3394 2051 3452 ha:-

441 3485 599 3542 retici
628 3484 829 3542 furoris
851 3486 969 3542 haec
989 3487 1168 3560 coegit
1189 3488 1243 3544 in
1265 3489 1465 3560 scripta
1490 3487 1723 3556 referre,
1749 3505 1856 3546 non
1873 3506 2051 3563 quaes-

447 3578 543 3637 tio.
577 3577 714 3634 Nam
769 3594 892 3635 cum
924 3578 1161 3652 Spiritus
1215 3581 1391 3638 sancti
1420 3596 1617 3639 nomen
1659 3581 1857 3638 habeat
1893 3598 2048 3639 suam

443 3672 929 3743 significationem,
972 3682 1028 3731 et
1067 3673 1305 3745 Spiritus
1344 3684 1566 3732 sanctus
1601 3676 1907 3746 paracletus
1948 3675 2048 3730 ha—

405 3776 415 3859 γ
441 3765 570 3859 beat
598 3766 916 3824 substantia:
945 3782 1059 3824 sua:
1087 3776 1145 3825 et
1173 3767 1409 3824 officium
1438 3778 1491 3825 et
1519 3769 1767 3827 ordinem
1793 3810 1806 3834 ,
1839 3778 1895 3825 et
1924 3785 2049 3825 cum

445 3858 646 3930 ubique
700 3859 1108 3917 indemutabilis
1156 3860 1318 3917 Pater
1366 3871 1422 3918 ct
1469 3860 1637 3917 Filius
1685 3861 2045 3933 przcdicetur:

443 3953 718 4024 quomodo
750 3969 875 4025 pars
906 3969 1030 4011 esse
1058 3962 1152 4009 aut
1180 3954 1357 4010 Patris
1385 3962 1480 4010 aut
1507 3954 1631 4011 Filii
1659 3952 1889 4026 Spiritus
1918 3969 2047 4010 san-

444 4056 563 4103 ctus
594 4046 900 4105 asseritur?
934 4048 1041 4107 Sed
1073 4049 1194 4120 quia
1225 4049 1366 4106 sicut
1391 4050 1537 4105 inter
1566 4058 1765 4106 caetera
1805 4048 2046 4105 insania-

445 4152 565 4193 rum
601 4155 838 4211 genera,
882 4140 1043 4196 etiam
1092 4140 1195 4197 hoc
1237 4157 1451 4213 quoque
1494 4140 1724 4212 proferri
1764 4141 1834 4199 ab
1870 4140 2050 4213 impiis

447 4230 628 4298 solet;
662 4233 865 4289 idcirco
891 4248 920 4287 a
952 4235 1159 4290 sanctis
1183 4235 1371 4293 debuit
1412 4235 1727 4305 improbari.

514 4322 678 4397 495
708 4324 876 4381 XXII.
902 4343 921 4378 ι
944 4325 1002 4381 Si
1034 4327 1153 4397 quis
1175 4326 1389 4383 Patrem
1411 4335 1466 4382 et
1486 4326 1680 4383 Filium
1710 4335 1766 4384 et
1787 4327 2047 4400 Spiritum

445 4426 695 4472 sanctum
729 4428 843 4474 tres
875 4412 1007 4474 dicit
1033 4418 1197 4475 deos:
1230 4419 1517 4475 anathema
1543 4420 1633 4476 sit.
1666 4441 1686 4474 ι

2156 3200 2255 3258 Dei
2280 3201 2492 3257 attulit:
2521 3201 2617 3257 sed
2644 3210 2889 3257 naturam
2919 3200 3061 3257 Filio
3086 3200 3237 3257 dedit
3259 3216 3324 3257 ex
3353 3201 3677 3271 impassihili
3701 3208 3809 3261 ac!

2154 3309 2263 3351 non
2301 3305 2428 3350 nata
2478 3294 2782 3351 substantia
2827 3292 3064 3365 perfecta
3110 3294 3393 3349 nativitas.
3425 3292 3578 3348 Talia
3617 3292 3769 3348 enim
3788 3316 3863 3363 ρ.

2153 3399 2346 3447 cuncta
2377 3398 2561 3447 creata
2590 3397 2748 3458 sunt,
2781 3389 2961 3459 qualia
3002 3403 3126 3445 esse
3168 3389 3309 3445 Deus
3351 3388 3552 3443 voluit:
3594 3387 3769 3444 Filius

2154 3493 2337 3541 autem
2364 3494 2522 3540 natus
2548 3499 2616 3541 ex
2640 3484 2752 3539 Deo
2773 3484 2898 3539 talis
2921 3483 3196 3551 substitit,
3219 3483 3393 3553 qualis
3417 3492 3473 3538 et
3493 3481 3635 3537 Deus
3659 3490 3768 3539 est.

2152 3576 2265 3634 Nec
2312 3576 2631 3633 dissimilem
2658 3577 2740 3632 sui
2770 3576 2941 3633 edidit
2967 3586 3162 3632 natura
3211 3585 3455 3631 naturam
3497 3594 3509 3628 :
3560 3574 3653 3631 sed
3696 3589 3767 3632 ex

2154 3671 2455 3729 substantia
2480 3671 2572 3727 Dei
2600 3671 2813 3741 genitus
2840 3680 3048 3725 natura:
3074 3669 3368 3725 secundum
3399 3668 3660 3740 originem
3684 3676 3772 3724 at-

2156 3763 2275 3819 tulit
2294 3805 2308 3831 ,
2342 3778 2448 3819 non
2478 3762 2773 3818 secundum
2797 3771 3098 3829 creaturas,
3126 3762 3420 3818 voluntatis
3448 3762 3765 3818 essentiam.

2225 3856 2427 3912 XXVJ
2450 3857 2663 3927 Siquis,
2687 3856 2906 3911 nolente
2939 3855 3122 3921 Patre,
3154 3864 3338 3911 natum
3369 3854 3725 3910 dicatFilinm
3746 3870 3767 3912 :

2151 3950 2436 4006 anathema
2465 3950 2558 4006 sit.
2584 3948 2702 4005 Non
2730 3950 2875 4005 enim
2903 3948 3126 4004 nolente
3154 3955 3305 4017 patre
3330 3954 3551 4003 coactus
3580 3946 3764 4015 Pater,

2153 4045 2238 4102 vel
2268 4046 2502 4101 naturali
2533 4045 2859 4102 necessitate
2888 4044 3102 4111 ductus,
3130 4042 3297 4117 496
3322 4060 3445 4101 cum
3475 4043 3645 4099 nollet
3672 4057 3768 4114 ge-

2154 4138 2270 4194 nuit
2291 4136 2520 4207 Filium;
2547 4138 2640 4195 sed
2672 4154 2795 4193 mox
2819 4138 3015 4208 voluit,
3049 4137 3166 4193 sine
3194 4148 3436 4208 tempore
3471 4145 3526 4193 et
3565 4135 3766 4208 impas-

2152 4232 2384 4288 sibiliter
2405 4248 2473 4288 cx
2500 4246 2560 4288 se
2580 4246 2704 4288 eum
2728 4232 3061 4303 unigenitum
3087 4229 3499 4287 demonstravit.
3523 4248 3541 4283 ι

2227 4324 2318 4380 59.
2351 4323 2403 4378 N
2409 4341 2475 4379 οη
2501 4333 2670 4379 tamen
2718 4340 2782 4379 ea:
2808 4325 2967 4379 invito
2994 4322 3154 4378 Patre
3180 4321 3371 4377 Filius.
3397 4352 3470 4363 —
3490 4320 3623 4378 Cum
3654 4336 3763 4378 non

2154 4432 2220 4474 ex
2246 4416 2546 4483 voluntate,
2576 4425 2636 4472 ut
2660 4428 2856 4473 caztera
2874 4459 2887 4482 ,
2926 4415 3093 4472 Filius
3120 4415 3423 4473 subsistere
3450 4414 3760 4483 doceretur,

518 4510 609 4567 56.
644 4509 731 4565 Dii
772 4519 875 4566 tres
914 4521 1190 4582 negantur.
1213 4542 1285 4553 —
1305 4513 1478 4568 Duum
1518 4512 1746 4569 deorum
1786 4514 2052 4584 professio
2077 4508 2133 4569 D
2158 4525 2226 4566 ne
2256 4509 2553 4566 secundum
2584 4509 2912 4566 voluntatem
2944 4518 3147 4565 tantum
3169 4551 3184 4577 ,
3220 4523 3326 4565 non
3366 4508 3528 4565 etiam
3569 4525 3764 4565 secun-

442 4618 567 4661 cum
597 4602 904 4676 irreligiosa
933 4602 1039 4672 sit,
1065 4605 1188 4677 quia
1226 4619 1487 4676 nusquam
1531 4606 1633 4662 nisi
1673 4621 1841 4662 unum
1882 4606 2051 4662 Deum

445 4698 801 4771 praedicatum
851 4698 1263 4755 meminerimus
1313 4708 1368 4755 et
1398 4698 1801 4770 prmdiccmus:
1850 4710 2054 4772 quanto

447 4793 620 4865 magis
664 4793 825 4850 trium
870 4791 1101 4851 deorum
1151 4794 1207 4850 in
1257 4792 1421 4851 Patre
1463 4803 1518 4851 ct
1561 4793 1701 4851 Filio
1744 4804 1799 4851 et
1845 4794 2054 4867 Spiritu

2160 4603 2287 4659 dum
2319 4611 2565 4659 naturam
2596 4602 2822 4659 haberet
2846 4576 3177 4670 essentiam,
3202 4601 3327 4659 data
3357 4601 3626 4658 hmreticis
3664 4576 3799 4658 oc-l

2155 4700 2305 4758 casio
2328 4700 2627 4768 videbatur,
2649 4710 2709 4755 ut
2728 4700 3105 4757 necessitatem
3131 4698 3242 4756 Deo
3266 4699 3400 4769 patri
3421 4697 3673 4771 gignendi
3695 4715 3762 4754 ex

2159 4813 2220 4855 se
2248 4796 2373 4853 Filii
2402 4795 2812 4865 adscriberent,
2847 4804 3117 4868 tamquam
3152 4794 3225 4868 (c)
3256 4804 3464 4852 natura:
3503 4794 3623 4867 lege
3665 4809 3762 4852 co-

519 4949 601 5024 (a)
628 4951 782 5024 Quod
816 4959 1033 5022 praestat
1072 4954 1226 5009 salva
1250 4963 1457 5009 natura:
1478 4967 1589 5008 suae
1628 4951 1954 5024 tuqualitate.
1988 4952 2062 5010 Ut
2163 4953 2229 5009 ad
2259 4952 2647 5010 removendam
2678 4954 2798 5010 scil.
2830 4968 3047 5010 omnem
3080 4953 3254 5009 Patris
3293 4952 3346 5008 in
3389 4952 3510 5009 Filii
3539 4967 3769 5024 genera-

448 5021 596 5081 enim
626 5021 855 5079 habetur
882 5024 933 5080 in
966 5024 1109 5080 Psal.
1138 5040 1391 5081 cxxxvm
1414 5067 1430 5091 ,
1474 5041 1531 5079 n.
1560 5024 1665 5081 28:
1697 5021 2057 5081 'Cantestatam

447 5095 513 5151 de
539 5110 604 5169 se
622 5103 920 5169 potestatem
945 5112 1037 5169 per
1063 5099 1359 5169 reverentia:
1387 5098 1630 5169 honorem
1660 5096 1739 5169 ei,
1772 5098 1856 5151 cui
1884 5097 2058 5151 omnia

449 5166 751 5239 meminerat
777 5166 1073 5237 conﬁtenda
1090 5209 1108 5236 ,
1139 5168 1356 5239 subjecit
1382 5208 1396 5234 ,
1423 5184 1525 5223 non
1550 5168 1648 5222 sibi
1673 5168 1902 5223 adimens
1922 5172 2057 5236 quod

450 5237 641 5311 similia
673 5235 824 5311 Patri
850 5235 1021 5310 posset
1044 5280 1058 5305 ,
1089 5235 1179 5294 sed
1205 5235 1323 5295 eum
1353 5256 1444 5310 per
1472 5256 1621 5311 quem
1659 5240 1850 5294 similia
1889 5235 2057 5311 posset

451 5310 746 5367 ostendens.
774 5308 911 5366 Vide
937 5320 1095 5365 tract.
1121 5311 1267 5366 Psal.
1295 5308 1412 5366 cxm
1432 5353 1446 5377 ,
1475 5308 1530 5367 ὴ.
1561 5309 1615 5366 6.

526 5379 605 5507 3b)
634 5379 971 5437 Vocabulum
1008 5398 1063 5437 se
1099 5381 1190 5437 hic
1225 5382 1514 5453 adjiciunus
1551 5381 1874 5439 auctoritate
1912 5397 2043 5439 mss.

526 5473 532 5504 μ
558 5453 611 5507 b.
643 5461 699 5507 et
726 5452 912 5507 Germ.

452 5451 611 5510 Colb.
643 5461 699 5508 et
726 5452 912 5509 Germ.

525 5522 703 5599 (c)_lt_a
728 5539 863 5581 mss.
886 5522 958 5599 ᾼι
980 5523 1146 5593 editi,
1178 5526 1405 5581 naturali
1431 5526 1542 5599 lege
1565 5533 1768 5581 coactus
1792 5526 1949 5591 inuito
1973 5543 2049 5593 se,

451 5604 560 5669 etc.
594 5594 788 5669 Filium
820 5595 1100 5669 voluntate
1128 5605 1313 5654 natum
1346 5599 1450 5654 dici
1480 5594 1558 5653 'eo
1585 5614 1747 5655 sensu
1789 5599 2055 5669 permittit

451 5665 723 5742 Hilatjus,
751 5683 860 5739 quo
898 5668 993 5742 lib.
1053 5669 1232 5742 xnrde
1273 5669 1427 5725 Trin.
1462 5686 1515 5724 n.
1548 5669 1654 5738 50,
1696 5678 1752 5725 et
1779 5665 2051 5742 superius,

452 5753 512 5798 tt.
549 5737 647 5803 l7,
680 5737 1084 5812 generationem
1116 5740 1260 5801 illius
1295 5737 1645 5800 creationem
1666 5737 1862 5799 vocari
1889 5742 2052 5814 sinit,

2163 5026 2311 5081 tione
2349 5026 2654 5097 passionem
2695 5038 2789 5081 aut
2827 5027 3261 5097 repugnantiam.
3304 5024 3589 5080 Verendum
3627 5026 3765 5080 enim

2160 5108 2309 5164 esset,
2331 5096 2505 5164 inquit
2530 5097 2779 5168 apposite
2803 5096 3095 5168 Grégdrius
3122 5096 3275 5162 Naz.,
3306 5097 3399 5152 0r.
3429 5112 3591 5161 xxxv,
3620 5113 3675 5151 n.
3703 5097 3762 5163 2,

2160 5186 2224 5224 ne
2245 5179 2474 5224 coactam
2494 5169 2771 5237 quamdam
2798 5170 3171 5241 generationem
3188 5168 3555 5241 inueheremus,
3575 5185 3636 5222 ac
3661 5169 3766 5223 vel-

2157 5250 2217 5295 ut
2246 5241 2765 5320 naturaleguoddam
2789 5238 3193 5320 _'e_a:crement_um
3220 5238 3564 5320 (περίττωμα)
3590 5250 3765 5320 {eten-

2162 5321 2315 5383 tuque
2343 5312 2548 5383 diﬁicile
2568 5354 2582 5380 ,
2614 5313 2670 5366 in
2697 5312 3013 5367 divinitatem
3042 5312 3252 5366 miniata
3276 5310 3558 5383 quadrans.
3590 5310 3763 5368 Paulo

2153 5382 2314 5439 aliter
2336 5382 2566 5439 subinde
2592 5384 2759 5439 locuti
2789 5392 2917 5439 sunt
2938 5383 3223 5453 Theologi,
3241 5396 3380 5453 quos
3400 5384 3543 5439 inter
3569 5393 3765 5437 auctor

2154 5455 2250 5525 lib.
2280 5455 2348 5511 de
2361 5454 2779 5511 Trinit.etunit.
2810 5455 2928 5519 Dei,
2957 5454 3100 5525 apud
3128 5454 3507 5525 Augustinum,
3540 5470 3661 5523 cap.
3687 5453 3762 5509 ‘2:

2157 5523 2269 5582 Nec
2294 5527 2557 5581 voluntate
2577 5543 2671 5581 nec
2702 5523 3004 5582 necessitate
3020 5526 3191 5598 genuit
3218 5524 3379 5580 Pater
3401 5525 3629 5580 Filium:
3652 5543 3763 5598 non

2154 5600 2475 5664 necessitate,
2504 5599 2625 5666 quia
2653 5599 2928 5654 necessitas
2956 5596 3147 5653 in'Deo
3173 5614 3275 5653 non
3301 5608 3415 5661 est;
3443 5614 3544 5652 non
3572 5597 3766 5652 volun-

2157 5678 2279 5743 t_ate,
2300 5671 2420 5743 quia
2440 5670 2879 5743 voluntas'prteire
2898 5670 3204 5743 sapientiam
3224 5686 3325 5725 non
3347 5679 3530 5743 potest,
3551 5684 3669 5736 quia
3687 5678 3767 5723 est

2156 5738 2351 5799 Filius.
2382 5740 2555 5816 Igitur
2575 5738 2721 5815 prius
2746 5752 2821 5798 est
2847 5738 3223 5800 rationabiliter
3250 5738 3462 5815 sapere,
3489 5757 3646 5813 quam
3673 5756 3767 5795 ηιμ
