4106 6192
447 343 554 410 523

1653 329 1899 394 SANCTI
1938 327 2197 390 HILARII
2235 319 2543 390 EPISCOPI

3641 333 3748 390 δὴ

446 476 586 536 quas
599 457 862 526 consisto,
887 467 1016 512 vere
1043 450 1212 510 Deum
1237 449 1314 522 (a)
1339 446 1604 506 nesciunt.
1628 445 1803 518 Atque
1833 447 2036 502 utinam
2065 447 2120 508 Α
2143 447 2356 518 genitus
2376 445 2520 501 Deus
2549 451 2652 510 est;
2681 457 2915 515 namque
2943 443 3096 516 origo
3125 457 3223 500 sua
3257 441 3592 502 innascibitis
3621 448 3752 504 sub.

445 557 663 628 penitus
691 549 986 613 nescirent;
1013 559 1136 602 cum
1169 542 1493 616 procliviore
1518 541 1661 597 enim
1690 540 1846 595 venia
1889 540 2044 611 igno-

446 658 654 714 rarent,
685 657 846 718 quam
888 641 1271 698 obtrectarent.
1298 635 1408 693 Sed
1435 635 1631 692 borum
1661 633 2042 705 episcoporum

447 741 608 799 dolor
633 753 692 796 se
724 737 863 792 intra
889 733 1168 788 silentium
1197 745 1307 786 non
1340 726 1626 784 continens
1645 766 1659 792 ,
1689 725 1949 781 unitatem
1981 724 2041 778 li-

368 892 374 899 ,
447 833 536 890 dei
568 830 730 901 hujus
750 824 963 900 quaerit,
989 838 1149 896 quam
1177 822 1287 894 jam
1316 819 1527 892 pridem
1559 834 1657 889 per
1686 817 1821 875 alios
1843 816 2043 872 amisit.

446 925 580 980 Nam
615 923 700 978 illa
732 919 805 993 (b)
846 919 900 974 in
924 917 1100 989 primo
1124 916 1336 971 collatae
1363 910 1718 983 expositionis
1744 909 1878 966 ﬁdes
1908 907 2048 963 hanc

447 1014 634 1072 habuit
661 1011 1079 1068 necessitatem:
1111 1007 1238 1078 quia
1265 1005 1404 1076 apud
1436 1003 1692 1060 Sirmium
1722 1016 1819 1072 per
1855 1001 2048 1058 imme-

448 1121 656 1166 morem
687 1111 965 1176 gestorum
993 1115 1214 1158 suorum
1248 1098 1625 1168 dictorumque
1658 1095 1846 1152 Osium
1893 1108 2050 1151 nova:

447 1213 504 1261 et
545 1211 726 1258 tamen
757 1199 832 1271 (c)
875 1205 1185 1268 suppurataa
1224 1195 1334 1266 jam
1365 1193 1456 1250 diu
1486 1191 1778 1262 impietatis
1801 1189 2050 1246 doctrina

445 1301 792 1369 proruperat.
839 1290 949 1348 Sed
989 1289 1060 1345 de
1085 1303 1152 1344 eo
1171 1287 1252 1360 (ά)
1283 1287 1357 1342 nil
1385 1286 1596 1357 loquor,
1620 1285 1709 1356 qui
1737 1283 1940 1339 idcirco
1968 1291 2052 1339 est

445 1396 798 1455 reservatus,
849 1398 919 1440 ne
959 1382 1166 1454 judicio
1197 1381 1432 1435 humano
1480 1380 1820 1449 ignoraretur
1877 1376 2050 1448 qualis

447 1495 574 1541 ante
603 1484 849 1540 vixisset.
885 1479 1094 1550 Ubique
1118 1484 1295 1533 autem
1325 1472 1604 1540 scandala,
1634 1473 1835 1544 ubique
1871 1469 2049 1528 schis-

445 1585 628 1642 mata,
678 1575 873 1644 ubique
915 1569 1152 1642 perfidiae
1190 1576 1335 1623 sunt.
1388 1565 1520 1621 lliuc
1562 1565 1695 1621 illud
1725 1574 1839 1632 est,
1884 1572 1943 1620 ut
1984 1563 2050 1619 ad

443 1667 841 1741 professionem
884 1659 1291 1718 subseribendze
1339 1658 1459 1714 ﬁdei
1498 1658 1661 1728 aliqui
1707 1672 1926 1723 eorum,
1959 1657 2051 1727 qui

445 1773 572 1818 ante
621 1759 765 1815 aliud
810 1755 1184 1827 scripserant,
1237 1760 1582 1822 cogerentur.
1617 1749 1728 1806 Nec
1753 1763 1953 1820 queror
1983 1748 2053 1804 de

2149 541 2346 595 stantia
2365 549 2466 595 est.
2497 537 2612 593 Non
2643 555 2806 593 unum
2835 538 3217 594 subsistentem
3238 581 3252 604 ,
3279 539 3376 596 sed
3401 539 3472 614 (f)
3497 541 3750 597 substan-

2149 634 2277 688 tiam
2306 648 2413 688 non
2444 631 2801 688 dilferentem.
2841 631 2956 687 Non
2987 647 3153 686 unum
3191 632 3246 686 in
3273 632 3626 689 dissimilibus
3653 649 3751 690 na-

2149 727 2285 782 turis
2307 724 2403 781 Dei
2427 741 2647 793 nomen,
2676 724 2771 782 sed
2793 725 2954 781 unius
2983 725 3220 781 nominis
3241 734 3404 798 atque
3435 734 3640 783 naturae
3667 727 3751 784 in-

2149 817 2466 877 dissimilem
2511 817 2825 874 essentiam.
2869 816 2985 874 Non
3030 828 3379 889 praestantem
3425 835 3750 892 quemquam

2149 908 2400 981 cuiquam
2441 924 2641 981 genere
2663 909 3005 975 substantias,
3027 909 3124 965 sed
3167 910 3474 982 subjectum
3516 913 3751 969 alterum

2148 1005 2304 1061 alteri
2333 1005 2610 1061 nativitale
2639 1014 2868 1062 naturas.
2903 1005 3121 1062 Patrem
3152 1006 3207 1061 in
3237 1021 3301 1062 eo
3336 1005 3600 1077 majorem
3629 1021 3756 1062 esse
3785 1067 3788 1074 ,

2151 1096 2293 1170 quod
2323 1107 2473 1168 pater
2496 1106 2599 1166 est,
2632 1097 2828 1153 Filium
2852 1100 2904 1153 in
2935 1113 3001 1155 eo
3024 1114 3130 1155 non
3164 1097 3429 1156 minorem
3465 1114 3586 1156 esse
3605 1099 3756 1171 quod

2151 1191 2295 1248 ﬁlius
2320 1201 2422 1247 est.
2477 1190 2939 1263 Signiﬁcationem
2985 1191 3283 1261 interesse,
3327 1209 3434 1248 non
3485 1193 3758 1249 interesse

2152 1294 2422 1340 naturam.
2455 1285 2667 1340 Patrem
2700 1302 2806 1342 non
2859 1286 2998 1340 intra
3050 1294 3290 1357 tempora
3333 1287 3600 1354 conﬁteri,
3652 1286 3753 1342 sed

2151 1375 2631 1447 cointemporalem
2661 1377 2804 1432 Patri
2827 1376 3022 1433 Filium
3051 1394 3159 1432 non
3201 1394 3419 1448 negare.
3452 1378 3668 1434 Patrem
3699 1379 3762 1435 in

2154 1467 2292 1524 Filio
2321 1468 2640 1539 praedicare,
2673 1471 2799 1538 quia
2829 1469 2962 1524 nihil
2994 1469 3046 1524 in
3078 1484 3138 1526 se
3167 1469 3361 1524 habeat
3391 1468 3558 1526 Filius
3584 1487 3612 1524 a
3656 1471 3762 1527 Pa-

2155 1572 2237 1618 tre
2264 1562 2526 1619 dissimile
2553 1580 2569 1616 :
2600 1562 2794 1618 Filium
2825 1562 2877 1617 iu
2899 1561 3061 1618 Patre
3088 1563 3352 1627 conﬁteri,
3387 1564 3510 1634 quia
3541 1579 3646 1619 non
3671 1573 3763 1620 est

2153 1655 2372 1712 aliunde
2397 1655 2540 1727 quod
2571 1656 2714 1712 ﬁlius
2735 1665 2838 1712 est.
2866 1656 3103 1712 Mutuam
3134 1655 3237 1714 sibi
3270 1671 3334 1713 ac
3353 1657 3586 1713 similem
3617 1659 3765 1714 invi-
3798 1731 3803 1735 .

2153 1761 2270 1802 cem
2295 1757 2540 1803 naturam
2571 1765 2676 1803 non
2720 1749 2934 1804 nescire
2958 1789 2972 1814 ,
3005 1749 3128 1819 quia
3159 1764 3255 1820 par
3281 1750 3353 1805 sit
3387 1765 3401 1803 :
3431 1749 3577 1820 quod
3616 1763 3766 1807 unus

447 1851 862 1927 patientissimis
879 1851 1009 1906 viris
1031 1847 1394 1906 Orientalibus
1407 1845 1696 1918 episcopis,
1724 1845 1921 1918 quibus
1938 1842 2049 1900 suf—
2079 1858 2126 1920 Β
2154 1839 2226 1897 sit
2253 1858 2358 1898 non
2387 1841 2717 1909 exisdmare,
2751 1842 2876 1913 quia
2904 1857 3067 1897 unum
3118 1853 3242 1897 sunt
3269 1859 3282 1896 :
3325 1857 3493 1898 unum
3538 1857 3633 1899 eos
3679 1841 3767 1899 sic

447 1945 578 2001 fecit
601 1956 721 2017 post
744 1942 1100 2015 blasphemia:
1127 1941 1461 1997 voluntatem
1482 1948 1685 1994 coactae
1709 1937 1902 1993 saltem
1924 1933 2051 1991 ﬁdei

443 2037 714 2109 professio
741 2053 754 2090 :
786 2032 1167 2107 gratulandum
1201 2032 1347 2087 enim
1378 2029 1595 2086 videtur
1625 2029 1678 2084 in
1727 2037 1873 2084 tanta
1906 2027 2052 2083 blas—

446 2125 818 2198 phemantium
865 2125 1245 2195 episcoporum
1290 2121 1545 2176 haeretica
1594 2118 1921 2191 pertinacia,
1953 2118 2053 2174 aii-

447 2235 608 2293 quem
625 2236 687 2276 ex
710 2219 792 2274 his
815 2218 1013 2289 suscipi
1037 2217 1409 2288 pmnitentem.
1425 2214 1530 2270 Sed
1554 2215 1696 2270 inter
1717 2217 1854 2282 lucc,
1878 2228 1912 2269 ο
1926 2215 2052 2269 bea-

445 2320 533 2368 tos
555 2327 652 2365 vos
679 2310 733 2365 in
766 2311 993 2366 Domino
1022 2317 1077 2365 et
1119 2308 1409 2380 gloriosos,
1441 2307 1529 2379 qui
1561 2307 1855 2376 perfectam
1887 2317 2050 2377 atque

447 2403 803 2475 apostolicam
836 2402 995 2457 fidem
1023 2401 1097 2474 (e)
1127 2401 1477 2457 conscientia:
1521 2397 1687 2472 499
1713 2399 2051 2470 professione

442 2499 765 2564 retinentes,
785 2496 1121 2566 conscriptas
1151 2495 1284 2551 ﬁdes
1313 2493 1420 2548 huc
1441 2508 1613 2564 usque
1643 2493 1899 2548 nescitis!
1932 2491 2049 2550 Non

443 2594 591 2650 enim
627 2592 853 2664 eguistis
877 2591 1082 2657 littera,
1111 2589 1204 2660 qui
1227 2589 1418 2659 Spiritu
1452 2587 1828 2645 abundabatis.
1859 2587 2050 2660 Neque

442 2685 682 2743 ofﬁcium
707 2698 903 2740 manus
927 2683 995 2739 ad
1013 2681 1361 2738 scribendum
1391 2681 1765 2751 desiderastis,
1795 2682 1884 2753 qui
1906 2681 2050 2753 quod

441 2781 608 2840 corde
634 2795 667 2836 a
694 2781 848 2837 vobis
887 2778 1234 2846 credebatur,
1271 2793 1368 2834 ore
1404 2777 1473 2834 ad
1503 2777 1732 2834 salutem
1760 2777 2052 2849 proﬁteba-

443 2880 598 2935 mini.
654 2877 764 2934 Nec
793 2875 1162 2933 necessarium
1208 2873 1472 2930 habuistis
1527 2873 1766 2946 episcopi
1822 2872 2048 2943 legere,

445 2970 590 3043 quod
621 2967 926 3041 regenerati
976 2966 1236 3038 neaphyti
1269 2965 1556 3022 tenebatis.
1611 2965 1718 3021 Sed
1751 2965 2051 3021 necessitas

446 3060 898 3121 consuetudinem
922 3058 1121 3126 intulit,
1147 3058 1344 3129 exponi
1369 3057 1527 3124 ﬁdes,
1556 3066 1613 3114 et
1635 3057 1893 3128 expositis
1921 3059 2051 3115 sub-

450 3154 637 3212 scribi.
673 3151 776 3210 (ibi
807 3150 950 3208 enim
982 3164 1174 3206 sensus
1200 3146 1550 3205 conscientia:
1575 3148 1940 3221 periclitatur,
1985 3148 2051 3203 il-

2153 1949 2252 2006 per
2271 1934 2610 1992 indissimilis
2641 1944 2847 1993 natura:
2877 1935 3295 1992 indilferent‘iam
3341 1937 3664 2008 prtedicare,
3692 1952 3766 1995 ne

2154 2043 2293 2083 unus
2323 2029 2414 2084 sit.

2224 2119 2315 2176 65.
2349 2119 2558 2176 Hilario
2597 2121 2779 2176 desunt
2804 2121 2978 2183 verba.
3009 2138 3111 2177 non
3147 2139 3348 2179 sensus.
3371 2154 3442 2164 —
3467 2123 3709 2196 Exposui
3743 2166 3763 2191 ,

2153 2211 2473 2270 Cbarissimi
2503 2257 2518 2283 ,
2573 2223 2831 2285 quantum
2857 2215 3076 2271 humani
3121 2216 3392 2273 sermonis
3425 2217 3768 2275 consuetudo

2153 2309 2458 2378 patiebatur
2481 2351 2495 2376 ,
2547 2319 2602 2365 et
2634 2309 2893 2365 Dominus
2920 2308 3051 2364 mihi
3081 2309 3155 2384 (g)
3183 2325 3401 2381 semper
3427 2318 3488 2365 ut
3519 2312 3633 2380 ipse
3660 2311 3770 2367 scit

2154 2418 2185 2458 a
2213 2419 2300 2460 me
2329 2413 2516 2460 oratus
2549 2404 2791 2467 indulsit.
2823 2403 3130 2460 communis
3171 2404 3297 2460 ﬁdei
3341 2406 3762 2460 conscientiam.

2157 2497 2226 2552 Et
2255 2497 2300 2552 si
2341 2497 2469 2568 quid
2501 2497 2712 2564 minus,
2745 2497 2912 2553 immo
2957 2498 3081 2568 quia
3119 2499 3296 2553 minus
3327 2513 3389 2554 ac
3417 2513 3584 2570 prope
3628 2497 3765 2552 nihil

2153 2588 2355 2645 dictum
2377 2598 2482 2658 est,
2515 2597 2842 2644 mementote
2873 2605 2980 2644 non
3015 2603 3234 2644 sensum
3267 2589 3400 2646 mihi
3423 2631 3438 2658 ,
3466 2590 3562 2647 sed
3593 2589 3769 2646 verba

2155 2682 2366 2740 deesse.
2395 2683 2633 2754 Arguam
2673 2681 2812 2738 forte
2843 2683 2896 2738 in
2923 2698 2990 2739 eo
3012 2691 3260 2739 naturam
3285 2698 3459 2739 meam
3481 2725 3495 2752 ,
3538 2699 3645 2740 non
3679 2693 3768 2738 ta-

2154 2792 2279 2834 men
2309 2793 2529 2848 arguam
2551 2777 2886 2832 voluntatem
2914 2794 2927 2830 :
2957 2788 3012 2833 et
3042 2775 3265 2849 ignosco
3288 2786 3518 2845 naturae,
3539 2777 3586 2832 si
3615 2777 3772 2849 loqui

2155 2871 2224 2928 de
2252 2871 2362 2928 Deo
2391 2871 2530 2941 quod
2563 2872 2678 2927 vult
2717 2887 2822 2927 non
2850 2881 3053 2944 potest,
3079 2872 3237 2944 cujus
3274 2871 3506 2930 sufficiat
3531 2871 3598 2928 ad
3622 2873 3772 2928 salu-

2155 2971 2289 3029 tem,
2323 2964 2623 3020 credidisse
2650 2979 2771 3035 qua:
2800 2964 2892 3021 Dei
2921 2974 3068 3021 sunt.

2229 3058 2320 3115 66.
2359 3059 2563 3114 Transit
2589 3059 2658 3114 ad
2683 3059 3084 3116 alteram-libelli
3107 3068 3327 3131 partem.
3359 3059 3488 3116 Ante
3515 3059 3668 3128 ﬁnem
3696 3077 3766 3116 ne

2147 3154 2432 3226 judicetur.
2465 3183 2534 3198 ——
2572 3153 2726 3210 Nunc
2757 3157 2879 3224 quia
2913 3152 2994 3227 (Ιι)
3023 3154 3156 3211 ﬁdes
3189 3170 3306 3211 mea
3339 3164 3501 3226 atque
3543 3163 3718 3210 vestra
3751 3197 3770 3224 ,

448 3252 520 3308 lic
545 3251 721 3306 littera
752 3247 1076 3317 postulatur.
1108 3243 1219 3300 Nec
1246 3258 1378 3300 sane
1423 3243 1589 3300 scribi
1629 3244 1884 3316 impedit,
1903 3243 2048 3316 quod
2080 3261 2126 3328 (ς
2159 3257 2415 3320 quantum
2440 3246 2571 3303 mihi
2597 3249 2847 3304 conscius
2871 3265 3010 3316 sum,
3037 3248 3180 3319 apud
3228 3247 3399 3304 Deum
3447 3247 3609 3321 δυο
3654 3263 3770 3305 non

450 3344 688 3401 salutare
709 3347 795 3397 est
814 3337 1082 3394 conﬁteri.

519 3435 608 3492 64.
637 3433 829 3489 Hilarii
852 3432 978 3502 ﬁdes
1001 3435 1064 3484 de
1097 3427 1251 3486 Patre
1273 3438 1318 3485 et
1337 3427 2052 3486 Filio.—Conﬁtemursane

448 3533 503 3588 in
534 3527 706 3586 sancti
737 3527 970 3598 Spiritus
995 3524 1140 3582 dono
1161 3539 1377 3595 semper
1400 3524 1738 3592 innocentes,
1769 3531 1826 3581 et
1851 3523 2048 3580 scribi-

446 3638 567 3679 mus
589 3621 852 3687 volentes,
899 3634 1007 3673 non
1035 3617 1168 3673 deos
1199 3617 1354 3684 duos,
1384 3617 1480 3673 sed
1504 3617 1674 3672 Deum
1702 3633 1866 3674 unum
1899 3635 1914 3672 :
1954 3633 2052 3674 ne-

447 3731 551 3788 que
579 3729 675 3788 per
702 3713 755 3768 id
783 3729 888 3768 non
917 3721 972 3768 et
995 3710 1165 3766 Deum
1195 3710 1288 3765 Dei
1325 3711 1527 3776 lilium;
1559 3718 1643 3767 est
1668 3710 1812 3767 enim
1843 3726 1911 3767 ex
1940 3711 2055 3768 Deo

443 3811 608 3866 Deus.
642 3805 758 3863 Non
796 3803 1142 3860 innascibiles
1177 3802 1336 3870 duos,
1365 3804 1491 3876 quia
1518 3805 1841 3860 auctoritate
1868 3805 2054 3860 innas-

448 3901 729 3959 cibilitatis
759 3899 901 3956 Deus
944 3911 1082 3953 unus
1113 3905 1197 3954 est
1227 3915 1240 3953 :
1273 3912 1448 3969 neque
1481 3912 1577 3968 per
1607 3897 1658 3953 id
1690 3913 1800 3954 non
1841 3907 1894 3954 et
1921 3898 2055 3955 Uni-

443 4087 621 4159 Syria,
650 4091 706 4139 et
739 4081 1002 4159 Photinus
1027 4079 1080 4134 in
1112 4078 1326 4159 Illyrico
1347 4080 1574 4159 aliisque
1601 4080 1892 4159 provinciis
1919 4081 2044 4159 ij‘_i_l_ii

443 4151 779 4213 divinitatem
832 4153 1046 4222 penitus
1099 4151 1448 4224 rejecissent;
1482 4153 1757 4223 episcopi,
1803 4155 1894 4224 qui
1935 4154 2048 4209 illis

445 4229 689 4299 impense
716 4225 1105 4299 restiterunt,a
1125 4223 1338 4299 nostris
1361 4224 1543 4299 haberi
1569 4223 1851 4294 cmperuut
1881 4225 2047 4280 veluti

443 4291 694 4353 catholici
723 4304 778 4349 et
803 4294 1097 4350 divinitatis
1119 4291 1318 4347 Christi
1348 4291 1708 4349 defensores:
1739 4305 1791 4348 et
1819 4308 1951 4360 tum,
1987 4306 2050 4351 ut

445 4369 681 4440 loquitur
707 4366 1002 4440 Gregorius
1024 4363 1177 4440 Nan,
1195 4363 1292 4440 _0r.
1319 4380 1442 4430 χιιι,
1465 4383 1521 4419 ιι.
1545 4366 1618 4421 45
1648 4385 1661 4421 :
1689 4367 1846 4422 levior
1865 4369 2054 4438 impie—

446 4435 532 4494 tas
551 4441 749 4509 pietatis
771 4435 1062 4509 opinionem
1085 4435 1294 4509 ferebat.

523 4505 600 4585 (a)
636 4509 748 4564 Hoc
770 4508 890 4562 loco
903 4506 1028 4585 olim
1057 4505 1378 4585 abutebatur
1392 4505 1707 4562 Vincentius
1731 4507 2046 4577 Rogatista:

442 4581 510 4638 ad
533 4576 695 4653 quem
720 4576 1071 4653 Augustinus,
1088 4577 1253 4653 epist.
1276 4577 1412 4653 alias
1441 4593 1620 4653 XLVlll,
1653 4576 1972 4653 nuuckcttt,
1989 4599 2046 4635 n.

442 4656 507 4712 21
540 4648 563 4709 ε’
588 4651 778 4706 Hilarii
829 4648 984 4702 libros
1029 4648 1154 4701 mihi
1192 4649 1430 4716 opponis,
1480 4650 1554 4702 uti
1583 4667 1731 4718 neges
1761 4650 2051 4706 Ecclesium

447 4737 753 4780 crescentem
786 4723 838 4775 in
878 4719 1110 4774 onmibus
1141 4721 1374 4791 gentibus
1415 4736 1572 4787 usque
1600 4724 1650 4775 in
1671 4723 1824 4791 ﬁnem
1847 4725 2047 4778 saeculi.

2158 3344 2510 3415 periclitatur;
2539 3353 2590 3398 et
2603 3341 2819 3399 ostendi
2845 3343 3015 3405 vobis,
3033 3343 3172 3398 sicut
3201 3342 3469 3407 voluistis,
3496 3357 3614 3412 qua:
3636 3353 3772 3398 ante

2157 3437 2418 3507 expositm
2448 3435 2582 3492 ﬁdes
2625 3444 2811 3492 essent
2851 3435 2918 3491 ab
2944 3435 3306 3492 Orientalibus
3327 3434 3614 3508 episc0pis,
3669 3433 3774 3490 sed

2157 3529 2344 3601 paucis
2401 3527 2668 3600 (repetam
2717 3529 2861 3582 enim
2896 3568 2910 3594 ,
2953 3527 3076 3598 quia
3135 3525 3430 3582 secundum
3481 3540 3771 3580 numerum

2159 3619 2529 3676 Ecclesiarum
2557 3618 2938 3686 Orientalium,
2964 3619 3346 3689 episcoporum
3374 3632 3667 3689 paucorum
3697 3616 3771 3672 ﬁ-

2160 3714 2258 3772 des
2281 3713 2384 3770 ista
2405 3722 2490 3770 est
2512 3715 2565 3786 );
2597 3714 2713 3784 ipse
2740 3729 2978 3785 quoque,
3011 3713 3140 3786 quid
3167 3713 3237 3769 de
3265 3712 3464 3768 divinis
3489 3714 3654 3768 rebus
3675 3727 3773 3768 se-

2161 3807 2396 3864 cundum
2419 3805 2721 3862 doctrinam
2765 3806 3119 3876 apostolicam
3146 3805 3404 3862 sentirem
3432 3848 3446 3872 ,
3485 3804 3772 3877 professus

2162 3915 2281 3957 sum
2307 3917 2320 3954 :
2348 3900 2613 3972 reliquum
2642 3909 2746 3967 est,
2770 3911 2827 3956 ut
2859 3899 2924 3972 (i)
2955 3914 3078 3970 quae
3097 3914 3338 3956 errorem
3375 3899 3532 3956 nobis
3549 3915 3616 3956 ex
3633 3900 3773 3955 sim-

2166 4091 2346 4209 ratadm
2393 4083 2723 4209 itmpietatem
2765 4098 2873 4140 non
2925 4083 2994 4141 de
3042 4082 3211 4151 Osio,
3255 4081 3352 4141 sed
3407 4083 3476 4139 de
3522 4079 3774 4140 doctrina

2166 4171 2270 4209 DEI!
2315 4170 2390 4209 tca
2424 4196 2437 4209 .

2198 4164 2437 4210 racdtcat.

2156 4170 2679 4298 prfgﬁhvulgatis
2709 4235 2762 4284 et
2792 4227 2998 4297 aliquot
3029 4243 3186 4292 mss.,
3230 4226 3544 4282 conscientia
3569 4235 3613 4298 et
3641 4242 3776 4295 pro-

2160 4295 2404 4367 {essione
2452 4295 2639 4353 Melius
2668 4300 2718 4352 in
2751 4295 3050 4368 potioribus
3097 4299 3279 4363 Colb.,
3335 4298 3524 4357 Carn..
3555 4295 3773 4363 Gertn.,

2161 4379 2294 4442 et_c.,
2321 4372 2646 4442 conscientiw
2676 4371 3017 4442 professione.
3052 4370 3296 4442 Namque
3325 4369 3514 4442 alludit
3535 4368 3777 4442 Hilarius

2161 4440 2230 4495 ad
2265 4442 2408 4506 pium
2443 4437 2700 4496 Ecclesiae
2729 4437 2953 4504 morem,
2985 4457 3093 4512 quo
3121 4437 3364 4512 Syinboli
3407 4441 3565 4494 tidem
3607 4437 3778 4494 Com-

2165 4514 2460 4580 petentium
2513 4512 2663 4568 cordi
2724 4529 2834 4568 non
2881 4521 3045 4567 cart:e
3097 4513 3306 4567 solebat
3355 4513 3770 4566 commendare.

2165 4581 2397 4638 Rursum
2454 4583 2520 4638 ad
2566 4583 2814 4638 eumdem
2858 4599 3062 4638 morem
3093 4584 3316 4650 f‘eSpiCil
3368 4583 3463 4638 lib.
3498 4583 3550 4637 in
3579 4580 3774 4636 Const.

2165 4670 2312 4726 (tum.
2340 4654 2392 4709 6.
2428 4655 2620 4726 Utique
2650 4665 2830 4711 autem
2861 4655 2935 4710 illi
2967 4657 3087 4711 luco
3112 4654 3433 4710 illttstrando
3469 4654 3609 4707 Valet
3637 4653 3777 4726 illud

2160 4723 2446 4794 Augustini
2495 4723 2671 4782 sem.
2706 4743 2844 4782 ccxn
2877 4768 2894 4793 ,
2949 4745 3001 4780 u.
3046 4728 3120 4780 2:
3161 4726 3269 4780 Nec
3307 4736 3362 4779 ut
3409 4726 3584 4779 eadem
3617 4725 3770 4778 verba

448 4798 657 4866 Quibus
703 4795 792 4848 ille
834 4791 1124 4868 Γβόιιοιιςῖϐι
1169 4809 1224 4868 n.
1256 4791 1524 4868 Siet
1575 4792 1706 4848 Vide
1735 4804 1788 4868 et
1822 4810 1953 4868 qua:
1985 4810 2048 4851 ea
2077 4803 2132 4866 Ι)
2159 4791 2402 4868 Symboli
2433 4800 2644 4853 teneatis
2665 4841 2678 4864 ,
2712 4799 2818 4852 ullo
2870 4791 3022 4852 modo
3053 4798 3240 4852 debetis
3266 4797 3526 4868 scribere,
3559 4795 3648 4848 sed
3678 4812 3782 4849 au-

449 4862 519 4924 de
545 4883 601 4923 re
623 4865 998 4937 annotavimus
1026 4862 1156 4935 (not.
1267 4863 1368 4916 col.
1404 4864 1508 4937 151
1531 4874 1663 4918 nost.
1691 4862 1863 4937 edit);

523 4939 596 5009 (b)
632 4936 798 5009 Edili,
829 4934 882 4988 in
915 4933 1082 5009 prima
1111 4935 1314 4989 collata:
1335 4935 1666 5009 expositionis
1692 4933 1889 5007 synodo
1915 4939 2051 5006 ﬁdes

449 5005 587 5064 hanc
613 5008 786 5062 ltobuit
817 5007 1163 5060 necessitatem
1185 5048 1202 5072 ,
1246 5022 1364 5059 cum
1389 5005 1548 5074 apud,
1587 5017 1692 5062 etc.
1720 5005 1798 5063 Ἀι
1827 5005 1956 5065 mSS.
1987 5013 2047 5065 in

449 5082 615 5152 primo
641 5077 873 5152 (supple,
903 5075 1046 5152 loco)
1071 5078 1271 5131 collata:
1296 5075 1491 5152 (Cum.
1508 5078 1814 5152 conlocale
1843 5084 2050 5149 exposi-

447 5146 600 5210 iionis
629 5146 781 5220 ﬁdes.
805 5157 910 5202 etc.
943 5146 1038 5220 llic
1060 5146 1386 5220 excusantur
1407 5149 1494 5218 qui
1525 5147 1754 5220 Ancyrae
1779 5146 2048 5210 convene-

447 5233 592 5285 runt.
627 5218 771 5292 quod
794 5234 984 5292 novam
1019 5218 1138 5273 lidei
1167 5221 1564 5287 expositionem
1594 5218 1772 5279 adorsi
1799 5225 1927 5279 sint.

522 5298 600 5361 (ε)
633 5291 982 5348 ῐῖεῦθιιιὶονρε
1009 5305 1139 5361 mss.
1162 5300 1436 5361 saporatre.

526 5360 606 5439 (ιζ)
632 5365 686 5419 In
716 5360 1116 5439 excusiyniltil
1140 5377 1342 5439 queror.
1372 5360 1506 5417 Cum
1541 5379 1854 5431 persuasum
1886 5367 2055 5424 habe-

448 5432 815 5493 rct'llilarius.
856 5432 978 5486 lidei
1009 5434 1413 5492 perversitatem
1445 5450 1510 5489 ex
1544 5451 1753 5491 morum
1785 5440 2055 5495 scaturire

448 5510 738 5578 pravitate,
759 5504 895 5560 adeo
919 5513 976 5557 ut
999 5502 1321 5578 Fragmento
1351 5521 1403 5566 ιι,
1432 5521 1486 5560 ιι.
1523 5506 1606 5572 l9,
1631 5507 1812 5563 dicat:
1849 5509 1916 5564 Et
1950 5511 2050 5565 hoc

445 5576 518 5633 ita
546 5594 694 5651 8(8p8_
709 5587 813 5651 est,
834 5585 889 5630 ut
918 5591 1036 5629 cum
1063 5576 1375 5630 incrementa
1388 5579 1635 5651 uitiorum
1666 5580 1966 5635 detrimenta
1988 5583 2043 5637 in

447 5647 629 5704 amore
663 5649 755 5703 Dei
787 5647 1014 5718 fecerunt
1039 5687 1059 5718 ,ί
1093 5663 1333 5702 vesanum
1362 5648 1654 5718 depravata:
1679 5653 1907 5708 scientia
1934 5662 2042 5707 stu-

450 5723 593 5775 dium
622 5717 912 5776 increscat:
945 5717 1100 5774 facile
1123 5719 1352 5774 credidit
1395 5717 1534 5776 hanc
1580 5722 1692 5778 Osii
1752 5723 2043 5780 inﬁdelita-

446 5799 554 5845 tem
586 5806 692 5846 uon
715 5789 880 5846 fuisse
905 5789 1178 5862 subitam,_
1191 5790 1288 5846 sed
1327 5790 1582 5862 latentem
1618 5792 1729 5862 jam
1756 5793 1848 5850 diu
1875 5796 2040 5851 animi

444 5863 764 5935 pravitatem
796 5856 1118 5931 prodidisse.
1148 5860 1482 5933 Quamquam
1508 5856 1649 5922 forte
1671 5864 1812 5924 hanc
1832 5882 2040 5940 suppu-

2160 4867 2353 4923 diendo
2387 4869 2703 4937 perdiscere;
2735 4887 2824 4923 nec
2853 4885 2970 4923 cum
3015 4869 3304 4922 didiceritis
3330 4911 3344 4932 ,
3398 4867 3648 4930 scribere,
3684 4868 3780 4920 sed

2165 4942 2414 4995 memoria
2444 4959 2643 5010 semper
2672 4954 2842 4996 tenere
2881 4953 3033 5008 atque
3067 4943 3310 4994 recolere.
3347 4939 3498 5010 Quod
3527 4939 3778 4994 non‘licet

2161 5012 2342 5070 scribi.
2375 5014 2867 5084 commemoratiojt
2894 5011 3393 5084 promissionisgDei.
3425 5009 3510 5063 ubi
3540 5027 3628 5078 per
3655 5026 3782 5084 ρζο-
3854 5064 3860 5068 .

2166 5085 2372 5154 phetam
2403 5087 2755 5154 prwnuntians
2785 5079 3169 5136 Testamentum
3223 5082 3426 5136 Novum
3460 5083 3617 5140 dixit.
3659 5079 3781 5134 Hoc

2162 5165 2242 5226 est
2271 5164 2647 5221 testamentum,
2679 5155 2814 5226 quod
2846 5155 3092 5208 ordinabo
3119 5166 3230 5224 post
3261 5155 3369 5208 dies
3397 5154 3516 5207 illos
3536 5196 3551 5219 ,
3601 5154 3781 5226 dando

2165 5225 2329 5296 legem
2357 5245 2519 5280 meam
2541 5229 2593 5281 in
2619 5224 2783 5281 mente
2803 5242 2998 5291 eorum,
3024 5237 3071 5280 et
3093 5228 3144 5278 in
3171 5227 3328 5280 corde
3355 5241 3534 5279 eorum
3555 5224 3783 5296 scribam

2164 5294 2307 5354 eam.
2343 5299 2519 5368 Hujus
2548 5301 2620 5353 rei
2662 5297 3017 5369 signiﬁcanda:
3042 5315 3198 5352 causa
3219 5339 3233 5362 ,
3263 5297 3520 5351 audiendo
3551 5294 3780 5369 Symbof

2171 5369 2280 5442 lum
2307 5366 2538 5434 discitur,
2571 5387 2660 5425 nec
2690 5366 2742 5424 in
2769 5370 2952 5424 tabulis
2975 5369 3053 5423 vel
3082 5371 3134 5423 in
3177 5370 3353 5442 aliqua
3392 5366 3611 5423 materia
3635 5407 3652 5434 ,
3684 5366 3778 5422 sed

2165 5440 2226 5494 in
2255 5442 2408 5494 corde
2436 5443 2694 5497 scribitur.

2243 5511 2312 5585 (Ῑ)
2338 5513 2482 5596 liditi
2503 5555 2518 5576 ,
2541 5514 2630 5569 sed
2657 5530 2812 5569 unam
2834 5513 3193 5568 substantiam.
3220 5511 3389 5568 Abest
3412 5527 3569 5566 unam
3593 5525 3623 5566 a
3656 5523 3780 5564 ma-

2164 5587 2480 5652 muscriptis.

2245 5653 2321 5727 (g)
2349 5655 2621 5712 liouianus
2647 5657 2838 5722 codex,
2866 5656 3001 5712 alias
3031 5655 3250 5727 Regina:
3273 5653 3564 5712 Christintc
3592 5694 3606 5722 ,
3640 5668 3783 5721 saepe

2165 5724 2336 5799 (quod
2364 5729 2526 5782 etiam
2552 5727 2714 5785 habet
2741 5729 2872 5785 Silv.
2897 5743 2926 5782 a
2945 5724 3186 5799 secunda
3208 5727 3397 5798 manu)
3421 5742 3526 5784 non
3555 5739 3775 5799 semper.

2243 5796 2327 5867 (Ii)
2359 5799 2412 5852 in
2445 5808 2654 5855 vetusto
2685 5815 2785 5856 ms.
2818 5799 2999 5865 Colb.,
3024 5798 3088 5852 de
3117 5798 3219 5867 ﬁde
3243 5796 3376 5852 utea.

2164 5927 2173 5934 .
2244 5869 2310 5938 (ἱ)
2339 5870 2492 5938 Bad.,
2518 5870 2611 5928 Er.
2637 5880 2694 5930 et
2716 5870 2832 5929 Mir.
2858 5889 2871 5929 :
2901 5880 2953 5925 ut
2978 5871 3230 5943 professio
3275 5886 3390 5942 qua:
3421 5883 3653 5928 errorem
3682 5881 3787 5922 no-

2088 6020 2167 6057 Δ..
