4106 6192
512 178 619 235 527

1706 174 1950 232 SANCTI
1992 171 2246 232 llILARll
2287 174 2598 234 EPISCOPI

3672 191 3758 246 528

512 294 671 359 tivit;
725 293 827 349 nisi
854 294 1087 362 audiam,
1132 293 1231 360 Qui
1253 292 1432 347 biberit
1458 292 1522 346 de
1543 306 1694 362 aqua,
1719 308 1870 363 quam
1902 309 1993 364 ego
2021 293 2107 346 de-
2136 294 2185 355 A
2218 292 2582 349 Przedicantes
2610 291 2812 362 itaque,
2844 292 3064 348 Fratres
3093 291 3415 365 eliarissimi,
3448 295 3655 355 similem
3682 302 3759 358 Fi-

513 390 636 445 dero
672 390 718 444 ei
739 431 755 459 ,
817 406 915 444 non
945 391 1079 445 sitiet
1118 389 1171 441 in
1202 397 1447 443 aeternum
1475 386 1657 458 (Joan.
1694 402 1778 453 tv,
1836 387 1947 455 15).
1995 386 2110 441 Νοη

508 482 748 550 audiam,
775 482 1024 538 Christus
1052 494 1243 552 passus
1268 490 1388 544 est;
1436 478 1538 535 nisi
1561 479 1775 535 audiam
1802 520 1817 544 ,
1858 478 2010 533 Nunc
2039 489 2113 534 est

510 574 642 629 liora
690 583 744 627 ut
784 571 955 627 Filius
1007 572 1230 626 hominis
1279 571 1592 641 clari/iretur
1626 568 1807 643 (Joan.
1835 586 1943 638 xu,
1988 570 2107 642 ἓξ).

503 664 624 721 Νοη
657 664 891 729 audiam,
928 672 1172 720 mortuus
1200 672 1321 730 est;
1384 663 1485 718 nisi
1513 663 1749 730 audiam,
1785 661 2107 718 resurrexit.

506 756 649 813 Nihil
680 758 982 813 solitarium
1024 773 1092 813 ex
1120 757 1320 812 divinis
1345 758 1699 813 sacramentis
1735 756 1801 811 ad
1838 755 2106 826 suspicio-

501 871 628 911 nem
651 855 986 911 audientium
1017 864 1072 912 ct
1109 855 1177 911 ad
1224 854 1570 912 occasionem
1612 853 2104 926 blasphemantium

500 947 859 1018 proferamus.
936 948 1080 1005 Ante
1127 948 1382 1004 nativitas
1433 947 1597 1015 Filii,
1639 956 1767 1003 ante
1816 946 2102 1017 subiectio,

498 1052 627 1096 ante
652 1039 952 1097 similitudo
975 1050 1179 1097 natura:
1203 1038 1546 1111 praedicanda
1574 1048 1687 1096 est:
1715 1048 1776 1096 ut
1807 1054 1912 1096 non
1938 1039 2105 1110 impie

495 1134 657 1188 unius
688 1148 811 1190 esse
837 1143 892 1190 et
919 1134 1080 1190 Pater
1115 1143 1167 1191 et
1196 1133 1367 1189 Filius
1395 1134 1711 1190 substantia:
1753 1133 2100 1205 praedicetur.

493 1225 564 1281 Et
587 1240 695 1281 non
719 1226 977 1299 intelligo,
1003 1242 1101 1283 cur
1121 1235 1250 1283 ante
1278 1235 1473 1283 caetera
1505 1236 1775 1299 tamquam
1799 1227 2098 1283 maximum

493 1327 550 1375 et
577 1320 919 1391 potissimum
963 1329 1019 1376 et
1044 1319 1347 1376 solitarium
1377 1319 1779 1391 praedicandum
1807 1321 1875 1375 sit
1902 1362 1916 1387 ,
1956 1317 2100 1390 quod

494 1428 599 1470 nec
626 1414 714 1483 pie
742 1415 912 1486 possit
939 1423 1065 1471 ante
1106 1424 1305 1471 czetera
1333 1414 1616 1485 praedicari
1637 1457 1652 1482 ,
1683 1424 1739 1470 et
1773 1413 1884 1485 jam
1935 1413 2100 1485 impie

492 1519 722 1563 necesse
744 1507 815 1562 sit
836 1516 959 1578 post
987 1516 1185 1562 cretera
1208 1506 1487 1578 denegari.

560 1599 650 1655 71.
687 1597 756 1654 Ει
808 1601 893 1671 pie
935 1600 1039 1654 dici
1072 1608 1258 1672 potest,
1311 1607 1358 1653 et
1396 1600 1477 1672 pie
1522 1600 1697 1655 taceri.
1732 1631 1803 1641 ——
1840 1598 1958 1656 Non
1989 1607 2092 1667 est,

2219 385 2347 440 lium
2406 386 2458 440 in
2509 386 2760 440 omnibus
2783 385 2951 451 Patri,
3007 385 3135 441 nihil
3183 386 3326 441 aliud
3359 404 3508 457 quam
3533 395 3759 462 aequalem

2218 477 2592 546 prtedieamus.
2635 477 2896 534 Pcrfectac
2916 479 3242 549 aequalitatis
3265 478 3656 550 signiﬁcandam
3683 488 3763 539 ha-

2211 571 2306 629 bet
2334 572 2631 627 similitudo
2674 590 2686 624 :
2720 582 2772 626 et
2804 571 2906 628 hoc
2931 589 2995 626 ex
3051 573 3254 627 sanetis
3280 572 3561 643 Scripturis
3581 578 3766 634 intelli-

2211 664 2444 735 gendum
2476 674 2577 720 est.
2608 664 2768 736 503
2784 664 3037 736 Legimus
3063 664 3142 736 (tl)
3177 680 3433 736 namque:
3465 666 3597 723 Vixit
3621 681 3766 727 autem

2210 759 2376 813 Adam
2393 760 2624 814 ducentis
2650 761 2860 831 triginta
2884 760 3035 814 annis
3057 800 3070 823 ,
3105 769 3151 815 et
3179 761 3349 831 genuit
3379 763 3643 817 secundum
3671 767 3770 835 efﬁ-

2209 854 2342 923 giem
2359 870 2503 908 suam
2524 846 2571 908 et
2582 853 2865 908 secundum
2886 853 3273 909 similitudinem
3287 869 3451 921 suam,
3475 866 3518 911 et
3538 861 3772 929 cognomi-

2208 947 2349 1001 navit
2376 963 2557 1000 nomen
2588 947 2698 1013 eius
2725 946 2854 1002 Seth
2882 945 3034 1018 (Gen.
3087 962 3143 1015 v,
3173 947 3251 1018 5).
3284 947 3478 1015 Quare
3501 932 3772 1020 cuiusmodi

2208 1037 2617 1095 similitudinem
2648 1048 2702 1094 et
2716 1038 2949 1110 efﬁgiem
2962 1054 3116 1094 suam
3131 1038 3302 1094 Adam
3326 1039 3377 1094 in
3390 1040 3512 1097 Seth
3526 1045 3768 1113 genuerit.

2206 1131 2361 1188 Tolle
2387 1147 2675 1204 corporum
2705 1114 3071 1199 inﬁrmitates,
3092 1133 3222 1190 tolle
3248 1143 3539 1206 conceptus
3559 1138 3771 1207 initium,

2204 1225 2339 1283 tolle
2364 1226 2585 1283 dolores
2626 1225 2699 1299 (e)
2748 1225 3096 1299 partitndinis
3118 1269 3134 1296 ,
3185 1235 3241 1283 et
3264 1242 3481 1285 onmem
3511 1229 3770 1287 humanam

2205 1321 2584 1376 necessitatem
2615 1338 2628 1373 :
2679 1335 2867 1391 quaero
2906 1320 3205 1376 similitudo
3234 1320 3354 1376 haec
3377 1365 3391 1390 ,
3441 1324 3629 1394 qutein
3657 1325 3775 1382 Seth

2202 1424 2307 1482 est,
2332 1421 2509 1469 utrum
2538 1428 2636 1483 per
2660 1421 2907 1469 naturam
2930 1411 3216 1469 dissentiat
3239 1414 3472 1481 auctori,
3498 1425 3590 1471 aut
3613 1427 3772 1473 utrum

2202 1506 2423 1562 alterius
2447 1506 2666 1577 generis
2695 1507 2931 1562 essentia
2962 1506 3123 1563 fuerit
3148 1508 3202 1562 in
3247 1516 3477 1579 utroque
3506 1553 3520 1577 ,
3574 1527 3641 1567 ne
3674 1528 3772 1568 non
3824 1528 3835 1540 ’

2199 1601 2498 1656 naturalem
2530 1600 2779 1656 habuerit
2806 1600 2939 1656 Atla:
2968 1601 3101 1658 Seth
3128 1611 3285 1658 natus
3314 1605 3628 1661 essentiam.
3680 1605 3774 1664 Sed

492 1694 713 1752 Fratres
744 1693 1051 1751 charissimi
1078 1737 1093 1763 ,
1119 1711 1227 1761 una
1252 1694 1426 1750 Patris
1456 1704 1509 1749 et
1537 1693 1659 1748 Filii
1686 1693 1930 1764 neganda
1958 1678 2086 1749 sub-
2125 1682 2168 1742 Β
2195 1694 2489 1750 similitudo
2518 1694 2650 1750 Adae
2676 1704 2781 1762 est,
2818 1693 2885 1767 (Ῑ)
2936 1694 3150 1751 etiamsi
3175 1711 3434 1769 negemus
3458 1715 3472 1767 ;
3533 1700 3653 1771 quia
3678 1714 3774 1757 non

489 1792 723 1849 stantia:
755 1789 832 1864 (a)
866 1790 965 1847 sed
994 1805 1096 1847 nec
1118 1787 1561 1845 irrationabiliter
1590 1787 1950 1860 prtedieanda.
2007 1788 2091 1843 Sit

482 1901 591 1942 una
639 1885 941 1942 substantia
987 1900 1052 1941 ex
1107 1893 1314 1939 naturae
1349 1882 1544 1955 genita:
1574 1881 1933 1953 proprietate;
1976 1897 2084 1936 non

478 1981 552 2036 sit
583 1988 676 2036 aut
704 1994 768 2035 ex
799 1978 1048 2049 portione
1072 2019 1088 2047 ,
1130 1985 1226 2032 aut
1253 1992 1316 2031 ex
1346 1976 1546 2031 unione
1566 2017 1582 2042 ,
1625 1985 1719 2030 aut
1747 1989 1813 2029 ex
1837 1988 2084 2029 commu-

480 2074 665 2130 nione.
724 2072 912 2128 Potest
937 2087 1043 2126 una
1073 2069 1374 2127 substantia
1407 2068 1481 2138 (b)
1516 2068 1601 2138 pie
1626 2067 1763 2130 dici,
1813 2074 1867 2122 et
1890 2065 1975 2136 pie
2006 2075 2085 2120 ta-

478 2167 614 2223 ceri.
675 2165 852 2221 Habes
880 2163 1241 2230 nativitatem,
1283 2161 1452 2217 habes
1481 2158 1910 2216 similitudinem.
1940 2158 2081 2225 Quid

475 2260 630 2318 verbi
658 2259 980 2315 calumniam
1011 2255 1311 2327 suspiciose
1336 2262 1617 2320 tenemus,
1656 2254 1736 2307 rei
1778 2252 2082 2323 intelligen-

473 2358 547 2412 tia
605 2373 711 2411 nnn
768 2352 1131 2409 dissidentes?
1196 2348 1526 2416 Credamus,
1585 2358 1637 2405 et
1685 2347 1929 2403 dicamus
1955 2362 2078 2403 esse

472 2464 633 2503 unam
679 2446 1068 2509 substantiam;
1111 2440 1207 2498 sed
1259 2456 1358 2513 per
1406 2449 1613 2495 natura:
1662 2439 2069 2510 proprietatem,

469 2557 578 2597 non
608 2539 675 2595 ad
701 2535 1149 2611 signiﬁcationem
1175 2534 1355 2604 itnpite
1386 2531 1621 2588 unionis.
1664 2529 1779 2587 Una
1810 2530 1879 2585 sit
1912 2546 1977 2586 ex
2006 2529 2078 2586 si-

467 2633 796 2699 militudine,
836 2646 941 2686 non
973 2645 1040 2685 ex
1066 2626 1381 2684 solitudine.

539 2746 631 2802 72.
687 2743 804 2800 νοω
848 2740 1163 2797 ltomazusion
1208 2755 1275 2792 an
1332 2737 1505 2791 minus
1554 2735 1778 2809 prapria.
1829 2763 1904 2775 —
1965 2732 2070 2789 Sed

460 2841 603 2896 forte
633 2853 822 2909 parum
853 2831 1198 2906 proprietatis
1252 2832 1303 2886 in
1334 2844 1394 2885 se
1424 2828 1628 2884 habere
1658 2826 1958 2883 similitudo
1989 2826 2071 2881 vi-

464 2932 677 2987 deatur.
727 2927 842 2983 lloc
866 2926 911 2981 si
937 2932 1060 2989 est,
1112 2937 1297 2993 qumro
1343 2935 1450 2992 quo
1496 2919 1658 2975 modo
1687 2918 1892 2990 possim
1935 2917 2071 2973 alte-

463 3040 582 3081 rum
615 3021 683 3078 ad
719 3021 883 3075 alium
915 3018 1017 3074 nisi
1047 3032 1143 3088 per
1170 3012 1575 3072 similitudinem
1609 3012 1932 3084 coaequare?
1961 3012 2070 3067 Aut

2191 1798 2275 1844 est
2303 1787 2820 1843 natura'dissimilis.
2892 1788 3200 1845 Similitudo
3227 1801 3412 1846 autem
3444 1802 3646 1848 natura:
3675 1810 3769 1849 non

2192 1881 2379 1936 habuit
2406 1880 2457 1935 in
2482 1880 2612 1936 Seth
2665 1880 2888 1936 alterius
2913 1881 3131 1953 generis
3162 1889 3415 1938 naturam
3440 1926 3455 1950 ,
3506 1885 3630 1955 quia
3677 1901 3774 1942 non

2188 1974 2558 2031 aliundeSeth
2603 1960 2761 2030 natus
2788 1983 2877 2031 est
2927 1994 2941 2030 :
3004 1977 3075 2030 ita
3134 1975 3443 2033 similitudo
3501 1994 3589 2036 res
3644 1979 3777 2048 ipsas

2188 2070 2267 2141 (g)
2289 2069 2551 2125 naturalis
2577 2079 2844 2141 comquat,
2878 2076 2974 2141 per
3004 2071 3419 2128 similitudinem
3449 2089 3556 2128 non
3583 2074 3779 2132 indiﬁ'c-

2184 2162 2355 2220 rentis
2385 2164 2656 2219 essentne.
2688 2164 2875 2219 Omnis
2898 2163 3079 2236 itaque
3109 2165 3269 2233 ﬁlius,
3307 2168 3611 2224 secundum
3636 2178 3777 2224 natu-

2185 2258 2354 2314 ralem
2389 2256 2750 2325 nativitatem,
2779 2261 3059 2329 ;equalitas
3090 2261 3260 2331 patris
3284 2270 3410 2327 est;
3462 2263 3591 2333 quia
3623 2269 3779 2319 estet

2181 2350 2484 2407 similitudo
2516 2360 2741 2407 naturae.
2803 2353 2869 2407 Et
2912 2352 3098 2408 beatus
3127 2352 3372 2410 Joannes
3402 2354 3565 2411 docet
3611 2357 3664 2411 in
3690 2372 3776 2411 na-

2180 2447 2501 2502 turaf’atris
2528 2457 2581 2502 et
2615 2447 2733 2502 Filii
2765 2488 2780 2513 ,
2839 2464 2998 2518 quam
3025 2448 3236 2520 Moyses
3275 2449 3332 2503 in
3356 2448 3491 2506 Seth
3535 2461 3592 2506 et
3616 2450 3778 2506 Adam

2177 2539 2583 2595 similitudinem
2613 2541 2774 2605 dicit,
2813 2541 2951 2595 hanc
2977 2541 3222 2598 eamdem
3255 2545 3630 2615 mqualitatem
3664 2559 3777 2600 esse

2178 2643 2404 2699 naturm,
2434 2635 2509 2688 ait
2537 2634 2717 2689 enim:
2760 2631 2986 2704 Propter
3020 2636 3117 2690 hoc
3155 2653 3271 2690 eum
3304 2638 3480 2709 magis
3501 2636 3779 2708 qmerebant

2172 2724 2349 2781 Judtri
2374 2727 2660 2795 interﬁcere
2679 2769 2694 2793 ,
2745 2728 2985 2798 quoniam
3016 2744 3117 2783 non
3140 2729 3313 2783 solum
3345 2729 3576 2785 solvebat
3604 2728 3781 2785 sabba-

2176 2830 2316 2885 tum,
2373 2822 2462 2876 sed
2503 2831 2553 2877 et
2589 2831 2786 2894 patrem
2824 2838 2971 2876 suum
2993 2823 3197 2878 dicebat
3220 2820 3423 2890 Deum,
3455 2824 3708 2891 aqualem
3730 2838 3782 2877 se

2171 2908 2364 2980 faciens
2400 2906 2511 2962 Deo
2564 2908 2742 2980 (Joan.
2781 2923 2828 2976 v,
2863 2907 2972 2979 l8).
3041 2909 3180 2977 Quid
3216 2918 3508 2966 tantorum
3541 2910 3777 2965 virorum

2170 2999 2432 3056 doctrinis
2485 3011 2645 3072 atque
2693 3001 2852 3058 dictis
2897 3002 3188 3058 inserimus
3232 3005 3514 3076 torpentia
3550 3002 3782 3076 peccatis

459 3116 722 3188 numquid
749 3130 854 3171 non
886 3112 1028 3169 idem
1048 3080 1142 3168 est
1161 3152 1175 3175 ,
1231 3125 1353 3166 esse
1382 3108 1455 3180 (ο)
1483 3109 1688 3165 similes
1710 3107 1851 3180 quod
1884 3122 2065 3178 :eqna-
2094 3080 2141 3146 δ
2171 3094 2425 3188 ἕνανίμβξιε
2455 3093 2667 3188 ίξιὲθηίθ
2693 3135 2708 3162 s
2740 3104 2822 3188 λείῃ
2872 3109 3065 3188 εοηευε
3109 3095 3342 3152 Ιιθὶνθίθε
3366 3106 3535 3169 atque
3567 3106 3787 3188 ίθιηθηέ

453 3211 581 3268 les?
624 3210 682 3266 Si
724 3222 892 3264 unum
936 3204 1098 3270 dico,
1147 3202 1311 3259 habet
1353 3211 1408 3256 et
1463 3201 1607 3256 unici
1654 3199 2061 3271 suSpicionem:

451 3306 499 3363 si
523 3305 755 3361 similem
785 3301 997 3367 dixero,
1065 3296 1229 3352 habet
1285 3292 1644 3350 indifferentis
1693 3292 2056 3363 comparatio-

448 3415 598 3456 nem.
674 3395 817 3451 Inter
856 3393 1090 3448 similem
1140 3398 1196 3445 et
1244 3404 1409 3445 unum
1456 3402 1646 3458 qumro
1683 3400 1843 3456 quem
1870 3385 2052 3442 locum

450 3490 652 3547 habeat
677 3484 938 3558 aequalis:
969 3494 1023 3539 et
1043 3483 1317 3553 interrogo
1347 3489 1525 3536 utrum
1558 3478 1929 3540 similitudinis
1960 3494 2058 3549 po-

448 3581 576 3649 tius,
606 3588 699 3636 aut
727 3575 1032 3634 solitudinis
1064 3590 1150 3631 res
1177 3575 1267 3630 sit.
1309 3572 1429 3629 Non
1451 3582 1536 3629 est
1564 3571 1845 3643 inqualitas
1868 3571 1921 3627 in
1945 3571 2054 3628 dis-

445 3676 714 3734 similibus
738 3716 753 3742 ,
815 3687 917 3729 nec
938 3667 1240 3727 similitudo
1270 3677 1354 3723 cst
1384 3668 1522 3723 intra
1550 3682 1738 3722 unum.
1787 3665 1892 3721 Aut
1923 3665 2052 3737 quid

445 3771 700 3827 dilferunt
726 3767 957 3832 similes,
982 3772 1036 3819 et
1065 3761 1306 3834 azquales
1335 3777 1349 3827 ;
1399 3770 1462 3816 ut
1486 3761 1553 3816 ab
1575 3776 1684 3837 uno
1716 3759 1911 3816 iterum
1935 3759 2051 3815 dis-

444 3868 700 3919 cernatur
726 3855 985 3929 mqualis?
1039 3853 1158 3909 Non
1185 3861 1309 3908 sunt
1335 3850 1517 3923 itaque
1545 3850 1837 3921 dissimiles
1865 3866 2048 3923 aequa-

440 3954 541 4009 les.
584 3953 654 4008 Et
682 3949 807 4022 quid
830 3946 978 4004 aliud
1009 3955 1235 4018 possunt
1257 3960 1378 4003 esse
1429 3944 1635 4001 similes
1675 3961 1835 4016 quam
1866 3961 2049 4017 atqua-

441 4047 557 4112 les,
583 4060 705 4102 cum
738 4044 790 4098 in
816 4040 1174 4097 dissimilibus
1203 4055 1309 4095 non
1333 4039 1403 4094 sit
1429 4039 1755 4108 aequalitas?

513 4138 604 4193 75.
645 4135 1021 4207 quualitatem
1046 4135 1323 4204 perfectum
1357 4130 1617 4202 significat
1636 4131 1921 4187 similitudo
1946 4148 2044 4188 ua-

438 4243 586 4289 turte.
642 4232 792 4300 Quod
824 4228 993 4302 Moysi
1019 4228 1323 4296 similitudo,
1351 4228 1407 4281 id
1426 4227 1620 4282 Joanni
1644 4228 1933 4300 wqualitas.
1973 4257 2045 4270 —-

435 4417 443 4423 '
510 4411 590 4484 (a)
615 4411 763 4486 Lips.
790 4417 845 4486 et
871 4406 1018 4486 Par.,
1048 4404 1222 4460 sedne
1269 4420 1288 4458 :
1339 4412 1450 4485 tum
1501 4417 1623 4486 eum
1652 4416 1737 4486 etei

440 4476 723 4556 sequentia
772 4481 850 4535 sic
900 4476 1289 4556 cpnjungentes
1322 4516 1336 4540 ,
1386 4476 1817 4556 irrationabiliter
1843 4477 2039 4556 praedi-

441 4544 605 4613 cauda
636 4556 703 4609 sit
733 4569 836 4606 una
861 4544 1165 4616 substantia,
1192 4555 1324 4614 etc.,
1348 4544 1589 4601 efﬁciunt
1610 4561 1828 4602 sensum
1844 4544 1921 4601 ab
1951 4546 2042 4602 lli-

438 4628 576 4684 lario
606 4627 864 4682 alienum.

511 4719 586 4791 (b)
643 4720 716 4774 Ita
749 4719 805 4791 in
829 4714 1098 4791 mss._nisi
1137 4710 1281 4785 quod
1310 4710 1364 4768 in
1387 4710 1609 4768 Carnut.
1644 4720 1701 4767 ut
1730 4711 1783 4766 in
1814 4710 2043 4782 vulgatis

436 4786 632 4857 exstat,
684 4790 840 4859 impie
880 4786 1007 4841 dici.

512 4884 586 4952 te)
628 4883 717 4939 Sic
744 4897 845 4936 ms.
879 4878 1039 4952 Cara.
1071 4878 1175 4934 Alii
1204 4887 1380 4934 autem
1402 4919 1415 4944 ,
1472 4876 1667 4952 similes
1705 4885 1752 4930 et
1777 4876 2038 4946 wquules:

438 4952 532 5013 tibi
558 4950 687 5010 editi
720 4954 941 5017 habent,
979 4951 1147 5005 simile
1175 4953 1312 5023 quod
1340 4950 1558 5020 wguale.

510 5047 592 5117 (ιι)
622 5045 903 5114 Origenes,
928 5042 1020 5117 lib.
1052 5059 1069 5096 ι
1102 5042 1377 5117 Periareh.
1408 5056 1456 5095 c.
1477 5041 1545 5117 ⁵Ξ,
1577 5055 1644 5117 es
1670 5039 2036 5117 iisdemIScriT

433 5111 609 5191 pluris
661 5111 945 5191 cun-ﬁrmat
993 5114 1278 5184 imaginem
1315 5111 1584 5191 interdum
1634 5111 1683 5165 id
1707 5111 1834 5175 diei,
1886 5112 2029 5191 quod

433 5183 552 5255 eius
581 5191 734 5253 cujus
759 5188 935 5256 imago
966 5183 1312 5239 estnaturam
1339 5184 1787 5256 obtineatjgeaque
1816 5183 2028 5256 ratione

431 5253 626 5317 Filium
651 5259 826 5315 Patris
849 5253 1137 5326 imaginem
1184 5255 1516 5323 nuncupari:
1551 5253 1699 5326 Sicut
1744 5254 2024 5326 secundum

427 5333 694 5389 historiam
720 5330 938 5384 dicimus
960 5323 1237 5398 imaginem
1258 5326 1386 5379 Ade:
1405 5341 1511 5398 esse
1533 5325 1699 5398 ﬁliuni
1727 5324 1840 5395 ejus
1868 5323 2021 5398 sua;

425 5404 499 5457 ita
526 5404 657 5458 enim
685 5403 931 5471 scriptum
961 5412 1055 5462 est,
1073 5395 1171 5453 'Et
1198 5397 1372 5471 genuit
1394 5395 1561 5450 Adam
1584 5395 1712 5448 Seth
1737 5396 2017 5471 secundum

1339 4412 1450 4458 tum
1501 4417 1623 4458 cum
1652 4404 1863 4459 castoris
1907 4403 2038 4460 edit.
2068 4409 2124 4470 D

2167 3188 2278 3241 rios
2311 3184 2388 3259 (It)
2420 3184 2703 3241 adversum
2737 3185 3138 3243 indissolubiles
3173 3188 3608 3257 praedicationes
3636 3187 3782 3259 impii

2164 3275 2487 3348 fatigamus?
2512 3277 2616 3332 Per
2638 3276 2859 3349 Moysen
2888 3276 3019 3334 Seth
3048 3276 3179 3333 Adae
3200 3280 3520 3336 similitudo
3549 3290 3656 3348 est,
3687 3296 3783 3351 per

2162 3368 2427 3425 Joannem
2458 3369 2625 3425 Filius
2653 3370 2798 3425 Patri
2826 3371 3053 3441 mqualis
3080 3380 3162 3427 est
3193 3389 3207 3424 :
3255 3383 3311 3427 et
3339 3373 3649 3445 qumrimus
3675 3384 3783 3428 ter-

2162 3464 2293 3518 tium
2328 3463 2515 3519 nescio
2539 3464 2668 3535 quid
2715 3464 2859 3520 inter
2887 3464 3100 3520 Patrem
3124 3475 3181 3521 et
3207 3466 3422 3523 Filium
3444 3511 3462 3537 ,
3517 3469 3664 3539 quod
3696 3485 3786 3524 ua-

2164 3563 2281 3610 tura
2310 3570 2415 3610 non
2438 3557 2651 3626 recipit.
2690 3556 2895 3612 Similis
2935 3566 3017 3612 est
3044 3557 3228 3625 Patri,
3282 3561 3437 3617 ﬁlius
3464 3560 3649 3617 Patris
3678 3568 3781 3626 est,

2160 3663 2227 3705 ex
2276 3664 2343 3705 eo
2388 3659 2549 3706 natus
2596 3659 2717 3706 est:
2773 3666 2870 3721 per
2920 3651 3022 3707 hoc
3071 3653 3248 3710 solum
3298 3656 3394 3728 pie
3428 3665 3619 3728 potest
3641 3656 3785 3729 quod

2159 3760 2324 3800 unum
2355 3745 2464 3800 sint
2492 3747 2792 3816 przedicari.
3512 3742 3517 3743 ί

2233 3839 2321 3893 74.
2358 3837 2763 3895 Similitudinem
2817 3842 2926 3896 sine
2951 3844 3245 3907 (equalitate
3270 3848 3599 3918 conﬁtentes
3630 3849 3785 3920 refel-

2153 3933 2436 3991 luntur.—
2461 3935 2573 3992 Nec
2603 3952 2690 3992 me
2718 3936 2871 4004 fallit,
2890 3938 3107 3996 Fratres
3134 3941 3485 4011 charissimi,
3517 3942 3783 4016 quosdam
3870 3924 3875 3931 ’

2152 4042 2296 4095 esse,
2343 4030 2432 4099 qui
2462 4030 2874 4087 similitudinem
2903 4033 3257 4101 conﬁtentes,
3309 4047 3531 4109 negant
3553 4036 3788 4109 aequali-

2152 4130 2337 4179 tatem.
2384 4121 2488 4179 Sed
2521 4122 2810 4193 loquantur
2834 4133 2890 4179 ut
2918 4125 3124 4190 volunt,
3178 4135 3235 4183 et
3261 4127 3643 4200 blasphemia:
3672 4142 3786 4183 suae

2152 4219 2303 4275 virus
2331 4218 2578 4288 ingerant
2608 4216 3000 4289 ignorantibus.
3067 4218 3123 4276 Si
3175 4220 3325 4277 inter
3351 4221 3788 4280 similitudinem

2227 4405 2294 4479 (Ι)
2341 4404 2487 4473 Lips.
2519 4414 2575 4462 et
2606 4405 2752 4473 Par.,
2805 4405 2958 4479 etiam
2987 4407 3099 4461 sine
3123 4421 3316 4479 genere
3354 4424 3377 4462 :
3410 4416 3611 4464 contra
3645 4422 3782 4479 mss.

2147 4477 2306 4535 ﬁdem
2334 4490 2388 4535 ct
2409 4478 2594 4534 Hilarii
2613 4488 2870 4533 mentem.
2894 4477 3055 4533 Vetus
3080 4494 3180 4532 nis.
3206 4478 3384 4534 Carn.
3421 4495 3555 4535 cum
3590 4478 3783 4544 Mich.,

2147 4552 2311 4615 Tell.,
2348 4566 2555 4607 necnon
2580 4551 2715 4624 edit.
2747 4550 2902 4624 Bad.,
2938 4548 3030 4624 Er;
3061 4559 3118 4605 et
3140 4548 3290 4615 Min,
3336 4551 3557 4607 etiamsi
3587 4563 3787 4624 genus»:

2090 4644 2093 4645 ν
2146 4624 2289 4695 quod
2343 4622 2688 4695 commodum
2733 4622 2914 4695 animo
2951 4619 3109 4695 offert
3132 4636 3394 4695 sensum,
3426 4619 3787 4695 iputa',Seth

2146 4691 2354 4750 etiamsi
2403 4710 2572 4766 genus
2595 4693 2728 4749 Ada:
2770 4692 3034 4766 obtineat,
3083 4691 3254 4761 ipsius
3282 4691 3482 4749 tatne‘ﬁ
3514 4694 3784 4766 similitu-

2145 4767 2326 4823 dinem
2349 4762 2743 4828 co'gnuminari.
2797 4762 3140 4836 Praefcrimus
3187 4772 3385 4821 tamen
3416 4780 3551 4821 cum
3582 4764 3784 4836 Corb.,

2145 4838 2369 4905 Pratcl.,
2398 4838 2557 4902 Silv.,
2578 4837 2812 4907 ltetnig.,
2840 4834 3071 4907 Theod.,
3097 4834 3256 4890 Rom.
3276 4847 3338 4892 et
3368 4834 3561 4893 altero
3583 4834 3781 4905 Carm,

2146 4912 2346 4965 etiamsi
2393 4924 2664 4980 negemus:
2717 4906 2949 4980 maxime
2992 4921 3114 4961 cum
3173 4923 3333 4963 num.
3387 4909 3503 4974 75,
3556 4918 3783 4964 rursum

2145 4991 2413 5042 occurrat.
2445 4979 2590 5051 (equa
2612 4980 2762 5049 plane
2783 4987 2857 5032 est
2879 4979 3079 5051 etiamsi
3102 4995 3356 5049 negemus
3376 4996 3398 5035 :
3439 4980 3537 5037 ubi
3593 4982 3785 5038 denuo

2142 5052 2355 5119 Lipsius
2374 5053 2442 5106 de
2470 5050 2566 5106 suo
2586 5051 2788 5122 pnsuit,
2836 5050 2987 5122 etiam
3017 5050 3125 5104 sine
3138 5067 3353 5121 genere.

2214 5123 2291 5197 (g)
2346 5124 2403 5178 In
2436 5121 2673 5197 excusis,
2720 5121 3047 5197 naturales,
3080 5122 3402 5197 elegantius
3452 5139 3525 5182 ac
3583 5124 3778 5182 verius

2136 5195 2189 5250 in
2224 5193 2353 5250 iuss.
2386 5195 2659 5268 naturalif.
2719 5193 2855 5268 Tum
2893 5193 2961 5268 in_
2998 5193 3090 5268 his
3110 5193 3297 5268 verbis
3315 5236 3339 5268 _,
3388 5213 3493 5268 per
3519 5198 3784 5253 similitu-

2133 5268 2304 5321 dinem
2333 5283 2437 5321 non
2478 5262 2862 5337 indi/ferentis,
2914 5264 3151 5319 abundat
3190 5262 3433 5337 quidem
3492 5269 3778 5337 particula

2131 5354 2355 5413 negans,
2383 5352 2488 5413 nec
2508 5339 2659 5413 male
2680 5336 2943 5391 omittitur
2972 5337 3023 5390 in
3054 5351 3157 5413 ms.
3188 5336 3405 5413 Rom.,
3433 5342 3540 5397 sed
3578 5340 3780 5413 hujus-

2126 5407 2272 5481 modi
2327 5410 2616 5466 locutionis
2641 5407 2752 5477 jam
2801 5423 2908 5481 non
2954 5408 3119 5463 semel
3176 5412 3451 5481 exempla
3498 5407 3771 5469 vidimus.

426 5477 645 5541 speciem
666 5467 833 5529 suam.
877 5467 1379 5541 Quwimagoetiam
1399 5477 1599 5523 natura:
1637 5483 1697 5519 ac
1721 5467 2019 5522 substantia
2126 5479 2192 5536 ν,
2227 5483 2319 5537 tib,
2353 5497 2426 5537 γη
2451 5481 2521 5537 (ια
2541 5467 2691 5536 Tm],
2724 5496 2776 5534 η,
2809 5480 2897 5537 75,

482 5547 607 5599 atris
628 5555 674 5599 et
704 5543 829 5598 Filii
850 5544 1070 5597 continet
1090 5542 1357 5594 unitatem.

501 5633 942 5715 (eiln'plerisque
965 5646 1124 5715 mss,
1141 5632 1473 5715 pgiludinis.
1498 5627 1834 5688 Vocabulum
1851 5632 2012 5703 parti-

334 5708 341 5711 Ὗ
429 5706 627 5763 tudinis
650 5706 758 5778 jam
793 5705 1033 5761 occurrit
1058 5719 1114 5759 n.
1148 5704 1237 5758 17.

2195 5553 2275 5629 (Ii)
2319 5554 2391 5629 ita
2420 5569 2552 5609 mss.
2585 5551 2655 5629 ᾼι
2684 5551 2838 5619 editi,
2878 5551 3599 5629 adversumiudiwolubilis
3632 5572 3776 5629 pra:-

2120 5622 2389 5679 dicationis
2416 5626 2813 5702 auctoritatem;
2863 5631 2918 5680 et
2940 5640 3082 5693 mox,
3120 5622 3311 5679 Patris
3339 5622 3645 5699 (equalitas
3668 5638 3769 5702 est,

2117 5709 2226 5752 non
2275 5698 2490 5769 aequalis
2527 5704 2619 5751 est.
