4106 6192
435 291 551 351 529

1252 264 1455 351 uersu
1497 292 1584 351 or;
1624 294 1937 367 SYNODIS,
1981 294 2115 354 seu
2148 297 2237 354 DE
2275 298 2434 356 FIDE
2471 299 2965 363 omen“.qu

3645 306 3752 366 530

435 420 496 465 et
516 409 879 480 mqualitatcm
910 410 1133 466 ilin‘erre
1161 410 1349 466 dicunt
1373 429 1387 477 ;
1446 426 1632 482 qurere
1660 413 1801 470 unde
1825 427 2048 485 compa-
2071 414 2128 478 Α
2151 423 2244 470 aut
2263 414 2407 472 aliud
2435 417 2638 489 aliquid
2662 419 2802 477 inter
2826 421 3002 478 simile
3029 421 3209 479 dill'ert
3228 465 3244 489 ,
3275 430 3330 479 et
3356 422 3595 493 aequale;
3626 437 3748 480 cum

434 512 593 558 retur
616 504 915 573 requalitas.
989 504 1232 574 Namque
1260 504 1309 560 si
1339 506 1632 561 secundum
1663 508 1955 563 essentiam
1984 516 2039 564 et

433 596 692 652 virtutem
721 605 774 652 et
822 598 1048 668 gloriam
1094 608 1145 653 et
1189 607 1399 668 tempus
1429 598 1604 655 Patris
1633 599 1807 654 Filius
1844 599 2037 656 similis

433 698 555 755 est;
612 689 887 759 interrogo
916 706 983 744 ex
1012 705 1121 760 quo
1143 704 1249 744 non
1281 689 1526 746 videatur
1555 689 1719 762 505I
1746 688 1824 763 (a)
1846 706 2031 762 aequa-

2140 525 2261 579 quze
2288 510 2539 567 similiter
2563 512 2737 582 tiunt,
2784 515 2974 571 eadem
3016 516 3133 573 fieri
3167 516 3573 589 intelligantur?
3624 515 3742 573 Nisi

2140 600 2282 658 forte
2305 605 2589 675 quisquam
2647 622 2765 678 qua:
2814 609 3003 665 eadem
3026 620 3172 676 sunt,
3226 612 3443 682 negabit
3472 612 3745 683 aequalia;

2138 704 2197 751 ut
2226 710 2347 766 quae
2373 696 2571 753 similia
2598 708 2742 765 sunt,
2768 715 2876 756 non
2903 701 3151 758 dicantur
3174 704 3435 775 aequalia:
3466 719 3589 760 cum
3622 720 3775 777 quasi

433 781 527 837 lis.
557 780 687 836 Nam
719 782 884 838 etiam
916 781 1034 836 inec
1064 780 1116 836 in
1143 782 1409 853 superiori
1437 782 1543 838 tide
1569 784 1859 838 constituta
1883 782 2036 838 dam-
2136 788 2389 844 similiter
2414 790 2549 845 liunt
2571 833 2586 859 ,
2645 809 2751 848 non
2781 795 2945 850 modo
2989 797 3214 869 mqualia
3245 796 3387 865 ﬁeri,
3420 797 3516 854 sed
3543 798 3739 856 eadem

433 875 586 931 natio
611 886 734 931 est:
786 886 843 930 ut
867 876 1156 932 anathema
1179 885 1348 941 esset,
1379 875 1470 946 qui
1504 876 1714 931 Patrem
1746 875 2031 932 dissimilis

430 968 539 1023 sibi
559 969 809 1025 essentia:
829 968 1036 1024 diceret
1057 979 1288 1040 patrem.
1338 968 1393 1025 Si
1424 985 1555 1039 ergo
1580 979 1825 1025 naturam
1857 985 2031 1041 neque
2068 974 2078 983 '

430 1062 617 1125 aliam,
650 1077 828 1132 neque
853 1061 1171 1117 dissimilem
1200 1061 1282 1127 ei,
1313 1077 1474 1132 quem
1503 1062 1907 1133 impassibiliter
1932 1078 2027 1134 ge-

428 1156 678 1221 nerabat,
699 1156 889 1220 dedit;
952 1171 1056 1211 non
1087 1156 1441 1226 potestaliam
1471 1157 1715 1219 dedisse.
1770 1157 1871 1212 nisi
1906 1172 2028 1227 pro-

425 1249 624 1320 priam.
670 1250 746 1306 Ita
774 1249 1072 1306 similitudo
1119 1251 1421 1320 proprietas
1450 1261 1566 1316 est,
1624 1250 1925 1321 proprietas
1953 1268 2028 1308 ar-

424 1342 662 1412 qualitas
686 1352 803 1409 est,
858 1352 916 1398 et
938 1343 1218 1415 aequalitas
1261 1343 1394 1398 nihil
1440 1342 1638 1399 dill‘ert.
1684 1344 1814 1413 Qum
1843 1353 2022 1401 autem

375 1451 389 1460 δ
424 1434 564 1491 nihil
609 1434 885 1502 dilferunt,
934 1451 1099 1491 unum
1153 1444 1313 1502 sunt;
1372 1450 1478 1492 non
1522 1437 1723 1492 unione
1754 1451 2021 1509 personat,

421 1526 523 1583 sed
548 1527 856 1597 aequalitate
877 1536 1106 1582 naturae.

495 1620 585 1675 75.
640 1617 771 1674 Filii
813 1628 863 1673 et
918 1618 1093 1675 Patris
1141 1619 1317 1675 eadem
1347 1621 1530 1675 virtus.
1570 1651 1642 1661 -—
1687 1620 2019 1693 Quamquam

417 1727 555 1770 vero
576 1721 633 1769 et
658 1714 929 1768 communi
958 1727 1140 1782 sensu,
1167 1723 1224 1769 et
1250 1713 1449 1769 divinis
1474 1715 1907 1780 auctoritatibus,
1941 1716 2020 1771 in-

423 1816 506 1861 ter
533 1805 940 1862 similitudinem
970 1816 1025 1863 et
1047 1806 1412 1876 mqualitatem
1444 1806 1576 1861 nihil
1603 1806 1824 1863 dill‘erre
1852 1807 2010 1863 intel-
2044 1822 2090 1881 Β

416 1899 656 1969 ligatur;
714 1900 914 1968 quippe
943 1914 1067 1953 cum
1095 1899 1386 1954 secundum
1411 1897 1629 1969 Moysen
1669 1909 1721 1954 et
1745 1898 2007 1954 Joannem

412 1992 563 2047 Patri
587 1990 750 2048 Filius
779 2000 833 2046 et
857 1991 1053 2047 similis
1076 1992 1167 2057 sit,
1208 2000 1262 2047 et
1288 1990 1551 2062 mqualis:
1610 2001 1788 2048 tamen
1828 1990 2010 2046 videa-

413 2100 538 2141 mus
565 2102 634 2141 an
667 2085 944 2152 Dominus,
974 2085 1177 2142 iudicis
1207 2086 1569 2143 irascentibns
1608 2085 1752 2157 quod
1782 2086 2005 2151 Patrem

403 2177 517 2233 sibi
547 2179 710 2234 Deum
736 2178 969 2235 dicendo
998 2178 1109 2235 Deo
1138 2193 1197 2234 se
1242 2188 1592 2250 eamquasset,
1640 2194 1701 2235 se
1744 2194 1868 2235 esse
1906 2181 2005 2235 do-

406 2272 588 2326 cuerit
617 2273 726 2327 Deo
758 2272 1041 2342 aequalem.
1071 2271 1161 2326 Ait
1186 2272 1350 2338 enim,
1395 2270 1515 2326 Non
1555 2282 1717 2341 potest
1748 2270 1919 2327 Filius
1944 2272 2006 2327 ab

406 2382 461 2419 se
486 2369 653 2437 facere
680 2365 960 2437 quidquam
984 2407 1001 2433 ,
1053 2366 1153 2419 nisi
1190 2368 1328 2437 quod
1360 2366 1540 2421 uiderit
1574 2365 1785 2422 Patrem
1811 2366 2006 2437 facien-

405 2470 506 2514 tem
539 2457 714 2531 (Joan.
747 2475 804 2524 v,
838 2458 951 2531 19).
1009 2462 1297 2515 Auctorem
1326 2460 1580 2515 discrevit
1607 2475 1730 2515 cum
1755 2461 1850 2527 ait,
1883 2458 2007 2515 Non

405 2565 575 2626 potest
601 2555 665 2609 ab
704 2572 758 2609 se
790 2559 999 2627 facere:
1050 2554 1124 2629 (b)
1171 2554 1534 2611 obedientiam
1575 2554 1842 2627 signiﬁcat
1880 2568 2002 2611 cum

402 2649 572 2715 addit,
619 2650 720 2703 nisi
738 2649 875 2720 quod
903 2648 1086 2703 uiderit
1118 2648 1329 2703 Patrem
1359 2649 1647 2719 facientem.
1718 2648 1836 2704 Non
1860 2647 2003 2703 enim

403 2742 618 2797 virtutis
643 2741 951 2797 dillerentia
982 2749 1103 2807 est,
1140 2756 1246 2797 non
1276 2757 1439 2813 posse
1478 2742 1580 2797 nisi
1607 2741 1824 2807 videat;
1875 2743 2001 2811 quia

404 2834 654 2889 virtutem
684 2833 853 2904 magis
878 2842 1098 2903 praestat
1127 2842 1337 2898 natura,
1368 2849 1528 2904 quam
1554 2833 1703 2888 visus
1734 2851 1746 2886 :
1791 2842 1846 2887 at
1871 2847 2002 2888 vero

403 2929 701 3001 obscquela’
721 2937 827 2993 est,
859 2938 988 2983 tunc
1010 2942 1175 2998 posse
1200 2943 1324 2983 cum
1354 2928 1555 2983 videat.
1599 2928 1773 2999 Atque
1801 2928 1873 2982 ita
1907 2943 2002 2997 per

400 3021 476 3087 id,
504 3022 643 3092 quod
662 3030 789 3079 tunc
816 3029 994 3094 potest
1012 3037 1132 3079 cum
1159 3020 1325 3088 videt,
1355 3019 1624 3091 significat
1654 3036 1759 3077 non
1787 3037 1854 3076 ex
1883 3020 1999 3075 visu

398 3131 459 3172 se
489 3117 734 3187 accipere
760 3114 1014 3171 virtutem
1045 3156 1060 3182 ,
1118 3114 1216 3172 sed
1247 3115 1569 3171 auctoritate
1618 3115 1765 3171 visus
1794 3129 2001 3185 pracsu-

2139 882 2522 953 przedicentur.

2206 997 2366 1070 505
2390 999 2478 1054 76.
2499 999 2838 1055 Hommusion
2856 1014 2990 1058 recte
3009 1004 3112 1059 dici
3124 1003 3530 1077 posse.—Caret
3552 1008 3738 1079 igitur,

2132 1089 2374 1157 Fratres.
2418 1094 2717 1150 similitudo
2751 1105 2960 1151 naturae
3000 1099 3345 1154 contumeliae
3382 1100 3733 1172 suspicione:

2130 1202 2233 1242 nec
2263 1195 2442 1257 potest
2472 1187 2641 1244 videri
2673 1188 2841 1245 Filius
2873 1192 3075 1247 idcirco
3102 1193 3154 1247 in
3187 1194 3519 1264 proprietate
3551 1206 3733 1265 pater-

2128 1294 2215 1333 nae
2240 1289 2447 1335 naturae
2478 1296 2583 1335 non
2616 1296 2760 1347 esse,
2798 1283 2923 1353 quia
2971 1284 3164 1339 similis
3185 1294 3302 1340 est:
3334 1301 3456 1341 cum
3481 1286 3739 1343 similitu-

2127 1372 2198 1429 do
2239 1374 2383 1428 nulla
2431 1375 2521 1437 sit,
2556 1375 2657 1431 nisi
2686 1391 2753 1431 ex
2796 1378 3104 1448 :equalitate
3154 1388 3401 1447 natum;
3456 1382 3736 1453 aequalitas

2125 1477 2304 1525 autem
2328 1479 2534 1525 naturae
2565 1486 2670 1527 non
2696 1480 2874 1542 potest
2902 1473 3167 1539 esse,nisi
3198 1490 3302 1530 una
3329 1475 3434 1539 sit;
3468 1490 3574 1530 una
3603 1491 3735 1532 vero

2131 1578 2238 1619 non
2267 1579 2520 1636 personae
2548 1566 2775 1631 unitate,
2809 1566 2902 1621 sed
2930 1567 3167 1636 generis.
3204 1567 3329 1623 lltec
3352 1568 3486 1624 tldes
3513 1569 3600 1639 pia
3628 1579 3733 1638 est,

2124 1655 2244 1713 hmc
2281 1659 2610 1714 conscientia
2650 1659 2898 1731 religiosa
2922 1702 2937 1726 ,
2982 1659 3070 1715 hic
3117 1661 3371 1716 salutaris
3417 1678 3599 1718 sermo
3625 1674 3731 1733 est,

2122 1767 2282 1806 unam
2310 1752 2666 1808 substantiam
2699 1753 2874 1807 Patris
2903 1760 2958 1807 et
2985 1753 3107 1807 Filii
3141 1752 3343 1808 idcirco
3366 1768 3472 1808 non
3502 1770 3746 1826 negare,t

2118 1848 2243 1914 quia
2288 1845 2478 1899 similis
2525 1853 2642 1899 est:
2694 1843 2926 1928 similem
2976 1859 3105 1901 vero
3166 1845 3235 1900 ob
3281 1844 3334 1900 id
3391 1846 3719 1917 przedicare,

2109 1937 2232 2007 quia
2259 1952 2426 1992 unum
2453 1946 2597 1992 sunt.

2189 2051 2278 2106 77.
2326 2051 2600 2121 Exposita,
2650 2053 2985 2121 Charissimi,
3038 2054 3196 2109 unius
3220 2053 3555 2120 substantiae,
3590 2068 3713 2125 quin

2113 2158 2292 2215 grtece
2323 2143 2644 2200 homousion
2673 2145 2894 2213 dicitur,
2924 2153 2980 2201 et
3008 2146 3201 2200 similis
3231 2145 3570 2214 substantiae,
3598 2162 3724 2217 quae

2114 2237 2454 2293 homoension
2475 2239 2794 2309 appellatur,
2851 2239 2994 2294 ﬁdeli
3024 2254 3087 2294 ac
3116 2239 3200 2309 pia
3225 2238 3613 2309 intelligentia;
3646 2240 3722 2313 (ε)

2112 2341 2166 2388 ct
2190 2333 2353 2400 vitiis,
2378 2349 2498 2404 qua:
2522 2350 2587 2389 ex
2619 2334 2908 2390 verborum
2938 2333 3022 2389 vel
3054 2332 3317 2391 brevitate
3348 2335 3599 2403 subdola,
3626 2336 3712 2391 vel

2109 2424 2417 2494 periculosa
2470 2426 2712 2482 nuditate
2751 2425 2999 2482 accidere
3048 2429 3276 2496 possint,
3314 2428 3721 2484 absolutissime

2107 2518 2495 2575 demonstratis
2535 2538 2547 2573 :
2577 2520 2822 2590 reliquus
2851 2518 2985 2573 mihi
3014 2534 3200 2575 sermo
3227 2519 3295 2576 ad
3323 2531 3541 2576 sanctos
3569 2521 3720 2576 viros

2105 2609 2414 2667 Orientales
2445 2612 2733 2681 episcopos
2756 2611 3073 2681 dirigendus
3100 2621 3183 2666 est
3208 2628 3223 2676 ;
3257 2621 3317 2666 ut
3345 2613 3472 2683 quia
3497 2612 3609 2683 jam
3640 2613 3711 2671 de

2108 2701 2214 2758 {ide
2260 2711 2442 2758 nostra
2483 2703 2619 2758 nihil
2652 2703 2792 2757 inter
2824 2716 2921 2756 nos
2964 2702 3290 2772 suspicionis
3324 2704 3573 2759 relictum
3603 2713 3709 2771 est,

2104 2810 2171 2851 ea
2196 2811 2316 2866 qua:-
2344 2795 2521 2850 adliuc
2546 2796 2598 2849 in
2627 2795 2990 2865 suspicionem
3021 2810 3085 2851 ex
3113 2795 3294 2850 verbis
3318 2795 3553 2851 .veniunt
3582 2811 3713 2867 pur-

2104 2896 2335 2957 gentur:
2369 2896 2423 2942 et
2444 2886 2651 2943 dabunt
2675 2887 2912 2953 veniam,
2948 2902 3017 2942 ex
3070 2888 3378 2945 communis
3429 2889 3714 2948 conscien-

2101 2980 2191 3036 tia:
2218 2979 2324 3037 llde
2347 2995 2532 3037 secum
2563 2980 2784 3037 liberius
2814 2981 3084 3037 locuturo.

2174 3118 2265 3175 78.
2311 3117 2653 3173 Orientalium
2696 3116 2809 3172 laus
2836 3116 2897 3171 ob
2949 3117 3187 3172 Itwrcsim
3241 3118 3536 3175 coercitam.
3564 3150 3635 3161 —
3661 3119 3708 3176 Ο

398 3225 549 3265 mere
579 3218 923 3280 potestatem.
970 3208 1085 3265 Non
1114 3224 1243 3280 ergo
1281 3208 1460 3265 dili‘ert
1497 3218 1704 3264 natura:
1736 3209 1905 3264 virtus
1939 3208 1993 3263 in
2024 3216 2070 3281 ο
2101 3208 2328 3268 studiosi
2366 3211 2582 3268 tandem
2610 3210 2921 3282 apostolicae
2952 3220 3116 3281 atque
3138 3210 3467 3282 evangelica:
3496 3211 3707 3269 doctri-

396 3303 559 3359 Patre
579 3312 635 3359 et
662 3301 838 3357 Filio:
867 3304 952 3357 cui
985 3301 1087 3358 hoc
1116 3317 1277 3373 posse
1305 3301 1450 3373 quod
1474 3300 1634 3356 Pater
1664 3302 1854 3371 possit,
1888 3315 1995 3356 non

395 3412 464 3453 ex
498 3397 837 3452 incremento
862 3395 1043 3466 aliquo
1071 3404 1278 3451 natura:
1306 3394 1579 3467 prolectus
1611 3394 1853 3461 tribuat,
1899 3393 1996 3449 sed

395 3478 754 3559 (c)'auctoris
791 3487 1121 3556 exemplum.
1199 3486 1440 3556 Denique
1490 3484 1779 3553 honorem,
1834 3499 1995 3555 quem

394 3581 665 3650 Stibjectio
695 3579 1057 3646 conservavit,
1092 3589 1298 3636 natura:
1317 3579 1486 3634 virtus
1514 3582 1767 3650 aequavit.
1806 3578 1999 3649 Snbje-

394 3672 472 3728 cit
500 3673 642 3728 enim
672 3691 686 3726 :
734 3672 1082 3744 Quwcumque
1107 3672 1240 3727 enim
1264 3672 1356 3726 ille
1379 3673 1521 3745 facit,
1556 3674 1731 3726 eadem
1758 3681 1803 3727 et
1828 3669 1876 3725 F
1879 3672 1999 3725 ilius

390 3768 632 3822 similiter
660 3767 781 3838 facit
803 3767 1072 3839 (Ibidem).
1129 3766 1398 3838 Numquid
1448 3765 1745 3821 similitudo
1775 3764 1855 3839 (d)
1886 3781 1994 3821 non

390 3878 550 3933 aequa
574 3861 700 3918 est?
744 3861 920 3934 )Equa
950 3863 1108 3933 plane
1136 3872 1215 3918 est
1237 3862 1448 3917 etiamsi
1476 3876 1784 3932 negemus:
1820 3861 1994 3914 eadem

389 3959 539 4014 ettim
564 3957 803 4011 similiter
824 3958 967 4028 facit.
1028 3956 1294 4028 Numquid
1318 3956 1568 4011 similiter
1596 3957 1734 4025 facta
1769 3971 1876 4009 non
1902 3969 1996 4010 ca-

389 4050 519 4106 dem
546 4050 715 4105 sunt?
758 4059 853 4105 aut
899 4050 1088 4107 eadem
1133 4067 1241 4106 non
1281 4052 1548 4121 rccipiunt
1581 4050 1990 4120 :equalitatem?

467 4189 546 4254 (a)
599 4187 833 4242 Rursum
891 4188 976 4243 hic
1000 4188 1050 4240 in
1077 4188 1324 4257 vulgatis,
1359 4187 1628 4257 inqualitas
1658 4198 1749 4242 est.
1799 4188 1994 4245 Verbis

386 4259 750 4325 sequentibus
780 4260 1028 4314 laudatur
1052 4261 1349 4330 Ancyrana:
1380 4258 1573 4330 synodi
1597 4260 1992 4330 delinitiosep-

387 4331 544 4384 tima.

461 4404 539 4475 (ὸ)
568 4403 905 4460 Ohedientia:
937 4402 1314 4475 nonten,quod
1341 4401 1428 4475 hic
1449 4417 1582 4475 sano
1603 4417 1769 4475 sensu
1800 4402 1995 4459 admit-

388 4477 453 4530 tit
475 4473 720 4530 Hilarius
748 4477 813 4529 ad
842 4473 1249 4545 signiﬁcandam
1283 4474 1406 4545 Filii
1444 4488 1473 4527 a
1500 4474 1657 4529 Patre
1691 4474 1988 4545 originem,

387 4548 717 4619 simpliciter
758 4544 963 4619 respuit
998 4545 1293 4619 Gregorius
1341 4544 1622 4619 Naaianz”
1655 4545 1749 4599 Or.
1790 4544 1988 4602 axxvt:

2102 3322 2184 3362 me
2211 3306 2336 3374 viri,
2365 3320 2500 3378 quos
2532 3304 2658 3360 ﬁdei
2700 3303 2849 3359 calor
2886 3304 2940 3358 in
2971 3303 3133 3360 tantis
3161 3303 3398 3359 tenebris
3435 3304 3707 3362 haeretica:

2102 3400 2278 3456 noctis
2304 3399 2551 3454 accendit
2577 3399 2591 3454 !
2620 3398 2885 3466 Quantam
2917 3411 3074 3467 spem
3103 3396 3426 3452 revocanda:
3454 3411 3602 3454 verse
3640 3398 3705 3453 ll-

2100 3492 2187 3549 dei
2214 3493 2492 3559 attulistis,
2536 3500 2849 3548 constanter
2890 3489 3117 3546 audacis
3165 3490 3406 3561 perﬁdia:
3446 3491 3707 3563 impetum

2102 3584 2469 3642 retundendo!
2527 3584 2701 3641 Antea
2731 3585 2875 3640 enim
2917 3584 2973 3638 in
3014 3588 3247 3643 obscuro
3271 3594 3430 3655 atque
3460 3586 3516 3641 in
3540 3601 3708 3657 angu-

2102 3679 2169 3734 lis
2200 3678 2460 3732 Dominns
2500 3675 2752 3732 Christus
2802 3675 2897 3730 Dei
2939 3690 3064 3731 esse
3111 3675 3409 3732 secundum
3456 3686 3706 3735 naturam

2103 3770 2244 3825 ﬁlius
2287 3771 2621 3840 negabatur:
2672 3777 2729 3824 et
2751 3768 3003 3823 essentia:
3042 3769 3198 3840 in0ps
3244 3777 3501 3840 paternae,
3547 3786 3708 3828 acce-

2100 3864 2245 3933 pisse
2282 3878 2403 3917 cum
2449 3864 2714 3917 creaturis
2757 3860 3021 3931 originem
3072 3859 3141 3915 de
3182 3874 3288 3915 non
3355 3862 3702 3918 exstantibus

2098 3954 2510 4026 praedicabatur.
2581 3952 2652 4007 At
2698 3967 2829 4007 vero
2881 3965 3026 4006 nunc
3073 3951 3308 4021 publica:
3356 3952 3702 4010 auctoritatis

2097 4048 2437 4121 professione
2482 4047 2707 4101 ltmresis
2733 4059 3122 4117 prorumpens,
3149 4044 3202 4100 id
3230 4045 3376 4116 quod
3403 4055 3557 4104 antea
3590 4046 3703 4104 fur-

2104 4188 2405 4256 probarem;
2430 4195 2477 4242 et
2502 4198 2669 4241 tamen
2730 4187 3059 4256 solampiam
3086 4203 3196 4242 esse
3236 4188 3590 4246 similitudinis
3615 4192 3702 4248 in-

2100 4260 2434 4385 fielligentiam
2462 4258 2812 4328 admonerem,
2839 4273 2955 4329 qua:
2977 4260 3223 4314 unitatem
3241 4258 3538 4318 substantia:
3565 4280 3703 4333 pra:-

2138 4342 2315 4385 icaret.

2138 4342 2328 4458 “ﬂcio
2352 4418 2491 4468 vero,
2519 4401 2659 4473 quod
2694 4401 2914 4457 laudans
2954 4418 3039 4457 eos
3082 4402 3406 4475 (Orientales
3443 4406 3564 4462 scil.
3597 4406 3698 4464 bo—

2102 4474 2368 4547 maausion
2398 4478 2817 4546 prepugnantes)
2838 4475 2892 4528 in
2912 4474 3158 4547 inviditnu
3185 4476 3412 4531 deducor
3430 4494 3463 4531 a
3487 4479 3700 4547 quibus-

2101 4546 2255 4619 dam;
2296 4561 2480 4619 parum
2515 4545 2803 4600 intellectus
2845 4562 2982 4601 sum.
3016 4545 3137 4601 Non
3163 4547 3298 4601 enim
3325 4564 3411 4604 eos
3439 4545 3607 4604 ueram
3631 4551 3699 4619 ﬁ-

392 4618 462 4673 Ut
485 4605 619 4673 c'uini
656 4605 898 4683 l’erbuni,
922 4605 1138 4686 inquit:
1186 4633 1278 4670 nec
1307 4617 1544 4669 obediens
1565 4605 1704 4679 erat,
1746 4634 1839 4672 nec
1873 4619 1988 4672 ino-
2016 4605 2070 4667 D
2097 4605 2346 4678 dentfséd
2387 4632 2520 4671 ενι-ιιι
2548 4631 2879 4672 κεγοοΑΝΜε
2917 4631 3077 4683 van;
3114 4634 3258 4673 nam
3285 4621 3523 4673 attulisse
3550 4605 3696 4674 dix'i:

387 4692 619 4764 bctlicns,
672 4694 741 4753 ὡς
767 4693 857 4764 μέν
883 4685 1160 4764 γὰρλόγος
1187 4686 1576 4764 οὕτξμρτιξήκρος,
1608 4685 1724 4741 οὔτε
1753 4691 1985 4764 ἀνήκοος.

462 4762 535 4834 (c)
570 4759 920 4834 Micliaelinus
945 4759 1114 4814 codex
1144 4776 1267 4834 cum
1296 4759 1600 4834 'l'elleria‘no
1621 4799 1635 4821 ,
1670 4762 1991 4834 auctoritatis

385 4829 717 4903 exemplum:
768 4832 909 4902 quod
952 4845 1071 4903 non
1110 4829 1490 4903 abhorretab
1519 4829 1790 4903 Hilariana
1844 4832 1991 4887 locu-

388 4899 560 4960 tione.
612 4904 711 4958 llic
739 4899 965 4957 auctoris
995 4902 1076 4956 vel
1108 4899 1429 4955 auctoritatis
1449 4900 1739 4968 exemplum
1769 4903 1991 4971 perinde

388 4988 474 5031 est
506 5019 518 5039 ,
557 4976 699 5047 quod
751 4989 913 5047 supra
960 4974 1240 5027 auctoritas
1268 4972 1453 5047 uisus,
1498 4971 1639 5041 quod
1697 4972 1793 5027 lib.
1821 4988 1894 5027 vn
1924 4974 1991 5029 de

388 5048 545 5104 Trin.
576 5044 660 5103 ἠ.
695 5047 791 5104 18;
844 5046 1044 5100 virtutis
1084 5061 1145 5098 ac
1193 5055 1395 5099 natura:
1416 5044 1470 5096 in
1512 5059 1565 5098 se
1609 5051 1837 5111 paternae
1870 5061 1992 5100 con-

384 5121 624 5174 scientia.

460 5192 550 5265 (ά)
574 5191 723 5262 Lips.
756 5199 813 5245 et
840 5189 963 5244 Par.
985 5229 1001 5257 ,
1030 5204 1131 5243 non
1152 5203 1300 5261 (equa
1319 5187 1473 5259 plane
1495 5196 1568 5242 est
1595 5187 1753 5242 etiam
1772 5188 1884 5244 sine
1903 5206 1994 5262 ge—

385 5279 510 5319 nere
524 5263 556 5316 '?
604 5269 879 5331 corrupte.

461 5335 532 5407 (e)
576 5333 635 5389 In
665 5329 971 5407 antiquiore
1009 5346 1112 5386 nis.
1135 5329 1378 5407 _C_arnu_t.
1426 5342 1492 5386 vet
1515 5330 1856 5407 .Micbaelino
1885 5348 1989 5407 una

382 5401 530 5462 serie
558 5408 643 5462 hic
672 5401 964 5471 adteiiitur,
1008 5402 1149 5473 quod
1193 5404 1247 5457 itt
1290 5401 1669 5473 alterorgCarn.
1711 5418 1777 5459 ac
1812 5403 1990 5459 Telle-

385 5484 541 5536 riano
571 5479 638 5533 ad
676 5478 797 5532 libri
826 5492 976 5530 oram
1009 5471 1093 5530 est
1116 5475 1375 5543 reiectum
1410 5491 1423 5527 :
1453 5471 1577 5528 Non
1622 5483 1745 5545 puto
1794 5490 1989 5545 quem-

384 5568 542 5622 quam
567 5547 953 5622 admonendum
972 5547 1027 5622 in
1044 5547 1146 5622 hoc
1164 5547 1296 5622 loco,
1310 5553 1364 5599 ut
1392 5546 1648 5622 capendat
1668 5546 1986 5622 quaredixe-

384 5617 485 5678 rint
524 5620 711 5677 similis
760 5617 1060 5673 substantiae
1093 5618 1232 5687 piam
1278 5617 1694 5688 intelligentiam,
1738 5617 1839 5670 nisi
1865 5619 1986 5687 quia

382 5695 724 5765 intelligerent
751 5702 797 5765 et
821 5690 1070 5765 impiam;
1110 5696 1158 5765 et
1186 5688 1378 5765 idcirco
1426 5687 1645 5742 similem
1669 5703 1789 5765 non.
1819 5691 1987 5765 solum

383 5759 657 5838 «quatiam,
687 5762 777 5817 sed
798 5763 950 5838 etiam
972 5760 1538 5838 eamdem‘dixisseiut
1561 5775 1720 5838 neque
1745 5759 1989 5838 similitu-

385 5830 581 5905 dinem,
603 5849 758 5904 quam
775 5844 852 5902 tu,
872 5832 1033 5901 frater
1055 5830 1288 5903 Lucifer,
1307 5830 1581 5903 praedicari
1609 5831 1864 5895 volueras,
1885 5832 1955 5885 im
1968 5861 1985 5871 -

2100 4697 2156 4743 ut
2184 4690 2314 4743 sicut
2335 4689 2414 4741 illi
2435 4688 2599 4742 auditi
2628 4697 2766 4753 sunt,
2794 4689 2868 4741 ita
2889 4698 2936 4742 et
2961 4703 3053 4741 nos
3081 4705 3143 4743 ea:
3172 4690 3268 4743 hoc
3295 4700 3473 4743 contra
3510 4689 3697 4744 Valen-

2099 4769 2199 4813 tem
2244 4770 2290 4813 et
2343 4757 2617 4830 Ursacium
2661 4774 2922 4830 possemus
2951 4759 3143 4825 audiri,
3170 4770 3217 4812 et
3248 4758 3325 4830 (in
3366 4774 3495 4814 mss.
3528 4760 3692 4818 Mielt.

2098 4830 2440 4901 cooptandus,
2472 4831 2527 4882 in
2564 4828 2900 4901 Carnutensi
2941 4837 3203 4901 autemet
3247 4828 3383 4883 Tell.
3422 4840 3606 4899 coapta
3632 4849 3695 4886 ea

2100 4899 2281 4973 Deus:
2311 4915 2378 4973 an
2411 4915 2511 4970 pro
2547 4908 2805 4973 quoaptte
2832 4899 3034 4973 adeas,
3058 4899 3139 4973 vel
3162 4909 3357 4973 captus
3382 4901 3449 4954 ad
3470 4906 3578 4971 eos)
3608 4904 3693 4957 al-

2102 4971 2375 5026 lacutionis
2418 4970 2585 5025 sermo
2612 4971 2832 5025 blandus
2862 4970 2993 5024 nihil
3032 4970 3179 5023 aliud
3203 4970 3356 5039 quain
3399 4970 3695 5041 procacium

2100 5044 2447 5097 conviciorum
2484 5041 2729 5114 eﬂugeret
2754 5042 3069 5114 foeditatem;
3117 5056 3230 5095 cum
3261 5044 3492 5096 anterius
3539 5054 3692 5114 atque

2098 5116 2254 5169 etiam
2292 5113 2679 5187 probrosius’in
2725 5113 3143 5187 consequentibus
3181 5114 3383 5168 occulta
3419 5115 3695 5187 expositio-

2094 5201 2219 5240 num
2246 5183 2406 5241 essem
2425 5184 2675 5240 scandala
2700 5183 3019 5255 proditurus.

2166 5256 2337 5313 Adest
2353 5258 2465 5327 jam
2491 5258 2709 5312 tertium
2738 5270 3058 5327 responsum
3100 5256 3224 5312 libri
3250 5256 3409 5327 hujus
3432 5256 3713 5327 apologe-‘

2095 5331 2297 5386 ticum:
2348 5330 2502 5397 cujus
2539 5329 2713 5398 prima
2762 5343 2901 5399 pars
2923 5326 3070 5383 cadit
3117 5329 3172 5383 in
3217 5326 3333 5383 haec
3376 5326 3561 5395 verba,
3600 5326 3695 5399 pia

2092 5401 2450 5476 intelligentia,
2479 5400 2651 5476 altera
2683 5413 2814 5476 vero
2840 5398 2909 5476 ad
2934 5400 3142 5476 numeri
3171 5399 3449 5476 sequentis
3476 5398 3689 5476 initium

2090 5469 2301 5528 attinei.
2343 5472 2420 5526 Ex
2461 5485 2528 5527 eo
2563 5472 2730 5542 liquet
2762 5470 2815 5524 1⁸
2863 5469 3005 5525 hunc
3046 5469 3262 5542 librum
3290 5469 3541 5526 Lucifero
3568 5473 3686 5528 dis-

2089 5544 2346 5617 plicuisse
2376 5542 2511 5617 ,μευ
2573 5541 2839 5617 Hilarium
2881 5541 3059 5617 etiam
3106 5541 3411 5617 quibusdam
3466 5553 3689 5614 propter

2092 5612 2345 5672 eumdem
2376 5613 2571 5667 librum
2597 5614 2652 5666 in
2694 5612 3055 5679 suspicionem
3081 5614 3313 5679 venisse,
3356 5615 3418 5668 3°
3443 5612 3688 5671 eumve-

2093 5704 2208 5743 ram
2259 5700 2367 5740 non
2408 5682 2746 5739 existimasse
2773 5681 3126 5754 Orientalium
3148 5681 3331 5751 tidem,
3363 5684 3428 5738 ιο
3456 5701 3563 5754 quo
3589 5702 3686 5743 eos

2094 5758 2323 5814 consilio
2349 5765 2423 5810 tot
2454 5754 2703 5809 laudibus
2731 5753 3023 5819 eﬂ'erat,ac
3050 5753 3263 5809 demum
3286 5770 3383 5810 cur
3411 5753 3518 5813 tam
3546 5760 3685 5814 utut»

2098 5840 2147 5887 ta
2173 5830 2438 5887 edisserat
2466 5826 2518 5884 in
2546 5825 2769 5895 gratiam
2792 5824 3156 5885 similitudinis
3180 5824 3451 5886 essentim.
