4106 6192
350 315 446 371 55!

1547 303 1787 362 SANCTI
1831 302 2084 361 MILAHII
2130 304 2431 363 l‘li’lSliOPl

3544 310 3561 359 ἶ
3564 309 3650 361 i712

341 430 435 484 tim
487 429 825 497 mussitabat,
862 446 999 485 nunc
1034 429 1112 501 (ιι)
1146 442 1251 484 non
1284 428 1422 481 clam
1456 426 1643 480 victrix
1676 424 1943 495 gloriaba.
1971 427 2017 486 Α
2053 434 2161 480 tres
2211 425 2542 495 cbarissinti,
2583 426 2807 493 fallunt;
2842 427 2963 499 quia
2990 441 3205 495 semper
3221 426 3563 483 fefellerunt:
3598 437 3652 484 et

348 533 452 580 tur.
487 524 650 597 506
689 525 892 592 Quibus
922 525 1065 579 enim
1107 531 1264 579 antea
1310 520 1576 577 cuniculis
1605 521 1657 575 in
1709 519 1942 574 catholi-

348 632 470 674 cam
516 616 819 673 Ecclesiam
866 632 973 671 non
1030 615 1255 671 tentavit
1306 613 1587 684 irrepere?
1642 611 1787 679 Quas
1836 625 1943 665 non

350 710 432 784 (b)
449 711 713 778 exseruit,
733 710 881 765 falsae
898 709 1175 781 religionis
1187 706 1574 773 blandimento,
1590 704 1774 761 saeculi
1792 709 1945 772 pote-

347 803 558 862 states?
598 803 858 859 Homines
900 805 1046 859 cnim
1094 800 1335 873 perversi
1375 816 1440 857 eo
1471 815 1641 870 usque
1688 812 1947 868 prorupe-

349 907 495 965 rant,
542 907 599 954 ut
635 912 757 953 cum
816 898 922 955 hoc
969 899 1068 970 ipsi
1095 897 1390 970 praedicare
1418 895 1631 964 publice
1658 908 1763 947 non
1786 893 1951 947 aude-

348 1000 492 1058 rent,
524 990 907 1063 lmperatorem
936 1003 1110 1047 tamen
1131 991 1375 1046 fallerent
1399 989 1465 1044 ad
1499 987 1574 1061 (ο)
1602 986 1948 1043 audiendum.

350 1085 687 1143 Fefellerunt
738 1085 881 1141 enim
932 1085 1270 1156 ignorantem
1303 1099 1508 1155 regem,
1540 1090 1601 1138 ut
1645 1078 1952 1137 istiusmodi

351 1179 599 1250 perﬁdim
630 1180 789 1235 ﬁdem
818 1181 972 1235 bellis
1002 1186 1300 1249 occupatus
1320 1185 1638 1249 exponeret,
1662 1184 1718 1231 et
1739 1174 1956 1230 creden-

357 1271 412 1327 di
439 1270 665 1327 lormam
708 1271 963 1327 Ecclesiis
992 1271 1228 1326 nondum
1259 1277 1609 1340 regeneratus
1632 1269 1957 1340 imponeret.

359 1359 806 1417 Contradiccntes
872 1363 1161 1433 episcopos
1222 1362 1288 1417 ad
1341 1360 1589 1417 exsilium
1640 1365 1956 1430 coegerunt.

356 1451 665 1523 Coegerunt
706 1454 848 1509 enim
879 1470 980 1510 nos
1005 1454 1074 1510 ad
1119 1455 1453 1510 voluntatem
1494 1451 1800 1517 cxsulandi,
1833 1451 1960 1507 dum

360 1544 655 1614 impietatis
714 1546 999 1613 imponunt
1046 1546 1446 1601 necessitatem.
1497 1543 1604 1600 Sed
1651 1542 1961 1597 exsulemus

360 1651 598 1706 semper,
628 1637 922 1693 dummodo
965 1638 1185 1707 incipiat
1216 1652 1403 1692 verum
1445 1636 1747 1707 praedicari.
1785 1632 1966 1690 Domi-

363 1743 435 1783 no
461 1730 603 1784 enim
639 1731 862 1800 gratias,
892 1731 1037 1800 quod
1088 1731 1480 1801 ignorationem
1525 1745 1623 1800 per
1652 1744 1750 1784 vos
1780 1728 1968 1783 admo-

2047 518 2161 589 ipsa
2190 518 2284 572 illa
2315 533 2555 588 prmsens
2582 534 2724 576 nunc
2766 520 3095 590 subscriptio
3124 535 3230 575 non
3261 529 3411 575 caret
3442 519 3651 576 falsita-

2049 618 2122 666 te.
2151 611 2423 666 Excusant
2458 614 2602 667 enim
2634 630 2693 669 se
2744 614 2945 669 idcirco
2973 612 3293 668 bomousion
3326 621 3382 668 et
3409 616 3657 670 homosu-

2048 703 2166 758 sion
2199 702 2369 759 taceri
2392 703 2650 771 voluisse,
2671 705 2793 776 quia
2814 720 2976 760 unum
3002 715 3164 776 atque
3186 705 3329 761 idem
3358 705 3652 778 signiﬁcari

2049 794 2218 850 verbo
2249 796 2479 865 utroque
2535 796 2930 852 existimarent.
2970 797 3148 852 [ludes
3191 797 3355 853 credo
3411 799 3656 869 episcopi

2052 895 2107 941 et
2136 888 2449 957 ignorantes
2478 889 2745 944 bomousii
2804 888 3254 961 signiﬁcationem
3278 906 3289 942 :
3326 891 3474 960 quasi
3503 904 3663 945 num-

2053 994 2213 1050 quam
2242 979 2310 1036 de
2340 981 2442 1034 hoc
2471 990 2560 1036 aut
2587 979 2825 1054 synodus
2853 982 3063 1047 ruisset,
3092 988 3186 1035 aut
3215 982 3358 1037 lites.
3400 981 3509 1037 Sed
3538 991 3662 1037 esto

2056 1074 2441 1145 ignoraverunt
2477 1077 2823 1141 bomousion,
2855 1076 2924 1148 (Ῑ)
2955 1084 3049 1130 aut
3072 1077 3389 1131 nesciebant
3412 1076 3665 1131 Ιιυιιιωιι-

2057 1167 2173 1223 sion
2202 1166 2254 1222 id
2278 1166 2589 1238 signiﬁcari,
2612 1168 2757 1238 quod
2801 1168 2993 1224 similis
3012 1172 3156 1223 esset
3190 1168 3462 1224 essentne.
3497 1167 3661 1241 507

2066 1256 2183 1313 Jam
2210 1259 2253 1313 si
2275 1259 2379 1312 hoc
2393 1259 2728 1323 nesciebant,
2765 1260 3071 1314 curnesciri
3087 1251 3342 1314 volebant
3359 1261 3666 1328 generatio-

2061 1364 2185 1406 nem
2230 1349 2400 1406 Filii?
2441 1350 2517 1422 (g)
2550 1350 2821 1422 Numquid
2848 1352 2892 1406 si
2922 1351 3299 1407 inenarrabilis
3321 1359 3425 1418 est,
3462 1352 3584 1408 ideo
3609 1360 3670 1408 et

2064 1440 2380 1513 ignorabills
2417 1444 2543 1499 est?
2582 1444 2688 1500 Sed
2741 1444 2787 1499 si
2830 1444 3107 1514 ignoratur
3145 1459 3255 1515 quo
3301 1440 3464 1501 modo
3508 1455 3670 1500 natus

2065 1548 2181 1601 est;
2209 1537 2467 1607 numquid
2523 1539 2755 1609 ignorari
2787 1539 2871 1593 vel
2915 1541 3017 1594 hoc
3062 1547 3259 1609 potest,
3303 1537 3447 1609 quod
3496 1537 3672 1593 Filius

2068 1630 2212 1687 Dens
2252 1646 2357 1687 non
2386 1648 2453 1689 ex
2489 1633 2601 1688 alia
2629 1634 2950 1698 substantia,
2995 1632 3093 1689 sed
3116 1646 3182 1689 ex
3214 1633 3325 1688 Deo
3348 1636 3525 1698 natus,
3555 1646 3670 1686 non

2069 1724 2338 1782 diversam
2367 1726 2563 1783 habeat
2607 1728 2938 1784 essentiam?
2967 1726 3239 1798 Numquid
3272 1742 3376 1782 non
3399 1726 3670 1798 legerunt,

362 1823 508 1879 nitus
548 1823 845 1894 imperator
873 1823 1114 1894 agnovit,
1148 1830 1204 1878 et
1233 1837 1475 1879 errorem
1511 1837 1616 1876 non
1644 1836 1825 1886 suum,
1865 1821 1960 1875 sed
1994 1822 2039 1882 Β
2067 1818 2205 1874 sicut
2232 1819 2470 1886 Patrem,
2499 1820 2568 1874 ita
2602 1829 2655 1875 et
2678 1819 2873 1875 Filium
2903 1819 3373 1875 bonorillcandum
3402 1817 3582 1889 (Joan.
3615 1833 3673 1883 v,

367 1915 454 1986 (ά)
507 1914 931 1983 adhortantium,
984 1932 1081 1986 per
1113 1915 1211 1970 has
1263 1915 1386 1970 ﬁdei
1428 1924 1625 1970 vestra:
1668 1914 1966 1970 sententias

379 2008 731 2078 recognovit:
778 2017 833 2063 et
858 2023 918 2064 sc
971 2008 1170 2063 invidia
1201 2007 1342 2079 apud
1379 2008 1544 2064 Deum
1593 2016 1759 2079 atque
1787 2006 1966 2062 homi-

368 2114 468 2155 nes
500 2099 677 2169 impiae
735 2099 1028 2154 voluntatis
1072 2099 1292 2165 exemit,
1335 2114 1456 2154 cum
1489 2098 1812 2170 legationem
1848 2113 1971 2153 ves-

373 2202 514 2244 tram
562 2188 863 2245 honoriﬁce
914 2189 1144 2257 habens,
1185 2189 1473 2245 falsitatem
1497 2205 1704 2253 eorum,
1739 2204 1966 2259 quorum

371 2282 757 2338 auctoritatein
783 2282 1034 2338 invidiam
1052 2281 1438 2347 deducebatur,
1459 2292 1643 2337 coacta
1670 2279 1741 2354 (e)
1766 2298 1793 2334 a
1818 2281 1971 2338 vobis

370 2375 690 2447 ignorantiae
713 2390 825 2430 suae
852 2374 1215 2447 professione,
1245 2375 1517 2445 cognovit.

447 2468 536 2524 79.
581 2468 878 2525 Sirtniensis
930 2470 1172 2541 formula:
1209 2478 1444 2523 auctores
1492 2484 1690 2540 semper
1732 2469 1969 2538 fallaces.

373 2560 569 2634 Lepide
613 2573 897 2632 carpuntur
940 2578 1001 2616 ac
1046 2562 1373 2634 refelluntur.
1406 2558 1639 2616 Christus
1673 2577 1828 2627 unus,
1871 2577 1977 2615 non

372 2654 500 2710 duo.
543 2652 769 2708 Valentis
799 2663 845 2709 et
890 2652 1095 2725 Ursacii
1132 2652 1725 2723 suspecta-subscriptio.
1756 2682 1828 2693 —
1854 2650 1977 2706 Fal-

369 2745 495 2804 lunt
543 2746 709 2815 enim,
741 2756 1003 2818 quantum
1041 2755 1096 2801 et
1122 2760 1318 2802 vereor
1344 2755 1400 2801 et
1426 2745 1555 2800 mihi
1581 2745 1814 2813 videtur,
1845 2745 1980 2800 Fra—

475 2912 528 2984 a)
570 2912 736 2976 Editi,
767 2911 1107 2984 nuncgvictrix
1129 2926 1147 2964 :
1173 2921 1281 2965 tum
1309 2906 1427 2984 Mir.
1460 2908 1764 2984 gloriabitur
1780 2927 1805 2984 ξ
1828 2906 1976 2979 Lips.

379 2995 435 3041 et
455 2980 576 3040 Par.
600 2988 867 3057 gloriatur.
894 2982 1121 3057 Veteres
1140 2990 1277 3057 mss.
1292 2980 1669 3057 _Colb.,_Carn.
1694 2989 1749 3036 et
1768 2980 1977 3057 Gymn,

378 3072 519 3129 nunc
539 3051 655 3129 join
685 3055 867 3129 victrix
891 3053 1427 3129 glot'i_abatur._ll_iagis
1454 3053 1766 3121 placetcum
1789 3051 1976 3129 Corb.,

380 3122 556 3189 Prat:
587 3124 772 3185 Fattr..
806 3122 988 3185 Βιιῖιῑ..
1018 3122 1193 3186 lletn.,
1221 3124 1378 3187 Silv.,
1415 3133 1696 3184 etc..nunc
1719 3140 1820 3176 non
1848 3122 1981 3177 clam

377 3200 564 3253 victria:
577 3198 901 3277 gloriabatur
923 3211 941 3250 :
967 3196 1235 3277 scileost
1254 3194 1540 3277 etithilium
1562 3195 1856 3277 Sirtniense
1887 3209 1977 3248 an.
2007 3215 2051 3277 ρ

383 3272 511 3326 557.
560 3270 733 3326 Antea
781 3271 1052 3330 t-nint,,nt
1077 3267 1298 3335 Sulpicii
1339 3266 1521 3321 Severi
1557 3267 1736 3319 Verbis
1765 3276 1979 3319 utantur

382 3343 477 3397 lib.
512 3357 570 3405 tt,
600 3355 697 3409 pag
750 3340 891 3393 “243:
942 3335 1120 3391 Ariani
1151 3336 1419 3409 perﬁdiam
1444 3354 1591 3409 suam
1614 3335 1935 3409 occultabant
1962 3353 1980 3390 :

382 3428 486 3467 non
536 3406 646 3463 (tusi
678 3411 847 3478 palam
878 3411 1068 3462 erroris
1099 3407 1177 3462 sui
1205 3406 1389 3474 dogntn
1428 3407 1728 3471 prazdirare,
1758 3407 1979 3460 catholi-

384 3499 471 3538 cos
500 3498 552 3536 se
576 3483 832 3552 gerebant.
865 3484 980 3545 Quo
1007 3488 1217 3552 spectat
1264 3480 1389 3532 illud
1426 3478 1656 3532 Lucil'et'i
1690 3480 1790 3552 sub
1822 3478 1980 3552 tinctu

385 3555 484 3611 lib.
516 3571 533 3607 ι
563 3549 658 3622 pro
688 3553 1008 3610 Athanasio.
1046 3552 1135 3607 ubi
1172 3549 1489 3604 Constantio
1522 3551 1813 3622 exprobrat
1843 3550 1983 3618 quod

386 3621 572 3696 egerit,
589 3641 726 3677 more
760 3629 1114 3696 meretricum,
1146 3638 1259 3691 quia
1300 3623 1462 3696 primo
1511 3621 1645 3696 clunt
1676 3629 1983 3696 scortentur.

385 3686 560 3770 postea
607 3712 720 3770 vero
752 3694 823 3747 ita
873 3701 990 3747 sunt
1020 3686 1395 3757 inverecundis,
1440 3686 1673 3746 utvelmt
1693 3692 1910 3745 scortari
1935 3693 1987 3744 in

386 3765 693 3840 propatulis.

493 3838 543 3908 tr)
584 3837 675 3893 Sic
717 3849 853 3890 mss.
887 3833 957 3908 At
990 3832 1154 3895 Editi,
1181 3833 1429 3908 exercuit.

493 3838 543 3908 ὸ)
584 3838 675 3893 Sic
717 3849 853 3890 mss.
887 3838 957 3890 At
990 3838 1154 3895 Editi,
1181 3838 1429 3888 exercuit.

465 3838 536 3982 lc)
580 3910 758 3977 Longe
801 3906 1101 3982 mallemus
1125 3905 1192 3982 ad
1214 3904 1527 3982 audendum.
1560 3901 1724 3982 Certe
1762 3919 1882 3958 cum
1911 3903 1994 3958 his

389 3974 638 4052 apprime
660 3974 932 4052 convenit,
962 3975 1103 4052 quod
1134 3974 1644 4052 Sulpi_c_i_u_.s_Sever.,
1674 3975 1763 4029 lib.
1784 3990 1844 4041 ιι,
1873 3988 1997 4052 nar-‘-

389 4045 480 4108 rat
506 4049 891 4106 Mediolanensi
921 4045 1132 4116 synodo
1175 4060 1244 4100 an
1272 4045 1379 4101 555
1411 4046 1611 4101 factum
1662 4059 1817 4100 esse:
1853 4046 1996 4115 quod

391 4122 652 4177 nimirum
691 4119 881 4175 Valens
899 4129 944 4171 et
975 4117 1221 4173 Ursacius
1246 4118 1516 4187 cwterique
1538 4126 1673 4173 metu
1704 4117 1867 4183 plebis
1894 4135 1999 4171 non

392 4193 507 4247 ausi
538 4193 739 4264 piacula
767 4190 1021 4264 proﬁteri,
1053 4190 1320 4264 epistolam
1340 4190 1432 4242 sub
1461 4187 1798 4264 Imperatoris
1830 4190 1998 4264 nomi-

394 4278 463 4318 ne
485 4263 689 4317 mittunt
715 4261 853 4316 omni
877 4261 1126 4332 pravitate
1167 4261 1428 4328 refertam.
1460 4275 1518 4315 eo
1547 4262 1785 4315 nimirum
1832 4261 2002 4314 consi-

399 4335 490 4399 lio,
524 4343 578 4386 ut
601 4335 645 4386 si
681 4350 741 4387 ea
788 4329 950 4398 (cquis
975 4329 1189 4384 auribus
1214 4333 1432 4401 populus
1478 4333 1769 4401 recepisset,
1798 4332 2003 4401 publica

396 4398 701 4460 auctoritate
731 4403 907 4466 cupita
930 4398 1237 4470 proferrent.
1268 4398 1364 4455 Sin
1384 4400 1536 4454 aliter
1563 4398 1740 4473 {uisset
1768 4398 2001 4470 eaeepta,

395 4476 563 4532 omnis
582 4475 775 4529 invidia
803 4481 931 4526 esset
957 4473 1011 4525 in
1049 4488 1185 4543 rege,
1215 4481 1263 4526 et
1286 4473 1396 4542 ipsa
1417 4474 1569 4525 etiam
1605 4474 1815 4528 veniatis
1845 4514 1858 4535 .
1884 4475 2005 4543 quia

396 4550 551 4604 etiam
602 4556 710 4600 tum
748 4544 1137 4598 catechumenus
1184 4551 1558 4597 sacramentum
1586 4543 1706 4612 ﬁdei
1734 4547 1913 4598 merito
1932 4547 2006 4598 vi-

2067 1908 2194 1982 25):
2243 1916 2305 1965 ut
2330 1910 2544 1966 Patrem
2584 1912 2790 1966 honore
2817 1910 3173 1981 praeterrent?
3214 1909 3483 1981 Numquid
3518 1910 3675 1964 inco~

2068 2000 2276 2071 gnitum
2304 2001 2575 2059 habebant
2608 2003 2820 2058 Patrem
2870 2003 2925 2058 in
2954 2002 3093 2058 Filio
3113 2002 3285 2058 videri
3336 2000 3511 2075 (Joan.
3553 2016 3673 2068 ιη,

2071 2093 2159 2167 9):
2191 2102 2249 2151 ut
2277 2094 2448 2151 Filius
2486 2095 2629 2167 apud
2656 2109 2752 2151 eos
2778 2096 3062 2166 dignitate,
3092 2095 3358 2160 claritate,
3391 2094 3682 2165 majestate

2069 2185 2343 2242 differret?
2374 2190 2452 2243 An
2493 2187 2670 2244 ethoc
2690 2203 2753 2244 ex
2798 2189 3094 2259 ignorantia
3127 2189 3294 2253 venit,
3325 2197 3382 2241 ut
3410 2202 3531 2242 cum
3555 2200 3685 2242 cas--

2080 2278 2212 2333 teris
2258 2277 2403 2332 Patri
2447 2279 2721 2350 subjectus
2750 2281 2821 2335 sit
2850 2279 3048 2336 Filius:
3079 2287 3136 2334 ιιι
3161 2277 3291 2334 dum
3312 2292 3434 2334 cum
3462 2278 3682 2333 caeteris

2078 2369 2385 2441 subjicitur,
2423 2387 2527 2427 non
2569 2371 2907 2427 discernatur
2927 2387 2957 2426 a
2981 2371 3236 2427 caeteris?
3264 2386 3385 2426 cum
3416 2370 3686 2441 subjectio

2079 2464 2203 2520 Filii
2235 2475 2440 2521 naturae
2461 2465 2539 2540 (h)
2564 2466 2735 2536 pietas
2757 2467 2846 2532 sit,
2870 2466 3132 2537 subjectio
3158 2473 3337 2520 autem
3359 2474 3685 2520 cancrorum

2081 2559 2373 2617 creationis
2424 2560 2712 2616 inlirmitas
2755 2558 2847 2616 sit.
2882 2559 3105 2615 Passum
3148 2559 3369 2630 quidem
3396 2558 3685 2614 sciebant:

2083 2652 2180 2710 sed
2205 2652 2407 2722 dicant,
2455 2668 2573 2720 oro,
2622 2667 2963 2726 compassum
3028 2653 3090 2726 (ἱ)
3146 2653 3368 2724 quando
3410 2665 3686 2723 cognove-

2084 2745 2248 2801 runt?
2281 2746 2499 2802 Evitant
2545 2747 2867 2803 bomousion
2909 2755 2965 2803 et
3011 2746 3377 2811 hommusinn,
3402 2746 3523 2817 quia
3554 2760 3690 2801 nus-

2084 2920 2266 2982 verunt
2293 2908 2648 2966 hommusion?
2692 2908 2848 2979 Apud
2894 2908 3192 2982 Ancyrauas
3232 2909 3424 2980 synodi
3458 2908 3687 2982 legatos,

2085 2982 2175 3050 qui
2206 2980 2527 3035 bomousion
2552 2989 2889 3048 respuerant,
2922 2996 2983 3036 ea
3010 2980 3218 3037 valebat
3248 2981 3552 3050 excusatio.
3576 2998 3687 3050 qua

2088 3048 2361 3106 hontousii
2404 3063 2458 3108 et
2498 3050 2785 3107 hornmusii
2823 3067 2984 3106 unam
3026 3062 3080 3107 et
3117 3048 3364 3107 eamdem
3411 3048 3653 3122 εἰειιὶιίρη

2088 3124 2288 3178 tionem
2316 3138 2375 3177 se
2404 3123 2746 3179 existimasse
2779 3124 3131 3191 reponebam.

2159 3196 2238 3266 (9)
2286 3194 2437 3266 Haud
2485 3193 2645 3266 aliter
2697 3194 2932 3249 Africani
2970 3195 3120 3264 jussu
3159 3194 3687 3266 liunericiingunum

2084 3262 2256 3322 coacti
2302 3265 2544 3336 subjecto
2579 3264 2749 3336 Esaiae
2777 3266 2896 3320 loco
2936 3262 3265 3336 resiiondcnt
3315 3267 3451 3334 apud
3498 3262 3680 3321 Victo-

2084 3354 2199 3392 retn
2230 3337 2360 3402 Vit.,
2387 3334 2478 3391 lib.
2522 3352 2579 3389 ιιι
2619 3335 2687 3390 de
2720 3336 2934 3391 Perseo.
2974 3334 3173 3394 Alric.:
3207 3334 3392 3392 Divina
3415 3339 3568 3398 rnim,
3603 3340 3690 3387 ir.-

2086 3410 2292 3479 qniunt,
2345 3409 2604 3479 generatio
2650 3408 3015 3461 inenarrabilis
3058 3419 3156 3473 est,
3206 3424 3310 3462 non
3364 3410 3689 3479 ignombilis.

2090 3478 2232 3533 Nam
2274 3495 2433 3547 usque
2473 3478 2604 3532 adeo
2629 3496 2729 3532 non
2748 3489 2826 3549 est
2853 3480 3177 3549 ignorabitis,
3210 3480 3265 3533 id
3287 3478 3395 3544 est,
3420 3496 3520 3535 non
3542 3480 3693 3548 ἰρινο-

2096 3560 2243 3609 ratur
2284 3551 2422 3621 unde
2449 3551 2538 3615 sit,
2571 3560 2621 3603 vt
2651 3559 2697 3604 et
2739 3547 2898 3605 Pater
2929 3551 2991 3605 de
3013 3567 3065 3603 se
3094 3555 3211 3620 ipso
3235 3554 3486 3621 genuisse,
3507 3547 3572 3603 et
3599 3548 3690 3605 Fr.

2090 3622 2191 3678 lius
2211 3622 2273 3675 de
2298 3618 2451 3674 Patre
2480 3637 2531 3674 se
2552 3630 2724 3674 uatum
2747 3621 3023 3689 saepissime
3048 3618 3366 3690 pretestrtur.
3401 3620 3578 3676 Altera
3607 3640 3695 3675 ta-

2092 3693 2240 3748 tione
2296 3691 2620 3746 l’bmbadins
2665 3691 2981 3746 Sirmiensis
3024 3691 3269 3747 formabe
3318 3702 3569 3747 auctores
3614 3694 3696 3746 sic

2094 3765 2311 3833 sugillat
2340 3781 2358 3834 :7
2400 3761 2548 3816 Illud
2587 3772 2756 3815 autem
2794 3765 2909 3834 quis
2932 3767 3066 3834 ferre
3093 3767 3272 3834 possit,
3321 3774 3377 3819 ut
3396 3780 3546 3833 quem
3593 3765 3697 3816 iui-

2095 3837 2221 3891 tium
2269 3833 2455 3906 habere
2502 3851 2595 3904 pro
2624 3843 2756 3906 certo
2799 3833 3053 3906 asserunt,
3081 3833 3237 3906 hujus
3266 3836 3576 3906 nativitatem
3599 3836 3698 3887 Im-

2097 3908 2246 3961 beant
2306 3904 2359 3958 in
2415 3904 2703 3959 incertum?
2757 3905 2959 3959 Eodem
3001 3904 3208 3975 spectat
3257 3904 3389 3961 illud
3436 3904 3696 3960 Victorini

2098 3978 2252 4033 initio
2285 3977 2385 4049 Id).
2420 3991 2435 4030 ι
2482 3986 2667 4049 contra
2717 3979 2938 4049 Arium:
2972 3977 3132 4031 Addit
3200 3976 3465 4049 Eusebius
3500 3978 3697 4049 princi-

2102 4051 2270 4121 pium,
2294 4045 2426 4101 Filii
2456 4048 2579 4121 sciri
2610 4062 2703 4121 nec
2755 4048 2818 4121 ab
2850 4047 3053 4103 homine
3073 4064 3240 4119 posse,
3280 4065 3371 4102 nec
3413 4047 3479 4121 ab
3501 4045 3701 4118 aliqua

2102 4119 2365 4191 superiore
2388 4119 2465 4173 vel
2491 4119 2719 4182 potentia
2742 4120 3244 4191 velﬂexcogitatione:
3276 4130 3323 4173 et
3352 4120 3698 4173 audcttumcn

2103 4189 2272 4245 dicere
2325 4189 2626 4260 ﬁgmentum
2671 4206 2779 4244 esse
2806 4189 3021 4252 Filium,
3066 4191 3324 4245 voluntate
3366 4200 3412 4245 et
3449 4192 3703 4246 sententia

2105 4261 2282 4317 Patris
2329 4260 2622 4314 subsistere.
2657 4263 2916 4327 Apposite
2956 4261 3212 4317 Leontius
3240 4264 3377 4316 banc
3408 4263 3703 4317 hmretiCn-

2105 4334 2294 4404 rumin
2313 4330 2508 4404 divinis
2533 4331 3133 4404 mysteriisignorantitu
3159 4334 3567 4401 professionem,
3592 4350 3699 4401 qua

2106 4402 2397 4460 incﬁ‘abilia
2428 4416 2493 4455 ea
2522 4417 2642 4456 esse
2666 4402 2869 4470 volunt,
2889 4414 3045 4459 vocat
3063 4406 3393 4459 reverentiam
3423 4422 3453 4458 a
3476 4420 3701 4458 revereri-

2110 4475 2182 4528 tia
2232 4489 2408 4528 revera
2453 4474 2711 4528 alienam:
2736 4476 2933 4545 quippe
2972 4477 3059 4545 qui
3100 4487 3157 4529 ut
3205 4475 3412 4530 licenter
3440 4476 3702 4544 impietate

2111 4546 2411 4610 abutantur,
2435 4546 2501 4617 ad
2542 4545 2753 4599 honesta
2780 4547 2989 4600 nomina
3021 4556 3281 4616 tamquam
3304 4548 3370 4600 ad
3403 4564 3703 4617 propugna-

396 4603 608 4697 deretttr
633 4617 860 4697 potuisse
904 4614 1118 4668 nescire.
1148 4613 1237 4697 Ex
1272 4612 1372 4697 hac
1405 4630 1565 4697 porro
1586 4603 1810 4697 synodo
1841 4616 1997 4697 ani-
2027 4603 2082 4663 D
2108 4618 2280 4697 culum
2327 4603 2585 4697 quoddam
2607 4617 2834 4697 validum
2869 4603 3338 4697 etincppugpmbile
3367 4603 3695 4697 conﬁgurat.

395 4691 480 4746 fer
505 4684 724 4745 Cala'rit.
764 4690 965 4756 utipse
1015 4694 1197 4740 narrat
1224 4686 1379 4740 initio
1410 4684 1555 4752 libri,
1580 4700 1739 4756 quem
1768 4686 1999 4741 Morien-

398 4761 529 4817 dum
556 4774 677 4816 csse
701 4774 797 4830 pro
819 4754 913 4830 Det
965 4756 1076 4811 ﬁlio
1101 4756 1399 4830 inscripsit,
1428 4772 1551 4812 cum
1580 4754 2001 4830 Constantinia-

397 4842 482 4888 tra
525 4828 715 4887 velunt
747 4828 908 4883 stanti
955 4828 1391 4891 contradixisset,
1447 4830 1497 4882 in
1546 4830 1767 4884 exiliunt
1816 4829 2002 4898 pulsus

400 4912 503 4958 est.
536 4903 678 4957 Pulsi
712 4904 874 4971 etiam
908 4907 1057 4971 sunt
1080 4900 1326 4955 eamdem
1367 4902 1436 4955 ob
1476 4914 1692 4955 causam
1740 4900 2001 4955 Eusebius

400 4974 661 5042 Vcrcell.,
697 4969 985 5044 Dionysius
1011 4969 1297 5026 Medio!an.
1345 4979 1409 5028 ac
1456 4971 1798 5041 postmodum
1834 4971 1997 5027 Libe-

400 5060 540 5102 IIIIS.

478 5116 558 5189 (ά)
599 5115 656 5189 Ιιι
685 5113 923 5189 excusis,
948 5115 1255 5189 petentium.
1277 5112 1694 5189 Concinnius‘i‘n
1736 5128 1874 5189 _ms_s.
1902 5114 1997 5189 ad-

403 5184 739 5252 hortantium,
786 5185 904 5239 scil.
948 5184 1195 5247 Eudoxii,
1228 5184 1431 5247 Acacii,
1475 5184 1681 5251 Uranil,
1736 5185 1994 5250 Valentis,

399 5267 534 5326 etc.,
558 5271 786 5329 quorum
812 5256 1033 5329 Incresis
1050 5268 1144 5323 per
1163 5256 1437 5323 Basiliam,
1457 5256 1817 5329 Eustathium,
1836 5255 1994 5329 Eleu-

403 5324 546 5386 sium
577 5324 634 5384 et
666 5326 949 5398 Leontium
977 5324 1279 5396 Ancyranee
1303 5328 1494 5398 synodi
1526 5328 1728 5398 legatos
1760 5328 1995 5396 patefac-

404 5410 484 5467 ta,
519 5402 779 5456 continuo
809 5399 878 5452 ab
920 5397 1244 5467 Imperatore
1270 5396 1543 5467 damnata
1584 5396 1691 5463 est,
1735 5409 1793 5453 ut
1819 5407 2004 5454 narrat

407 5464 766 5535 Sozomenus,
796 5470 887 5523 lib.
917 5464 1069 5534 tv,'c.
1100 5467 1166 5521 i2
1180 5475 1235 5522 et
1265 5464 1349 5523 l5.

483 5542 552 5615 (e)
576 5542 746 5615 Editi,
804 5550 982 5615 coacta
1007 5555 1039 5594 ιι
1075 5538 1254 5593 nobis:
1286 5539 1574 5615 mendose.
1618 5540 1810 5615 Sermo
1855 5542 2000 5596 enim

410 5609 503 5670 est"
522 5609 587 5666 ad
615 5613 819 5683 legatos
848 5612 1185 5683 Ancyranos,
1208 5610 1301 5680 qui
1330 5609 1610 5683 Valentem
1637 5620 1691 5667 et
1723 5611 2000 5668 Ursacium

416 5681 708 5752 coegerunt
759 5683 1115 5751 ignorantiam
1164 5681 1342 5750 fateri,
1373 5682 1455 5738 uti
1527 5682 1639 5753 jam
1710 5683 2006 5740 indicatum

416 5764 502 5811 est
520 5769 669 5807 num.
698 5753 733 5807 5
761 5766 816 5807 et
842 5755 933 5809 65.

495 5824 565 5897 (Ῑ)
606 5822 666 5880 In
708 5823 918 5895 aliquot
965 5838 1102 5885 mss.
1135 5825 1225 5884 hic
1246 5824 1485 5911 additur,
1516 5827 1766 5905 numquid
1805 5829 2014 5906 ignora-

2104 4689 2304 4742 Contra
2339 4688 2636 4742 christiana
2682 4691 2877 4761 pietas,
2923 4690 2973 4761 in
3008 4688 3205 4743 divinis
3251 4688 3541 4761 mysteriis,
3586 4706 3701 4742 ina-

2103 4774 2267 4830 gnum
2302 4761 2443 4814 inter
2475 4774 2584 4813 rem
2619 4760 2803 4829 reique
2828 4760 3045 4814 modum
3085 4762 3231 4815 novit
3258 4760 3460 4828 ponen-
3502 4760 3699 4813 discri-

2107 4846 2229 4884 tnen
2260 4847 2274 4895 ;
2309 4844 2484 4900 neque
2533 4845 2646 4884 rem
2676 4830 2731 4884 in
2757 4832 2977 4885 dubium
3005 4843 3160 4887 vocat
3190 4847 3257 4886 eo
3284 4835 3528 4895 obtentu,
3553 4832 3697 4899 quod

2106 4901 2325 4955 modum
2359 4901 2598 4961 nesciat:
2632 4901 2728 4956 sed
2768 4901 2837 4957 de
2856 4904 3070 4957 castoris
3102 4905 3285 4965 sentit,
3318 4903 3459 4970 quod
3483 4904 3548 4956 de
3587 4904 3698 4954 lien

2104 4972 2446 5028 sentiendum
2479 4972 2639 5027 tradit
2660 4972 2917 5041 Hilarius,
2950 4975 3041 5027 lib.
3068 4989 3105 5028 It
3126 4975 3361 5029 de'l‘rin.
3395 4990 3448 5027 ιι.
3473 4975 3538 5028 7:
3570 4972 3701 5027 Pero

2101 5044 2238 5113 facta
2263 5044 2472 5119 scientia
2502 5054 2607 5119 est,
2639 5045 2712 5097 sic
2740 5044 2904 5119 Deum
2935 5046 3083 5109 scire.
3120 5055 3175 5101 ut
3213 5062 3314 5101 non
3336 5045 3695 5119 ignorabilent,

2101 5124 2269 5169 tamen
2296 5114 2686 5168 inenarrabilem
2711 5116 2867 5170 scias.

2172 5186 2252 5259 (Ir)
2283 5186 2382 5241 Hic
2428 5187 2578 5259 locus
2600 5186 2739 5259 apud
2764 5187 2917 5250 Bad.,
2970 5186 3063 5242 Er.
3098 5198 3154 5243 et
3188 5187 3308 5243 Μὶν.
3350 5198 3435 5243 est
3479 5187 3703 5243 omnino

2099 5256 2442 5328 depravatus.
2478 5257 2535 5311 in
2563 5256 2885 5328 editionibns
2924 5258 3063 5323 aliis,
3113 5271 3315 5314 natura:
3380 5259 3703 5328 proprietas,

2100 5326 2208 5401 non
2259 5326 2423 5401 pietas
2450 5343 2477 5401 7:
2530 5327 2671 5397 quod
2710 5331 2978 5401 malumus
3001 5344 3124 5383 cum
3152 5344 3282 5385 mss.
3315 5326 3405 5384 ssc
3430 5326 3614 5398 supra,
3647 5348 3704 5383 ιι.

2109 5400 2172 5454 ὅί
2212 5418 2235 5471 ιν
2261 5398 2484 5453 Pietatis
2508 5400 2753 5471 subjectio
2774 5417 2877 5454 non
2904 5412 2977 5455 est
3005 5403 3236 5456 essentia
3264 5401 3559 5455 diminutio.

2183 5470 2247 5543 (i)
2272 5471 2451 5543 ‘Editi,
2482 5469 2737 5543 quomodo
2759 5482 3136 5541 vcognovcraut.
3164 5472 3364 5527 Eadem
3391 5473 3707 5529 Sirntiensis

2109 5541 2464 5612 blasphemia:
2503 5541 2675 5613 verba
2715 5543 2917 5611 pariter
2941 5545 3184 5613 agnoscit
3204 5543 3533 5599 Pbmbadius
3562 5542 3708 5599 fratr-

2111 5612 2181 5667 de
2227 5610 2290 5668 ac
2336 5628 2545 5684 veneno
2588 5610 2812 5677 referta,
2861 5610 3034 5684 eaque
3062 5630 3230 5683 prope
3276 5616 3439 5669 simili
3495 5614 3709 5669 ratione

2115 5685 2397 5739 convellit.
2426 5682 2683 5748 Primum,
2734 5682 3075 5754 inquitpnou
3105 5687 3250 5741 video
3296 5704 3390 5740 cur
3432 5685 3710 5741 maluerint

2113 5756 2522 5830 compassibilem
2542 5755 2730 5830 dicere,
2753 5774 2909 5826 quam
2948 5757 3102 5813 libere
3128 5759 3419 5830 passibilem
3449 5758 3705 5829 conﬁteri.

2122 5828 2284 5913 Quasi
2310 5842 2425 5887 vero
2448 5827 2593 5887 aliud
2620 5828 2685 5886 sit
2713 5832 3116 5908 compungam
3128 5827 3258 5909 pati.
3282 5828 3449 5900 Porro
3471 5827 3641 5890 autem
3662 5832 3711 5893 si
