4106 6192
364 173 466 230 555

1151 167 1355 227 LIBER
1391 167 1482 228 DE
1521 164 1834 235 SYNODIS,
1873 163 2007 224 SEU
2049 165 2137 223 DE
2175 165 2334 224 FIDE
2359 165 2850 228 ORIENTALIUM.

362 306 518 364 quam
566 289 828 362 scriptum
853 289 961 346 sit:
1020 305 1206 364 quaero
1253 305 1596 362 compassum
1643 301 1766 346 esse
1815 287 1956 344 unde
1982 288 2036 351 Α

360 385 844 458 praesumpserint?
881 387 990 442 Aut
1018 387 1279 459 numquid
1308 387 1500 443 volunt
1525 387 1660 443 duos
1702 399 1824 442 esse
1864 385 1956 456 qui

360 479 502 550 passi
527 478 695 534 sunt?
743 479 798 534 id
827 480 972 534 enim
1019 481 1326 551 compassio
1376 489 1622 537 testatur.
1666 477 1771 535 Ubi
1825 478 1956 535 illud

3556 175 3662 233 554

2130 286 2220 343 8i.
2264 286 2499 360 Epistola
2519 287 2773 344 Sirmium
2791 289 2964 346 delata
2986 290 3050 346 de
3077 291 3332 349 homousii
3360 303 3408 351 et
3431 294 3659 352 homwu-

2059 381 2124 437 sii
2154 383 2491 453 expositione.
2522 381 2847 439 Homousiou
2867 385 2930 439 ob
2957 387 3273 444 natiuitatem
3299 389 3433 444 male
3454 393 3656 462 respui-

2058 475 2574 546 tur.—Epistolam
2603 516 2621 546 ,
2669 491 2829 548 quam
2867 491 2899 535 a
2947 479 3103 537 vobis
3152 480 3224 537 de
3285 482 3553 540 homousii
3601 493 3658 540 et

356 584 440 630 est
468 572 617 629 Jestts
644 571 880 629 Christus
910 571 1080 629 Filius
1125 573 1265 630 Dei?
1293 584 1384 630 aut
1431 573 1692 646 numquid
1711 573 1849 629 alius
1869 581 1955 631 est
2055 568 2124 624 de
2187 567 2472 626 homaausii
2547 570 2885 641 expositione
2939 571 3080 643 apud
3151 571 3406 631 Sirmium
3458 573 3658 632 Valens

349 665 511 722 Jesus
538 663 810 736 Christus,
851 667 993 724 alius
1042 668 1186 724 illius
1215 669 1353 725 Dei?
1380 668 1438 726 Si
1480 685 1588 724 non
1621 668 1761 725 idem
1790 677 1952 739 atque

351 777 494 816 unus
523 761 661 815 intra
685 770 951 829 extraque
978 760 1075 816 Dei
1099 760 1243 816 ﬁlius
1270 770 1389 828 est;
1418 760 1627 817 credite
1655 757 1733 834 (a)
1764 760 1815 814 in
1846 759 1948 814 bo-

349 853 564 908 mousio
613 851 1030 923 ignorationem,
1081 855 1128 909 si
1165 852 1282 909 haec
1332 854 1570 925 ignorari
1596 854 1741 909 licet.
1769 853 1827 909 Si
1855 869 1950 908 au-

348 957 460 1003 tem
508 947 564 1002 in
607 946 691 1001 bis
720 947 854 1016 ipsis
876 947 994 1018 ipsa
1044 947 1135 1002 illa
1183 947 1449 1018 ignoratio
1476 947 1638 1016 impia
1684 954 1788 1014 est,
1827 961 1948 1016 qua:

343 1049 526 1096 tamen
558 1054 664 1094 non
694 1049 895 1109 potest,
922 1054 1024 1096 nec
1072 1038 1230 1106 falso,
1261 1043 1547 1107 excusari;
1576 1054 1771 1095 vereor
1795 1055 1863 1094 ne
1889 1048 1948 1096 et

347 1133 426 1203 (ὁ)
457 1133 744 1189 hommusii
767 1133 1160 1204 ignorationem
1183 1133 1452 1204 professio
1483 1133 1792 1188 mentiatur.
1825 1131 1944 1188 Non

339 1244 546 1300 queror
593 1226 885 1283 admodum
950 1227 1020 1282 de
1072 1228 1227 1283 venia
1251 1241 1412 1298 quam
1461 1225 1627 1298 508
1678 1225 1942 1282 dedistis:

337 1320 660 1392 religiosum
709 1328 796 1376 est
850 1319 963 1376 Deo
1014 1321 1114 1375 sua
1142 1334 1444 1384 reservare,
1491 1328 1546 1374 et
1589 1319 1944 1389 ignorationis

335 1429 497 1470 error
525 1413 793 1469 humanus
832 1422 938 1469 est.
963 1411 1068 1469 Sed
1094 1413 1377 1483 ignoscant
1406 1412 1537 1466 mihi
1561 1411 1672 1483 jam
1691 1411 1798 1466 duo
1823 1411 1939 1482 epi-

332 1508 490 1578 scopi
519 1505 719 1562 Valens
757 1515 813 1561 et
841 1505 1120 1572 Ursacius,
1149 1503 1293 1575 quod
1320 1519 1413 1560 eos
1443 1503 1515 1575 (ο)
1549 1519 1646 1573 pro
1673 1511 1833 1558 a-tate
1857 1513 1940 1558 at-

331 1615 446 1670 que
473 1598 864 1654 exercitatione
914 1611 1013 1652 sua
1041 1598 1317 1668 ignorasse
1360 1610 1467 1650 non
1489 1594 1674 1651 credo.
1700 1594 1770 1650 Et
1797 1593 1938 1650 diffi-

2054 669 2110 717 et
2139 660 2393 717 Ursacius
2436 669 2492 717 et
2530 661 2838 721 Germinius
2900 677 3263 736 poposcerunt
3317 668 3442 740 legi,
3500 670 3659 726 intel-

2055 756 2162 827 ligo
2210 755 2263 811 in
2312 755 2630 826 quibusdam
2683 773 2790 814 non
2846 759 3025 815 minus
3087 762 3250 834 509
3297 763 3659 835 circumspec-

2053 857 2161 905 tam
2191 864 2312 905 esse
2328 890 2342 916 ,
2364 865 2523 921 quam
2550 850 2793 906 liberam.
2819 852 2887 907 Et
2913 853 3029 924 ipsa
3052 854 3317 911 homousii
3339 865 3395 913 et
3415 858 3659 914 homoeo-

2049 939 2113 996 sii
2142 941 2533 997 demonstratio
2562 942 2695 996 nihil
2721 943 2938 1013 reliquit
2963 945 3314 1003 difficultatis.
3347 949 3414 1005 Et
3435 949 3654 1021 quidem

2049 1033 2116 1089 de
2155 1033 2488 1099 bommusio,
2529 1034 2672 1106 quod
2702 1044 2785 1090 est
2825 1036 3019 1092 similis
3058 1039 3341 1108 essentiat,
3368 1057 3656 1100 commune

2042 1128 2304 1199 judicium
2335 1137 2437 1184 est.
2472 1128 2550 1184 De
2579 1129 2864 1186 bomousio
2890 1145 3019 1186 vero
3041 1172 3056 1197 ,
3086 1133 3230 1202 quod
3256 1143 3340 1189 est
3379 1135 3542 1191 unius
3563 1151 3653 1191 es-

2046 1225 2270 1293 sentiaa,
2295 1233 2619 1294 tractantes,
2654 1225 2884 1294 primum
2913 1225 3118 1282 idcirco
3144 1229 3506 1297 respuendum
3531 1247 3653 1302 pro-

2045 1316 2364 1383 nuntiastis,
2407 1319 2532 1386 quia
2575 1332 2671 1387 per
2701 1317 2851 1373 verbi
2883 1317 3041 1388 hujus
3069 1320 3497 1377 enuntiationem
3526 1323 3654 1377 sub-

2043 1413 2237 1467 stantia
2272 1411 2416 1482 prior
2446 1412 2865 1482 intelligeretur,
2895 1427 3057 1482 quam
3089 1413 3196 1469 duo
3218 1414 3358 1469 inter
3382 1429 3442 1470 se
3471 1416 3655 1482 partiti

2043 1515 2244 1561 essent.
2281 1502 2529 1574 Intelligo
2564 1503 2753 1559 vitium
2793 1504 2849 1558 in
2879 1504 3252 1574 intelligentia.
3290 1507 3353 1561 Et
3391 1506 3651 1577 profanus

2042 1595 2130 1651 hic
2161 1612 2353 1653 sensus
2379 1606 2492 1664 est,
2520 1607 2574 1654 et
2610 1599 2881 1653 communi
2921 1598 3126 1668 judicio
3174 1601 3243 1654 ah
3285 1599 3528 1657 Ecclesia
3568 1616 3653 1656 re-

328 1694 599 1750 cillimum
629 1701 714 1748 est
740 1706 811 1746 ne
850 1691 1067 1747 mentiri
1106 1689 1514 1755 existimentur,
1545 1690 1636 1760 qui
1662 1705 1721 1744 se
1749 1690 1803 1744 in
1831 1689 1936 1744 alio
1966 1693 2015 1753 B
2041 1689 2336 1759 spuendus.
2370 1689 2622 1746 Secundo
2647 1705 2862 1761 quoque
2888 1689 2942 1745 id
2971 1691 3274 1755 addidistis.
3295 1695 3440 1764 quod
3471 1702 3652 1763 patres

330 1788 418 1860 (ὀ)
452 1786 667 1858 negotio
706 1801 814 1840 non
842 1793 1072 1857 possunt
1099 1784 1200 1840 nisi
1229 1783 1514 1840 mendacio
1543 1797 1795 1853 purgare.
1826 1782 1933 1838 Sed

326 1879 598 1935 Dominus
622 1879 724 1934 hoc
753 1879 925 1949 magis
951 1879 1171 1941 tribuat,
1228 1886 1290 1932 ut
1324 1891 1424 1932 nos
1455 1877 1596 1933 male
1625 1878 1930 1947 opinemur,

323 1987 496 2043 quam
525 1971 599 2026 illi
629 1969 701 2043 (ε)
723 1987 833 2026 non
873 1971 1261 2041 ignoraverint.
1290 1970 1431 2025 Malo
1459 1971 1603 2026 enim
1637 1985 1737 2042 ego
1781 1971 1924 2026 male

322 2063 653 2118 existimans
688 2061 938 2132 iudicari,
983 2078 1146 2133 quam
1197 2061 1358 2117 ﬁdem
1389 2070 1622 2118 vestram
1662 2061 1934 2118 haereticus

320 2157 682 2212 conscientia:
706 2157 1085 2212 communione
1113 2156 1326 2212 violari.

397 2248 496 2306 80.
531 2251 640 2304 Oro
667 2257 846 2304 autem
895 2264 1017 2318 vos,
1039 2250 1366 2306 sanctissimi
1407 2249 1529 2319 viri,
1561 2260 1617 2306 ut
1639 2266 1762 2305 cum
1793 2250 1931 2307 bona

319 2341 488 2398 venia
528 2341 924 2397 sollicitudines
967 2356 1114 2397 meas
1155 2340 1454 2397 aestimetis.
1483 2340 1552 2414 (Γ)
1583 2341 1762 2398 Testis
1788 2344 1930 2398 enim

323 2435 595 2490 Dominus
639 2444 724 2491 est
771 2435 1122 2491 conscientia:
1147 2449 1304 2502 meae,
1329 2436 1383 2490 in
1420 2436 1569 2491 nullo
1600 2451 1686 2492 me
1716 2438 1934 2507 esposi-

320 2528 510 2584 tiones
551 2526 672 2594 has,
725 2542 860 2599 quas
913 2527 1167 2582 Sirmium
1214 2528 1505 2594 detulistis,
1557 2527 1681 2583 lidei
1732 2538 1934 2585 vestrm

321 2619 474 2676 velle
500 2619 828 2676 convellere.
857 2619 964 2677 Sed
994 2620 1119 2676 date
1149 2621 1384 2689 veniam,
1421 2621 1467 2677 si
1496 2621 1743 2693 quaedam
1775 2622 1934 2676 intel-

297 2711 501 2782 ligere
525 2727 633 2767 non
662 2726 902 2782 possum,
920 2721 974 2767 et
1000 2713 1324 2767 consolabor
1347 2728 1464 2768 me:
1492 2715 1616 2784 quia
1643 2714 1777 2784 legi:
1808 2714 1934 2784 Spi-

321 2805 462 2859 ritus
491 2805 862 2876 prophetarum
908 2805 1169 2877 prophetis
1199 2805 1454 2876 subjectus
1480 2816 1553 2860 est
1578 2805 1636 2878 (I
1667 2803 1788 2862 Cor.
1815 2821 1930 2874 XIV,

320 2895 446 2967 32).
483 2897 562 2952 Ex
587 2913 693 2967 quo
721 2896 861 2952 forte
900 2912 1011 2953 non
1035 2897 1378 2967 impudenter
1425 2897 1586 2953 etiam
1609 2913 1640 2952 a
1671 2913 1760 2955 me
1791 2914 1930 2970 prae-

321 2989 588 3054 sumitur,
637 2999 696 3043 ut
743 2999 797 3045 et
821 3004 923 3060 ego
952 2990 1271 3064 intelligam,
1327 2989 1468 3059 quod
1509 2990 1646 3045 alius
1697 2989 1927 3060 ignoret.

2038 1784 2227 1851 nostri,
2245 1798 2366 1839 cum
2398 1783 2593 1839 Paulus
2616 1783 2694 1857 (g)
2721 1783 3072 1841 Samosateus
3100 1786 3390 1842 haereticus
3411 1803 3651 1858 pronun-

2038 1876 2200 1932 tiatus
2229 1887 2312 1934 est
2331 1919 2345 1942 ,
2375 1878 2539 1933 etiam
2570 1877 2890 1934 homousion
2921 1879 3363 1948 repudiaverim:
3396 1882 3520 1952 quia
3547 1897 3648 1954 per

2038 1970 2177 2026 hanc
2203 1969 2361 2025 unius
2388 1971 2643 2026 essentia:
2673 1971 3126 2041 nuncupationem
3155 1972 3458 2026 solitarium
3481 1983 3645 2043 atque

2037 2063 2254 2118 unicum
2302 2063 2404 2119 sibi
2448 2077 2570 2119 esse
2616 2064 2831 2120 Patrem
2863 2075 2920 2119 et
2957 2063 3156 2119 Filium
3197 2064 3546 2134 prmdicabat.
3575 2067 3649 2125 Et

2035 2156 2140 2212 hoc
2167 2171 2296 2212 sane
2320 2172 2463 2212 nunc
2491 2172 2704 2229 quoque
2731 2157 3174 2227 profanissimum
3206 2157 3448 2214 Ecclesia
3480 2173 3638 2215 reco-

2035 2249 2284 2320 gnoscit,
2316 2248 2530 2304 Patrem
2572 2259 2628 2304 et
2671 2249 2868 2305 Filium
2901 2251 2953 2304 in
2994 2249 3079 2306 bis
3123 2251 3404 2307 nominum
3435 2251 3643 2323 profes-

2035 2345 2280 2400 sionibus
2317 2343 2384 2398 ad
2416 2345 2629 2400 uniouis
2655 2359 2721 2401 ac
2747 2344 3040 2416 singularis
3066 2345 3412 2401 solitudinem
3454 2356 3644 2416 negata

2035 2449 2387 2506 personarum
2430 2434 2763 2506 proprietate
2806 2421 3084 2492 revocare.
3113 2435 3298 2492 Tertio
3335 2437 3496 2492 etiam
3527 2437 3645 2493 haec

2034 2543 2196 2584 causa
2236 2527 2579 2598 improbandi
2630 2527 2898 2584 homousii
2947 2538 3372 2584 commemorata
3419 2544 3451 2585 a
3489 2530 3642 2586 vobis

2035 2633 2116 2678 est
2148 2638 2162 2674 :
2193 2620 2319 2690 quia
2348 2622 2400 2675 in
2432 2620 2678 2692 synodo,
2705 2634 2825 2690 qua:
2848 2619 2990 2690 apud
3028 2619 3262 2676 Nicaeam
3305 2621 3440 2690 fuit,
3468 2624 3640 2678 coacti

2034 2722 2218 2784 patres
2242 2713 2408 2767 nostri
2435 2721 2656 2784 propter
2683 2724 2779 2767 eos
2804 2713 2894 2781 qui
2916 2720 3220 2766 creaturam
3252 2711 3448 2768 Filium
3487 2715 3637 2769 dice-

2035 2806 2200 2873 bant,
2229 2819 2424 2860 nomen
2464 2804 2732 2861 liomousii
2772 2804 3096 2860 iudidissent
3126 2822 3139 2858 :
3169 2805 3313 2876 quod
3354 2820 3461 2862 non
3501 2807 3642 2862 reci-

2036 2897 2290 2969 piendum
2323 2897 2524 2953 idcirco
2553 2899 2653 2966 sit,
2694 2899 2818 2969 quia
2850 2912 3119 2968 nusquam
3146 2897 3404 2970 scriptum
3436 2901 3644 2971 reperi-

2036 3001 2204 3046 retur.
2235 2990 2387 3059 Quod
2417 3005 2446 3042 a
2477 2990 2627 3045 vobis
2656 2990 2858 3046 dictum
2889 2991 3020 3046 satis
3060 2991 3248 3047 miror.
3279 2991 3338 3048 Si
3367 2991 3513 3048 enim
3543 2991 3642 3048 ho-

323 3080 449 3137 Non
473 3080 620 3150 quod
649 3080 939 3151 quidquam
968 3095 1067 3136 vos
1096 3081 1392 3135 secundum
1418 3096 1723 3136 mensuram
1755 3081 1933 3138 scien-
1960 3095 2006 3160 ρ
2037 3086 2283 3140 mousion
2315 3091 2536 3155 propter
2565 3084 2858 3140 novitatem
2888 3083 3279 3155 repudiandum
3310 3086 3415 3154 sit;
3449 3102 3643 3144 vereor

324 3174 421 3229 tia:
461 3175 716 3246 ignorare
740 3190 903 3230 ausus
919 3177 1021 3230 sim
1049 3175 1258 3233 dicere:
1289 3176 1385 3230 sed
1409 3191 1572 3246 super
1597 3176 1721 3232 lidei
1748 3177 1930 3232 catho-

325 3267 452 3322 lica:
493 3267 722 3334 unitate,
768 3269 1009 3339 patimini
1056 3284 1162 3324 non
1208 3269 1389 3325 minus
1415 3270 1469 3326 in
1491 3271 1648 3326 nobis
1673 3285 1796 3328 esse
1825 3271 1932 3328 sol-

322 3360 695 3429 licitudinum,
727 3377 884 3433 quam
916 3362 970 3418 in
1002 3363 1174 3418 vobis.

325 3477 669 3545 impassibilis
717 3479 873 3543 Deus,
913 3480 1084 3549 utique
1125 3480 1576 3552 incompassibilis.
1629 3480 1762 3536 Tam
1807 3499 1927 3552 ergo

326 3566 634 3615 compassus
673 3567 774 3604 non
795 3561 911 3622 feet.
959 3569 1110 3617 quam
1136 3568 1224 3606 nec
1252 3569 1431 3622 passus
1462 3563 1556 3618 est,
1592 3569 1655 3607 ex
1679 3571 1739 3608 ea
1762 3565 1930 3608 tamen

326 3622 630 3693 condiiione
656 3639 754 3691 qua
781 3621 936 3677 Deus.
965 3623 1042 3678 Ex
1093 3640 1219 3693 quo,
1251 3621 1381 3678 otet
1403 3642 1465 3679 ex
1501 3633 1686 3679 nostro
1727 3625 1930 3680 Hilario

327 3689 682 3746 manifestum
737 3706 836 3755 t'sl,
864 3689 1146 3750 hmreticds
1177 3689 1418 3751 dicentes
1444 3697 1605 3760 lilium
1644 3696 1740 3750 Dei
1767 3700 1932 3752 homi-

328 3779 455 3840 nm:
466 3765 550 3840 _de_
563 3762 736 3817 Maria
756 3769 1059 3840 suscepisse,
1086 3783 1174 3835 per
1189 3784 1339 3836 quem
1364 3784 1659 3840 compassus
1679 3778 1774 3834 est,
1792 3769 1930 3824 duos

329 3836 378 3911 in
411 3835 644 3890 Christo
667 3839 988 3899 asset-uisse,
1019 3854 1247 3907 quorum
1281 3855 1418 3893 unus
1432 3835 1574 3894 esset
1607 3840 1926 3911 suscipiens,

329 3908 478 3960 alter
537 3920 864 3978 susceptos,
907 3921 1133 3977 uterque
1191 3926 1322 3965 vero
1367 3911 1654 3979 passibilis.
1710 3908 1842 3966 Nam
1889 3914 1934 3967 si

329 3979 607 4051 dixissent
645 3997 734 4048 per
780 3997 924 4051 quem
964 3997 1146 4050 passus
1199 3994 1307 4047 est;
1350 3991 1671 4048 sequeretur
1731 3993 1934 4037 tantum

329 4049 614 4104 Christum
661 4049 873 4120 passum
904 4049 1025 4106 esSe
1053 4053 1346 4107 secundum
1379 4062 1623 4106 naturam
1667 4053 1936 4108 hominis:

328 4129 545 4194 atcum
573 4122 817 4177 scribunt
842 4140 930 4189 per
955 4141 1103 4194 quem
1125 4140 1421 4192 compassus
1446 4133 1540 4190 est,
1567 4125 1814 4190 passione
1842 4125 1941 4180 ho—

332 4193 505 4266 minis
539 4205 785 4266 naturam
817 4193 975 4250 Verbi
1006 4195 1255 4249 similiter
1283 4196 1422 4249 affici
1447 4196 1770 4266 significant.

406 4265 488 4334 (a)
531 4264 736 4321 Omnes
768 4281 898 4321 mss.
927 4268 979 4320 in
1011 4268 1333 4320 homousion.

403 4334 485 4406 (ὁ)
525 4335 780 4393 Nonnulli
809 4354 939 4392 mss.
970 4355 1090 4392 cum
1119 4340 1355 4404 excusis,
1391 4340 1668 4393 homousii.
1719 4339 1940 4394 Rectius

331 4406 518 4472 Colb.,
541 4407 733 4472 Corb.,
761 4409 982 4472 Pratel.,
1015 4409 1200 4474 Faur.,
1218 4419 1350 4474 etc.,
1371 4410 1657 4465 hommusii.
1683 4411 1777 4466 llic
1801 4411 1940 4465 redit

335 4477 582 4532 Hilarius
627 4480 691 4534 ad
733 4481 786 4535 id
829 4483 970 4550 quod
1007 4482 1118 4549 jam
1173 4481 1437 4536 delibarat
1479 4484 1685 4548 dicens,
1720 4481 1785 4535 Et
1823 4482 1940 4550 ipsa

329 4551 430 4616 illa
459 4567 602 4624 nunc
637 4568 860 4619 pra‘sens
899 4553 1204 4620 subscriptio
1253 4569 1354 4606 non
1380 4564 1515 4608 caret
1545 4554 1806 4624 falsitate:
1841 4556 1938 4606 lto-

331 4621 556 4675 mmusii
585 4631 786 4687 autem,
809 4640 912 4679 non
946 4624 1210 4676 homousii
1243 4621 1566 4691 professioni
1597 4625 1940 4679 subscribere

331 4694 514 4765 coacti
557 4702 703 4747 sont.
736 4695 841 4750 Sed
887 4710 1046 4765 quam
1093 4709 1219 4750 vere
1240 4697 1308 4750 de
1340 4695 1568 4751 Ursacio
1607 4707 1661 4749 et
1714 4696 1938 4750 Valente

331 4763 707 4819 subodoratns
769 4769 875 4834 sit,
903 4763 998 4822 eos
1024 4783 1128 4820 non
1155 4782 1222 4821 ex
1251 4767 1432 4821 animo
1463 4766 1799 4822 hommusion
1822 4781 1939 4822 sus-

333 4838 579 4909 cepiSse,
627 4839 778 4895 testis
816 4850 900 4894 est
952 4839 1258 4894 Gertninius
1304 4837 1630 4909 Fragmenta
1661 4855 1751 4902 xv,
1784 4854 1838 4892 n.
1871 4838 1937 4892 ὃς

335 4907 527 4982 Miror
567 4922 757 4977 autem,
791 4911 960 4982 inquit
989 4911 1303 4964 nominatim
1350 4907 1695 4974 del/alente,
1724 4910 1940 4982 prtedic-

337 4991 451 5034 tum
492 4977 752 5036 Valentem
780 4977 1104 5036 autvoblitum
1132 4998 1256 5042 esse.
1285 4992 1371 5035 aut
1394 4991 1528 5035 certe
1550 4981 1762 5034 subdole
1788 4981 1940 5034 dissi-

337 5053 543 5106 mulare
570 5054 778 5124 quodin
811 5055 1121 5123 praeteritum
1143 5063 1335 5124 gestum
1353 5054 1438 5118 sit,
1469 5052 1823 5122 etc.,quando
1850 5049 1944 5124 Fi-

339 5125 476 5178 lium
503 5125 725 5178 similem
753 5125 902 5179 Patri
928 5142 1016 5196 per
1066 5123 1235 5196 onmin
1276 5141 1384 5178 esse
1432 5141 1584 5176 manu
1609 5134 1784 5196 nostra
1825 5123 1944 5176 sub-

336 5196 676 5270 scripsimus:
705 5196 909 5270 Quippe
938 5197 1022 5270 isti
1044 5195 1163 5256 duo,
1193 5206 1247 5248 ut
1273 5204 1423 5249 notat
1449 5197 1724 5270 Socrates,
1759 5195 1850 5270 lib.
1874 5210 1944 5270 ⁸ιι,

339 5283 466 5336 cap.
498 5267 572 5340 '57
594 5285 608 5340 :7
639 5263 856 5340 Serapi?
889 5268 956 5321 ad
979 5283 1151 5322 eorum
1178 5276 1346 5338 partes
1373 5267 1678 5333 transibant,
1711 5269 1796 5336 qui
1829 5263 1944 5336 plus

342 5355 496 5408 posse
524 5339 838 5392 viderentur.

423 5412 498 5482 (ε)
524 5409 590 5466 Ut
620 5423 746 5479 pote
785 5410 874 5480 qui
899 5424 1043 5482 anno
1064 5407 1170 5464 555
1198 5408 1364 5482 Tyrio
1390 5407 1754 5463 conciliabula
1776 5409 1945 5464 inter-

344 5480 582 5546 fuerant,
611 5491 665 5535 et
685 5482 883 5536 abhinc
905 5495 1000 5551 per
1019 5481 1090 5538 25
1111 5480 1280 5536 annos
1305 5480 1600 5551 innumeris
1626 5495 1792 5551 prope
1821 5495 1950 5534 con-

355 5553 635 5618 ventibus,
665 5553 716 5607 in
743 5550 939 5622 quibus
967 5552 1238 5607 solemnes
1283 5560 1440 5608 erant
1469 5550 1537 5605 de
1558 5550 1831 5620 praedictis
1855 5565 1950 5606 vo—

359 5625 510 5678 cibus
540 5625 945 5679 controversiae.

435 5694 517 5769 (d)
558 5695 702 5758 Satis
738 5697 1022 5756 advertunt
1054 5693 1368 5768 prudentes,
1399 5693 1488 5752 hic
1530 5692 1756 5754 indicari
1800 5691 1947 5751 litte-

1967 4521 2017 4581 1)

2039 3193 2107 3234 ne
2149 3185 2206 3233 et
2255 3176 2600 3234 hommusion
2658 3177 3023 3248 periclitetur,
3071 3177 3194 3249 quia
3249 3193 3514 3249 nusquam
3559 3179 3642 3252 (It)

2037 3271 2298 3341 scriptum
2327 3270 2649 3340 reperiatur.

2115 3363 2205 3418 82.
2241 3362 2356 3431 Quo
2394 3379 2548 3418 sensu
2566 3361 2773 3436 judicio
2816 3361 3075 3418 communi
3112 3359 3402 3417 damnetur.
3428 3391 3501 3403 —
3527 3359 3637 3418 Sed

2035 3499 2128 3540 ras
2159 3498 2189 3537 a
2221 3482 2447 3538 Valente
2480 3488 2562 3552 et,
2589 3479 2809 3538 Ursacio
2839 3479 2908 3536 ad
2936 3480 3134 3537 Juliuin
3168 3489 3288 3552 post
3314 3481 3635 3540 Sardicense

2037 3555 2322 3612 concilium
2358 3551 2714 3622 conscriptas,
2739 3553 2933 3624 quibus
2959 3551 3216 3622 expresse
3252 3553 3488 3611 confessi
3510 3564 3635 3611 sunt

2038 3626 2171 3682 falsa
2215 3641 2339 3683 esse
2357 3624 2538 3680 omnia
2565 3640 2685 3696 quae
2706 3625 2966 3681 adversus
2995 3625 3351 3682 Athanasium
3376 3625 3626 3699 divulga-

2039 3706 2184 3753 rant.

2135 3769 2183 3842 e)
2223 3769 2388 3824 Abest
2418 3783 2521 3821 non
2551 3782 2580 3820 a
2609 3764 2929 3842 quibusdam
2963 3781 3096 3842 mss.
3120 3766 3281 3823 male.

2135 3770 2183 3842 e)
2223 3770 2388 3824 Abest
2418 3783 2521 3821 non
2551 3782 2580 3820 a
2609 3770 2929 3836 quibusdam
2963 3781 3096 3820 mss.
3120 3770 3281 3823 male.

2109 3770 2182 3911 li)
2221 3842 2480 3911 Erasinus
2505 3848 2688 3911 mouet
2715 3852 2774 3892 se
2808 3839 2863 3911 in
2888 3839 3192 3911 recentiore
3218 3838 3452 3907 quodam
3483 3837 3635 3893 codi-

2039 3927 2102 3968 ce
2121 3907 2401 3981 reperisse
2429 3909 2515 3964 hic
2542 3908 2809 3981 additum;
2825 3907 2930 3962 Pro
2955 3909 3228 3975 prudentia
3252 3919 3418 3964 vestra
3443 3926 3637 3981 expen-

2041 3984 2168 4048 dite,
2195 3979 2320 4053 quid
2343 3983 2405 4036 sit
2433 3999 2484 4053 a7
2503 3979 2837 4036 sanctissimis
2863 3981 2982 4034 viris
3024 3996 3256 4053 poscere,
3291 3989 3346 4034 ut
3365 3996 3481 4053 cum
3507 3980 3640 4053 bona

2040 4057 2186 4109 uenia
2208 4050 2426 4107 audiant
2452 4052 2736 4118 dicentem;
2759 4060 2806 4105 et
2841 4067 2908 4104 an
2939 4050 3168 4119 ejusdem
3212 4050 3277 4104 sit
3319 4050 3544 4116 adulari,
3593 4062 3640 4104 et

2043 4127 2341 4197 objurgare.
2375 4123 2488 4177 Hoc
2528 4123 2644 4197 ideo
2667 4123 2756 4197 ita
2799 4123 3004 4197 dictum
3042 4130 3136 4184 est,
3179 4123 3403 4197 quiusa,
3430 4138 3545 4192 qua:
3572 4121 3640 4176 ad

2043 4193 2442 4270 pr'wsenstacita
2514 4193 2576 4248 ab
2623 4195 2703 4248 his
2733 4194 2966 4264 fuissent,
3016 4209 3157 4248 erant
3185 4194 3504 4270 proditurus,
3539 4211 3641 4270 non

2045 4263 2212 4322 tamen
2239 4269 2294 4322 in
2321 4268 2400 4320 his
2425 4281 2540 4337 qua:
2566 4263 3045 4337 possenttamquam
3065 4263 3382 4337 excusabilia
3410 4265 3642 4334 defendi,

2044 4341 2242 4394 viderer
2283 4335 2612 4393 calumniari.
2645 4335 2860 4391 Erasmi
2895 4345 3074 4390 notam
3103 4351 3168 4389 ac
3207 4335 3370 4390 verba
3419 4337 3644 4390 retinuit

2046 4407 2287 4474 Mirmus,
2319 4425 2437 4480 qua:
2455 4407 2510 4462 in
2541 4408 2890 4480 sequentibus
2934 4406 3067 4462 edit.
3098 4420 3323 4480 prorsus
3351 4421 3642 4477 suppressa

2045 4492 2190 4536 sunt.
2243 4477 2348 4550 Qui
2394 4488 2572 4535 autem
2610 4477 2988 4547 Remigianum
3034 4477 3278 4550 codicem
3319 4487 3444 4550 ante
3471 4492 3644 4534 annos

2041 4554 2148 4609 400
2201 4548 2394 4623 pinxit,
2427 4553 2614 4607 eadem
2653 4550 2717 4604 ad
2751 4552 3048 4623 marginem
3074 4548 3382 4623 exscripsit,
3415 4563 3644 4623 pra-mo.

2046 4641 2178 4700 nens
2203 4618 2271 4679 'ea
2303 4627 2355 4700 in
2384 4624 2690 4700 quibusdam
2727 4621 3103 4700 egenipluribus
3161 4618 3370 4700 haberi.
3419 4618 3646 4700 Exstant

2045 4696 2098 4750 in
2145 4690 2449 4751 recentiore
2487 4691 2650 4747 Carn.
2679 4703 2735 4746 et
2755 4692 2891 4746 'l‘ell.
2918 4693 2984 4746 ad
3024 4706 3176 4746 oram
3204 4690 3325 4745 libri
3351 4706 3367 4754 ;
3403 4700 3456 4743 at
3486 4690 3539 4742 in
3567 4690 3644 4743 al-

2042 4775 2161 4822 tero
2199 4775 2362 4821 earn.
2406 4773 2532 4817 ante
2577 4777 2750 4817 annos
2774 4763 2883 4818 900
2928 4763 3128 4832 scripto
3170 4769 3244 4832 et
3275 4759 3434 4814 Micb.
3476 4760 3639 4814 etiam

2043 4839 2098 4893 in
2130 4839 2246 4906 ipso
2275 4846 2442 4890 textu.
2478 4833 2804 4906 Hisquarto
2833 4849 2899 4906 se,
2948 4831 3641 4906 purgatililarius,esten-

2042 4901 2229 4978 ditque
2258 4923 2317 4964 se
2345 4921 2446 4960 non
2471 4901 2790 4978 adulationis
2816 4901 2961 4978 vitio,
2990 4903 3082 4957 sed
3115 4901 3377 4978 charitate
3403 4901 3642 4978 dietaute

2045 4972 2346 5035 Orientales
2398 4977 2741 5031 sanctissimos
2787 4975 2922 5028 viros
2972 4972 3274 5042 appellasse
3326 4990 3337 5026 :
3379 4986 3487 5041 quo
3517 4973 3638 5028 scil.

2049 5051 2332 5121 prodesset
2357 5048 2829 5121 correctio,_qnam
2851 5047 2928 5121 eis
2951 5045 3306 5121 adhibiturus
3315 5051 3460 5121 erat.

2121 5123 2196 5191 (g)
2229 5122 2283 5176 ln
2318 5129 2525 5175 vetusto
2567 5113 2752 5191 codice
2778 5115 2934 5191 Colb.
2965 5125 3021 5191 et
3048 5115 3232 5173 Germ.
3275 5113 3530 5191 Nooteus.
3566 5117 3651 5191 An

2050 5185 2274 5250 Paulum
2317 5193 2395 5246 sic
2424 5200 2579 5244 vocat
2625 5189 2858 5244 Hilarius
2901 5203 2929 5242 a
2980 5188 3172 5256 Noeto,
3219 5189 3372 5257 cujus
3399 5185 3652 5242 haeresim

2050 5263 2282 5332 quodam
2331 5263 2491 5317 modo
2532 5259 2894 5316 instauravit?
2927 5259 3255 5330 Epiphanius
3301 5259 3448 5332 enim
3491 5257 3655 5332 tradi;

2054 5327 2188 5392 liair.
2229 5350 2353 5399 va,
2386 5351 2440 5388 n.
2488 5333 2539 5393 1.
2575 5332 2799 5386 Paulum
2841 5327 3118 5402 opinatum
3152 5345 3296 5397 esse,
3344 5329 3513 5402 ﬁlium
3553 5327 3656 5402 Dei

2055 5398 2429 5463 subsistentiam
2457 5402 2644 5459 habere
2673 5421 2763 5471 per
2791 5398 2897 5458 sese
2923 5404 3138 5469 nullam,
3185 5402 3274 5456 sed
3315 5402 3380 5471 in,
3398 5398 3508 5454 Deo
3535 5400 3655 5453 sub-

2056 5480 2237 5533 sistere
2267 5495 2286 5532 :
2312 5480 2365 5532 id
2391 5476 2530 5547 quod
2575 5470 2805 5531 Sabellio
2845 5491 3040 5546 quoque
3069 5474 3286 5546 placuit,
3331 5470 3558 5538 Novato,
3604 5479 3654 5527 et

2059 5549 2248 5604 Noelo.

2131 5619 2210 5692 (It)
2241 5621 2684 5692 Argumentuma
2717 5619 2863 5692 vocis
2891 5617 3128 5692 novitate
3155 5616 3381 5692 petitum
3409 5613 3654 5669 Athana-

2059 5687 2199 5759 sius,
2212 5692 2304 5750 0r.
2321 5687 2386 5760 it,
2404 5705 2526 5762 pag.
2551 5690 2722 5751 δίδοι
2735 5689 2861 5759 356,
2876 5689 3292 5760 etEpiphaoius,
3307 5687 3442 5745 liter.
3461 5702 3660 5757 Lxxtu,
