4106 6192
344 115 450 174 535

1547 107 1791 166 SANCTI
1843 103 2097 161 “ILARII
2150 103 2461 162 EPISCOPI

3544 103 3651 162 536

344 235 469 288 hinc
496 246 603 287 non
627 231 949 287 calumnior.
979 226 1119 284 Malo
1151 230 1296 284 enim
1328 227 1530 299 aliquid
1567 240 1766 281 novum
1792 239 1938 280 com-
1967 223 2023 287 Α
2047 222 2171 278 huic
2198 223 2435 279 sermoni
2468 233 2656 279 nostro
2687 237 2792 279 non
2826 224 3125 296 irreligioso
3153 224 3474 279 inseremus.

342 341 697 393 memorasse,
727 339 887 398 quam
927 323 1089 395 impie
1120 323 1411 393 respuisse.
1445 319 1813 376 Praetermissa
1840 318 1940 372 ita-

344 436 451 490 quc
462 421 759 491 qumstione
771 418 1044 481 novitatis,
1060 430 1128 471 ne
1146 416 1197 469 in
1223 415 1303 469 his
1324 413 1538 485 quidem
1555 411 1753 468 residet
1768 426 1941 483 quaes-

342 517 438 580 tio,
473 531 591 584 qtue
622 513 894 569 communi
923 511 1163 565 omnium
1190 518 1430 565 nostrum
1445 507 1650 577 judicio
1681 505 1941 561 damnan-

343 617 455 662 tnr.
495 605 629 672 Quis
670 605 815 658 enim
865 618 1012 658 same
1066 605 1263 657 mentis
1297 601 1508 656 tertiam
1555 598 1936 663 substantiam,

343 712 465 768 quae
506 704 560 752 et
588 696 732 750 Patri
764 705 818 750 ct
844 693 985 750 Filio
1014 693 1325 749 communis
1352 693 1442 754 sit,
1469 688 1818 761 przedicabit?
1842 687 1940 743 Vel

341 790 463 858 quis
493 787 788 843 secundum
831 787 1231 851 Samosateum,
1272 784 1324 839 in
1357 782 1574 839 Christo
1610 791 1853 849 renatus,
1888 790 1944 837 et

342 878 538 935 Filium
562 879 846 933 confessus
875 894 939 933 ac
965 878 1202 945 Patrem,
1227 876 1368 947 quod
1395 874 1645 929 Christus
1669 874 1722 929 in
1751 887 1810 928 se
1840 871 1940 927 sibi

345 981 402 1027 ct
425 982 576 1041 pater
605 980 660 1026 et
687 969 828 1026 illius
858 972 930 1025 sit
956 969 1347 1025 conﬁtebitur?
1374 968 1477 1023 Par
1502 968 1683 1038 itaque
1726 966 1779 1020 in
1810 981 1943 1020 con-

350 1062 674 1118 detnnandis
704 1061 1070 1132 impietatibus
1098 1061 1476 1115 haereticorum
1511 1069 1694 1113 nostra
1722 1070 1939 1115 senten-

353 1156 423 1210 tia
454 1163 538 1210 est
572 1174 585 1210 :
617 1165 668 1209 et
712 1154 850 1208 hanc
880 1152 1150 1208 horaeusii
1186 1152 1595 1221 intelligentiam
1630 1167 1736 1206 non
1779 1151 1940 1205 modo

344 1249 575 1317 respuit,
607 1248 700 1302 sed
741 1256 797 1302 et
820 1248 951 1302 odit.
981 1246 1145 1317 510
1173 1247 1347 1314 Atque
1382 1245 1450 1299 ita
1482 1260 1590 1299 non
1621 1243 1946 1315 relinquitur

345 1343 554 1397 vitiosm
585 1342 956 1411 intelligentia:
986 1340 1234 1410 qumstio,
1261 1337 1352 1394 ubi
1379 1339 1431 1393 in
1461 1337 1574 1393 vitii
1600 1337 1944 1392 damnatione

346 1436 651 1489 communis
672 1449 927 1489 assensus
953 1441 1057 1486 est.

417 1525 508 1581 85.
542 1524 692 1592 Quod
719 1526 801 1593 pie
824 1542 856 1578 ll
890 1523 1107 1577 Nicaena
1138 1522 1336 1593 synodo
1379 1532 1690 1591 susceptum,
1723 1539 1825 1577 non
1857 1523 1943 1577 de-

2124 334 2142 365 ι
2178 315 2464 371 Credimus
2493 317 2544 371 in
2578 331 2741 371 unum
2765 317 2932 372 Deum
2964 326 3169 387 patrem
3192 317 3644 387 omnipotentem,

2044 409 2284 465 omnium
2337 408 2623 463 visibilium
2668 416 2725 464 et
2770 408 3114 464 invisibilium
3160 408 3443 465 factorem.
3488 407 3558 463 Et
3592 409 3648 464 in

2045 520 2207 559 unum
2242 505 2531 558 Dominum
2562 513 2805 558 nostrum
2833 503 3017 560 Jesum
3039 504 3313 561 Christum
3337 505 3502 560 ﬁlium
3528 505 3647 573 Dei,

2044 604 2230 649 natum
2258 611 2322 649 ex
2354 595 2515 650 Patre
2556 596 2912 666 unigenitum,
2945 596 3049 651 hoc
3090 605 3191 663 cst,
3234 597 3302 652 de
3346 596 3651 652 substantia

2044 685 2240 752 Patris,
2265 686 2434 741 Deum
2458 701 2522 740 ex
2547 686 2679 750 Deo,
2716 687 2893 742 lumen
2922 702 2987 742 ex
3019 688 3242 752 lumine,
3268 688 3438 743 Deum
3461 703 3648 743 verum

2044 777 2112 832 de
2154 777 2264 832 Deo
2295 793 2440 844 vero,
2494 790 2678 833 natum
2723 794 2829 834 non
2861 778 3083 847 factum,
3131 782 3289 835 unius
3330 780 3651 836 substantiae

2044 884 2167 925 cum
2206 869 2386 935 Patre,
2424 869 2502 942 (d)
2535 871 2677 941 quod
2723 887 2902 942 grznce
2941 873 3127 928 dicunt
3167 873 3510 941 homousion,
3553 888 3652 944 per

2046 978 2204 1033 quem
2245 963 2425 1019 omnia
2454 964 2593 1020 facta
2632 974 2757 1021 sunt
2784 982 2904 1036 qua:
2942 967 2996 1021 in
3031 966 3168 1024 ctelo
3195 976 3251 1023 et
3278 967 3333 1022 in
3363 976 3530 1036 terra,
3555 968 3651 1040 qui

2045 1067 2267 1129 propter
2289 1069 2526 1114 nostram
2542 1059 2769 1115 salutem
2791 1061 3070 1117 descendit
3090 1061 3181 1133 (ι’),
3207 1064 3517 1119 incarnatus
3536 1073 3642 1128 est,

2047 1158 2102 1204 et
2131 1149 2292 1206 homo
2322 1152 2479 1224 511
2503 1150 2677 1207 iactus
2702 1163 2805 1219 est,
2835 1165 2890 1208 et
2919 1168 3107 1222 passus
3132 1164 3237 1220 est,
3264 1162 3322 1209 et
3351 1154 3648 1211 resurrexit

2046 1246 2205 1298 tertia
2251 1243 2359 1309 die,
2401 1255 2456 1299 et
2492 1244 2774 1300 adscendit
2815 1247 2868 1300 in
2896 1247 3087 1315 caelos,
3118 1257 3379 1302 venturus
3404 1246 3651 1318 judicare

2046 1337 2198 1391 vivos
2236 1348 2290 1392 et
2319 1346 2579 1393 mortuos.
2616 1339 2685 1394 Et
2716 1339 2769 1394 in
2800 1339 3058 1408 Spiritum
3110 1349 3379 1397 sanetum.
3412 1342 3518 1396 Eos
3557 1356 3653 1397 au-

2046 1438 2178 1495 tem,
2201 1429 2290 1501 qui
2316 1429 2524 1496 dicunt,
2557 1430 2685 1485 Erat
2714 1432 2930 1502 quando
2958 1447 3062 1487 non
3091 1441 3228 1500 erat,
3260 1441 3316 1487 et
3340 1440 3465 1488 ante
3486 1446 3648 1503 quam

2048 1533 2363 1578 nasceretur
2389 1538 2494 1577 non
2527 1531 2666 1590 erat,
2697 1535 2752 1579 et
2780 1524 2922 1595 quod
2948 1524 3014 1579 de
3044 1540 3149 1578 non
3181 1524 3518 1579 exstantibus
3540 1524 3651 1580 lac-

345 1618 457 1713 ὸιξιι
484 1616 785 1685 improbari.
816 1646 886 1656 —-—
915 1616 1134 1670 Dicturo
1163 1626 1343 1669 autem
1385 1629 1470 1669 me
1503 1613 1716 1669 tandem
1746 1612 1813 1667 dc
1839 1621 1947 1667 ter-
1976 1615 2023 1675 B
2054 1622 2138 1669 tus
2168 1623 2271 1680 est,
2314 1615 2394 1670 vel
2423 1630 2487 1670 ex
2518 1615 2621 1669 alia
2647 1616 2945 1670 substantia
2991 1624 3083 1670 aut
3117 1617 3374 1683 essentia,
3405 1616 3655 1673 dicentes

345 1704 767 1780 tia'quzestioue,
798 1723 896 1763 oro
929 1721 1043 1772 vos,
1080 1721 1149 1762 ne
1180 1707 1269 1761 ubi
1298 1720 1402 1778 pax
1442 1704 1793 1760 conscientia:
1837 1713 1943 1770 est,

342 1801 418 1856 ibi
442 1803 512 1856 sit
545 1817 717 1872 pugna
746 1800 1115 1869 suspicionum
1148 1816 1161 1853 :
1191 1814 1364 1869 neque
1398 1798 1691 1868 quidquam
1724 1810 1811 1852 me
1839 1795 1943 1851 nisi

344 1894 412 1947 ad
465 1894 688 1949 unitatis
744 1891 1042 1963 profectum
1093 1890 1338 1961 proferre
1386 1889 1730 1945 existimetis.
1784 1888 1946 1943 lnane

345 1987 490 2042 enim
535 1996 641 2051 est,
681 1986 1006 2041 calumniam
1057 1984 1209 2041 verbi
1255 1983 1661 2055 pertimescere,
1719 1981 1808 2035 ubi
1858 1996 1947 2036 res

346 2082 483 2149 ipsa,
531 2081 683 2151 cujus
728 2080 951 2135 verbum
998 2086 1102 2146 est,
1150 2093 1257 2133 non
1292 2077 1488 2132 habeat
1540 2075 1941 2131 difﬁcultatem.

343 2174 604 2243 Displicet
627 2174 875 2244 cuiquam
905 2174 957 2228 in
982 2171 1192 2244 synodo
1218 2170 1436 2225 Nictena
1465 2168 1782 2225 homousion
1814 2184 1939 2224 esse

345 2267 702 2337 susceptum?
729 2266 844 2321 Hoc
869 2267 913 2320 si
955 2266 1042 2321 cui
1073 2264 1344 2334 displicet,
1374 2263 1586 2333 placeat
1615 2276 1839 2318 necesse
1863 2271 1949 2317 est

345 2360 489 2432 quod
522 2359 588 2414 ab
618 2357 693 2431 (a)
721 2359 864 2413 Ariis
892 2359 963 2413 sit
982 2365 1255 2427 negatum.
1286 2356 1547 2426 Negatum
1574 2355 1717 2411 enim
1747 2354 1948 2409 idcirco

346 2463 430 2507 est
457 2452 798 2514 homousion,
831 2467 898 2506 ne
923 2465 990 2505 ex
1026 2449 1327 2505 substantia
1378 2448 1473 2504 Dei
1502 2449 1667 2519 patris
1713 2447 1857 2503 Deus
1889 2446 1947 2501 ﬁ-

353 2545 459 2601 lius
492 2555 671 2612 natus,
704 2544 798 2600 sed
841 2542 1136 2599 secundum
1173 2553 1451 2597 creaturas
1476 2557 1542 2597 ex
1574 2540 1746 2596 nihilo
1773 2539 1950 2596 condi-

351 2650 441 2693 tus
491 2637 900 2709 praedicaretur.
942 2635 1087 2693 Nihil
1138 2651 1338 2691 novum
1380 2635 1672 2706 loquimur,
1706 2633 1947 2705 pluribus

345 2731 490 2787 edita
518 2731 710 2786 litteris
741 2729 859 2801 ipsa
888 2729 1142 2785 Ariorum
1170 2727 1395 2798 perﬁdia
1425 2727 1528 2782 sibi
1561 2727 1717 2782 testis
1743 2735 1848 2781 est.
1890 2724 1947 2781 Si

346 2832 566 2893 propter
595 2824 910 2892 negantium
962 2821 1295 2891 impietatem
1345 2820 1433 2890 pia
1465 2829 1578 2874 tum
1606 2818 1704 2873 fuit
1750 2818 1949 2874 intelli-

345 2915 530 2986 gentia
585 2916 973 2982 conliteutum;
1025 2928 1209 2985 qurere
1249 2929 1347 2970 cur
1387 2913 1548 2968 hodie
1589 2912 1944 2979 convellatur,

2049 1707 2460 1761 convertibilem
2483 1716 2538 1762 et
2565 1707 2946 1763 demutabilem
2968 1708 3138 1764 Deum
3171 1727 3183 1763 :
3219 1708 3319 1764 bos
3338 1712 3654 1766 anathema-

2051 1802 2185 1855 tizat
2214 1801 2475 1855 catholica
2509 1801 2772 1856 Ecclesia.
2804 1822 2822 1855 ι

2121 1892 2234 1947 Νοιι
2268 1892 2355 1947 hic
2384 1893 2724 1948 sanctissima
2752 1895 3128 1965 religiosorum
3152 1895 3392 1952 virorum
3414 1895 3657 1965 synodus

2052 1988 2236 2042 nescio
2265 2001 2425 2058 quam
2458 1987 2716 2057 priorem,
2762 2003 2883 2059 quae
2912 1989 2964 2043 iu
3007 1988 3144 2044 duos
3181 1988 3353 2044 divisa
3383 1991 3475 2059 sit,
3521 1991 3654 2045 sub-

2050 2079 2302 2135 stantiam
2330 2079 2645 2147 introducit,
2676 2081 2772 2136 sed
2812 2081 3005 2136 Filium
3038 2089 3221 2136 natum
3251 2082 3320 2137 de
3348 2081 3649 2137 substantia

2053 2174 2245 2229 Patris.
2296 2172 2564 2244 Numquid
2612 2183 2668 2229 et
2720 2188 2820 2228 nos
2870 2175 3167 2244 negamus?
3199 2183 3294 2229 aut
3330 2174 3461 2245 quid
3506 2174 3655 2231 aliud

2050 2266 2409 2323 conﬁtemur?
2436 2266 2502 2321 Et
2532 2276 2652 2337 post
2678 2275 2904 2323 cteteras
2947 2268 3248 2323 communis
3274 2266 3397 2322 ﬁdei
3439 2268 3658 2339 exposi-

2055 2361 2227 2414 tiones
2276 2358 2369 2424 ait,
2419 2378 2438 2412 ι
2469 2358 2661 2413 Natum
2714 2375 2820 2414 non
2862 2359 3083 2425 factum,
3142 2361 3302 2416 unius
3339 2359 3657 2415 substantia:

2051 2465 2171 2506 cum
2197 2450 2377 2516 Patre,
2401 2450 2544 2520 quod
2576 2466 2750 2521 graece
2779 2451 2967 2506 dicunt
2997 2453 3339 2508 homousion.
3367 2471 3387 2504 ι
3420 2452 3659 2521 Qtuehic

2052 2545 2263 2597 vitiosae
2294 2543 2666 2613 intelligentia:
2690 2543 2903 2598 occasio
2931 2544 3047 2599 est?
3074 2524 3390 2601 Natus‘esse
3418 2544 3487 2600 de
3525 2544 3659 2601 sub-

2052 2636 2248 2691 stantia
2278 2635 2456 2691 Patris
2488 2634 2526 2689 F
2532 2636 2674 2703 ilius,
2709 2652 2816 2691 non
2848 2637 3016 2691 lactus
3043 2638 3371 2709 praedicatur
3402 2656 3416 2692 :
3448 2652 3515 2693 ne
3559 2652 3658 2692 na-

2052 2731 2232 2786 tivitas
2258 2730 2575 2792 divinitatis.
2608 2731 2814 2787 factura
2859 2734 2930 2787 sit
2970 2733 3281 2788 creationis.
3310 2732 3513 2790 Idcirco
3555 2748 3655 2788 au-

2052 2830 2160 2876 tem
2187 2824 2341 2877 unius
2367 2824 2708 2879 substantia}:
2735 2840 2843 2879 non
2884 2834 2947 2879 ut
2972 2839 3112 2880 unus
3139 2826 3399 2881 subsistat
3443 2835 3538 2882 aut
3561 2841 3655 2882 so-

2051 2915 2158 2981 lus,
2195 2915 2290 2970 sed
2323 2926 2380 2969 ut
2410 2931 2479 2970 ex
2515 2916 2811 2971 substantia
2848 2916 2939 2971 Dei
2972 2926 3128 2972 natus
3156 2931 3265 2971 non
3289 2916 3505 2972 aliunde
3529 2916 3658 2973 sub-

350 3008 494 3078 quod
530 3016 638 3063 tum
666 3009 750 3078 pie
782 3015 1092 3079 susceptum
1127 3017 1232 3075 est,
1261 3008 1387 3078 quia
1410 3006 1574 3077 impie
1613 3007 1943 3078 negabatur?
1973 3021 2020 3084 ρ
2051 3009 2208 3063 sistat
2239 3050 2253 3071 ,
2313 3023 2487 3080 neque
2526 3019 2582 3062 ut
2637 3009 2690 3064 in
2744 3010 2918 3079 aliqua
2975 3008 3289 3064 dissidentis
3339 3008 3655 3065 substantiae

347 3101 402 3158 Si
434 3100 522 3172 pie
566 3110 878 3171 susceptum
906 3110 993 3166 est
1026 3115 1162 3156 :cur
1205 3101 1354 3154 venit
1381 3098 1698 3155 constitutio
1729 3098 1944 3169 pietatis

345 3195 399 3248 in
427 3194 655 3259 crimen,
707 3210 827 3265 quae
865 3194 1196 3262 impietatem
1239 3194 1325 3262 pie
1366 3208 1462 3262 per
1501 3207 1564 3248 ea
1594 3192 1711 3262 ipsa
1751 3192 1944 3261 quibus

345 3285 420 3358 (b)
453 3285 774 3356 impiabatur
802 3285 1095 3341 exstinxit?

417 3380 451 3435 8
465 3381 507 3434 ι.
539 3377 772 3445 Nitamur
793 3379 976 3450 synodi
998 3395 1202 3449 scapus.
1230 3378 1537 3451 Symbolum
1561 3378 1856 3435 Nicolaum.
1877 3409 1946 3421 —

347 3472 642 3528 Videamus
665 3471 826 3542 igitur
864 3472 989 3542 quid
1016 3472 1234 3529 Nicaena
1275 3474 1516 3546 synodus
1540 3474 1611 3547 (c)
1658 3474 1944 3542 studuerit,

353 3564 700 3631 homousion,
737 3564 788 3619 id
805 3575 908 3630 est,
934 3566 1091 3621 unius
1118 3566 1433 3621 substantiae
1462 3566 1771 3622 conﬁtendo
1802 3585 1813 3620 :
1839 3582 1945 3622 non

352 3660 539 3731 utique
580 3650 830 3715 lucicsim
872 3660 1165 3730 parturire,
1199 3675 1317 3730 qure
1349 3658 1417 3714 de
1449 3659 1714 3715 homousii
1757 3661 1949 3716 vitiosa

346 3753 601 3822 Opinione
640 3751 964 3821 concipitur.
1005 3751 1147 3815 Non,
1190 3751 1408 3821 opinor,
1448 3751 1580 3807 illud
1632 3752 1943 3822 loquentur,

343 3847 488 3917 quod
534 3859 695 3901 unam
733 3846 1067 3901 anteriorem
1110 3846 1467 3901 substantiam
1500 3846 1660 3902 Pater
1690 3856 1741 3901 ct
1774 3848 1947 3903 Filius

344 3939 399 3994 itt
437 3939 794 3995 substantiam
821 3953 973 3994 suam
1008 3938 1294 4009 partiendo
1334 3938 1644 3994 diviserint.
1680 3939 1747 3994 Et
1772 3939 1946 4010 ipsam

336 4033 554 4103 quidem
586 4033 838 4104 religiose
867 4040 978 4087 tum
1028 4032 1283 4103 scriptam
1328 4031 1513 4099 ﬁdem,
1548 4049 1690 4088 nunc
1733 4048 1948 4104 quoque

340 4212 399 4251 ιι.
425 4195 493 4248 14
519 4203 573 4249 et
602 4194 692 4261 l9,
744 4194 795 4248 in
829 4193 976 4262 ipsos
1015 4192 1302 4247 hmreticos
1345 4191 1547 4262 pariter
1570 4198 1895 4262 retorquent
1927 4209 1941 4245 :

341 4265 542 4336 quippe
566 4266 655 4335 qui
688 4260 894 4334 patrem
927 4263 1117 4336 dixere
1165 4263 1469 4333 ingenitum,
1501 4260 1693 4315 Filium
1725 4275 1947 4336 veroex

339 4332 445 4391 non
474 4332 607 4398 cute,
632 4332 818 4388 et'non
846 4336 1007 4404 fuisse
1029 4333 1172 4403 prius
1197 4332 1352 4401 quam
1387 4342 1702 4404 nasceretur,
1727 4342 1782 4385 et
1809 4332 1944 4404 alias

2048 3090 2361 3156 diversitate
2403 3101 2683 3157 subsistat.
2729 3101 2837 3156 Ant
2884 3102 3143 3173 numquid
3200 3118 3309 3158 non
3351 3103 3467 3157 haec
3519 3102 3653 3158 ﬁdes

2051 3201 2234 3248 nostra
2267 3201 2367 3258 est,
2410 3202 2598 3248 utnon
2630 3193 2846 3249 aliunde
2884 3195 3166 3262 subsistat,
3194 3210 3370 3267 neque
3395 3193 3538 3266 quod
3564 3195 3652 3250 in-

2049 3285 2326 3341 dissinnlis
2364 3285 2659 3343 subsistat?
2705 3286 2813 3342 Aut
2856 3288 3002 3342 aliud
3041 3288 3128 3344 hic
3173 3296 3402 3345 testatur
3428 3287 3654 3343 homou-

2051 3380 2193 3445 sion,
2236 3396 2397 3451 quam
2432 3392 2489 3434 ut
2528 3397 2629 3436 una
2677 3391 2837 3452 atque
2880 3381 3218 3437 indissimilis
3257 3381 3423 3437 duum
3471 3381 3543 3436 sit
3569 3396 3657 3437 se-

2050 3476 2286 3531 cundum
2334 3488 2539 3531 natura:
2581 3475 2648 3549 (f)
2685 3477 2994 3546 progeniem
3023 3477 3283 3543 essentia,
3314 3476 3438 3547 quia
3467 3490 3657 3533 essen-

2055 3571 2126 3625 tia
2154 3569 2277 3624 Filii
2310 3585 2416 3624 non
2449 3569 2520 3624 sit
2546 3568 2803 3624 aliunde?
2830 3568 2959 3637 Qua:
2991 3569 3112 3638 quia
3152 3566 3369 3624 aliunde
3400 3580 3505 3625 non
3542 3577 3652 3637 est,

2048 3666 2209 3722 unius
2231 3675 2378 3722 recte
2402 3679 2524 3720 esse
2555 3664 2715 3719 ambo
2742 3662 3032 3719 credentur
3060 3665 3345 3730 essentiaz;
3373 3663 3500 3735 quia
3524 3662 3655 3719 ειιιι⁴

2051 3757 2304 3813 stantiam
2333 3756 2628 3811 nativitatis
2652 3755 2818 3810 Filius
2840 3770 2946 3811 non
2970 3754 3168 3811 habeat
3191 3754 3292 3811 nisi
3320 3755 3388 3811 de
3416 3765 3653 3827 pateruxe

2051 3851 2372 3906 auctoritate
2402 3859 2627 3905 naturae.

2124 3943 2212 3998 85.
2247 3943 2566 3999 lioutousion
2606 3935 2728 3996 num
2756 3942 3175 4012 itnprobandum,
3202 3943 3322 4014 quia
3347 3942 3527 3997 vitiose
3566 3958 3653 3996 so-

2049 4037 2151 4091 leat
2198 4038 2435 4110 intelligi.
2473 4068 2537 4079 -—
2563 4037 2669 4094 Sed
2711 4036 2851 4093 forte
2895 4052 2926 4092 e
2972 4038 3246 4094 contrario
3292 4037 3525 4104 dicetur,
3566 4038 3650 4092 id-

2054 4195 2277 4257 ἀσεϐεῖν,
2329 4193 2381 4247 id
2431 4203 2536 4255 est,
2592 4192 2924 4263 impietatem
2961 4210 3142 4263 agere,
3177 4195 3467 4252 conﬁctnm
3500 4197 3651 4253 vide-

2056 4275 2162 4320 tur.
2203 4265 2373 4318 Porro
2422 4264 2552 4319 illud
2596 4265 2908 4333 impiabatur
2947 4267 3013 4321 ad
3059 4266 3359 4323 Samosatei
3402 4269 3647 4325 ltmresim
3698 4288 3713 4295 δ

2053 4336 2243 4411 referri
2276 4337 2560 4391 connuode
2585 4346 2784 4411 queat;
2816 4346 2873 4411 ut
2900 4351 3002 4405 qua
3026 4339 3115 4411 ille
3144 4353 3278 4394 voce
3308 4339 3450 4395 unde
3478 4352 3648 4411 posna

341 4421 506 4463 voces
529 4402 907 4481 excogitarunt
927 4402 1224 4481 Scripturis
1250 4417 1470 4481 prorsus
1498 4402 1948 4481 incogttitas:__\[e-
1973 4403 2026 4463 D
2056 4408 2383 4478 impietatem
2416 4422 2566 4481 suam
2598 4402 2939 4481 enuntiabat,
2969 4424 3031 4464 ea
3046 4410 3177 4481 ipsa
3199 4425 3296 4480 per
3322 4411 3458 4465 alias
3479 4402 3649 4481 supe—

342 4493 485 4543 rum,
519 4485 576 4531 ut
604 4471 1129 4540 docetAthanasius,
1150 4471 1334 4528 lidee
1345 4472 1551 4542 Synod.
1578 4488 1630 4542 p.
1645 4472 1776 4535 9l'5,
1795 4471 1943 4525 Hila-

338 4551 425 4606 rio
455 4557 641 4604 nostro
660 4546 751 4602 hic
775 4546 1126 4616 sttll‘ragaute,
1156 4545 1286 4599 nihil
1303 4544 1358 4598 id
1383 4545 1560 4613 refert,
1588 4543 1633 4616 si
1658 4545 1771 4616 quis
1795 4558 1942 4599 voces

338 4623 396 4675 in
427 4621 703 4689 Scriptura
730 4634 834 4672 non
855 4613 1087 4689 repertas
1113 4624 1348 4685 usurpet,
1379 4631 1531 4689 quam
1572 4613 1661 4667 diu
1692 4614 1803 4689 pias
1824 4630 1940 4667 sen-

340 4685 561 4758 tentias,
593 4685 968 4758 complectitur.
1019 4685 1211 4743 Contra
1249 4687 1517 4758 hereticus
1547 4687 1747 4740 tametsi
1795 4701 1941 4739 voces

338 4780 463 4818 suos
508 4757 535 4816 ε
576 4757 740 4817 sacris
787 4762 972 4816 litteris
1028 4770 1261 4828 usurpet,
1300 4757 1635 4812 nihilominus
1680 4767 1945 4827 suspectus

338 4835 615 4905 animoque
640 4844 916 4905 corruptus
942 4831 1116 4888 audiet
1141 4848 1173 4885 a
1201 4829 1425 4901 Spiritu,
1453 4830 1627 4897 Quare
1651 4837 1705 4883 tu
1731 4844 1940 4883 enarras

328 4903 566 4977 justitius
591 4903 771 4977 meas?

412 4974 487 5049 (a)
519 4976 716 5049 Excusi
748 4973 857 5038 hic,
886 4973 1024 5049 quod
1050 4973 1114 5049 ao
1141 4972 1347 5049 Arionis
1373 4980 1445 5026 est
1472 4980 1712 5049 negatum
1732 4987 1751 5034 ;
1773 4980 1829 5025 et
1858 4969 1940 5049 in-_

335 5042 805 5111 fra','Arianorum
834 5042 1327 5101 :dissentientibus
1374 5057 1506 5097 mss.
1555 5042 1645 5097 Sic
1697 5048 1752 5096 et
1800 5042 1943 5111 apud

339 5116 698 5174 thbadium
720 5115 855 5180 Arii,
889 5131 994 5170 non
1023 5116 1205 5169 Ariani
1228 5122 1627 5182 nuncupantur.
1659 5112 1945 5179 Quomodo

340 5189 704 5251 hicllilarins,
732 5189 804 5242 ita
819 5186 1169 5251 Athanasius,
1192 5187 1286 5242 lib.
1310 5184 1379 5239 de
1404 5185 1540 5256 Syn.
1570 5200 1623 5256 p.
1653 5184 1778 5250 920,
1798 5183 1943 5256 idem

335 5260 658 5315 vocabulum
683 5259 1005 5313 homousion
1031 5268 1179 5313 recte
1196 5266 1252 5313 et
1280 5257 1348 5311 ab
1373 5253 1710 5327 An'tiocbeua
1732 5254 1944 5327 synodo

339 5341 535 5386 contra
579 5331 953 5387 Samosateum
994 5328 1280 5399 reiectum,
1327 5338 1381 5382 et
1429 5344 1459 5381 a
1498 5326 1716 5382 Nicmna
1753 5337 1942 5382 contra

341 5401 574 5526 Apionos
611 5411 921 5471 susceptum
962 5403 1155 5471 probat
1183 5416 1250 5455 ex
1281 5414 1449 5470 scopo
1494 5399 1775 5465 utriusque
1805 5411 1938 5453 cou-

341 5489 389 5526 ct
418 5491 471 5526 ιι.

341 5489 471 5528 CIIII.

415 5544 492 5614 (b)
519 5543 608 5611 Sic
639 5560 771 5614 mss.
808 5544 950 5611 Editi
981 5558 1131 5611 vero,
1162 5541 1492 5613 impiebatur.
1528 5540 1704 5614 Verbo
1731 5540 1940 5614 ἰηιρὶαή

345 5604 486 5671 usus
531 5608 613 5669 est
666 5604 883 5671 Planttis
925 5635 937 5670 :
979 5604 1130 5685 quod
1169 5604 1386 5685 quidem
1437 5613 1504 5668 ad
1555 5613 1725 5670 instar
1773 5604 1938 5682 g'rgeei

2047 4481 2221 4534 rinres
2256 4478 2511 4552 exposita
2537 4480 2649 4533 Arii
2682 4480 3014 4552 impietatem
3045 4478 3259 4536 Nicaena
3290 4482 3531 4552 synodus
3550 4478 3650 4537 ex-

2045 4548 2461 4604 stinxerit.’Nisi
2492 4548 2630 4605 forte
2677 4548 2799 4621 quis
2828 4552 3016 4606 mallet
3071 4553 3157 4607 hic
3207 4548 3373 4609 alludi
3414 4553 3480 4608 ad
3532 4568 3651 4609 eam

2048 4622 2336 4684 rationem,
2367 4635 2472 4690 qua
2516 4636 2705 4677 vocem
2757 4622 3077 4677 homousion
3126 4623 3386 4680 adversus
3432 4625 3645 4680 Eusebii

2044 4693 2283 4764 argutias
2307 4691 2501 4747 Nicaeae
2528 4702 2834 4764 susceptam
2877 4704 3061 4749 narrat
3098 4692 3440 4764 Ambrosius,
3468 4695 3560 4752 lib.
3589 4712 3648 4751 ιιι

2045 4764 2115 4820 de
2136 4763 2269 4820 Fide
2293 4778 2344 4818 c.
2377 4764 2467 4829 15,
2500 4780 2553 4817 ιι.
2591 4763 2710 4829 125,
2744 4764 2885 4833 quod
2919 4768 3095 4821 minus
3119 4766 3397 4835 probabile
3432 4776 3539 4822 est.

2126 4853 2197 4927 (ε)
2238 4853 2297 4909 In
2335 4854 2586 4925 vulgatis,
2637 4856 2893 4911 statuerit.
2938 4854 3133 4911 Verius
3166 4871 3296 4911 mss.
3346 4858 3649 4915 studuerit:

2048 4941 2171 4982 cum
2202 4942 2308 4982 non
2340 4935 2445 4981 tam
2477 4936 2749 4997 qmeratur
2789 4942 2856 4983 an
2892 4927 3214 4984 homousion
3249 4937 3513 4985 statutum
3552 4932 3643 4999 sit,

2048 5012 2208 5068 qunn
2232 5012 2337 5068 quo
2366 4998 2616 5053 consilio.
3292 5023 3309 5041 ς

2122 5091 2468 5166 (άλΑιὶῳιοι
2490 5106 2622 5147 mss.
2656 5101 2715 5166 ut
2736 5091 3064 5166 Fragmento
3103 5109 3161 5161 tt,
3208 5109 3359 5149 num.
3386 5094 3478 5159 27,
3509 5096 3647 5166 quod

2046 5161 2215 5218 (ἔναιρε
2246 5161 2419 5217 dicunt
2447 5163 2769 5218 homousion.
2802 5161 2928 5219 lliec
2950 5174 3129 5220 autem
3153 5166 3316 5225 verba
3344 5182 3453 5222 non
3484 5161 3645 5222 habet

2045 5234 2320 5307 exemplar
2351 5232 2514 5290 Corb.
2568 5234 2770 5291 saecqu
2819 5243 2973 5290 sexto
3014 5246 3324 5303 exaratum,
3365 5238 3510 5307 quod
3545 5240 3646 5293 hoc

2045 5305 2360 5379 Symbolum
2383 5321 2504 5362 cum
2522 5306 2643 5362 aliis
2667 5307 2903 5377 antiquis
2924 5308 3287 5364 monumentis
3306 5305 3571 5365 continet.

2116 5397 2189 5470 (ε)
2215 5397 2440 5453 Addunt
2463 5398 2615 5472 editi,
2643 5400 2707 5454 de
2731 5401 2875 5455 cmlis
2895 5417 2913 5455 :
2937 5400 3084 5472 quod
3114 5416 3286 5471 neque
3316 5403 3403 5457 hic
3424 5400 3478 5457 iu
3509 5419 3640 5458 mss.

2044 5479 2239 5544 easint,
2280 5485 2453 5540 neque
2494 5470 2822 5540 Fragmenta
2852 5488 2915 5537 ιι,
2946 5470 3123 5544 neque
3162 5470 3306 5543 apud
3332 5473 3641 5531 Luciferum

2044 5540 2136 5594 lib.
2162 5541 2236 5612 de
2266 5556 2368 5596 non
2400 5544 2685 5612 parcendo,
2721 5554 2826 5598 etc.

2116 5611 2186 5682 (Τ)
2218 5612 2294 5669 Ita
2321 5622 2475 5680 tuss.;
2512 5614 2601 5671 ubi
2630 5618 2683 5670 in
2707 5614 2962 5687 vulgatis,
2990 5617 3352 5687 propaginem.
