  <div class='ocr_page' id='page_1' title='image "/cluster/home/n/w/nwhite01/storage/ocr_20150623/10/hvd.32044096580394/274.png"; bbox 0 0 4106 6192; ppageno 0'>
   <div class='ocr_carea' id='block_1_1' title="bbox 286 208 381 263">
    <p class='ocr_par' dir='ltr' id='par_1_1' title="bbox 286 208 381 263">
     <span class='ocr_line' id='line_1_1' title="bbox 286 208 381 263; baseline -0.021 0"><span class='ocrx_word' id='word_1_1' title='bbox 286 208 381 263; x_wconf 76' lang='grc'><strong>537</strong></span> 
     </span>
    </p>
   </div>
   <div class='ocr_carea' id='block_1_2' title="bbox 1047 202 2799 273">
    <p class='ocr_par' dir='ltr' id='par_1_2' title="bbox 1047 202 2799 273">
     <span class='ocr_line' id='line_1_2' title="bbox 1047 202 2799 273; baseline 0.002 -13"><span class='ocrx_word' id='word_1_2' title='bbox 1047 204 1248 261; x_wconf 80' lang='lat' dir='ltr'><strong>LIBER</strong></span> <span class='ocrx_word' id='word_1_3' title='bbox 1290 206 1380 261; x_wconf 83' lang='lat' dir='ltr'><strong>DE</strong></span> <span class='ocrx_word' id='word_1_4' title='bbox 1437 204 1761 273; x_wconf 80' lang='lat' dir='ltr'><strong>SYNODIS,</strong></span> <span class='ocrx_word' id='word_1_5' title='bbox 1804 204 1936 263; x_wconf 77' lang='lat' dir='ltr'><strong>SEU</strong></span> <span class='ocrx_word' id='word_1_6' title='bbox 1981 205 2067 263; x_wconf 73' lang='lat' dir='ltr'><strong>DE</strong></span> <span class='ocrx_word' id='word_1_7' title='bbox 2109 202 2266 263; x_wconf 78' lang='lat' dir='ltr'><strong>FIDE</strong></span> <span class='ocrx_word' id='word_1_8' title='bbox 2305 206 2799 265; x_wconf 78' lang='lat' dir='ltr'><strong>()RIENTALIUM.</strong></span> 
     </span>
    </p>
   </div>
   <div class='ocr_carea' id='block_1_3' title="bbox 3464 212 3570 269">
    <p class='ocr_par' dir='ltr' id='par_1_3' title="bbox 3464 212 3570 269">
     <span class='ocr_line' id='line_1_3' title="bbox 3464 212 3570 269; baseline 0.019 -2"><span class='ocrx_word' id='word_1_9' title='bbox 3464 212 3570 269; x_wconf 75' lang='lat'><strong>538</strong></span> 
     </span>
    </p>
   </div>
   <div class='ocr_carea' id='block_1_4' title="bbox 282 321 3564 397">
    <p class='ocr_par' dir='ltr' id='par_1_4' title="bbox 282 321 3564 397">
     <span class='ocr_line' id='line_1_4' title="bbox 282 321 3564 397; baseline 0.001 -17"><span class='ocrx_word' id='word_1_10' title='bbox 282 328 414 380; x_wconf 86' lang='lat' dir='ltr'><strong>circo</strong></span> <span class='ocrx_word' id='word_1_11' title='bbox 440 323 728 394; x_wconf 79' lang='lat' dir='ltr'><strong>improbari</strong></span> <span class='ocrx_word' id='word_1_12' title='bbox 753 332 1025 395; x_wconf 75' lang='lat' dir='ltr'><strong>oportere,</strong></span> <span class='ocrx_word' id='word_1_13' title='bbox 1049 324 1175 394; x_wconf 82' lang='lat' dir='ltr'><strong>quia</strong></span> <span class='ocrx_word' id='word_1_14' title='bbox 1198 324 1389 379; x_wconf 85' lang='lat' dir='ltr'><strong>vitiose</strong></span> <span class='ocrx_word' id='word_1_15' title='bbox 1418 323 1644 394; x_wconf 79' lang='lat' dir='ltr'><strong>intelligi</strong></span> <span class='ocrx_word' id='word_1_16' title='bbox 1671 323 1863 379; x_wconf 90' lang='lat' dir='ltr'><strong>soleat.</strong></span> <span class='ocrx_word' id='word_1_17' title='bbox 1893 326 1945 388; x_wconf 81' lang='grc' dir='ltr'>Α</span> <span class='ocrx_word' id='word_1_18' title='bbox 1972 323 2205 380; x_wconf 86' lang='lat' dir='ltr'><strong>Percaut</strong></span> <span class='ocrx_word' id='word_1_19' title='bbox 2234 339 2467 396; x_wconf 87' lang='lat' dir='ltr'><strong>quoque,</strong></span> <span class='ocrx_word' id='word_1_20' title='bbox 2503 325 2548 379; x_wconf 90' lang='lat' dir='ltr'><strong>si</strong></span> <span class='ocrx_word' id='word_1_21' title='bbox 2588 324 2801 380; x_wconf 87' lang='lat' dir='ltr'><strong>videtur</strong></span> <span class='ocrx_word' id='word_1_22' title='bbox 2850 321 3016 397; x_wconf 87' lang='lat' dir='ltr'><strong>(quod</strong></span> <span class='ocrx_word' id='word_1_23' title='bbox 3048 338 3155 380; x_wconf 88' lang='lat' dir='ltr'><strong>non</strong></span> <span class='ocrx_word' id='word_1_24' title='bbox 3186 339 3287 396; x_wconf 81' lang='lat' dir='ltr'><strong>ego</strong></span> <span class='ocrx_word' id='word_1_25' title='bbox 3311 324 3564 394; x_wconf 82' lang='lat' dir='ltr'><strong>dixerim,</strong></span> 
     </span>
    </p>
   </div>
   <div class='ocr_carea' id='block_1_5' title="bbox 279 417 1865 489">
    <p class='ocr_par' dir='ltr' id='par_1_5' title="bbox 279 417 1865 489">
     <span class='ocr_line' id='line_1_5' title="bbox 279 417 1865 489; baseline -0.001 -14"><span class='ocrx_word' id='word_1_26' title='bbox 279 418 384 475; x_wconf 83' lang='lat' dir='ltr'><strong>Hoc</strong></span> <span class='ocrx_word' id='word_1_27' title='bbox 410 420 453 473; x_wconf 91' lang='lat' dir='ltr'><strong>si</strong></span> <span class='ocrx_word' id='word_1_28' title='bbox 486 420 759 485; x_wconf 91' lang='lat' dir='ltr'><strong>timemus,</strong></span> <span class='ocrx_word' id='word_1_29' title='bbox 791 418 1072 473; x_wconf 89' lang='lat' dir='ltr'><strong>deleamus</strong></span> <span class='ocrx_word' id='word_1_30' title='bbox 1103 417 1156 472; x_wconf 93' lang='lat' dir='ltr'><strong>in</strong></span> <span class='ocrx_word' id='word_1_31' title='bbox 1192 418 1459 489; x_wconf 86' lang='lat' dir='ltr'><strong>Apostolo</strong></span> <span class='ocrx_word' id='word_1_32' title='bbox 1492 417 1635 488; x_wconf 87' lang='lat' dir='ltr'><strong>quod</strong></span> <span class='ocrx_word' id='word_1_33' title='bbox 1662 417 1865 473; x_wconf 89' lang='lat' dir='ltr'><strong>dictum</strong></span> 
     </span>
    </p>
   </div>
   <div class='ocr_carea' id='block_1_6' title="bbox 278 509 1865 570">
    <p class='ocr_par' dir='ltr' id='par_1_6' title="bbox 278 509 1865 570">
     <span class='ocr_line' id='line_1_6' title="bbox 278 509 1865 570; baseline -0.003 -1"><span class='ocrx_word' id='word_1_34' title='bbox 278 524 352 570; x_wconf 87' lang='lat' dir='ltr'><strong>est</strong></span> <span class='ocrx_word' id='word_1_35' title='bbox 379 531 398 568; x_wconf 93' lang='lat'><em>:</em></span> <span class='ocrx_word' id='word_1_36' title='bbox 430 512 685 567; x_wconf 72' lang='lat' dir='ltr'><strong>Mediutor</strong></span> <span class='ocrx_word' id='word_1_37' title='bbox 733 511 830 566; x_wconf 85' lang='lat' dir='ltr'><strong>Dei</strong></span> <span class='ocrx_word' id='word_1_38' title='bbox 865 521 913 566; x_wconf 82' lang='lat' dir='ltr'><strong>et</strong></span> <span class='ocrx_word' id='word_1_39' title='bbox 949 512 1214 566; x_wconf 84' lang='lat' dir='ltr'><strong>hominum</strong></span> <span class='ocrx_word' id='word_1_40' title='bbox 1255 511 1409 567; x_wconf 86' lang='lat' dir='ltr'><strong>homo</strong></span> <span class='ocrx_word' id='word_1_41' title='bbox 1451 511 1688 568; x_wconf 88' lang='lat' dir='ltr'><strong>Christus</strong></span> <span class='ocrx_word' id='word_1_42' title='bbox 1712 509 1865 566; x_wconf 70' lang='lat' dir='ltr'><strong>Iesus</strong></span> 
     </span>
    </p>
   </div>
   <div class='ocr_carea' id='block_1_7' title="bbox 276 605 1868 683">
    <p class='ocr_par' dir='ltr' id='par_1_7' title="bbox 276 605 1868 683">
     <span class='ocr_line' id='line_1_7' title="bbox 276 605 1868 683; baseline -0.004 -17"><span class='ocrx_word' id='word_1_43' title='bbox 276 609 319 683; x_wconf 93' lang='grc' dir='ltr'>(ι</span> <span class='ocrx_word' id='word_1_44' title='bbox 341 607 470 664; x_wconf 81' lang='lat' dir='ltr'><strong>Titii.</strong></span> <span class='ocrx_word' id='word_1_45' title='bbox 500 624 560 672; x_wconf 85' lang='lat' dir='ltr'><strong>tt,</strong></span> <span class='ocrx_word' id='word_1_46' title='bbox 595 607 679 680; x_wconf 87' lang='lat'><strong>5);</strong></span> <span class='ocrx_word' id='word_1_47' title='bbox 709 606 833 677; x_wconf 89' lang='lat' dir='ltr'><strong>quia</strong></span> <span class='ocrx_word' id='word_1_48' title='bbox 862 606 928 661; x_wconf 88' lang='lat' dir='ltr'><strong>ad</strong></span> <span class='ocrx_word' id='word_1_49' title='bbox 957 607 1328 661; x_wconf 69' lang='lat' dir='ltr'><strong>auctoritatem</strong></span> <span class='ocrx_word' id='word_1_50' title='bbox 1351 605 1573 662; x_wconf 65' lang='lat' dir='ltr'><strong>hairesis</strong></span> <span class='ocrx_word' id='word_1_51' title='bbox 1595 620 1708 661; x_wconf 79' lang='lat' dir='ltr'><strong>sua:</strong></span> <span class='ocrx_word' id='word_1_52' title='bbox 1727 606 1868 661; x_wconf 88' lang='lat' dir='ltr'><strong>Pho-</strong></span> 
     </span>
    </p>
   </div>
   <div class='ocr_carea' id='block_1_8' title="bbox 280 698 1865 769">
    <p class='ocr_par' dir='ltr' id='par_1_8' title="bbox 280 698 1865 769">
     <span class='ocr_line' id='line_1_8' title="bbox 280 698 1865 769; baseline -0.003 -13"><span class='ocrx_word' id='word_1_53' title='bbox 280 702 411 756; x_wconf 90' lang='lat' dir='ltr'><strong>tinus</strong></span> <span class='ocrx_word' id='word_1_54' title='bbox 456 700 557 754; x_wconf 91' lang='lat' dir='ltr'><strong>hoc</strong></span> <span class='ocrx_word' id='word_1_55' title='bbox 598 700 806 754; x_wconf 88' lang='lat' dir='ltr'><strong>utitur:</strong></span> <span class='ocrx_word' id='word_1_56' title='bbox 837 710 891 754; x_wconf 90' lang='lat' dir='ltr'><strong>et</strong></span> <span class='ocrx_word' id='word_1_57' title='bbox 939 714 1046 752; x_wconf 86' lang='lat' dir='ltr'><strong>nou</strong></span> <span class='ocrx_word' id='word_1_58' title='bbox 1079 700 1291 769; x_wconf 80' lang='lat' dir='ltr'><strong>legatur</strong></span> <span class='ocrx_word' id='word_1_59' title='bbox 1329 713 1359 753; x_wconf 89' lang='lat' dir='ltr'><strong>a</strong></span> <span class='ocrx_word' id='word_1_60' title='bbox 1393 698 1571 764; x_wconf 91' lang='lat' dir='ltr'><strong>nobis,</strong></span> <span class='ocrx_word' id='word_1_61' title='bbox 1620 698 1743 769; x_wconf 89' lang='lat' dir='ltr'><strong>quia</strong></span> <span class='ocrx_word' id='word_1_62' title='bbox 1797 698 1865 752; x_wconf 88' lang='lat' dir='ltr'><strong>ab</strong></span> 
     </span>
    </p>
   </div>
   <div class='ocr_carea' id='block_1_9' title="bbox 273 791 1865 864">
    <p class='ocr_par' dir='ltr' id='par_1_9' title="bbox 273 791 1865 864">
     <span class='ocr_line' id='line_1_9' title="bbox 273 791 1865 864; baseline -0.001 -15"><span class='ocrx_word' id='word_1_63' title='bbox 273 794 358 849; x_wconf 84' lang='lat' dir='ltr'><strong>illo</strong></span> <span class='ocrx_word' id='word_1_64' title='bbox 388 794 524 848; x_wconf 89' lang='lat' dir='ltr'><strong>male</strong></span> <span class='ocrx_word' id='word_1_65' title='bbox 554 792 905 864; x_wconf 82' lang='lat' dir='ltr'><strong>intelligatur.</strong></span> <span class='ocrx_word' id='word_1_66' title='bbox 931 792 1126 848; x_wconf 86' lang='lat' dir='ltr'><strong>Pereat</strong></span> <span class='ocrx_word' id='word_1_67' title='bbox 1151 807 1366 863; x_wconf 88' lang='lat' dir='ltr'><strong>quoque</strong></span> <span class='ocrx_word' id='word_1_68' title='bbox 1395 792 1460 846; x_wconf 89' lang='lat' dir='ltr'><strong>ad</strong></span> <span class='ocrx_word' id='word_1_69' title='bbox 1490 791 1865 863; x_wconf 80' lang='lat' dir='ltr'><strong>Philippenses</strong></span> 
     </span>
    </p>
   </div>
   <div class='ocr_carea' id='block_1_10' title="bbox 271 884 1864 958">
    <p class='ocr_par' dir='ltr' id='par_1_10' title="bbox 271 884 1864 958">
     <span class='ocr_line' id='line_1_10' title="bbox 271 884 1864 958; baseline -0.001 -17"><span class='ocrx_word' id='word_1_70' title='bbox 271 886 455 958; x_wconf 88' lang='lat' dir='ltr'><strong>scripta</strong></span> <span class='ocrx_word' id='word_1_71' title='bbox 484 885 733 957; x_wconf 83' lang='lat' dir='ltr'><strong>epistola,</strong></span> <span class='ocrx_word' id='word_1_72' title='bbox 767 892 862 939; x_wconf 84' lang='lat' dir='ltr'><strong>aut</strong></span> <span class='ocrx_word' id='word_1_73' title='bbox 891 885 999 955; x_wconf 82' lang='lat' dir='ltr'><strong>igni</strong></span> <span class='ocrx_word' id='word_1_74' title='bbox 1020 893 1114 938; x_wconf 90' lang='lat' dir='ltr'><strong>aut</strong></span> <span class='ocrx_word' id='word_1_75' title='bbox 1151 885 1414 955; x_wconf 85' lang='lat' dir='ltr'><strong>spongia:</strong></span> <span class='ocrx_word' id='word_1_76' title='bbox 1447 900 1515 940; x_wconf 92' lang='lat' dir='ltr'><strong>ne</strong></span> <span class='ocrx_word' id='word_1_77' title='bbox 1546 884 1599 939; x_wconf 89' lang='lat' dir='ltr'><strong>in</strong></span> <span class='ocrx_word' id='word_1_78' title='bbox 1632 899 1693 939; x_wconf 90' lang='lat' dir='ltr'><strong>ea</strong></span> <span class='ocrx_word' id='word_1_79' title='bbox 1723 884 1864 939; x_wconf 83' lang='lat' dir='ltr'><strong>Mar-</strong></span> 
     </span>
    </p>
   </div>
   <div class='ocr_carea' id='block_1_11' title="bbox 270 974 1856 1048">
    <p class='ocr_par' dir='ltr' id='par_1_11' title="bbox 270 974 1856 1048">
     <span class='ocr_line' id='line_1_11' title="bbox 270 974 1856 1048; baseline -0.002 -15"><span class='ocrx_word' id='word_1_80' title='bbox 270 980 381 1033; x_wconf 85' lang='lat' dir='ltr'><strong>cion</strong></span> <span class='ocrx_word' id='word_1_81' title='bbox 429 979 663 1048; x_wconf 78' lang='lat' dir='ltr'><strong>relegat:</strong></span> <span class='ocrx_word' id='word_1_82' title='bbox 692 975 760 1030; x_wconf 87' lang='lat' dir='ltr'><strong>Et</strong></span> <span class='ocrx_word' id='word_1_83' title='bbox 789 976 965 1031; x_wconf 88' lang='lat' dir='ltr'><strong>habitu</strong></span> <span class='ocrx_word' id='word_1_84' title='bbox 1001 986 1240 1045; x_wconf 85' lang='lat' dir='ltr'><strong>repertus</strong></span> <span class='ocrx_word' id='word_1_85' title='bbox 1270 985 1326 1031; x_wconf 92' lang='lat' dir='ltr'><strong>ut</strong></span> <span class='ocrx_word' id='word_1_86' title='bbox 1362 976 1515 1030; x_wconf 88' lang='lat' dir='ltr'><strong>homo</strong></span> <span class='ocrx_word' id='word_1_87' title='bbox 1543 974 1770 1046; x_wconf 81' lang='lat' dir='ltr'><strong>(Philip.</strong></span> <span class='ocrx_word' id='word_1_88' title='bbox 1801 992 1856 1041; x_wconf 92' lang='grc' dir='ltr'>ιι,</span> 
     </span>
    </p>
   </div>
   <div class='ocr_carea' id='block_1_12' title="bbox 271 1068 1856 1142">
    <p class='ocr_par' dir='ltr' id='par_1_12' title="bbox 271 1068 1856 1142">
     <span class='ocr_line' id='line_1_12' title="bbox 271 1068 1856 1142; baseline -0.003 -16"><span class='ocrx_word' id='word_1_89' title='bbox 271 1070 341 1142; x_wconf 77' lang='grc'>7),</span> <span class='ocrx_word' id='word_1_90' title='bbox 368 1070 704 1142; x_wconf 87' lang='lat' dir='ltr'><strong>phantasiam</strong></span> <span class='ocrx_word' id='word_1_91' title='bbox 735 1069 980 1139; x_wconf 89' lang='lat' dir='ltr'><strong>corporis</strong></span> <span class='ocrx_word' id='word_1_92' title='bbox 1016 1068 1280 1124; x_wconf 83' lang='lat' dir='ltr'><strong>conﬁtens</strong></span> <span class='ocrx_word' id='word_1_93' title='bbox 1308 1082 1450 1134; x_wconf 89' lang='lat' dir='ltr'><strong>esse,</strong></span> <span class='ocrx_word' id='word_1_94' title='bbox 1484 1083 1591 1123; x_wconf 90' lang='lat' dir='ltr'><strong>non</strong></span> <span class='ocrx_word' id='word_1_95' title='bbox 1638 1082 1856 1139; x_wconf 90' lang='lat' dir='ltr'><strong>corpus.</strong></span> 
     </span>
    </p>
   </div>
   <div class='ocr_carea' id='block_1_13' title="bbox 269 1150 1857 1235">
    <p class='ocr_par' dir='ltr' id='par_1_13' title="bbox 269 1150 1857 1235">
     <span class='ocr_line' id='line_1_13' title="bbox 269 1150 1857 1235; baseline -0.002 -15"><span class='ocrx_word' id='word_1_96' title='bbox 269 1165 375 1221; x_wconf 84' lang='lat' dir='ltr'><strong>Non</strong></span> <span class='ocrx_word' id='word_1_97' title='bbox 398 1172 578 1220; x_wconf 84' lang='lat' dir='ltr'><strong>exstet</strong></span> <span class='ocrx_word' id='word_1_98' title='bbox 605 1150 952 1235; x_wconf 54' lang='lat' dir='ltr'><strong>Eiaugelium</strong></span> <span class='ocrx_word' id='word_1_99' title='bbox 978 1162 1206 1219; x_wconf 81' lang='lat' dir='ltr'><strong>Joannis</strong></span> <span class='ocrx_word' id='word_1_100' title='bbox 1234 1180 1247 1217; x_wconf 92' lang='lat'>:</span> <span class='ocrx_word' id='word_1_101' title='bbox 1276 1177 1343 1217; x_wconf 90' lang='lat' dir='ltr'><strong>ne</strong></span> <span class='ocrx_word' id='word_1_102' title='bbox 1363 1162 1634 1218; x_wconf 89' lang='lat' dir='ltr'><strong>Sabellius</strong></span> <span class='ocrx_word' id='word_1_103' title='bbox 1654 1161 1857 1217; x_wconf 87' lang='lat' dir='ltr'><strong>discat:</strong></span> 
     </span>
    </p>
   </div>
   <div class='ocr_carea' id='block_1_14' title="bbox 273 1253 1858 1334">
    <p class='ocr_par' dir='ltr' id='par_1_14' title="bbox 273 1253 1858 1334">
     <span class='ocr_line' id='line_1_14' title="bbox 273 1253 1858 1334; baseline -0.004 -18"><span class='ocrx_word' id='word_1_104' title='bbox 273 1262 421 1334; x_wconf 74' lang='lat'><strong>512</strong></span> <span class='ocrx_word' id='word_1_105' title='bbox 457 1258 569 1330; x_wconf 86' lang='lat' dir='ltr'><strong>Ego</strong></span> <span class='ocrx_word' id='word_1_106' title='bbox 598 1269 643 1312; x_wconf 84' lang='lat' dir='ltr'><strong>et</strong></span> <span class='ocrx_word' id='word_1_107' title='bbox 672 1257 832 1312; x_wconf 85' lang='lat' dir='ltr'><strong>Pater</strong></span> <span class='ocrx_word' id='word_1_108' title='bbox 856 1273 1012 1311; x_wconf 87' lang='lat' dir='ltr'><strong>unum</strong></span> <span class='ocrx_word' id='word_1_109' title='bbox 1036 1273 1212 1311; x_wconf 82' lang='lat' dir='ltr'><strong>sumus</strong></span> <span class='ocrx_word' id='word_1_110' title='bbox 1233 1254 1412 1325; x_wconf 78' lang='lat' dir='ltr'><strong>(Joan.</strong></span> <span class='ocrx_word' id='word_1_111' title='bbox 1448 1270 1506 1321; x_wconf 73' lang='grc' dir='ltr'><strong>κ,</strong></span> <span class='ocrx_word' id='word_1_112' title='bbox 1540 1253 1654 1326; x_wconf 79' lang='grc'>50).</span> <span class='ocrx_word' id='word_1_113' title='bbox 1674 1253 1858 1325; x_wconf 85' lang='lat' dir='ltr'><strong>Neque</strong></span> 
     </span>
    </p>
   </div>
   <div class='ocr_carea' id='block_1_15' title="bbox 269 1347 1853 1419">
    <p class='ocr_par' dir='ltr' id='par_1_15' title="bbox 269 1347 1853 1419">
     <span class='ocr_line' id='line_1_15' title="bbox 269 1347 1853 1419; baseline -0.003 -13"><span class='ocrx_word' id='word_1_114' title='bbox 269 1352 348 1407; x_wconf 85' lang='lat' dir='ltr'><strong>isti</strong></span> <span class='ocrx_word' id='word_1_115' title='bbox 379 1362 525 1406; x_wconf 91' lang='lat' dir='ltr'><strong>nunc</strong></span> <span class='ocrx_word' id='word_1_116' title='bbox 567 1359 829 1407; x_wconf 76' lang='lat' dir='ltr'><strong>creatura:</strong></span> <span class='ocrx_word' id='word_1_117' title='bbox 854 1348 1236 1419; x_wconf 65' lang='lat' dir='ltr'><strong>praedicatores</strong></span> <span class='ocrx_word' id='word_1_118' title='bbox 1283 1349 1546 1419; x_wconf 84' lang='lat' dir='ltr'><strong>scriptum</strong></span> <span class='ocrx_word' id='word_1_119' title='bbox 1578 1347 1812 1403; x_wconf 82' lang='lat' dir='ltr'><strong>habeant</strong></span> <span class='ocrx_word' id='word_1_120' title='bbox 1840 1365 1853 1402; x_wconf 89' lang='lat'>:</span> 
     </span>
    </p>
   </div>
   <div class='ocr_carea' id='block_1_16' title="bbox 266 1441 1855 1515">
    <p class='ocr_par' dir='ltr' id='par_1_16' title="bbox 266 1441 1855 1515">
     <span class='ocr_line' id='line_1_16' title="bbox 266 1441 1855 1515; baseline 0 -18"><span class='ocrx_word' id='word_1_121' title='bbox 266 1441 414 1498; x_wconf 82' lang='lat' dir='ltr'><strong>Pater</strong></span> <span class='ocrx_word' id='word_1_122' title='bbox 451 1444 619 1515; x_wconf 82' lang='lat' dir='ltr'><strong>major</strong></span> <span class='ocrx_word' id='word_1_123' title='bbox 660 1459 740 1496; x_wconf 83' lang='lat' dir='ltr'><strong>me</strong></span> <span class='ocrx_word' id='word_1_124' title='bbox 767 1452 839 1497; x_wconf 85' lang='lat' dir='ltr'><strong>est</strong></span> <span class='ocrx_word' id='word_1_125' title='bbox 871 1441 1050 1512; x_wconf 86' lang='lat' dir='ltr'><strong>(Joan.</strong></span> <span class='ocrx_word' id='word_1_126' title='bbox 1080 1456 1190 1504; x_wconf 80' lang='lat' dir='ltr'><strong>xw,</strong></span> <span class='ocrx_word' id='word_1_127' title='bbox 1230 1441 1346 1512; x_wconf 78' lang='lat' dir='ltr'><strong>2S).</strong></span> <span class='ocrx_word' id='word_1_128' title='bbox 1398 1441 1583 1513; x_wconf 85' lang='lat' dir='ltr'><strong>Neque</strong></span> <span class='ocrx_word' id='word_1_129' title='bbox 1621 1441 1720 1508; x_wconf 90' lang='lat' dir='ltr'><strong>illi,</strong></span> <span class='ocrx_word' id='word_1_130' title='bbox 1764 1441 1855 1511; x_wconf 85' lang='lat' dir='ltr'><strong>qui</strong></span> 
     </span>
    </p>
   </div>
   <div class='ocr_carea' id='block_1_17' title="bbox 261 1531 1855 1606">
    <p class='ocr_par' dir='ltr' id='par_1_17' title="bbox 261 1531 1855 1606">
     <span class='ocr_line' id='line_1_17' title="bbox 261 1531 1855 1606; baseline -0.001 -15"><span class='ocrx_word' id='word_1_131' title='bbox 261 1535 572 1591; x_wconf 84' lang='lat' dir='ltr'><strong>dissimilem</strong></span> <span class='ocrx_word' id='word_1_132' title='bbox 602 1535 747 1591; x_wconf 86' lang='lat' dir='ltr'><strong>Patri</strong></span> <span class='ocrx_word' id='word_1_133' title='bbox 778 1534 976 1590; x_wconf 91' lang='lat' dir='ltr'><strong>Filium</strong></span> <span class='ocrx_word' id='word_1_134' title='bbox 1004 1534 1279 1591; x_wconf 76' lang='lat' dir='ltr'><strong>affirmare</strong></span> <span class='ocrx_word' id='word_1_135' title='bbox 1295 1535 1507 1601; x_wconf 87' lang='lat' dir='ltr'><strong>volunt,</strong></span> <span class='ocrx_word' id='word_1_136' title='bbox 1532 1536 1713 1606; x_wconf 78' lang='lat' dir='ltr'><strong>legant</strong></span> <span class='ocrx_word' id='word_1_137' title='bbox 1737 1550 1752 1589; x_wconf 86' lang='lat'><strong>:</strong></span> <span class='ocrx_word' id='word_1_138' title='bbox 1776 1531 1855 1589; x_wconf 86' lang='lat' dir='ltr'><strong>De</strong></span> 
     </span>
    </p>
   </div>
   <div class='ocr_carea' id='block_1_18' title="bbox 259 1628 1854 1701">
    <p class='ocr_par' dir='ltr' id='par_1_18' title="bbox 259 1628 1854 1701">
     <span class='ocr_line' id='line_1_18' title="bbox 259 1628 1854 1701; baseline 0 -19"><span class='ocrx_word' id='word_1_139' title='bbox 259 1630 338 1684; x_wconf 82' lang='lat' dir='ltr'><strong>die</strong></span> <span class='ocrx_word' id='word_1_140' title='bbox 353 1641 524 1684; x_wconf 75' lang='lat' dir='ltr'><strong>autem</strong></span> <span class='ocrx_word' id='word_1_141' title='bbox 549 1639 598 1685; x_wconf 91' lang='lat' dir='ltr'><strong>et</strong></span> <span class='ocrx_word' id='word_1_142' title='bbox 629 1630 758 1684; x_wconf 85' lang='lat' dir='ltr'><strong>hora</strong></span> <span class='ocrx_word' id='word_1_143' title='bbox 797 1645 944 1684; x_wconf 88' lang='lat' dir='ltr'><strong>nemo</strong></span> <span class='ocrx_word' id='word_1_144' title='bbox 970 1630 1054 1697; x_wconf 86' lang='lat' dir='ltr'><strong>sit,</strong></span> <span class='ocrx_word' id='word_1_145' title='bbox 1085 1646 1246 1699; x_wconf 84' lang='lat' dir='ltr'><strong>neque</strong></span> <span class='ocrx_word' id='word_1_146' title='bbox 1274 1629 1457 1701; x_wconf 83' lang='lat' dir='ltr'><strong>Angeli</strong></span> <span class='ocrx_word' id='word_1_147' title='bbox 1482 1630 1535 1683; x_wconf 84' lang='lat' dir='ltr'><strong>in</strong></span> <span class='ocrx_word' id='word_1_148' title='bbox 1577 1628 1738 1695; x_wconf 79' lang='lat' dir='ltr'><strong>caelis,</strong></span> <span class='ocrx_word' id='word_1_149' title='bbox 1765 1645 1854 1682; x_wconf 89' lang='lat' dir='ltr'><strong>ne-</strong></span> 
     </span>
    </p>
   </div>
   <div class='ocr_carea' id='block_1_19' title="bbox 1971 416 3569 490">
    <p class='ocr_par' dir='ltr' id='par_1_19' title="bbox 1971 416 3569 490">
     <span class='ocr_line' id='line_1_19' title="bbox 1971 416 3569 490; baseline 0.003 -16"><span class='ocrx_word' id='word_1_150' title='bbox 1971 418 2066 475; x_wconf 88' lang='lat' dir='ltr'><strong>sed</strong></span> <span class='ocrx_word' id='word_1_151' title='bbox 2114 418 2482 489; x_wconf 88' lang='lat' dir='ltr'><strong>rcsponsionis</strong></span> <span class='ocrx_word' id='word_1_152' title='bbox 2532 416 2873 490; x_wconf 87' lang='lat' dir='ltr'><strong>necessitas),</strong></span> <span class='ocrx_word' id='word_1_153' title='bbox 2925 418 3106 475; x_wconf 89' lang='lat' dir='ltr'><strong>omnia</strong></span> <span class='ocrx_word' id='word_1_154' title='bbox 3145 418 3327 475; x_wconf 89' lang='lat' dir='ltr'><strong>divina</strong></span> <span class='ocrx_word' id='word_1_155' title='bbox 3375 420 3465 476; x_wconf 89' lang='lat' dir='ltr'><strong>illa</strong></span> <span class='ocrx_word' id='word_1_156' title='bbox 3512 431 3569 478; x_wconf 89' lang='lat' dir='ltr'><strong>et</strong></span> 
     </span>
    </p>
   </div>
   <div class='ocr_carea' id='block_1_20' title="bbox 1969 513 3566 584">
    <p class='ocr_par' dir='ltr' id='par_1_20' title="bbox 1969 513 3566 584">
     <span class='ocr_line' id='line_1_20' title="bbox 1969 513 3566 584; baseline 0.003 -16"><span class='ocrx_word' id='word_1_157' title='bbox 1969 522 2153 568; x_wconf 88' lang='lat' dir='ltr'><strong>sancta</strong></span> <span class='ocrx_word' id='word_1_158' title='bbox 2209 513 2499 584; x_wconf 78' lang='lat' dir='ltr'><strong>Evangelia</strong></span> <span class='ocrx_word' id='word_1_159' title='bbox 2548 513 2738 569; x_wconf 89' lang='lat' dir='ltr'><strong>salutis</strong></span> <span class='ocrx_word' id='word_1_160' title='bbox 2787 513 3035 570; x_wconf 70' lang='lat' dir='ltr'><strong>humana:</strong></span> <span class='ocrx_word' id='word_1_161' title='bbox 3068 530 3177 571; x_wconf 89' lang='lat' dir='ltr'><strong>:ne</strong></span> <span class='ocrx_word' id='word_1_162' title='bbox 3220 530 3282 571; x_wconf 91' lang='lat' dir='ltr'><strong>se</strong></span> <span class='ocrx_word' id='word_1_163' title='bbox 3333 515 3566 573; x_wconf 85' lang='lat' dir='ltr'><strong>invicem</strong></span> 
     </span>
    </p>
   </div>
   <div class='ocr_carea' id='block_1_21' title="bbox 1967 604 3567 678">
    <p class='ocr_par' dir='ltr' id='par_1_21' title="bbox 1967 604 3567 678">
     <span class='ocr_line' id='line_1_21' title="bbox 1967 604 3567 678; baseline 0.004 -18"><span class='ocrx_word' id='word_1_164' title='bbox 1967 607 2236 661; x_wconf 91' lang='lat' dir='ltr'><strong>contraria</strong></span> <span class='ocrx_word' id='word_1_165' title='bbox 2267 604 2533 661; x_wconf 90' lang='lat' dir='ltr'><strong>dictorum</strong></span> <span class='ocrx_word' id='word_1_166' title='bbox 2560 607 2812 675; x_wconf 89' lang='lat' dir='ltr'><strong>opinione</strong></span> <span class='ocrx_word' id='word_1_167' title='bbox 2838 615 3203 678; x_wconf 76' lang='lat' dir='ltr'><strong>compugnent</strong></span> <span class='ocrx_word' id='word_1_168' title='bbox 3228 626 3242 662; x_wconf 89' lang='lat'>:</span> <span class='ocrx_word' id='word_1_169' title='bbox 3275 623 3344 665; x_wconf 91' lang='lat' dir='ltr'><strong>ne</strong></span> <span class='ocrx_word' id='word_1_170' title='bbox 3370 610 3567 666; x_wconf 81' lang='lat' dir='ltr'><strong>missu-</strong></span> 
     </span>
    </p>
   </div>
   <div class='ocr_carea' id='block_1_22' title="bbox 1968 698 3564 771">
    <p class='ocr_par' dir='ltr' id='par_1_22' title="bbox 1968 698 3564 771">
     <span class='ocr_line' id='line_1_22' title="bbox 1968 698 3564 771; baseline 0.003 -17"><span class='ocrx_word' id='word_1_171' title='bbox 1968 714 2060 754; x_wconf 89' lang='lat' dir='ltr'><strong>rus</strong></span> <span class='ocrx_word' id='word_1_172' title='bbox 2083 699 2339 754; x_wconf 87' lang='lat' dir='ltr'><strong>Dominus</strong></span> <span class='ocrx_word' id='word_1_173' title='bbox 2358 698 2619 769; x_wconf 89' lang='lat' dir='ltr'><strong>Spiritum</strong></span> <span class='ocrx_word' id='word_1_174' title='bbox 2640 707 2884 754; x_wconf 88' lang='lat' dir='ltr'><strong>sanctum</strong></span> <span class='ocrx_word' id='word_1_175' title='bbox 2908 700 3027 771; x_wconf 90' lang='lat' dir='ltr'><strong>ipse</strong></span> <span class='ocrx_word' id='word_1_176' title='bbox 3044 700 3111 756; x_wconf 91' lang='lat' dir='ltr'><strong>de</strong></span> <span class='ocrx_word' id='word_1_177' title='bbox 3137 701 3342 771; x_wconf 90' lang='lat' dir='ltr'><strong>Spiritu</strong></span> <span class='ocrx_word' id='word_1_178' title='bbox 3372 712 3564 759; x_wconf 84' lang='lat' dir='ltr'><strong>sancto</strong></span> 
     </span>
    </p>
   </div>
   <div class='ocr_carea' id='block_1_23' title="bbox 1968 793 3560 865">
    <p class='ocr_par' dir='ltr' id='par_1_23' title="bbox 1968 793 3560 865">
     <span class='ocr_line' id='line_1_23' title="bbox 1968 793 3560 865; baseline 0.003 -17"><span class='ocrx_word' id='word_1_179' title='bbox 1968 802 2122 848; x_wconf 89' lang='lat' dir='ltr'><strong>natus</strong></span> <span class='ocrx_word' id='word_1_180' title='bbox 2154 793 2362 864; x_wconf 76' lang='lat' dir='ltr'><strong>legatur</strong></span> <span class='ocrx_word' id='word_1_181' title='bbox 2392 811 2405 848; x_wconf 93' lang='lat'><strong>:</strong></span> <span class='ocrx_word' id='word_1_182' title='bbox 2439 793 2509 865; x_wconf 82' lang='grc' dir='ltr'><strong>(ε)</strong></span> <span class='ocrx_word' id='word_1_183' title='bbox 2544 808 2612 849; x_wconf 92' lang='lat' dir='ltr'><strong>ue</strong></span> <span class='ocrx_word' id='word_1_184' title='bbox 2655 802 2883 849; x_wconf 87' lang='lat' dir='ltr'><strong>mortent</strong></span> <span class='ocrx_word' id='word_1_185' title='bbox 2931 794 3111 864; x_wconf 69' lang='lat' dir='ltr'><strong>gladio</strong></span> <span class='ocrx_word' id='word_1_186' title='bbox 3141 795 3560 854; x_wconf 87' lang='lat' dir='ltr'><strong>denuntiaturus</strong></span> 
     </span>
    </p>
   </div>
   <div class='ocr_carea' id='block_1_24' title="bbox 1965 886 3559 961">
    <p class='ocr_par' dir='ltr' id='par_1_24' title="bbox 1965 886 3559 961">
     <span class='ocr_line' id='line_1_24' title="bbox 1965 886 3559 961; baseline 0.003 -20"><span class='ocrx_word' id='word_1_187' title='bbox 1965 886 2166 951; x_wconf 86' lang='lat' dir='ltr'><strong>usuris,</strong></span> <span class='ocrx_word' id='word_1_188' title='bbox 2211 886 2319 941; x_wconf 91' lang='lat' dir='ltr'><strong>emi</strong></span> <span class='ocrx_word' id='word_1_189' title='bbox 2364 886 2599 955; x_wconf 75' lang='lat' dir='ltr'><strong>gladium</strong></span> <span class='ocrx_word' id='word_1_190' title='bbox 2638 901 2895 957; x_wconf 86' lang='lat' dir='ltr'><strong>passurus</strong></span> <span class='ocrx_word' id='word_1_191' title='bbox 2926 888 3127 944; x_wconf 86' lang='lat' dir='ltr'><strong>indicat</strong></span> <span class='ocrx_word' id='word_1_192' title='bbox 3154 888 3370 961; x_wconf 80' lang='lat' dir='ltr'><strong>(Matth.</strong></span> <span class='ocrx_word' id='word_1_193' title='bbox 3403 906 3559 958; x_wconf 79' lang='lat' dir='ltr'><strong>xxvr,</strong></span> 
     </span>
    </p>
   </div>
   <div class='ocr_carea' id='block_1_25' title="bbox 1965 978 3559 1053">
    <p class='ocr_par' dir='ltr' id='par_1_25' title="bbox 1965 978 3559 1053">
     <span class='ocr_line' id='line_1_25' title="bbox 1965 978 3559 1053; baseline 0.001 -16"><span class='ocrx_word' id='word_1_194' title='bbox 1965 979 2059 1053; x_wconf 69' lang='lat'><strong>5‘2)</strong></span> <span class='ocrx_word' id='word_1_195' title='bbox 2085 998 2097 1033; x_wconf 93' lang='lat'><strong>:</strong></span> <span class='ocrx_word' id='word_1_196' title='bbox 2127 996 2194 1039; x_wconf 91' lang='lat' dir='ltr'><strong>ne</strong></span> <span class='ocrx_word' id='word_1_197' title='bbox 2220 979 2286 1035; x_wconf 89' lang='lat' dir='ltr'><strong>ad</strong></span> <span class='ocrx_word' id='word_1_198' title='bbox 2326 978 2532 1035; x_wconf 83' lang='lat' dir='ltr'><strong>inferos</strong></span> <span class='ocrx_word' id='word_1_199' title='bbox 2560 978 2942 1046; x_wconf 88' lang='lat' dir='ltr'><strong>descensurus,</strong></span> <span class='ocrx_word' id='word_1_200' title='bbox 2977 980 3028 1035; x_wconf 90' lang='lat' dir='ltr'><strong>in</strong></span> <span class='ocrx_word' id='word_1_201' title='bbox 3060 981 3309 1050; x_wconf 85' lang='lat' dir='ltr'><strong>paradiso</strong></span> <span class='ocrx_word' id='word_1_202' title='bbox 3338 983 3559 1039; x_wconf 86' lang='lat' dir='ltr'><strong>sitcum</strong></span> 
     </span>
    </p>
   </div>
   <div class='ocr_carea' id='block_1_26' title="bbox 1964 1070 3559 1146">
    <p class='ocr_par' dir='ltr' id='par_1_26' title="bbox 1964 1070 3559 1146">
     <span class='ocr_line' id='line_1_26' title="bbox 1964 1070 3559 1146; baseline 0.001 -18"><span class='ocrx_word' id='word_1_203' title='bbox 1964 1073 2174 1129; x_wconf 86' lang='lat' dir='ltr'><strong>latrone</strong></span> <span class='ocrx_word' id='word_1_204' title='bbox 2222 1070 2405 1144; x_wconf 75' lang='lat' dir='ltr'><strong>(Luae</strong></span> <span class='ocrx_word' id='word_1_205' title='bbox 2433 1088 2564 1140; x_wconf 80' lang='lat' dir='ltr'><strong>xxii,</strong></span> <span class='ocrx_word' id='word_1_206' title='bbox 2589 1071 2679 1142; x_wconf 83' lang='grc'><strong>56)</strong></span> <span class='ocrx_word' id='word_1_207' title='bbox 2710 1089 2722 1125; x_wconf 90' lang='lat'><strong>:</strong></span> <span class='ocrx_word' id='word_1_208' title='bbox 2756 1087 2823 1127; x_wconf 89' lang='lat' dir='ltr'><strong>ne</strong></span> <span class='ocrx_word' id='word_1_209' title='bbox 2848 1081 3122 1143; x_wconf 89' lang='lat' dir='ltr'><strong>postremo</strong></span> <span class='ocrx_word' id='word_1_210' title='bbox 3148 1075 3375 1145; x_wconf 84' lang='lat' dir='ltr'><strong>apostoli</strong></span> <span class='ocrx_word' id='word_1_211' title='bbox 3405 1090 3559 1146; x_wconf 89' lang='lat' dir='ltr'><strong>repe-</strong></span> 
     </span>
    </p>
   </div>
   <div class='ocr_carea' id='block_1_27' title="bbox 1960 1166 3556 1237">
    <p class='ocr_par' dir='ltr' id='par_1_27' title="bbox 1960 1166 3556 1237">
     <span class='ocr_line' id='line_1_27' title="bbox 1960 1166 3556 1237; baseline 0.001 -14"><span class='ocrx_word' id='word_1_212' title='bbox 1960 1167 2170 1223; x_wconf 84' lang='lat' dir='ltr'><strong>riantur</strong></span> <span class='ocrx_word' id='word_1_213' title='bbox 2214 1166 2266 1221; x_wconf 88' lang='lat' dir='ltr'><strong>in</strong></span> <span class='ocrx_word' id='word_1_214' title='bbox 2317 1167 2542 1222; x_wconf 89' lang='lat' dir='ltr'><strong>crimine</strong></span> <span class='ocrx_word' id='word_1_215' title='bbox 2571 1208 2585 1232; x_wconf 93' lang='lat'><strong>,</strong></span> <span class='ocrx_word' id='word_1_216' title='bbox 2637 1167 2726 1235; x_wconf 86' lang='lat' dir='ltr'><strong>qui</strong></span> <span class='ocrx_word' id='word_1_217' title='bbox 2769 1166 3041 1237; x_wconf 84' lang='lat' dir='ltr'><strong>baptizare</strong></span> <span class='ocrx_word' id='word_1_218' title='bbox 3086 1168 3138 1222; x_wconf 91' lang='lat' dir='ltr'><strong>in</strong></span> <span class='ocrx_word' id='word_1_219' title='bbox 3200 1168 3417 1225; x_wconf 88' lang='lat' dir='ltr'><strong>nomine</strong></span> <span class='ocrx_word' id='word_1_220' title='bbox 3453 1170 3556 1225; x_wconf 82' lang='lat' dir='ltr'><strong>Pa-</strong></span> 
     </span>
    </p>
   </div>
   <div class='ocr_carea' id='block_1_28' title="bbox 1961 1257 3554 1328">
    <p class='ocr_par' dir='ltr' id='par_1_28' title="bbox 1961 1257 3554 1328">
     <span class='ocr_line' id='line_1_28' title="bbox 1961 1257 3554 1328; baseline 0.001 -14"><span class='ocrx_word' id='word_1_221' title='bbox 1961 1260 2057 1314; x_wconf 88' lang='lat' dir='ltr'><strong>tris</strong></span> <span class='ocrx_word' id='word_1_222' title='bbox 2100 1269 2156 1314; x_wconf 92' lang='lat' dir='ltr'><strong>et</strong></span> <span class='ocrx_word' id='word_1_223' title='bbox 2200 1257 2320 1313; x_wconf 90' lang='lat' dir='ltr'><strong>Filii</strong></span> <span class='ocrx_word' id='word_1_224' title='bbox 2363 1265 2418 1313; x_wconf 89' lang='lat' dir='ltr'><strong>et</strong></span> <span class='ocrx_word' id='word_1_225' title='bbox 2464 1257 2697 1327; x_wconf 89' lang='lat' dir='ltr'><strong>Spiritus</strong></span> <span class='ocrx_word' id='word_1_226' title='bbox 2742 1259 2910 1312; x_wconf 81' lang='lat' dir='ltr'><strong>sancti</strong></span> <span class='ocrx_word' id='word_1_227' title='bbox 2948 1258 3083 1328; x_wconf 85' lang='lat' dir='ltr'><strong>jussi</strong></span> <span class='ocrx_word' id='word_1_228' title='bbox 3116 1258 3332 1327; x_wconf 80' lang='lat' dir='ltr'><strong>(Matth.</strong></span> <span class='ocrx_word' id='word_1_229' title='bbox 3366 1276 3554 1327; x_wconf 79' lang='lat' dir='ltr'><strong>xxvm,</strong></span> 
     </span>
    </p>
   </div>
   <div class='ocr_carea' id='block_1_29' title="bbox 1962 1349 3553 1426">
    <p class='ocr_par' dir='ltr' id='par_1_29' title="bbox 1962 1349 3553 1426">
     <span class='ocr_line' id='line_1_29' title="bbox 1962 1349 3553 1426; baseline 0.001 -19"><span class='ocrx_word' id='word_1_230' title='bbox 1962 1350 2074 1421; x_wconf 78' lang='lat' dir='ltr'><strong>l9),</strong></span> <span class='ocrx_word' id='word_1_231' title='bbox 2109 1360 2313 1406; x_wconf 87' lang='lat' dir='ltr'><strong>tantum</strong></span> <span class='ocrx_word' id='word_1_232' title='bbox 2346 1352 2396 1406; x_wconf 92' lang='lat' dir='ltr'><strong>in</strong></span> <span class='ocrx_word' id='word_1_233' title='bbox 2428 1351 2557 1406; x_wconf 84' lang='lat' dir='ltr'><strong>Jesu</strong></span> <span class='ocrx_word' id='word_1_234' title='bbox 2581 1352 2798 1406; x_wconf 88' lang='lat' dir='ltr'><strong>nomine</strong></span> <span class='ocrx_word' id='word_1_235' title='bbox 2828 1349 2906 1422; x_wconf 80' lang='grc' dir='ltr'><strong>(ά)</strong></span> <span class='ocrx_word' id='word_1_236' title='bbox 2928 1350 3553 1426; x_wconf 80' lang='lat' dir='ltr'><strong>baptizaverunt(Act.x,</strong></span> 
     </span>
    </p>
   </div>
   <div class='ocr_carea' id='block_1_30' title="bbox 1956 1443 3546 1517">
    <p class='ocr_par' dir='ltr' id='par_1_30' title="bbox 1956 1443 3546 1517">
     <span class='ocr_line' id='line_1_30' title="bbox 1956 1443 3546 1517; baseline 0.003 -19"><span class='ocrx_word' id='word_1_237' title='bbox 1956 1443 2074 1516; x_wconf 78' lang='grc'>48).</span> <span class='ocrx_word' id='word_1_238' title='bbox 2116 1443 2281 1499; x_wconf 83' lang='lat' dir='ltr'><strong>Vobis</strong></span> <span class='ocrx_word' id='word_1_239' title='bbox 2321 1443 2486 1510; x_wconf 91' lang='lat' dir='ltr'><strong>enim,</strong></span> <span class='ocrx_word' id='word_1_240' title='bbox 2536 1443 2773 1508; x_wconf 81' lang='lat' dir='ltr'><strong>Fratres,</strong></span> <span class='ocrx_word' id='word_1_241' title='bbox 2810 1444 2961 1498; x_wconf 82' lang='lat' dir='ltr'><strong>vocis</strong></span> <span class='ocrx_word' id='word_1_242' title='bbox 2984 1443 3126 1509; x_wconf 89' lang='lat' dir='ltr'><strong>dico,</strong></span> <span class='ocrx_word' id='word_1_243' title='bbox 3169 1444 3263 1516; x_wconf 88' lang='lat' dir='ltr'><strong>qui</strong></span> <span class='ocrx_word' id='word_1_244' title='bbox 3283 1445 3396 1517; x_wconf 85' lang='lat' dir='ltr'><strong>jam</strong></span> <span class='ocrx_word' id='word_1_245' title='bbox 3440 1462 3546 1503; x_wconf 89' lang='lat' dir='ltr'><strong>non</strong></span> 
     </span>
    </p>
   </div>
   <div class='ocr_carea' id='block_1_31' title="bbox 1956 1535 3551 1610">
    <p class='ocr_par' dir='ltr' id='par_1_31' title="bbox 1956 1535 3551 1610">
     <span class='ocr_line' id='line_1_31' title="bbox 1956 1535 3551 1610; baseline 0.001 -17"><span class='ocrx_word' id='word_1_246' title='bbox 1956 1538 2096 1593; x_wconf 90' lang='lat' dir='ltr'><strong>lacte</strong></span> <span class='ocrx_word' id='word_1_247' title='bbox 2140 1536 2367 1599; x_wconf 90' lang='lat' dir='ltr'><strong>alimini,</strong></span> <span class='ocrx_word' id='word_1_248' title='bbox 2402 1537 2495 1591; x_wconf 86' lang='lat' dir='ltr'><strong>sed</strong></span> <span class='ocrx_word' id='word_1_249' title='bbox 2530 1536 2685 1590; x_wconf 85' lang='lat' dir='ltr'><strong>liruto</strong></span> <span class='ocrx_word' id='word_1_250' title='bbox 2724 1536 2844 1591; x_wconf 90' lang='lat' dir='ltr'><strong>cibo</strong></span> <span class='ocrx_word' id='word_1_251' title='bbox 2888 1535 3077 1591; x_wconf 88' lang='lat' dir='ltr'><strong>valetis</strong></span> <span class='ocrx_word' id='word_1_252' title='bbox 3109 1535 3295 1609; x_wconf 80' lang='lat' dir='ltr'><strong>(Hebr.</strong></span> <span class='ocrx_word' id='word_1_253' title='bbox 3327 1538 3503 1610; x_wconf 68' lang='lat' dir='ltr'><strong>v.12)</strong></span> <span class='ocrx_word' id='word_1_254' title='bbox 3538 1555 3551 1594; x_wconf 93' lang='lat'>:</span> 
     </span>
    </p>
   </div>
   <div class='ocr_carea' id='block_1_32' title="bbox 1955 1630 3549 1703">
    <p class='ocr_par' dir='ltr' id='par_1_32' title="bbox 1955 1630 3549 1703">
     <span class='ocr_line' id='line_1_32' title="bbox 1955 1630 3549 1703; baseline 0.001 -17"><span class='ocrx_word' id='word_1_255' title='bbox 1955 1630 2245 1703; x_wconf 81' lang='lat' dir='ltr'><strong>Numquid,</strong></span> <span class='ocrx_word' id='word_1_256' title='bbox 2275 1631 2399 1703; x_wconf 89' lang='lat' dir='ltr'><strong>quia</strong></span> <span class='ocrx_word' id='word_1_257' title='bbox 2430 1632 2528 1686; x_wconf 90' lang='lat' dir='ltr'><strong>ista</strong></span> <span class='ocrx_word' id='word_1_258' title='bbox 2559 1631 2833 1701; x_wconf 84' lang='lat' dir='ltr'><strong>sapientes</strong></span> <span class='ocrx_word' id='word_1_259' title='bbox 2872 1630 3054 1684; x_wconf 88' lang='lat' dir='ltr'><strong>mundi</strong></span> <span class='ocrx_word' id='word_1_260' title='bbox 3084 1645 3190 1686; x_wconf 92' lang='lat' dir='ltr'><strong>non</strong></span> <span class='ocrx_word' id='word_1_261' title='bbox 3219 1632 3549 1703; x_wconf 82' lang='lat' dir='ltr'><strong>intelligunt,</strong></span> 
     </span>
    </p>
   </div>
   <div class='ocr_carea' id='block_1_33' title="bbox 256 1719 3549 1796">
    <p class='ocr_par' dir='ltr' id='par_1_33' title="bbox 256 1719 3549 1796">
     <span class='ocr_line' id='line_1_33' title="bbox 256 1719 3549 1796; baseline 0.001 -19"><span class='ocrx_word' id='word_1_262' title='bbox 256 1740 344 1796; x_wconf 84' lang='lat' dir='ltr'><strong>que</strong></span> <span class='ocrx_word' id='word_1_263' title='bbox 371 1722 568 1790; x_wconf 83' lang='lat' dir='ltr'><strong>Filius,</strong></span> <span class='ocrx_word' id='word_1_264' title='bbox 599 1723 701 1777; x_wconf 81' lang='lat' dir='ltr'><strong>nisi</strong></span> <span class='ocrx_word' id='word_1_265' title='bbox 732 1721 889 1776; x_wconf 80' lang='lat' dir='ltr'><strong>Pater</strong></span> <span class='ocrx_word' id='word_1_266' title='bbox 914 1722 1056 1777; x_wconf 82' lang='lat' dir='ltr'><strong>solus</strong></span> <span class='ocrx_word' id='word_1_267' title='bbox 1077 1721 1270 1794; x_wconf 80' lang='lat' dir='ltr'><strong>(Marc.</strong></span> <span class='ocrx_word' id='word_1_268' title='bbox 1305 1734 1421 1788; x_wconf 83' lang='lat' dir='ltr'><strong>xm,</strong></span> <span class='ocrx_word' id='word_1_269' title='bbox 1449 1719 1563 1794; x_wconf 65' lang='lat'><strong>5&#39;2).</strong></span> <span class='ocrx_word' id='word_1_270' title='bbox 1597 1721 1715 1775; x_wconf 90' lang='lat' dir='ltr'><strong>Non</strong></span> <span class='ocrx_word' id='word_1_271' title='bbox 1743 1721 1849 1775; x_wconf 90' lang='lat' dir='ltr'><strong>sint</strong></span> <span class='ocrx_word' id='word_1_272' title='bbox 1884 1726 1926 1786; x_wconf 84' lang='grc' dir='ltr'><strong><em>Β</em></strong></span> <span class='ocrx_word' id='word_1_273' title='bbox 1956 1737 2011 1781; x_wconf 87' lang='lat' dir='ltr'><strong>et</strong></span> <span class='ocrx_word' id='word_1_274' title='bbox 2037 1726 2120 1781; x_wconf 85' lang='lat' dir='ltr'><strong>his</strong></span> <span class='ocrx_word' id='word_1_275' title='bbox 2147 1726 2309 1781; x_wconf 89' lang='lat' dir='ltr'><strong>stulta</strong></span> <span class='ocrx_word' id='word_1_276' title='bbox 2338 1733 2487 1792; x_wconf 89' lang='lat' dir='ltr'><strong>sunt,</strong></span> <span class='ocrx_word' id='word_1_277' title='bbox 2517 1739 2617 1780; x_wconf 86' lang='lat' dir='ltr'><strong>nos</strong></span> <span class='ocrx_word' id='word_1_278' title='bbox 2639 1739 2760 1779; x_wconf 85' lang='lat' dir='ltr'><strong>cum</strong></span> <span class='ocrx_word' id='word_1_279' title='bbox 2796 1723 3000 1778; x_wconf 90' lang='lat' dir='ltr'><strong>mundo</strong></span> <span class='ocrx_word' id='word_1_280' title='bbox 3025 1723 3302 1793; x_wconf 88' lang='lat' dir='ltr'><strong>sapientes</strong></span> <span class='ocrx_word' id='word_1_281' title='bbox 3326 1725 3549 1795; x_wconf 89' lang='lat' dir='ltr'><strong>erimus,</strong></span> 
     </span>
    </p>
   </div>
   <div class='ocr_carea' id='block_1_34' title="bbox 259 1814 1848 1887">
    <p class='ocr_par' dir='ltr' id='par_1_34' title="bbox 259 1814 1848 1887">
     <span class='ocr_line' id='line_1_34' title="bbox 259 1814 1848 1887; baseline -0.001 -18"><span class='ocrx_word' id='word_1_282' title='bbox 259 1831 465 1887; x_wconf 88' lang='lat' dir='ltr'><strong>quoque</strong></span> <span class='ocrx_word' id='word_1_283' title='bbox 492 1816 613 1871; x_wconf 85' lang='lat' dir='ltr'><strong>libri</strong></span> <span class='ocrx_word' id='word_1_284' title='bbox 643 1816 807 1887; x_wconf 82' lang='lat' dir='ltr'><strong>Moysi</strong></span> <span class='ocrx_word' id='word_1_285' title='bbox 841 1833 854 1869; x_wconf 87' lang='lat'><strong>:</strong></span> <span class='ocrx_word' id='word_1_286' title='bbox 889 1832 955 1871; x_wconf 90' lang='lat' dir='ltr'><strong>ne</strong></span> <span class='ocrx_word' id='word_1_287' title='bbox 996 1815 1238 1871; x_wconf 75' lang='lat' dir='ltr'><strong>tenebrat:</strong></span> <span class='ocrx_word' id='word_1_288' title='bbox 1267 1817 1398 1881; x_wconf 91' lang='lat' dir='ltr'><strong>Deo,</strong></span> <span class='ocrx_word' id='word_1_289' title='bbox 1424 1816 1515 1886; x_wconf 90' lang='lat' dir='ltr'><strong>qui</strong></span> <span class='ocrx_word' id='word_1_290' title='bbox 1556 1814 1848 1869; x_wconf 89' lang='lat' dir='ltr'><strong>innascibi-</strong></span> 
     </span>
    </p>
   </div>
   <div class='ocr_carea' id='block_1_35' title="bbox 255 1906 1850 1979">
    <p class='ocr_par' dir='ltr' id='par_1_35' title="bbox 255 1906 1850 1979">
     <span class='ocr_line' id='line_1_35' title="bbox 255 1906 1850 1979; baseline -0.002 -16"><span class='ocrx_word' id='word_1_291' title='bbox 255 1907 350 1963; x_wconf 89' lang='lat' dir='ltr'><strong>lem</strong></span> <span class='ocrx_word' id='word_1_292' title='bbox 377 1908 551 1963; x_wconf 87' lang='lat' dir='ltr'><strong>lucem</strong></span> <span class='ocrx_word' id='word_1_293' title='bbox 586 1906 813 1973; x_wconf 85' lang='lat' dir='ltr'><strong>habitat,</strong></span> <span class='ocrx_word' id='word_1_294' title='bbox 856 1922 1056 1963; x_wconf 73' lang='lat' dir='ltr'><strong>coievae</strong></span> <span class='ocrx_word' id='word_1_295' title='bbox 1095 1908 1237 1975; x_wconf 86' lang='lat' dir='ltr'><strong>sint;</strong></span> <span class='ocrx_word' id='word_1_296' title='bbox 1267 1908 1391 1979; x_wconf 91' lang='lat' dir='ltr'><strong>quia</strong></span> <span class='ocrx_word' id='word_1_297' title='bbox 1422 1910 1475 1963; x_wconf 89' lang='lat' dir='ltr'><strong>in</strong></span> <span class='ocrx_word' id='word_1_298' title='bbox 1502 1907 1772 1978; x_wconf 88' lang='lat' dir='ltr'><strong>Genesi(t,</strong></span> <span class='ocrx_word' id='word_1_299' title='bbox 1793 1907 1850 1978; x_wconf 76' lang='grc'>2)</span> 
     </span>
    </p>
   </div>
   <div class='ocr_carea' id='block_1_36' title="bbox 254 2000 1849 2074">
    <p class='ocr_par' dir='ltr' id='par_1_36' title="bbox 254 2000 1849 2074">
     <span class='ocr_line' id='line_1_36' title="bbox 254 2000 1849 2074; baseline 0 -19"><span class='ocrx_word' id='word_1_300' title='bbox 254 2011 365 2071; x_wconf 88' lang='lat' dir='ltr'><strong>post</strong></span> <span class='ocrx_word' id='word_1_301' title='bbox 396 2010 609 2056; x_wconf 83' lang='lat' dir='ltr'><strong>noctem</strong></span> <span class='ocrx_word' id='word_1_302' title='bbox 637 2001 755 2056; x_wconf 85' lang='lat' dir='ltr'><strong>dies</strong></span> <span class='ocrx_word' id='word_1_303' title='bbox 784 2014 962 2071; x_wconf 66' lang='lat' dir='ltr'><strong>erepta</strong></span> <span class='ocrx_word' id='word_1_304' title='bbox 1005 2002 1076 2056; x_wconf 88' lang='lat' dir='ltr'><strong>sit</strong></span> <span class='ocrx_word' id='word_1_305' title='bbox 1112 2020 1125 2057; x_wconf 94' lang='lat'><strong>:</strong></span> <span class='ocrx_word' id='word_1_306' title='bbox 1156 2016 1227 2057; x_wconf 88' lang='lat' dir='ltr'><strong>ne</strong></span> <span class='ocrx_word' id='word_1_307' title='bbox 1267 2002 1392 2057; x_wconf 86' lang='lat' dir='ltr'><strong>anni</strong></span> <span class='ocrx_word' id='word_1_308' title='bbox 1430 2000 1510 2074; x_wconf 85' lang='lat' dir='ltr'><strong>(a)</strong></span> <span class='ocrx_word' id='word_1_309' title='bbox 1540 2000 1849 2056; x_wconf 71' lang='lat' dir='ltr'><strong>Mathusalae</strong></span> 
     </span>
    </p>
   </div>
   <div class='ocr_carea' id='block_1_37' title="bbox 256 2093 1846 2169">
    <p class='ocr_par' dir='ltr' id='par_1_37' title="bbox 256 2093 1846 2169">
     <span class='ocr_line' id='line_1_37' title="bbox 256 2093 1846 2169; baseline 0.001 -21"><span class='ocrx_word' id='word_1_310' title='bbox 256 2103 462 2150; x_wconf 60' lang='lat' dir='ltr'><strong>autem</strong></span> <span class='ocrx_word' id='word_1_311' title='bbox 495 2095 681 2150; x_wconf 85' lang='lat' dir='ltr'><strong>diluvii</strong></span> <span class='ocrx_word' id='word_1_312' title='bbox 710 2093 979 2150; x_wconf 78' lang='lat' dir='ltr'><strong>excedant</strong></span> <span class='ocrx_word' id='word_1_313' title='bbox 1003 2093 1156 2169; x_wconf 81' lang='lat' dir='ltr'><strong>(Gen.</strong></span> <span class='ocrx_word' id='word_1_314' title='bbox 1188 2112 1243 2165; x_wconf 89' lang='lat' dir='ltr'><strong>v,</strong></span> <span class='ocrx_word' id='word_1_315' title='bbox 1267 2094 1386 2169; x_wconf 74' lang='lat'><strong>26),</strong></span> <span class='ocrx_word' id='word_1_316' title='bbox 1415 2104 1472 2152; x_wconf 92' lang='lat' dir='ltr'><strong>ct</strong></span> <span class='ocrx_word' id='word_1_317' title='bbox 1502 2110 1607 2151; x_wconf 87' lang='lat' dir='ltr'><strong>uOn</strong></span> <span class='ocrx_word' id='word_1_318' title='bbox 1641 2104 1846 2150; x_wconf 89' lang='lat' dir='ltr'><strong>tantum</strong></span> 
     </span>
    </p>
   </div>
   <div class='ocr_carea' id='block_1_38' title="bbox 253 2186 1848 2262">
    <p class='ocr_par' dir='ltr' id='par_1_38' title="bbox 253 2186 1848 2262">
     <span class='ocr_line' id='line_1_38' title="bbox 253 2186 1848 2262; baseline 0.001 -20"><span class='ocrx_word' id='word_1_319' title='bbox 253 2195 367 2242; x_wconf 86' lang='lat' dir='ltr'><strong>octo</strong></span> <span class='ocrx_word' id='word_1_320' title='bbox 417 2187 527 2242; x_wconf 87' lang='lat' dir='ltr'><strong>sint</strong></span> <span class='ocrx_word' id='word_1_321' title='bbox 581 2186 776 2242; x_wconf 69' lang='lat' dir='ltr'><strong>animm</strong></span> <span class='ocrx_word' id='word_1_322' title='bbox 819 2196 1111 2243; x_wconf 64' lang='lat' dir='ltr'><strong>reservata:</strong></span> <span class='ocrx_word' id='word_1_323' title='bbox 1154 2188 1217 2262; x_wconf 95' lang='lat' dir='ltr'><strong>(l</strong></span> <span class='ocrx_word' id='word_1_324' title='bbox 1270 2187 1383 2243; x_wconf 85' lang='lat' dir='ltr'><strong>Pet.</strong></span> <span class='ocrx_word' id='word_1_325' title='bbox 1436 2204 1512 2254; x_wconf 88' lang='grc' dir='ltr'>ιιι,</span> <span class='ocrx_word' id='word_1_326' title='bbox 1552 2188 1665 2260; x_wconf 74' lang='lat'><strong>20)</strong></span> <span class='ocrx_word' id='word_1_327' title='bbox 1719 2206 1733 2243; x_wconf 91' lang='lat'>:</span> <span class='ocrx_word' id='word_1_328' title='bbox 1782 2202 1848 2243; x_wconf 91' lang='lat' dir='ltr'><strong>ne</strong></span> 
     </span>
    </p>
   </div>
   <div class='ocr_carea' id='block_1_39' title="bbox 250 2279 1848 2353">
    <p class='ocr_par' dir='ltr' id='par_1_39' title="bbox 250 2279 1848 2353">
     <span class='ocr_line' id='line_1_39' title="bbox 250 2279 1848 2353; baseline -0.001 -18"><span class='ocrx_word' id='word_1_329' title='bbox 250 2279 539 2336; x_wconf 84' lang='lat' dir='ltr'><strong>clamorem</strong></span> <span class='ocrx_word' id='word_1_330' title='bbox 596 2279 955 2336; x_wconf 88' lang='lat' dir='ltr'><strong>Sodomorum</strong></span> <span class='ocrx_word' id='word_1_331' title='bbox 1004 2280 1225 2352; x_wconf 73' lang='lat' dir='ltr'><strong>repletis</strong></span> <span class='ocrx_word' id='word_1_332' title='bbox 1273 2281 1385 2352; x_wconf 88' lang='lat' dir='ltr'><strong>jam</strong></span> <span class='ocrx_word' id='word_1_333' title='bbox 1431 2281 1666 2353; x_wconf 90' lang='lat' dir='ltr'><strong>peccatis</strong></span> <span class='ocrx_word' id='word_1_334' title='bbox 1704 2280 1848 2334; x_wconf 88' lang='lat' dir='ltr'><strong>Deus</strong></span> 
     </span>
    </p>
   </div>
   <div class='ocr_carea' id='block_1_40' title="bbox 250 2373 1846 2445">
    <p class='ocr_par' dir='ltr' id='par_1_40' title="bbox 250 2373 1846 2445">
     <span class='ocr_line' id='line_1_40' title="bbox 250 2373 1846 2445; baseline 0.003 -19"><span class='ocrx_word' id='word_1_335' title='bbox 250 2373 490 2439; x_wconf 86' lang='lat' dir='ltr'><strong>audiens,</strong></span> <span class='ocrx_word' id='word_1_336' title='bbox 536 2383 810 2443; x_wconf 79' lang='lat' dir='ltr'><strong>tamquam</strong></span> <span class='ocrx_word' id='word_1_337' title='bbox 843 2374 1095 2445; x_wconf 77' lang='lat' dir='ltr'><strong>ignorans</strong></span> <span class='ocrx_word' id='word_1_338' title='bbox 1119 2380 1436 2441; x_wconf 88' lang='lat' dir='ltr'><strong>clamorem,</strong></span> <span class='ocrx_word' id='word_1_339' title='bbox 1466 2375 1761 2431; x_wconf 82' lang='lat' dir='ltr'><strong>descendat</strong></span> <span class='ocrx_word' id='word_1_340' title='bbox 1789 2384 1846 2431; x_wconf 92' lang='lat' dir='ltr'><strong>ut</strong></span> 
     </span>
    </p>
   </div>
   <div class='ocr_carea' id='block_1_41' title="bbox 252 2468 1843 2540">
    <p class='ocr_par' dir='ltr' id='par_1_41' title="bbox 252 2468 1843 2540">
     <span class='ocr_line' id='line_1_41' title="bbox 252 2468 1843 2540; baseline 0.004 -21"><span class='ocrx_word' id='word_1_341' title='bbox 252 2468 431 2523; x_wconf 82' lang='lat' dir='ltr'><strong>videat</strong></span> <span class='ocrx_word' id='word_1_342' title='bbox 458 2483 523 2521; x_wconf 91' lang='lat' dir='ltr'><strong>an</strong></span> <span class='ocrx_word' id='word_1_343' title='bbox 559 2469 716 2538; x_wconf 89' lang='lat' dir='ltr'><strong>plena</strong></span> <span class='ocrx_word' id='word_1_344' title='bbox 750 2468 860 2523; x_wconf 90' lang='lat' dir='ltr'><strong>sint</strong></span> <span class='ocrx_word' id='word_1_345' title='bbox 899 2483 1022 2525; x_wconf 93' lang='lat' dir='ltr'><strong>cum</strong></span> <span class='ocrx_word' id='word_1_346' title='bbox 1063 2470 1299 2524; x_wconf 90' lang='lat' dir='ltr'><strong>clamore</strong></span> <span class='ocrx_word' id='word_1_347' title='bbox 1329 2478 1565 2539; x_wconf 88' lang='lat' dir='ltr'><strong>peccata,</strong></span> <span class='ocrx_word' id='word_1_348' title='bbox 1595 2479 1647 2526; x_wconf 89' lang='lat' dir='ltr'><strong>et</strong></span> <span class='ocrx_word' id='word_1_349' title='bbox 1690 2485 1843 2540; x_wconf 88' lang='lat' dir='ltr'><strong>repe-</strong></span> 
     </span>
    </p>
   </div>
   <div class='ocr_carea' id='block_1_42' title="bbox 250 2563 1841 2639">
    <p class='ocr_par' dir='ltr' id='par_1_42' title="bbox 250 2563 1841 2639">
     <span class='ocr_line' id='line_1_42' title="bbox 250 2563 1841 2639; baseline 0.003 -22"><span class='ocrx_word' id='word_1_350' title='bbox 250 2565 418 2618; x_wconf 88' lang='lat' dir='ltr'><strong>riatur</strong></span> <span class='ocrx_word' id='word_1_351' title='bbox 461 2563 605 2618; x_wconf 90' lang='lat' dir='ltr'><strong>Deus</strong></span> <span class='ocrx_word' id='word_1_352' title='bbox 659 2564 869 2621; x_wconf 88' lang='lat' dir='ltr'><strong>nescire</strong></span> <span class='ocrx_word' id='word_1_353' title='bbox 911 2565 1051 2636; x_wconf 88' lang='lat' dir='ltr'><strong>quod</strong></span> <span class='ocrx_word' id='word_1_354' title='bbox 1102 2567 1266 2620; x_wconf 87' lang='lat' dir='ltr'><strong>sciret</strong></span> <span class='ocrx_word' id='word_1_355' title='bbox 1307 2564 1459 2639; x_wconf 82' lang='lat' dir='ltr'><strong>(Gen.</strong></span> <span class='ocrx_word' id='word_1_356' title='bbox 1510 2582 1664 2631; x_wconf 78' lang='lat' dir='ltr'><strong>xvut,</strong></span> <span class='ocrx_word' id='word_1_357' title='bbox 1705 2564 1841 2637; x_wconf 74' lang='lat'><strong>21):</strong></span> 
     </span>
    </p>
   </div>
   <div class='ocr_carea' id='block_1_43' title="bbox 251 2657 1843 2733">
    <p class='ocr_par' dir='ltr' id='par_1_43' title="bbox 251 2657 1843 2733">
     <span class='ocr_line' id='line_1_43' title="bbox 251 2657 1843 2733; baseline 0.004 -24"><span class='ocrx_word' id='word_1_358' title='bbox 251 2671 312 2711; x_wconf 88' lang='lat' dir='ltr'><strong>ne</strong></span> <span class='ocrx_word' id='word_1_359' title='bbox 333 2657 619 2727; x_wconf 81' lang='lat' dir='ltr'><strong>quiSquatu</strong></span> <span class='ocrx_word' id='word_1_360' title='bbox 660 2673 876 2729; x_wconf 90' lang='lat' dir='ltr'><strong>quoque</strong></span> <span class='ocrx_word' id='word_1_361' title='bbox 905 2659 1280 2729; x_wconf 85' lang='lat' dir='ltr'><strong>scpelieutium</strong></span> <span class='ocrx_word' id='word_1_362' title='bbox 1328 2659 1522 2730; x_wconf 85' lang='lat' dir='ltr'><strong>sepulti</strong></span> <span class='ocrx_word' id='word_1_363' title='bbox 1548 2660 1625 2733; x_wconf 88' lang='lat' dir='ltr'><strong>(b)</strong></span> <span class='ocrx_word' id='word_1_364' title='bbox 1672 2659 1843 2731; x_wconf 72' lang='lat' dir='ltr'><strong>Moysi</strong></span> 
     </span>
    </p>
   </div>
   <div class='ocr_carea' id='block_1_44' title="bbox 251 2749 1842 2822">
    <p class='ocr_par' dir='ltr' id='par_1_44' title="bbox 251 2749 1842 2822">
     <span class='ocr_line' id='line_1_44' title="bbox 251 2749 1842 2822; baseline 0.001 -18"><span class='ocrx_word' id='word_1_365' title='bbox 251 2750 374 2804; x_wconf 82' lang='lat' dir='ltr'><strong>sciat</strong></span> <span class='ocrx_word' id='word_1_366' title='bbox 400 2750 705 2821; x_wconf 85' lang='lat' dir='ltr'><strong>sepulcrum</strong></span> <span class='ocrx_word' id='word_1_367' title='bbox 731 2749 908 2822; x_wconf 85' lang='lat' dir='ltr'><strong>(Deut.</strong></span> <span class='ocrx_word' id='word_1_368' title='bbox 942 2767 1128 2820; x_wconf 80' lang='lat' dir='ltr'><strong>xxxw,</strong></span> <span class='ocrx_word' id='word_1_369' title='bbox 1156 2751 1247 2822; x_wconf 84' lang='lat'><strong>6);</strong></span> <span class='ocrx_word' id='word_1_370' title='bbox 1277 2767 1344 2805; x_wconf 92' lang='lat' dir='ltr'><strong>ne</strong></span> <span class='ocrx_word' id='word_1_371' title='bbox 1367 2768 1462 2821; x_wconf 89' lang='lat' dir='ltr'><strong>per</strong></span> <span class='ocrx_word' id='word_1_372' title='bbox 1480 2751 1619 2817; x_wconf 69' lang='lat' dir='ltr'><strong>haec,</strong></span> <span class='ocrx_word' id='word_1_373' title='bbox 1654 2759 1712 2805; x_wconf 93' lang='lat' dir='ltr'><strong>ut</strong></span> <span class='ocrx_word' id='word_1_374' title='bbox 1733 2751 1842 2806; x_wconf 69' lang='lat' dir='ltr'><strong>hac-</strong></span> 
     </span>
    </p>
   </div>
   <div class='ocr_carea' id='block_1_45' title="bbox 250 2843 1843 2916">
    <p class='ocr_par' dir='ltr' id='par_1_45' title="bbox 250 2843 1843 2916">
     <span class='ocr_line' id='line_1_45' title="bbox 250 2843 1843 2916; baseline 0.002 -19"><span class='ocrx_word' id='word_1_375' title='bbox 250 2843 395 2898; x_wconf 86' lang='lat' dir='ltr'><strong>retici</strong></span> <span class='ocrx_word' id='word_1_376' title='bbox 426 2851 632 2914; x_wconf 88' lang='lat' dir='ltr'><strong>putant,</strong></span> <span class='ocrx_word' id='word_1_377' title='bbox 659 2844 871 2901; x_wconf 89' lang='lat' dir='ltr'><strong>diversa</strong></span> <span class='ocrx_word' id='word_1_378' title='bbox 901 2845 983 2901; x_wconf 82' lang='lat' dir='ltr'><strong>lex</strong></span> <span class='ocrx_word' id='word_1_379' title='bbox 1018 2846 1127 2916; x_wconf 90' lang='lat' dir='ltr'><strong>ipsa</strong></span> <span class='ocrx_word' id='word_1_380' title='bbox 1158 2846 1258 2901; x_wconf 86' lang='lat' dir='ltr'><strong>sibi</strong></span> <span class='ocrx_word' id='word_1_381' title='bbox 1293 2845 1465 2901; x_wconf 91' lang='lat' dir='ltr'><strong>hostis</strong></span> <span class='ocrx_word' id='word_1_382' title='bbox 1491 2845 1581 2901; x_wconf 91' lang='lat' dir='ltr'><strong>sit.</strong></span> <span class='ocrx_word' id='word_1_383' title='bbox 1624 2845 1692 2900; x_wconf 87' lang='lat' dir='ltr'><strong>Et</strong></span> <span class='ocrx_word' id='word_1_384' title='bbox 1718 2846 1843 2915; x_wconf 87' lang='lat' dir='ltr'><strong>quia</strong></span> 
     </span>
    </p>
   </div>
   <div class='ocr_carea' id='block_1_46' title="bbox 246 2934 1837 3012">
    <p class='ocr_par' dir='ltr' id='par_1_46' title="bbox 246 2934 1837 3012">
     <span class='ocr_line' id='line_1_46' title="bbox 246 2934 1837 3012; baseline 0.002 -22"><span class='ocrx_word' id='word_1_385' title='bbox 246 2934 359 2993; x_wconf 62' lang='lat' dir='ltr'><strong>hinc</strong></span> <span class='ocrx_word' id='word_1_386' title='bbox 385 2938 451 2993; x_wconf 82' lang='lat' dir='ltr'><strong>ab</strong></span> <span class='ocrx_word' id='word_1_387' title='bbox 479 2937 560 2995; x_wconf 86' lang='lat' dir='ltr'><strong>his</strong></span> <span class='ocrx_word' id='word_1_388' title='bbox 589 2955 692 2994; x_wconf 88' lang='lat' dir='ltr'><strong>non</strong></span> <span class='ocrx_word' id='word_1_389' title='bbox 726 2939 1118 3011; x_wconf 79' lang='lat' dir='ltr'><strong>intelliguntur,</strong></span> <span class='ocrx_word' id='word_1_390' title='bbox 1167 2956 1272 2996; x_wconf 90' lang='lat' dir='ltr'><strong>non</strong></span> <span class='ocrx_word' id='word_1_391' title='bbox 1318 2941 1565 3012; x_wconf 77' lang='lat' dir='ltr'><strong>legantur</strong></span> <span class='ocrx_word' id='word_1_392' title='bbox 1585 2956 1614 2995; x_wconf 88' lang='lat' dir='ltr'><strong>a</strong></span> <span class='ocrx_word' id='word_1_393' title='bbox 1661 2940 1837 2997; x_wconf 89' lang='lat' dir='ltr'><strong>nobis.</strong></span> 
     </span>
    </p>
   </div>
   <div class='ocr_carea' id='block_1_47' title="bbox 1954 1817 3552 1889">
    <p class='ocr_par' dir='ltr' id='par_1_47' title="bbox 1954 1817 3552 1889">
     <span class='ocr_line' id='line_1_47' title="bbox 1954 1817 3552 1889; baseline 0.001 -15"><span class='ocrx_word' id='word_1_394' title='bbox 1954 1830 2011 1874; x_wconf 93' lang='lat' dir='ltr'><strong>ut</strong></span> <span class='ocrx_word' id='word_1_395' title='bbox 2058 1820 2173 1875; x_wconf 74' lang='lat' dir='ltr'><strong>haec</strong></span> <span class='ocrx_word' id='word_1_396' title='bbox 2198 1820 2357 1875; x_wconf 87' lang='lat' dir='ltr'><strong>stulta</strong></span> <span class='ocrx_word' id='word_1_397' title='bbox 2390 1817 2719 1875; x_wconf 83' lang='lat' dir='ltr'><strong>credamus?</strong></span> <span class='ocrx_word' id='word_1_398' title='bbox 2761 1817 2825 1872; x_wconf 85' lang='lat' dir='ltr'><strong>Et</strong></span> <span class='ocrx_word' id='word_1_399' title='bbox 2859 1819 2980 1888; x_wconf 87' lang='lat' dir='ltr'><strong>quia</strong></span> <span class='ocrx_word' id='word_1_400' title='bbox 3028 1817 3145 1874; x_wconf 69' lang='lat' dir='ltr'><strong>haec</strong></span> <span class='ocrx_word' id='word_1_401' title='bbox 3186 1819 3365 1889; x_wconf 88' lang='lat' dir='ltr'><strong>impiis</strong></span> <span class='ocrx_word' id='word_1_402' title='bbox 3407 1834 3552 1875; x_wconf 58' lang='lat' dir='ltr'><strong>caeca</strong></span> 
     </span>
    </p>
   </div>
   <div class='ocr_carea' id='block_1_48' title="bbox 1951 1911 3551 1980">
    <p class='ocr_par' dir='ltr' id='par_1_48' title="bbox 1951 1911 3551 1980">
     <span class='ocr_line' id='line_1_48' title="bbox 1951 1911 3551 1980; baseline -0.001 -11"><span class='ocrx_word' id='word_1_403' title='bbox 1951 1924 2110 1980; x_wconf 90' lang='lat' dir='ltr'><strong>sunt,</strong></span> <span class='ocrx_word' id='word_1_404' title='bbox 2171 1928 2269 1967; x_wconf 84' lang='lat' dir='ltr'><strong>nos</strong></span> <span class='ocrx_word' id='word_1_405' title='bbox 2317 1929 2425 1967; x_wconf 88' lang='lat' dir='ltr'><strong>non</strong></span> <span class='ocrx_word' id='word_1_406' title='bbox 2473 1912 2769 1968; x_wconf 87' lang='lat' dir='ltr'><strong>lucebimus</strong></span> <span class='ocrx_word' id='word_1_407' title='bbox 2818 1912 3089 1967; x_wconf 89' lang='lat' dir='ltr'><strong>intellecta</strong></span> <span class='ocrx_word' id='word_1_408' title='bbox 3137 1913 3365 1968; x_wconf 87' lang='lat' dir='ltr'><strong>veritate</strong></span> <span class='ocrx_word' id='word_1_409' title='bbox 3418 1911 3551 1968; x_wconf 87' lang='lat' dir='ltr'><strong>doc-</strong></span> 
     </span>
    </p>
   </div>
   <div class='ocr_carea' id='block_1_49' title="bbox 1955 2003 3550 2076">
    <p class='ocr_par' dir='ltr' id='par_1_49' title="bbox 1955 2003 3550 2076">
     <span class='ocr_line' id='line_1_49' title="bbox 1955 2003 3550 2076; baseline 0.001 -16"><span class='ocrx_word' id='word_1_410' title='bbox 1955 2006 2142 2061; x_wconf 79' lang='lat' dir='ltr'><strong>trime?</strong></span> <span class='ocrx_word' id='word_1_411' title='bbox 2167 2005 2303 2061; x_wconf 79' lang='lat' dir='ltr'><strong>Male</strong></span> <span class='ocrx_word' id='word_1_412' title='bbox 2332 2007 2533 2061; x_wconf 85' lang='lat' dir='ltr'><strong>sanctis</strong></span> <span class='ocrx_word' id='word_1_413' title='bbox 2562 2005 2721 2060; x_wconf 84' lang='lat' dir='ltr'><strong>rebus</strong></span> <span class='ocrx_word' id='word_1_414' title='bbox 2759 2003 3157 2074; x_wconf 68' lang='lat' dir='ltr'><strong>prtejudicatur,</strong></span> <span class='ocrx_word' id='word_1_415' title='bbox 3198 2005 3243 2060; x_wconf 90' lang='lat' dir='ltr'><strong>si</strong></span> <span class='ocrx_word' id='word_1_416' title='bbox 3273 2006 3402 2076; x_wconf 89' lang='lat' dir='ltr'><strong>quia</strong></span> <span class='ocrx_word' id='word_1_417' title='bbox 3444 2019 3550 2061; x_wconf 92' lang='lat' dir='ltr'><strong>non</strong></span> 
     </span>
    </p>
   </div>
   <div class='ocr_carea' id='block_1_50' title="bbox 1954 2096 3548 2170">
    <p class='ocr_par' dir='ltr' id='par_1_50' title="bbox 1954 2096 3548 2170">
     <span class='ocr_line' id='line_1_50' title="bbox 1954 2096 3548 2170; baseline -0.003 -15"><span class='ocrx_word' id='word_1_418' title='bbox 1954 2108 2157 2155; x_wconf 83' lang='lat' dir='ltr'><strong>sanctae</strong></span> <span class='ocrx_word' id='word_1_419' title='bbox 2196 2114 2227 2153; x_wconf 91' lang='lat' dir='ltr'><strong>a</strong></span> <span class='ocrx_word' id='word_1_420' title='bbox 2256 2097 2574 2170; x_wconf 88' lang='lat' dir='ltr'><strong>quibusdam</strong></span> <span class='ocrx_word' id='word_1_421' title='bbox 2629 2096 2945 2161; x_wconf 86' lang='lat' dir='ltr'><strong>habeantur,</strong></span> <span class='ocrx_word' id='word_1_422' title='bbox 3003 2110 3125 2151; x_wconf 91' lang='lat' dir='ltr'><strong>esse</strong></span> <span class='ocrx_word' id='word_1_423' title='bbox 3179 2110 3287 2151; x_wconf 93' lang='lat' dir='ltr'><strong>non</strong></span> <span class='ocrx_word' id='word_1_424' title='bbox 3327 2096 3548 2153; x_wconf 87' lang='lat' dir='ltr'><strong>debent.</strong></span> 
     </span>
    </p>
   </div>
   <div class='ocr_carea' id='block_1_51' title="bbox 1952 2188 3549 2263">
    <p class='ocr_par' dir='ltr' id='par_1_51' title="bbox 1952 2188 3549 2263">
     <span class='ocr_line' id='line_1_51' title="bbox 1952 2188 3549 2263; baseline -0.002 -16"><span class='ocrx_word' id='word_1_425' title='bbox 1952 2192 2067 2248; x_wconf 83' lang='lat' dir='ltr'><strong>Non</strong></span> <span class='ocrx_word' id='word_1_426' title='bbox 2101 2207 2231 2263; x_wconf 80' lang='lat' dir='ltr'><strong>ergo</strong></span> <span class='ocrx_word' id='word_1_427' title='bbox 2274 2191 2568 2262; x_wconf 83' lang='lat' dir='ltr'><strong>gloriemur</strong></span> <span class='ocrx_word' id='word_1_428' title='bbox 2596 2204 2757 2245; x_wconf 86' lang='lat' dir='ltr'><strong>cruce</strong></span> <span class='ocrx_word' id='word_1_429' title='bbox 2797 2188 3020 2254; x_wconf 84' lang='lat' dir='ltr'><strong>Christi,</strong></span> <span class='ocrx_word' id='word_1_430' title='bbox 3067 2191 3191 2261; x_wconf 89' lang='lat' dir='ltr'><strong>quia</strong></span> <span class='ocrx_word' id='word_1_431' title='bbox 3236 2188 3549 2244; x_wconf 83' lang='lat' dir='ltr'><strong>scandalum</strong></span> 
     </span>
    </p>
   </div>
   <div class='ocr_carea' id='block_1_52' title="bbox 1952 2282 3549 2354">
    <p class='ocr_par' dir='ltr' id='par_1_52' title="bbox 1952 2282 3549 2354">
     <span class='ocr_line' id='line_1_52' title="bbox 1952 2282 3549 2354; baseline -0.001 -14"><span class='ocrx_word' id='word_1_432' title='bbox 1952 2285 2152 2340; x_wconf 90' lang='lat' dir='ltr'><strong>mundo</strong></span> <span class='ocrx_word' id='word_1_433' title='bbox 2178 2292 2297 2340; x_wconf 90' lang='lat' dir='ltr'><strong>est:</strong></span> <span class='ocrx_word' id='word_1_434' title='bbox 2328 2298 2500 2354; x_wconf 89' lang='lat' dir='ltr'><strong>neque</strong></span> <span class='ocrx_word' id='word_1_435' title='bbox 2548 2284 2598 2339; x_wconf 90' lang='lat' dir='ltr'><strong>in</strong></span> <span class='ocrx_word' id='word_1_436' title='bbox 2626 2282 2841 2338; x_wconf 76' lang='lat' dir='ltr'><strong>vivente</strong></span> <span class='ocrx_word' id='word_1_437' title='bbox 2881 2282 2993 2339; x_wconf 86' lang='lat' dir='ltr'><strong>Deo</strong></span> <span class='ocrx_word' id='word_1_438' title='bbox 3029 2290 3259 2338; x_wconf 86' lang='lat' dir='ltr'><strong>mortem</strong></span> <span class='ocrx_word' id='word_1_439' title='bbox 3288 2282 3549 2354; x_wconf 68' lang='lat' dir='ltr'><strong>prwdice—</strong></span> 
     </span>
    </p>
   </div>
   <div class='ocr_carea' id='block_1_53' title="bbox 1950 2376 3242 2447">
    <p class='ocr_par' dir='ltr' id='par_1_53' title="bbox 1950 2376 3242 2447">
     <span class='ocr_line' id='line_1_53' title="bbox 1950 2376 3242 2447; baseline -0.002 -14"><span class='ocrx_word' id='word_1_440' title='bbox 1950 2393 2092 2444; x_wconf 90' lang='lat' dir='ltr'><strong>mus,</strong></span> <span class='ocrx_word' id='word_1_441' title='bbox 2121 2393 2190 2433; x_wconf 90' lang='lat' dir='ltr'><strong>ne</strong></span> <span class='ocrx_word' id='word_1_442' title='bbox 2219 2378 2287 2433; x_wconf 91' lang='lat' dir='ltr'><strong>ab</strong></span> <span class='ocrx_word' id='word_1_443' title='bbox 2317 2378 2494 2447; x_wconf 91' lang='lat' dir='ltr'><strong>impiis</strong></span> <span class='ocrx_word' id='word_1_444' title='bbox 2526 2386 2772 2433; x_wconf 87' lang='lat' dir='ltr'><strong>mortuus</strong></span> <span class='ocrx_word' id='word_1_445' title='bbox 2793 2376 2936 2432; x_wconf 85' lang='lat' dir='ltr'><strong>Deus</strong></span> <span class='ocrx_word' id='word_1_446' title='bbox 2965 2385 3242 2446; x_wconf 79' lang='lat' dir='ltr'><strong>arguatur.</strong></span> 
     </span>
    </p>
   </div>
   <div class='ocr_carea' id='block_1_54' title="bbox 2021 2468 3548 2543">
    <p class='ocr_par' dir='ltr' id='par_1_54' title="bbox 2021 2468 3548 2543">
     <span class='ocr_line' id='line_1_54' title="bbox 2021 2468 3548 2543; baseline -0.002 -15"><span class='ocrx_word' id='word_1_447' title='bbox 2021 2473 2110 2529; x_wconf 89' lang='lat'><strong>86.</strong></span> <span class='ocrx_word' id='word_1_448' title='bbox 2162 2474 2239 2526; x_wconf 83' lang='lat' dir='ltr'><strong>An</strong></span> <span class='ocrx_word' id='word_1_449' title='bbox 2278 2472 2397 2543; x_wconf 84' lang='lat' dir='ltr'><strong>quia</strong></span> <span class='ocrx_word' id='word_1_450' title='bbox 2422 2470 2484 2524; x_wconf 84' lang='lat' dir='ltr'><strong>ab</strong></span> <span class='ocrx_word' id='word_1_451' title='bbox 2514 2470 2584 2526; x_wconf 89' lang='lat'><strong>80</strong></span> <span class='ocrx_word' id='word_1_452' title='bbox 2611 2470 2866 2540; x_wconf 82' lang='lat' dir='ltr'><strong>episcopis</strong></span> <span class='ocrx_word' id='word_1_453' title='bbox 2902 2474 3169 2543; x_wconf 72' lang='lat' dir='ltr'><strong>refectum.</strong></span> <span class='ocrx_word' id='word_1_454' title='bbox 3200 2499 3274 2511; x_wconf 90' lang='lat'><strong>—-</strong></span> <span class='ocrx_word' id='word_1_455' title='bbox 3294 2468 3434 2525; x_wconf 80' lang='lat' dir='ltr'><strong>Male</strong></span> <span class='ocrx_word' id='word_1_456' title='bbox 3464 2470 3548 2526; x_wconf 89' lang='lat' dir='ltr'><strong>in-</strong></span> 
     </span>
    </p>
   </div>
   <div class='ocr_carea' id='block_1_55' title="bbox 1952 2562 3550 2639">
    <p class='ocr_par' dir='ltr' id='par_1_55' title="bbox 1952 2562 3550 2639">
     <span class='ocr_line' id='line_1_55' title="bbox 1952 2562 3550 2639; baseline -0.003 -16"><span class='ocrx_word' id='word_1_457' title='bbox 1952 2568 2211 2639; x_wconf 81' lang='lat' dir='ltr'><strong>telligitur</strong></span> <span class='ocrx_word' id='word_1_458' title='bbox 2241 2565 2560 2621; x_wconf 75' lang='lat' dir='ltr'><strong>bomousion</strong></span> <span class='ocrx_word' id='word_1_459' title='bbox 2596 2563 2763 2634; x_wconf 88' lang='lat' dir='ltr'><strong>:quid</strong></span> <span class='ocrx_word' id='word_1_460' title='bbox 2806 2563 2870 2616; x_wconf 86' lang='lat' dir='ltr'><strong>ad</strong></span> <span class='ocrx_word' id='word_1_461' title='bbox 2929 2578 3013 2618; x_wconf 87' lang='lat' dir='ltr'><strong>me</strong></span> <span class='ocrx_word' id='word_1_462' title='bbox 3060 2563 3197 2618; x_wconf 87' lang='lat' dir='ltr'><strong>bene</strong></span> <span class='ocrx_word' id='word_1_463' title='bbox 3242 2562 3550 2633; x_wconf 80' lang='lat' dir='ltr'><strong>intelligen-</strong></span> 
     </span>
    </p>
   </div>
   <div class='ocr_carea' id='block_1_56' title="bbox 1952 2652 3546 2729">
    <p class='ocr_par' dir='ltr' id='par_1_56' title="bbox 1952 2652 3546 2729">
     <span class='ocr_line' id='line_1_56' title="bbox 1952 2652 3546 2729; baseline -0.003 -12"><span class='ocrx_word' id='word_1_464' title='bbox 1952 2662 2104 2717; x_wconf 80' lang='lat' dir='ltr'><strong>tem?</strong></span> <span class='ocrx_word' id='word_1_465' title='bbox 2144 2659 2281 2715; x_wconf 85' lang='lat' dir='ltr'><strong>Male</strong></span> <span class='ocrx_word' id='word_1_466' title='bbox 2328 2657 2646 2712; x_wconf 85' lang='lat' dir='ltr'><strong>bomousion</strong></span> <span class='ocrx_word' id='word_1_467' title='bbox 2687 2655 2848 2728; x_wconf 76' lang='lat'><strong>513</strong></span> <span class='ocrx_word' id='word_1_468' title='bbox 2875 2652 2946 2729; x_wconf 88' lang='lat' dir='ltr'><strong>(e)</strong></span> <span class='ocrx_word' id='word_1_469' title='bbox 2998 2655 3380 2713; x_wconf 89' lang='lat' dir='ltr'><strong>Samosatenus</strong></span> <span class='ocrx_word' id='word_1_470' title='bbox 3414 2671 3546 2712; x_wconf 80' lang='lat' dir='ltr'><strong>con—</strong></span> 
     </span>
    </p>
   </div>
   <div class='ocr_carea' id='block_1_57' title="bbox 1950 2748 3547 2819">
    <p class='ocr_par' dir='ltr' id='par_1_57' title="bbox 1950 2748 3547 2819">
     <span class='ocr_line' id='line_1_57' title="bbox 1950 2748 3547 2819; baseline -0.004 -10"><span class='ocrx_word' id='word_1_471' title='bbox 1950 2756 2126 2810; x_wconf 80' lang='lat' dir='ltr'><strong>lessus</strong></span> <span class='ocrx_word' id='word_1_472' title='bbox 2178 2750 2424 2809; x_wconf 88' lang='lat' dir='ltr'><strong>est:sed</strong></span> <span class='ocrx_word' id='word_1_473' title='bbox 2461 2749 2721 2819; x_wconf 89' lang='lat' dir='ltr'><strong>numquid</strong></span> <span class='ocrx_word' id='word_1_474' title='bbox 2772 2748 2966 2803; x_wconf 89' lang='lat' dir='ltr'><strong>melius</strong></span> <span class='ocrx_word' id='word_1_475' title='bbox 3013 2748 3125 2803; x_wconf 85' lang='lat' dir='ltr'><strong>Arii</strong></span> <span class='ocrx_word' id='word_1_476' title='bbox 3175 2748 3547 2818; x_wconf 80' lang='lat' dir='ltr'><strong>negaverunt?</strong></span> 
     </span>
    </p>
   </div>
   <div class='ocr_carea' id='block_1_58' title="bbox 1949 2840 3537 2917">
    <p class='ocr_par' dir='ltr' id='par_1_58' title="bbox 1949 2840 3537 2917">
     <span class='ocr_line' id='line_1_58' title="bbox 1949 2840 3537 2917; baseline -0.004 -13"><span class='ocrx_word' id='word_1_477' title='bbox 1949 2846 2233 2917; x_wconf 80' lang='lat' dir='ltr'><strong>Octoginta</strong></span> <span class='ocrx_word' id='word_1_478' title='bbox 2262 2844 2329 2917; x_wconf 65' lang='grc' dir='ltr'><strong>(ἶ)</strong></span> <span class='ocrx_word' id='word_1_479' title='bbox 2360 2843 2599 2914; x_wconf 87' lang='lat' dir='ltr'><strong>episcopi</strong></span> <span class='ocrx_word' id='word_1_480' title='bbox 2631 2841 2760 2896; x_wconf 91' lang='lat' dir='ltr'><strong>olim</strong></span> <span class='ocrx_word' id='word_1_481' title='bbox 2802 2849 3156 2910; x_wconf 81' lang='lat' dir='ltr'><strong>reSpuerunt;</strong></span> <span class='ocrx_word' id='word_1_482' title='bbox 3186 2840 3280 2896; x_wconf 87' lang='lat' dir='ltr'><strong>sed</strong></span> <span class='ocrx_word' id='word_1_483' title='bbox 3308 2841 3537 2897; x_wconf 89' lang='lat' dir='ltr'><strong>trecenti</strong></span> 
     </span>
    </p>
   </div>
   <div class='ocr_carea' id='block_1_59' title="bbox 1947 2932 3541 3007">
    <p class='ocr_par' dir='ltr' id='par_1_59' title="bbox 1947 2932 3541 3007">
     <span class='ocr_line' id='line_1_59' title="bbox 1947 2932 3541 3007; baseline -0.005 -11"><span class='ocrx_word' id='word_1_484' title='bbox 1947 2948 2003 2997; x_wconf 90' lang='lat' dir='ltr'><strong>et</strong></span> <span class='ocrx_word' id='word_1_485' title='bbox 2022 2938 2209 2994; x_wconf 85' lang='lat' dir='ltr'><strong>decem</strong></span> <span class='ocrx_word' id='word_1_486' title='bbox 2239 2946 2363 2992; x_wconf 90' lang='lat' dir='ltr'><strong>octo</strong></span> <span class='ocrx_word' id='word_1_487' title='bbox 2391 2948 2561 3004; x_wconf 85' lang='lat' dir='ltr'><strong>nuper</strong></span> <span class='ocrx_word' id='word_1_488' title='bbox 2588 2940 2931 3004; x_wconf 83' lang='lat' dir='ltr'><strong>receperunt.</strong></span> <span class='ocrx_word' id='word_1_489' title='bbox 2964 2932 3040 3007; x_wconf 66' lang='grc' dir='ltr'><strong>(θ)</strong></span> <span class='ocrx_word' id='word_1_490' title='bbox 3074 2932 3140 2989; x_wconf 83' lang='grc' dir='ltr'>Ει</span> <span class='ocrx_word' id='word_1_491' title='bbox 3170 2932 3299 2989; x_wconf 89' lang='lat' dir='ltr'><strong>mihi</strong></span> <span class='ocrx_word' id='word_1_492' title='bbox 3324 2932 3541 3004; x_wconf 90' lang='lat' dir='ltr'><strong>quidem</strong></span> 
     </span>
    </p>
   </div>
   <div class='ocr_carea' id='block_1_60' title="bbox 314 3090 3546 3170">
    <p class='ocr_par' dir='ltr' id='par_1_60' title="bbox 314 3090 3546 3170">
     <span class='ocr_line' id='line_1_60' title="bbox 314 3090 3546 3170; baseline -0.001 -20"><span class='ocrx_word' id='word_1_493' title='bbox 314 3094 407 3170; x_wconf 81' lang='grc' dir='ltr'><strong>(α)</strong></span> <span class='ocrx_word' id='word_1_494' title='bbox 428 3096 501 3152; x_wconf 89' lang='lat' dir='ltr'><strong>De</strong></span> <span class='ocrx_word' id='word_1_495' title='bbox 528 3098 685 3153; x_wconf 86' lang='lat' dir='ltr'><strong>anuis</strong></span> <span class='ocrx_word' id='word_1_496' title='bbox 711 3098 1019 3154; x_wconf 59' lang='lat' dir='ltr'><strong>Mathusalae</strong></span> <span class='ocrx_word' id='word_1_497' title='bbox 1053 3108 1187 3155; x_wconf 85' lang='lat' dir='ltr'><strong>teste</strong></span> <span class='ocrx_word' id='word_1_498' title='bbox 1209 3100 1534 3170; x_wconf 83' lang='lat' dir='ltr'><strong>Augustino,</strong></span> <span class='ocrx_word' id='word_1_499' title='bbox 1560 3100 1653 3155; x_wconf 91' lang='lat' dir='ltr'><strong>lib.</strong></span> <span class='ocrx_word' id='word_1_500' title='bbox 1675 3117 1742 3156; x_wconf 80' lang='lat' dir='ltr'><strong>xv</strong></span> <span class='ocrx_word' id='word_1_501' title='bbox 1773 3100 1840 3157; x_wconf 86' lang='lat' dir='ltr'><strong>de</strong></span> <span class='ocrx_word' id='word_1_502' title='bbox 1866 3098 1912 3161; x_wconf 87' lang='lat' dir='ltr'>C</span> <span class='ocrx_word' id='word_1_503' title='bbox 1946 3098 2167 3170; x_wconf 84' lang='lat' dir='ltr'><strong>stitutus</strong></span> <span class='ocrx_word' id='word_1_504' title='bbox 2188 3097 2275 3163; x_wconf 88' lang='lat' dir='ltr'><strong>sit,</strong></span> <span class='ocrx_word' id='word_1_505' title='bbox 2300 3091 2550 3170; x_wconf 80' lang='lat' dir='ltr'><strong>quamvis</strong></span> <span class='ocrx_word' id='word_1_506' title='bbox 2576 3090 2786 3148; x_wconf 89' lang='lat' dir='ltr'><strong>dandus</strong></span> <span class='ocrx_word' id='word_1_507' title='bbox 2815 3092 2868 3147; x_wconf 93' lang='lat' dir='ltr'><strong>in</strong></span> <span class='ocrx_word' id='word_1_508' title='bbox 2899 3093 3114 3147; x_wconf 90' lang='lat' dir='ltr'><strong>nomine</strong></span> <span class='ocrx_word' id='word_1_509' title='bbox 3137 3091 3316 3148; x_wconf 85' lang='lat' dir='ltr'><strong>Patris</strong></span> <span class='ocrx_word' id='word_1_510' title='bbox 3346 3099 3402 3148; x_wconf 92' lang='lat' dir='ltr'><strong>et</strong></span> <span class='ocrx_word' id='word_1_511' title='bbox 3422 3091 3546 3148; x_wconf 81' lang='lat' dir='ltr'><strong>Filii</strong></span> 
     </span>
    </p>
   </div>
   <div class='ocr_carea' id='block_1_61' title="bbox 247 3166 1839 3243">
    <p class='ocr_par' dir='ltr' id='par_1_61' title="bbox 247 3166 1839 3243">
     <span class='ocr_line' id='line_1_61' title="bbox 247 3166 1839 3243; baseline 0.002 -21"><span class='ocrx_word' id='word_1_512' title='bbox 247 3166 356 3222; x_wconf 80' lang='lat' dir='ltr'><strong>Civ.</strong></span> <span class='ocrx_word' id='word_1_513' title='bbox 389 3169 481 3223; x_wconf 88' lang='lat' dir='ltr'><strong>Dei</strong></span> <span class='ocrx_word' id='word_1_514' title='bbox 511 3183 560 3243; x_wconf 75' lang='lat' dir='ltr'><strong>e.</strong></span> <span class='ocrx_word' id='word_1_515' title='bbox 609 3170 698 3234; x_wconf 71' lang='lat' dir='ltr'><strong>f3,</strong></span> <span class='ocrx_word' id='word_1_516' title='bbox 728 3171 854 3225; x_wconf 86' lang='lat' dir='ltr'><strong>olim</strong></span> <span class='ocrx_word' id='word_1_517' title='bbox 889 3170 983 3243; x_wconf 71' lang='lat' dir='ltr'><strong>fuit</strong></span> <span class='ocrx_word' id='word_1_518' title='bbox 1008 3173 1224 3237; x_wconf 71' lang='lat' dir='ltr'><strong>quwstio</strong></span> <span class='ocrx_word' id='word_1_519' title='bbox 1250 3166 1617 3243; x_wconf 67' lang='lat' dir='ltr'><strong>famosissima,</strong></span> <span class='ocrx_word' id='word_1_520' title='bbox 1668 3173 1734 3228; x_wconf 88' lang='lat' dir='ltr'><strong>iis</strong></span> <span class='ocrx_word' id='word_1_521' title='bbox 1762 3181 1839 3227; x_wconf 78' lang='lat' dir='ltr'><strong>la-</strong></span> 
     </span>
    </p>
   </div>
   <div class='ocr_carea' id='block_1_62' title="bbox 248 3241 1838 3314">
    <p class='ocr_par' dir='ltr' id='par_1_62' title="bbox 248 3241 1838 3314">
     <span class='ocr_line' id='line_1_62' title="bbox 248 3241 1838 3314; baseline 0.004 -23"><span class='ocrx_word' id='word_1_522' title='bbox 248 3254 390 3305; x_wconf 87' lang='lat' dir='ltr'><strong>tucn,</strong></span> <span class='ocrx_word' id='word_1_523' title='bbox 424 3250 479 3292; x_wconf 93' lang='lat' dir='ltr'><strong>ut</strong></span> <span class='ocrx_word' id='word_1_524' title='bbox 509 3241 650 3296; x_wconf 86' lang='lat' dir='ltr'><strong>idem</strong></span> <span class='ocrx_word' id='word_1_525' title='bbox 682 3245 838 3314; x_wconf 81' lang='lat' dir='ltr'><strong>uocet</strong></span> <span class='ocrx_word' id='word_1_526' title='bbox 867 3242 955 3297; x_wconf 86' lang='lat' dir='ltr'><strong>lib.</strong></span> <span class='ocrx_word' id='word_1_527' title='bbox 993 3259 1031 3297; x_wconf 91' lang='grc' dir='ltr'><strong>ιι</strong></span> <span class='ocrx_word' id='word_1_528' title='bbox 1058 3243 1127 3299; x_wconf 91' lang='lat' dir='ltr'><strong>de</strong></span> <span class='ocrx_word' id='word_1_529' title='bbox 1158 3241 1309 3312; x_wconf 83' lang='lat' dir='ltr'><strong>peee.</strong></span> <span class='ocrx_word' id='word_1_530' title='bbox 1354 3244 1502 3314; x_wconf 81' lang='lat' dir='ltr'><strong>Orig.</strong></span> <span class='ocrx_word' id='word_1_531' title='bbox 1533 3260 1584 3300; x_wconf 84' lang='lat' dir='ltr'><strong>c.</strong></span> <span class='ocrx_word' id='word_1_532' title='bbox 1613 3243 1705 3311; x_wconf 68' lang='lat'><strong>2&#39;),</strong></span> <span class='ocrx_word' id='word_1_533' title='bbox 1738 3259 1838 3298; x_wconf 86' lang='lat' dir='ltr'><strong>an-</strong></span> 
     </span>
    </p>
   </div>
   <div class='ocr_carea' id='block_1_63' title="bbox 244 3313 1837 3385">
    <p class='ocr_par' dir='ltr' id='par_1_63' title="bbox 244 3313 1837 3385">
     <span class='ocr_line' id='line_1_63' title="bbox 244 3313 1837 3385; baseline 0.004 -21"><span class='ocrx_word' id='word_1_534' title='bbox 244 3314 593 3385; x_wconf 73' lang='lat' dir='ltr'><strong>numerantla,</strong></span> <span class='ocrx_word' id='word_1_535' title='bbox 625 3328 745 3382; x_wconf 74' lang='lat' dir='ltr'><strong>qua:</strong></span> <span class='ocrx_word' id='word_1_536' title='bbox 774 3313 1009 3382; x_wconf 78' lang='lat' dir='ltr'><strong>ignorari</strong></span> <span class='ocrx_word' id='word_1_537' title='bbox 1048 3315 1193 3369; x_wconf 79' lang='lat' dir='ltr'><strong>Salva</strong></span> <span class='ocrx_word' id='word_1_538' title='bbox 1225 3314 1528 3369; x_wconf 83' lang='lat' dir='ltr'><strong>Christiana</strong></span> <span class='ocrx_word' id='word_1_539' title='bbox 1575 3315 1678 3371; x_wconf 90' lang='lat' dir='ltr'><strong>lide</strong></span> <span class='ocrx_word' id='word_1_540' title='bbox 1708 3330 1837 3385; x_wconf 86' lang='lat' dir='ltr'><strong>pos-</strong></span> 
     </span>
    </p>
   </div>
   <div class='ocr_carea' id='block_1_64' title="bbox 245 3381 1838 3456">
    <p class='ocr_par' dir='ltr' id='par_1_64' title="bbox 245 3381 1838 3456">
     <span class='ocr_line' id='line_1_64' title="bbox 245 3381 1838 3456; baseline 0.005 -22"><span class='ocrx_word' id='word_1_541' title='bbox 245 3392 387 3456; x_wconf 79' lang='lat' dir='ltr'><strong>sunt.</strong></span> <span class='ocrx_word' id='word_1_542' title='bbox 418 3381 563 3456; x_wconf 76' lang='lat' dir='ltr'><strong>lianc</strong></span> <span class='ocrx_word' id='word_1_543' title='bbox 584 3381 1181 3456; x_wconf 77' lang='lat' dir='ltr'><strong>quoquellierunynius</strong></span> <span class='ocrx_word' id='word_1_544' title='bbox 1209 3388 1258 3439; x_wconf 92' lang='lat' dir='ltr'><strong>in</strong></span> <span class='ocrx_word' id='word_1_545' title='bbox 1282 3388 1483 3452; x_wconf 57' lang='lat' dir='ltr'><strong>Quaest.</strong></span> <span class='ocrx_word' id='word_1_546' title='bbox 1510 3385 1676 3441; x_wconf 85' lang='lat' dir='ltr'><strong>Hebr.</strong></span> <span class='ocrx_word' id='word_1_547' title='bbox 1708 3381 1838 3443; x_wconf 81' lang='lat' dir='ltr'><strong>dicit</strong></span> 
     </span>
    </p>
   </div>
   <div class='ocr_carea' id='block_1_65' title="bbox 248 3452 1832 3526">
    <p class='ocr_par' dir='ltr' id='par_1_65' title="bbox 248 3452 1832 3526">
     <span class='ocr_line' id='line_1_65' title="bbox 248 3452 1832 3526; baseline 0.005 -22"><span class='ocrx_word' id='word_1_548' title='bbox 248 3452 587 3526; x_wconf 71' lang='lat' dir='ltr'><strong>disputatione</strong></span> <span class='ocrx_word' id='word_1_549' title='bbox 602 3452 843 3509; x_wconf 75' lang='lat' dir='ltr'><strong>omnium</strong></span> <span class='ocrx_word' id='word_1_550' title='bbox 871 3452 1196 3511; x_wconf 73' lang='lat' dir='ltr'><strong>ecclesiarum</strong></span> <span class='ocrx_word' id='word_1_551' title='bbox 1232 3458 1545 3512; x_wconf 83' lang='lat' dir='ltr'><strong>ventilatam.</strong></span> <span class='ocrx_word' id='word_1_552' title='bbox 1582 3459 1832 3526; x_wconf 85' lang='lat' dir='ltr'><strong>Disputa-</strong></span> 
     </span>
    </p>
   </div>
   <div class='ocr_carea' id='block_1_66' title="bbox 246 3524 1836 3599">
    <p class='ocr_par' dir='ltr' id='par_1_66' title="bbox 246 3524 1836 3599">
     <span class='ocr_line' id='line_1_66' title="bbox 246 3524 1836 3599; baseline 0.003 -21"><span class='ocrx_word' id='word_1_553' title='bbox 246 3532 321 3599; x_wconf 75' lang='lat' dir='ltr'><strong>tio</strong></span> <span class='ocrx_word' id='word_1_554' title='bbox 357 3524 483 3599; x_wconf 77' lang='lat' dir='ltr'><strong>hinc</strong></span> <span class='ocrx_word' id='word_1_555' title='bbox 504 3536 645 3599; x_wconf 75' lang='lat' dir='ltr'><strong>nata</strong></span> <span class='ocrx_word' id='word_1_556' title='bbox 672 3537 780 3599; x_wconf 8' lang='lat' dir='ltr'><strong>(est,</strong></span> <span class='ocrx_word' id='word_1_557' title='bbox 813 3528 953 3599; x_wconf 82' lang='lat' dir='ltr'><strong>quod</strong></span> <span class='ocrx_word' id='word_1_558' title='bbox 982 3527 1276 3584; x_wconf 85' lang='lat' dir='ltr'><strong>secundum</strong></span> <span class='ocrx_word' id='word_1_559' title='bbox 1308 3527 1452 3583; x_wconf 81' lang='lat' dir='ltr'><strong>LXX</strong></span> <span class='ocrx_word' id='word_1_560' title='bbox 1479 3524 1836 3599; x_wconf 82' lang='lat' dir='ltr'><strong>interpretum</strong></span> 
     </span>
    </p>
   </div>
   <div class='ocr_carea' id='block_1_67' title="bbox 246 3596 1838 3666">
    <p class='ocr_par' dir='ltr' id='par_1_67' title="bbox 246 3596 1838 3666">
     <span class='ocr_line' id='line_1_67' title="bbox 246 3596 1838 3666; baseline 0.006 -19"><span class='ocrx_word' id='word_1_561' title='bbox 246 3596 531 3652; x_wconf 80' lang='lat' dir='ltr'><strong>editionem</strong></span> <span class='ocrx_word' id='word_1_562' title='bbox 561 3596 856 3653; x_wconf 74' lang='lat' dir='ltr'><strong>Mathusala</strong></span> <span class='ocrx_word' id='word_1_563' title='bbox 890 3597 958 3653; x_wconf 74' lang='lat' dir='ltr'><strong>M</strong></span> <span class='ocrx_word' id='word_1_564' title='bbox 982 3615 1156 3655; x_wconf 89' lang='lat' dir='ltr'><strong>annos</strong></span> <span class='ocrx_word' id='word_1_565' title='bbox 1184 3611 1303 3666; x_wconf 87' lang='lat' dir='ltr'><strong>post</strong></span> <span class='ocrx_word' id='word_1_566' title='bbox 1347 3601 1604 3655; x_wconf 86' lang='lat' dir='ltr'><strong>diluvium</strong></span> <span class='ocrx_word' id='word_1_567' title='bbox 1626 3596 1838 3656; x_wconf 52' lang='lat' dir='ltr'><strong>&#39;vixisso</strong></span> 
     </span>
    </p>
   </div>
   <div class='ocr_carea' id='block_1_68' title="bbox 244 3670 1837 3741">
    <p class='ocr_par' dir='ltr' id='par_1_68' title="bbox 244 3670 1837 3741">
     <span class='ocr_line' id='line_1_68' title="bbox 244 3670 1837 3741; baseline 0.003 -20"><span class='ocrx_word' id='word_1_568' title='bbox 244 3676 678 3741; x_wconf 64' lang='lat' dir='ltr'><strong>comminuetur:</strong></span> <span class='ocrx_word' id='word_1_569' title='bbox 712 3680 877 3741; x_wconf 79' lang='lat' dir='ltr'><strong>atque</strong></span> <span class='ocrx_word' id='word_1_570' title='bbox 926 3671 1063 3725; x_wconf 85' lang='lat' dir='ltr'><strong>adeo</strong></span> <span class='ocrx_word' id='word_1_571' title='bbox 1110 3671 1307 3725; x_wconf 70' lang='lat' dir='ltr'><strong>anima:</strong></span> <span class='ocrx_word' id='word_1_572' title='bbox 1357 3670 1476 3741; x_wconf 92' lang='lat' dir='ltr'><strong>plus</strong></span> <span class='ocrx_word' id='word_1_573' title='bbox 1507 3688 1664 3741; x_wconf 88' lang='lat' dir='ltr'><strong>quam</strong></span> <span class='ocrx_word' id='word_1_574' title='bbox 1711 3682 1837 3727; x_wconf 91' lang='lat' dir='ltr'><strong>octo</strong></span> 
     </span>
    </p>
   </div>
   <div class='ocr_carea' id='block_1_69' title="bbox 247 3736 1834 3809">
    <p class='ocr_par' dir='ltr' id='par_1_69' title="bbox 247 3736 1834 3809">
     <span class='ocr_line' id='line_1_69' title="bbox 247 3736 1834 3809; baseline 0.006 -19"><span class='ocrx_word' id='word_1_575' title='bbox 247 3736 467 3794; x_wconf 78' lang='lat' dir='ltr'><strong>fuissent</strong></span> <span class='ocrx_word' id='word_1_576' title='bbox 499 3736 807 3796; x_wconf 62' lang='lat' dir='ltr'><strong>reservata}.</strong></span> <span class='ocrx_word' id='word_1_577' title='bbox 836 3739 1144 3797; x_wconf 87' lang='lat' dir='ltr'><strong>Secundum</strong></span> <span class='ocrx_word' id='word_1_578' title='bbox 1192 3736 1473 3796; x_wconf 69' lang='lat' dir='ltr'><strong>Hebraeum</strong></span> <span class='ocrx_word' id='word_1_579' title='bbox 1516 3736 1718 3809; x_wconf 76' lang='lat' dir='ltr'><strong>tamen,</strong></span> <span class='ocrx_word' id='word_1_580' title='bbox 1749 3744 1834 3799; x_wconf 91' lang='lat' dir='ltr'><strong>cui</strong></span> 
     </span>
    </p>
   </div>
   <div class='ocr_carea' id='block_1_70' title="bbox 249 3811 1832 3890">
    <p class='ocr_par' dir='ltr' id='par_1_70' title="bbox 249 3811 1832 3890">
     <span class='ocr_line' id='line_1_70' title="bbox 249 3811 1832 3890; baseline 0.004 -27"><span class='ocrx_word' id='word_1_581' title='bbox 249 3811 677 3890; x_wconf 58' lang='lat' dir='ltr'><strong>nostra__)&#39;ulgata</strong></span> <span class='ocrx_word' id='word_1_582' title='bbox 723 3825 1004 3890; x_wconf 71' lang='lat' dir='ltr'><strong>Consonat,</strong></span> <span class='ocrx_word' id='word_1_583' title='bbox 1039 3813 1183 3867; x_wconf 87' lang='lat' dir='ltr'><strong>nulla</strong></span> <span class='ocrx_word' id='word_1_584' title='bbox 1230 3823 1321 3890; x_wconf 77' lang='lat' dir='ltr'><strong>est</strong></span> <span class='ocrx_word' id='word_1_585' title='bbox 1346 3812 1639 3890; x_wconf 74' lang='lat' dir='ltr'><strong>difﬁcultas</strong></span> <span class='ocrx_word' id='word_1_586' title='bbox 1671 3833 1683 3869; x_wconf 89' lang='lat'>:</span> <span class='ocrx_word' id='word_1_587' title='bbox 1712 3831 1832 3869; x_wconf 89' lang='lat' dir='ltr'><strong>cum</strong></span> 
     </span>
    </p>
   </div>
   <div class='ocr_carea' id='block_1_71' title="bbox 249 3883 1833 3953">
    <p class='ocr_par' dir='ltr' id='par_1_71' title="bbox 249 3883 1833 3953">
     <span class='ocr_line' id='line_1_71' title="bbox 249 3883 1833 3953; baseline 0.006 -21"><span class='ocrx_word' id='word_1_588' title='bbox 249 3883 365 3953; x_wconf 81' lang='lat' dir='ltr'><strong>ipso</strong></span> <span class='ocrx_word' id='word_1_589' title='bbox 404 3883 584 3937; x_wconf 90' lang='lat' dir='ltr'><strong>diluvii</strong></span> <span class='ocrx_word' id='word_1_590' title='bbox 636 3899 781 3938; x_wconf 90' lang='lat' dir='ltr'><strong>anno</strong></span> <span class='ocrx_word' id='word_1_591' title='bbox 812 3884 1099 3939; x_wconf 81' lang='lat' dir='ltr'><strong>defunctus</strong></span> <span class='ocrx_word' id='word_1_592' title='bbox 1149 3886 1471 3953; x_wconf 86' lang='lat' dir='ltr'><strong>reperiatur.</strong></span> <span class='ocrx_word' id='word_1_593' title='bbox 1504 3885 1605 3941; x_wconf 86' lang='lat' dir='ltr'><strong>Ubi</strong></span> <span class='ocrx_word' id='word_1_594' title='bbox 1651 3896 1833 3941; x_wconf 89' lang='lat' dir='ltr'><strong>autem</strong></span> 
     </span>
    </p>
   </div>
   <div class='ocr_carea' id='block_1_72' title="bbox 250 3952 1837 4028">
    <p class='ocr_par' dir='ltr' id='par_1_72' title="bbox 250 3952 1837 4028">
     <span class='ocr_line' id='line_1_72' title="bbox 250 3952 1837 4028; baseline 0.004 -23"><span class='ocrx_word' id='word_1_595' title='bbox 250 3952 461 4028; x_wconf 72' lang='lat' dir='ltr'><strong>codices</strong></span> <span class='ocrx_word' id='word_1_596' title='bbox 484 3956 829 4028; x_wconf 86' lang='lat' dir='ltr'><strong>dissentiunt,</strong></span> <span class='ocrx_word' id='word_1_597' title='bbox 862 3957 922 4028; x_wconf 80' lang='lat' dir='ltr'><strong>ei</strong></span> <span class='ocrx_word' id='word_1_598' title='bbox 937 3957 1106 4025; x_wconf 85' lang='lat' dir='ltr'><strong>potius</strong></span> <span class='ocrx_word' id='word_1_599' title='bbox 1136 3952 1330 4028; x_wconf 69' lang='lat' dir='ltr'><strong>linguae</strong></span> <span class='ocrx_word' id='word_1_600' title='bbox 1374 3956 1632 4024; x_wconf 84' lang='lat' dir='ltr'><strong>credatur,</strong></span> <span class='ocrx_word' id='word_1_601' title='bbox 1664 3957 1837 4028; x_wconf 90' lang='lat' dir='ltr'><strong>inquit</strong></span> 
     </span>
    </p>
   </div>
   <div class='ocr_carea' id='block_1_73' title="bbox 252 4024 1835 4095">
    <p class='ocr_par' dir='ltr' id='par_1_73' title="bbox 252 4024 1835 4095">
     <span class='ocr_line' id='line_1_73' title="bbox 252 4024 1835 4095; baseline 0.004 -20"><span class='ocrx_word' id='word_1_602' title='bbox 252 4024 593 4094; x_wconf 73' lang='lat' dir='ltr'><strong>Augustinus,</strong></span> <span class='ocrx_word' id='word_1_603' title='bbox 632 4027 751 4081; x_wconf 91' lang='lat' dir='ltr'><strong>loco</strong></span> <span class='ocrx_word' id='word_1_604' title='bbox 771 4028 881 4095; x_wconf 89' lang='lat' dir='ltr'><strong>jam</strong></span> <span class='ocrx_word' id='word_1_605' title='bbox 910 4024 1122 4081; x_wconf 82' lang='lat' dir='ltr'><strong>laudato</strong></span> <span class='ocrx_word' id='word_1_606' title='bbox 1139 4027 1205 4081; x_wconf 89' lang='lat' dir='ltr'><strong>de</strong></span> <span class='ocrx_word' id='word_1_607' title='bbox 1218 4027 1339 4082; x_wconf 85' lang='lat' dir='ltr'><strong>Civ.</strong></span> <span class='ocrx_word' id='word_1_608' title='bbox 1373 4028 1489 4093; x_wconf 85' lang='lat' dir='ltr'><strong>Dei,</strong></span> <span class='ocrx_word' id='word_1_609' title='bbox 1520 4030 1654 4082; x_wconf 88' lang='lat' dir='ltr'><strong>unde</strong></span> <span class='ocrx_word' id='word_1_610' title='bbox 1681 4024 1752 4082; x_wconf 75' lang='lat' dir='ltr'><strong>esi</strong></span> <span class='ocrx_word' id='word_1_611' title='bbox 1780 4030 1835 4082; x_wconf 88' lang='lat' dir='ltr'><strong>in</strong></span> 
     </span>
    </p>
   </div>
   <div class='ocr_carea' id='block_1_74' title="bbox 248 4096 1836 4174">
    <p class='ocr_par' dir='ltr' id='par_1_74' title="bbox 248 4096 1836 4174">
     <span class='ocr_line' id='line_1_74' title="bbox 248 4096 1836 4174; baseline 0.005 -28"><span class='ocrx_word' id='word_1_612' title='bbox 248 4096 517 4174; x_wconf 69' lang='lat' dir='ltr'><strong>aliamper</strong></span> <span class='ocrx_word' id='word_1_613' title='bbox 539 4098 852 4174; x_wconf 66' lang='lat' dir='ltr'><strong>interpretes</strong></span> <span class='ocrx_word' id='word_1_614' title='bbox 884 4103 1023 4174; x_wconf 76' lang='lat' dir='ltr'><strong>facta</strong></span> <span class='ocrx_word' id='word_1_615' title='bbox 1064 4096 1361 4174; x_wconf 66' lang='lat' dir='ltr'><strong>translatio.</strong></span> <span class='ocrx_word' id='word_1_616' title='bbox 1384 4099 1744 4174; x_wconf 76' lang='lat' dir='ltr'><strong>Quamquam,</strong></span> <span class='ocrx_word' id='word_1_617' title='bbox 1775 4109 1836 4174; x_wconf 84' lang='lat' dir='ltr'><strong>ut</strong></span> 
     </span>
    </p>
   </div>
   <div class='ocr_carea' id='block_1_75' title="bbox 247 4164 1830 4240">
    <p class='ocr_par' dir='ltr' id='par_1_75' title="bbox 247 4164 1830 4240">
     <span class='ocr_line' id='line_1_75' title="bbox 247 4164 1830 4240; baseline 0.004 -22"><span class='ocrx_word' id='word_1_618' title='bbox 247 4164 393 4240; x_wconf 72' lang='lat' dir='ltr'><strong>idem</strong></span> <span class='ocrx_word' id='word_1_619' title='bbox 420 4164 539 4223; x_wconf 91' lang='lat' dir='ltr'><strong>ibid.</strong></span> <span class='ocrx_word' id='word_1_620' title='bbox 571 4164 807 4240; x_wconf 68' lang='lat' dir='ltr'><strong>subiicit.</strong></span> <span class='ocrx_word' id='word_1_621' title='bbox 834 4164 893 4223; x_wconf 74' lang='lat' dir='ltr'><strong>in</strong></span> <span class='ocrx_word' id='word_1_622' title='bbox 917 4169 1219 4240; x_wconf 82' lang='lat' dir='ltr'><strong>quibusdam</strong></span> <span class='ocrx_word' id='word_1_623' title='bbox 1247 4169 1506 4224; x_wconf 76' lang='lat' dir='ltr'><strong>codicibus</strong></span> <span class='ocrx_word' id='word_1_624' title='bbox 1532 4164 1716 4239; x_wconf 72' lang='lat' dir='ltr'><strong>gi&#39;wcis</strong></span> <span class='ocrx_word' id='word_1_625' title='bbox 1737 4173 1830 4225; x_wconf 88' lang='lat' dir='ltr'><strong>tri-</strong></span> 
     </span>
    </p>
   </div>
   <div class='ocr_carea' id='block_1_76' title="bbox 245 4234 1830 4311">
    <p class='ocr_par' dir='ltr' id='par_1_76' title="bbox 245 4234 1830 4311">
     <span class='ocr_line' id='line_1_76' title="bbox 245 4234 1830 4311; baseline 0.003 -20"><span class='ocrx_word' id='word_1_626' title='bbox 245 4234 368 4311; x_wconf 60' lang='lat' dir='ltr'><strong>bus,</strong></span> <span class='ocrx_word' id='word_1_627' title='bbox 395 4255 485 4293; x_wconf 86' lang='lat' dir='ltr'><strong>uno</strong></span> <span class='ocrx_word' id='word_1_628' title='bbox 510 4234 688 4309; x_wconf 63' lang='lat' dir='ltr'><strong>latino;</strong></span> <span class='ocrx_word' id='word_1_629' title='bbox 722 4252 768 4294; x_wconf 91' lang='lat' dir='ltr'><strong>et</strong></span> <span class='ocrx_word' id='word_1_630' title='bbox 793 4257 893 4311; x_wconf 85' lang='lat' dir='ltr'><strong>uno</strong></span> <span class='ocrx_word' id='word_1_631' title='bbox 922 4234 1074 4294; x_wconf 78' lang='lat' dir='ltr'><strong>etiam</strong></span> <span class='ocrx_word' id='word_1_632' title='bbox 1100 4239 1236 4311; x_wconf 86' lang='lat' dir='ltr'><strong>Syro</strong></span> <span class='ocrx_word' id='word_1_633' title='bbox 1265 4241 1401 4295; x_wconf 84' lang='lat' dir='ltr'><strong>inter</strong></span> <span class='ocrx_word' id='word_1_634' title='bbox 1428 4259 1483 4296; x_wconf 88' lang='lat' dir='ltr'><strong>se</strong></span> <span class='ocrx_word' id='word_1_635' title='bbox 1510 4234 1830 4297; x_wconf 61' lang='lat' dir='ltr'><strong>cbnsentien-</strong></span> 
     </span>
    </p>
   </div>
   <div class='ocr_carea' id='block_1_77' title="bbox 244 4308 1834 4368">
    <p class='ocr_par' dir='ltr' id='par_1_77' title="bbox 244 4308 1834 4368">
     <span class='ocr_line' id='line_1_77' title="bbox 244 4308 1834 4368; baseline 0.006 -9"><span class='ocrx_word' id='word_1_636' title='bbox 244 4308 386 4362; x_wconf 67' lang='lat' dir='ltr'><strong>tibus</strong></span> <span class='ocrx_word' id='word_1_637' title='bbox 410 4324 631 4367; x_wconf 74' lang='lat' dir='ltr'><strong>inventus</strong></span> <span class='ocrx_word' id='word_1_638' title='bbox 663 4321 735 4367; x_wconf 85' lang='lat' dir='ltr'><strong>cst</strong></span> <span class='ocrx_word' id='word_1_639' title='bbox 777 4310 1124 4367; x_wconf 77' lang='lat' dir='ltr'><strong>Mathusalem</strong></span> <span class='ocrx_word' id='word_1_640' title='bbox 1145 4308 1241 4366; x_wconf 74' lang='lat' dir='ltr'><strong>sea;</strong></span> <span class='ocrx_word' id='word_1_641' title='bbox 1262 4313 1415 4367; x_wconf 87' lang='lat' dir='ltr'><strong>anuis</strong></span> <span class='ocrx_word' id='word_1_642' title='bbox 1443 4323 1561 4368; x_wconf 86' lang='lat' dir='ltr'><strong>ante</strong></span> <span class='ocrx_word' id='word_1_643' title='bbox 1580 4314 1834 4368; x_wconf 84' lang='lat' dir='ltr'><strong>diluvium</strong></span> 
     </span>
    </p>
   </div>
   <div class='ocr_carea' id='block_1_78' title="bbox 245 4380 706 4450">
    <p class='ocr_par' dir='ltr' id='par_1_78' title="bbox 245 4380 706 4450">
     <span class='ocr_line' id='line_1_78' title="bbox 245 4380 706 4450; baseline 0.017 -20"><span class='ocrx_word' id='word_1_644' title='bbox 245 4380 405 4447; x_wconf 69' lang='lat' dir='ltr'><strong>fuisse</strong></span> <span class='ocrx_word' id='word_1_645' title='bbox 423 4383 706 4450; x_wconf 75' lang='lat' dir='ltr'><strong>defunctus.</strong></span> 
     </span>
    </p>
   </div>
   <div class='ocr_carea' id='block_1_79' title="bbox 316 4468 1916 4560">
    <p class='ocr_par' dir='ltr' id='par_1_79' title="bbox 316 4468 1916 4560">
     <span class='ocr_line' id='line_1_79' title="bbox 316 4468 1916 4560; baseline 0.004 -32"><span class='ocrx_word' id='word_1_646' title='bbox 437 4473 557 4560; x_wconf 58' lang='lat' dir='ltr'><strong>Non</strong></span> <span class='ocrx_word' id='word_1_647' title='bbox 589 4482 751 4558; x_wconf 72' lang='lat' dir='ltr'><strong>negat</strong></span> <span class='ocrx_word' id='word_1_648' title='bbox 801 4474 1060 4560; x_wconf 65' lang='lat' dir='ltr'><strong>Hilarius,</strong></span> <span class='ocrx_word' id='word_1_649' title='bbox 1114 4476 1189 4557; x_wconf 85' lang='lat' dir='ltr'><strong>uti</strong></span> <span class='ocrx_word' id='word_1_650' title='bbox 1253 4474 1526 4560; x_wconf 56' lang='lat' dir='ltr'><strong>seuitetus</strong></span> <span class='ocrx_word' id='word_1_651' title='bbox 1570 4477 1832 4560; x_wconf 72' lang='lat' dir='ltr'><strong>loquitur,</strong></span> <span class='ocrx_word' id='word_1_652' title='bbox 1860 4499 1916 4560; x_wconf 75' lang='grc' dir='ltr'>Ι)</span> 
     </span>
    </p>
   </div>
   <div class='ocr_carea' id='block_1_80' title="bbox 246 4545 1827 4620">
    <p class='ocr_par' dir='ltr' id='par_1_80' title="bbox 246 4545 1827 4620">
     <span class='ocr_line' id='line_1_80' title="bbox 246 4545 1827 4620; baseline 0.005 -25"><span class='ocrx_word' id='word_1_653' title='bbox 246 4555 468 4620; x_wconf 53' lang='lat' dir='ltr'><strong>munem</strong></span> <span class='ocrx_word' id='word_1_654' title='bbox 511 4545 683 4620; x_wconf 69' lang='lat' dir='ltr'><strong>Moysi</strong></span> <span class='ocrx_word' id='word_1_655' title='bbox 726 4556 913 4620; x_wconf 83' lang='lat' dir='ltr'><strong>contra</strong></span> <span class='ocrx_word' id='word_1_656' title='bbox 962 4547 1233 4618; x_wconf 90' lang='lat' dir='ltr'><strong>ipsissima</strong></span> <span class='ocrx_word' id='word_1_657' title='bbox 1281 4548 1574 4617; x_wconf 65' lang='lat' dir='ltr'><strong>Scriptura:</strong></span> <span class='ocrx_word' id='word_1_658' title='bbox 1620 4545 1827 4605; x_wconf 78' lang='lat' dir='ltr'><strong>verba:</strong></span> 
     </span>
    </p>
   </div>
   <div class='ocr_carea' id='block_1_81' title="bbox 249 4612 1833 4687">
    <p class='ocr_par' dir='ltr' id='par_1_81' title="bbox 249 4612 1833 4687">
     <span class='ocr_line' id='line_1_81' title="bbox 249 4612 1833 4687; baseline 0.007 -22"><span class='ocrx_word' id='word_1_659' title='bbox 249 4612 352 4668; x_wconf 78' lang='lat' dir='ltr'><strong>sed</strong></span> <span class='ocrx_word' id='word_1_660' title='bbox 384 4630 491 4672; x_wconf 86' lang='lat' dir='ltr'><strong>eam</strong></span> <span class='ocrx_word' id='word_1_661' title='bbox 535 4612 613 4672; x_wconf 71' lang='lat' dir='ltr'><strong>ita</strong></span> <span class='ocrx_word' id='word_1_662' title='bbox 654 4620 705 4672; x_wconf 92' lang='lat' dir='ltr'><strong>in</strong></span> <span class='ocrx_word' id='word_1_663' title='bbox 747 4618 916 4673; x_wconf 83' lang='lat' dir='ltr'><strong>sacris</strong></span> <span class='ocrx_word' id='word_1_664' title='bbox 946 4612 1141 4673; x_wconf 77' lang='lat' dir='ltr'><strong>litteris</strong></span> <span class='ocrx_word' id='word_1_665' title='bbox 1187 4612 1500 4687; x_wconf 79' lang='lat' dir='ltr'><strong>expressam</strong></span> <span class='ocrx_word' id='word_1_666' title='bbox 1543 4621 1723 4687; x_wconf 88' lang='lat' dir='ltr'><strong>docet,</strong></span> <span class='ocrx_word' id='word_1_667' title='bbox 1776 4629 1833 4676; x_wconf 91' lang='lat' dir='ltr'><strong>ut</strong></span> 
     </span>
    </p>
   </div>
   <div class='ocr_carea' id='block_1_82' title="bbox 248 4688 1833 4746">
    <p class='ocr_par' dir='ltr' id='par_1_82' title="bbox 248 4688 1833 4746">
     <span class='ocr_line' id='line_1_82' title="bbox 248 4688 1833 4746; baseline 0.006 -10"><span class='ocrx_word' id='word_1_668' title='bbox 248 4697 502 4741; x_wconf 86' lang='lat' dir='ltr'><strong>summam</strong></span> <span class='ocrx_word' id='word_1_669' title='bbox 529 4690 629 4745; x_wconf 86' lang='lat' dir='ltr'><strong>sub</strong></span> <span class='ocrx_word' id='word_1_670' title='bbox 656 4705 840 4744; x_wconf 88' lang='lat' dir='ltr'><strong>earum</strong></span> <span class='ocrx_word' id='word_1_671' title='bbox 869 4690 1046 4745; x_wconf 90' lang='lat' dir='ltr'><strong>verbis</strong></span> <span class='ocrx_word' id='word_1_672' title='bbox 1074 4688 1444 4745; x_wconf 72' lang='lat' dir='ltr'><strong>difﬁcultatem</strong></span> <span class='ocrx_word' id='word_1_673' title='bbox 1492 4691 1663 4746; x_wconf 89' lang='lat' dir='ltr'><strong>latere</strong></span> <span class='ocrx_word' id='word_1_674' title='bbox 1695 4693 1833 4746; x_wconf 88' lang='lat' dir='ltr'><strong>indi-</strong></span> 
     </span>
    </p>
   </div>
   <div class='ocr_carea' id='block_1_83' title="bbox 247 4757 1829 4832">
    <p class='ocr_par' dir='ltr' id='par_1_83' title="bbox 247 4757 1829 4832">
     <span class='ocr_line' id='line_1_83' title="bbox 247 4757 1829 4832; baseline 0.008 -25"><span class='ocrx_word' id='word_1_675' title='bbox 247 4768 363 4809; x_wconf 76' lang='lat' dir='ltr'><strong>ces.</strong></span> <span class='ocrx_word' id='word_1_676' title='bbox 384 4757 579 4832; x_wconf 64' lang='lat' dir='ltr'><strong>\lidesis</strong></span> <span class='ocrx_word' id='word_1_677' title='bbox 600 4761 744 4832; x_wconf 86' lang='lat' dir='ltr'><strong>quod</strong></span> <span class='ocrx_word' id='word_1_678' title='bbox 771 4776 845 4832; x_wconf 10' lang='lat' dir='ltr'><strong>ea?</strong></span> <span class='ocrx_word' id='word_1_679' title='bbox 860 4760 928 4816; x_wconf 90' lang='lat' dir='ltr'><strong>de</strong></span> <span class='ocrx_word' id='word_1_680' title='bbox 950 4775 1007 4817; x_wconf 88' lang='lat' dir='ltr'><strong>re</strong></span> <span class='ocrx_word' id='word_1_681' title='bbox 1031 4771 1348 4816; x_wconf 85' lang='lat' dir='ltr'><strong>annotatum</strong></span> <span class='ocrx_word' id='word_1_682' title='bbox 1371 4770 1456 4817; x_wconf 81' lang='lat' dir='ltr'><strong>est;</strong></span> <span class='ocrx_word' id='word_1_683' title='bbox 1472 4761 1539 4817; x_wconf 88' lang='lat' dir='ltr'><strong>ad</strong></span> <span class='ocrx_word' id='word_1_684' title='bbox 1562 4777 1710 4817; x_wconf 90' lang='lat' dir='ltr'><strong>num.</strong></span> <span class='ocrx_word' id='word_1_685' title='bbox 1740 4764 1829 4831; x_wconf 80' lang='grc'><strong>10,</strong></span> 
     </span>
    </p>
   </div>
   <div class='ocr_carea' id='block_1_84' title="bbox 245 4830 987 4897">
    <p class='ocr_par' dir='ltr' id='par_1_84' title="bbox 245 4830 987 4897">
     <span class='ocr_line' id='line_1_84' title="bbox 245 4830 987 4897; baseline 0.009 -18"><span class='ocrx_word' id='word_1_686' title='bbox 245 4841 371 4897; x_wconf 85' lang='lat' dir='ltr'><strong>cap.</strong></span> <span class='ocrx_word' id='word_1_687' title='bbox 401 4830 463 4885; x_wconf 72' lang='lat'><strong>20</strong></span> <span class='ocrx_word' id='word_1_688' title='bbox 486 4830 684 4887; x_wconf 77' lang='lat' dir='ltr'><strong>comm.</strong></span> <span class='ocrx_word' id='word_1_689' title='bbox 717 4833 768 4887; x_wconf 92' lang='lat' dir='ltr'><strong>in</strong></span> <span class='ocrx_word' id='word_1_690' title='bbox 799 4831 987 4887; x_wconf 84' lang='lat' dir='ltr'><strong>Matth.</strong></span> 
     </span>
    </p>
   </div>
   <div class='ocr_carea' id='block_1_85' title="bbox 320 4922 1834 5001">
    <p class='ocr_par' dir='ltr' id='par_1_85' title="bbox 320 4922 1834 5001">
     <span class='ocr_line' id='line_1_85' title="bbox 320 4922 1834 5001; baseline 0.005 -26"><span class='ocrx_word' id='word_1_691' title='bbox 320 4922 387 4994; x_wconf 80' lang='grc' dir='ltr'><strong>(ε)</strong></span> <span class='ocrx_word' id='word_1_692' title='bbox 414 4926 566 5001; x_wconf 86' lang='lat' dir='ltr'><strong>Editi,</strong></span> <span class='ocrx_word' id='word_1_693' title='bbox 590 5000 595 5001; x_wconf 14' lang='grc' dir='ltr'><em>γ</em></span> <span class='ocrx_word' id='word_1_694' title='bbox 608 4944 677 5001; x_wconf 83' lang='lat' dir='ltr'><strong>ne</strong></span> <span class='ocrx_word' id='word_1_695' title='bbox 718 4937 933 5001; x_wconf 81' lang='lat' dir='ltr'><strong>mortem</strong></span> <span class='ocrx_word' id='word_1_696' title='bbox 975 4934 1022 5001; x_wconf 84' lang='lat' dir='ltr'><strong>et</strong></span> <span class='ocrx_word' id='word_1_697' title='bbox 1051 4927 1300 5001; x_wconf 84' lang='lat' dir='ltr'><strong>gladium.</strong></span> <span class='ocrx_word' id='word_1_698' title='bbox 1343 4927 1562 4984; x_wconf 85' lang='lat' dir='ltr'><strong>Rectius</strong></span> <span class='ocrx_word' id='word_1_699' title='bbox 1601 4942 1733 4984; x_wconf 90' lang='lat' dir='ltr'><strong>mss.</strong></span> <span class='ocrx_word' id='word_1_700' title='bbox 1770 4945 1834 4984; x_wconf 89' lang='lat' dir='ltr'><strong>ne</strong></span> 
     </span>
    </p>
   </div>
   <div class='ocr_carea' id='block_1_86' title="bbox 246 4998 1045 5070">
    <p class='ocr_par' dir='ltr' id='par_1_86' title="bbox 246 4998 1045 5070">
     <span class='ocr_line' id='line_1_86' title="bbox 246 4998 1045 5070; baseline 0.008 -24"><span class='ocrx_word' id='word_1_701' title='bbox 246 5007 452 5051; x_wconf 81' lang='lat' dir='ltr'><strong>mortem</strong></span> <span class='ocrx_word' id='word_1_702' title='bbox 475 5000 672 5070; x_wconf 88' lang='lat' dir='ltr'><strong>gladio,</strong></span> <span class='ocrx_word' id='word_1_703' title='bbox 700 4998 819 5054; x_wconf 89' lang='lat' dir='ltr'><strong>scil.</strong></span> <span class='ocrx_word' id='word_1_704' title='bbox 851 4998 1045 5053; x_wconf 78' lang='lat' dir='ltr'><strong>usuris.</strong></span> 
     </span>
    </p>
   </div>
   <div class='ocr_carea' id='block_1_87' title="bbox 326 5088 1832 5166">
    <p class='ocr_par' dir='ltr' id='par_1_87' title="bbox 326 5088 1832 5166">
     <span class='ocr_line' id='line_1_87' title="bbox 326 5088 1832 5166; baseline 0.003 -20"><span class='ocrx_word' id='word_1_705' title='bbox 326 5088 395 5166; x_wconf 76' lang='lat' dir='ltr'><strong>(tl)</strong></span> <span class='ocrx_word' id='word_1_706' title='bbox 422 5092 486 5166; x_wconf 64' lang='grc' dir='ltr'><strong>ΔΙι1</strong></span> <span class='ocrx_word' id='word_1_707' title='bbox 515 5101 630 5166; x_wconf 81' lang='lat' dir='ltr'><strong>est,</strong></span> <span class='ocrx_word' id='word_1_708' title='bbox 663 5092 983 5166; x_wconf 82' lang='lat' dir='ltr'><strong>baptizasse</strong></span> <span class='ocrx_word' id='word_1_709' title='bbox 1022 5091 1271 5166; x_wconf 77' lang='lat' dir='ltr'><strong>leguntur</strong></span> <span class='ocrx_word' id='word_1_710' title='bbox 1302 5091 1355 5147; x_wconf 92' lang='lat' dir='ltr'><strong>in</strong></span> <span class='ocrx_word' id='word_1_711' title='bbox 1403 5092 1572 5161; x_wconf 87' lang='lat' dir='ltr'><strong>Actis,</strong></span> <span class='ocrx_word' id='word_1_712' title='bbox 1604 5108 1832 5166; x_wconf 91' lang='lat' dir='ltr'><strong>quorum</strong></span> 
     </span>
    </p>
   </div>
   <div class='ocr_carea' id='block_1_88' title="bbox 244 5162 1834 5236">
    <p class='ocr_par' dir='ltr' id='par_1_88' title="bbox 244 5162 1834 5236">
     <span class='ocr_line' id='line_1_88' title="bbox 244 5162 1834 5236; baseline 0.006 -24"><span class='ocrx_word' id='word_1_713' title='bbox 244 5162 465 5236; x_wconf 65' lang='lat' dir='ltr'><strong>prpitide</strong></span> <span class='ocrx_word' id='word_1_714' title='bbox 512 5164 713 5236; x_wconf 86' lang='lat' dir='ltr'><strong>locutio</strong></span> <span class='ocrx_word' id='word_1_715' title='bbox 748 5162 1089 5218; x_wconf 87' lang='lat' dir='ltr'><strong>concilianda</strong></span> <span class='ocrx_word' id='word_1_716' title='bbox 1110 5172 1203 5236; x_wconf 86' lang='lat' dir='ltr'><strong>est</strong></span> <span class='ocrx_word' id='word_1_717' title='bbox 1243 5179 1364 5236; x_wconf 88' lang='lat' dir='ltr'><strong>cum</strong></span> <span class='ocrx_word' id='word_1_718' title='bbox 1410 5162 1677 5236; x_wconf 67' lang='lat' dir='ltr'><strong>praecepto</strong></span> <span class='ocrx_word' id='word_1_719' title='bbox 1728 5166 1834 5222; x_wconf 85' lang='lat' dir='ltr'><strong>Do-</strong></span> 
     </span>
    </p>
   </div>
   <div class='ocr_carea' id='block_1_89' title="bbox 247 5229 1825 5307">
    <p class='ocr_par' dir='ltr' id='par_1_89' title="bbox 247 5229 1825 5307">
     <span class='ocr_line' id='line_1_89' title="bbox 247 5229 1825 5307; baseline 0.006 -24"><span class='ocrx_word' id='word_1_720' title='bbox 247 5229 399 5307; x_wconf 74' lang='lat' dir='ltr'><strong>mini,</strong></span> <span class='ocrx_word' id='word_1_721' title='bbox 437 5250 542 5306; x_wconf 89' lang='lat' dir='ltr'><strong>quo</strong></span> <span class='ocrx_word' id='word_1_722' title='bbox 578 5235 742 5303; x_wconf 86' lang='lat' dir='ltr'><strong>jussit</strong></span> <span class='ocrx_word' id='word_1_723' title='bbox 780 5236 1060 5307; x_wconf 66' lang='lat' dir='ltr'><strong>baptizare</strong></span> <span class='ocrx_word' id='word_1_724' title='bbox 1092 5235 1157 5307; x_wconf 78' lang='lat' dir='ltr'><strong>in</strong></span> <span class='ocrx_word' id='word_1_725' title='bbox 1209 5229 1429 5307; x_wconf 79' lang='lat' dir='ltr'><strong>nomine</strong></span> <span class='ocrx_word' id='word_1_726' title='bbox 1460 5229 1673 5305; x_wconf 77' lang='lat' dir='ltr'><strong>Patris,</strong></span> <span class='ocrx_word' id='word_1_727' title='bbox 1721 5247 1825 5293; x_wconf 90' lang='lat' dir='ltr'><strong>etc.</strong></span> 
     </span>
    </p>
   </div>
   <div class='ocr_carea' id='block_1_90' title="bbox 245 5301 1824 5379">
    <p class='ocr_par' dir='ltr' id='par_1_90' title="bbox 245 5301 1824 5379">
     <span class='ocr_line' id='line_1_90' title="bbox 245 5301 1824 5379; baseline 0.006 -24"><span class='ocrx_word' id='word_1_728' title='bbox 245 5301 491 5379; x_wconf 76' lang='lat' dir='ltr'><strong>Agnoscit</strong></span> <span class='ocrx_word' id='word_1_729' title='bbox 520 5301 755 5379; x_wconf 84' lang='lat' dir='ltr'><strong>Hilarius</strong></span> <span class='ocrx_word' id='word_1_730' title='bbox 776 5301 877 5361; x_wconf 73' lang='lat' dir='ltr'><strong>hoc</strong></span> <span class='ocrx_word' id='word_1_731' title='bbox 897 5305 1155 5376; x_wconf 83' lang='lat' dir='ltr'><strong>apostolis</strong></span> <span class='ocrx_word' id='word_1_732' title='bbox 1180 5321 1210 5361; x_wconf 90' lang='lat' dir='ltr'><strong>a</strong></span> <span class='ocrx_word' id='word_1_733' title='bbox 1226 5306 1441 5363; x_wconf 88' lang='lat' dir='ltr'><strong>Christo</strong></span> <span class='ocrx_word' id='word_1_734' title='bbox 1463 5301 1824 5379; x_wconf 84' lang='lat' dir='ltr'><strong>praeceptum:</strong></span> 
     </span>
    </p>
   </div>
   <div class='ocr_carea' id='block_1_91' title="bbox 1946 3166 2487 3235">
    <p class='ocr_par' dir='ltr' id='par_1_91' title="bbox 1946 3166 2487 3235">
     <span class='ocr_line' id='line_1_91' title="bbox 1946 3166 2487 3235; baseline -0.009 -9"><span class='ocrx_word' id='word_1_735' title='bbox 1946 3181 2001 3226; x_wconf 90' lang='lat' dir='ltr'><strong>et</strong></span> <span class='ocrx_word' id='word_1_736' title='bbox 2028 3168 2262 3235; x_wconf 83' lang='lat' dir='ltr'><strong>Spiritus</strong></span> <span class='ocrx_word' id='word_1_737' title='bbox 2292 3166 2487 3221; x_wconf 88' lang='lat' dir='ltr'><strong>sancti.</strong></span> 
     </span>
    </p>
   </div>
   <div class='ocr_carea' id='block_1_92' title="bbox 2016 3234 3547 3313">
    <p class='ocr_par' dir='ltr' id='par_1_92' title="bbox 2016 3234 3547 3313">
     <span class='ocr_line' id='line_1_92' title="bbox 2016 3234 3547 3313; baseline -0.003 -17"><span class='ocrx_word' id='word_1_738' title='bbox 2016 3234 2088 3313; x_wconf 84' lang='lat' dir='ltr'><strong>(e)</strong></span> <span class='ocrx_word' id='word_1_739' title='bbox 2119 3238 2469 3313; x_wconf 69' lang='lat' dir='ltr'><strong>Athanasius,</strong></span> <span class='ocrx_word' id='word_1_740' title='bbox 2500 3236 2592 3313; x_wconf 74' lang='grc' dir='ltr'>ιιι).</span> <span class='ocrx_word' id='word_1_741' title='bbox 2626 3234 2694 3313; x_wconf 67' lang='lat' dir='ltr'><strong>de</strong></span> <span class='ocrx_word' id='word_1_742' title='bbox 2726 3234 2956 3307; x_wconf 84' lang='lat' dir='ltr'><strong>Synod.,</strong></span> <span class='ocrx_word' id='word_1_743' title='bbox 3002 3250 3052 3303; x_wconf 91' lang='lat' dir='ltr'><strong>p.</strong></span> <span class='ocrx_word' id='word_1_744' title='bbox 3086 3234 3214 3300; x_wconf 83' lang='lat' dir='ltr'><strong>9l9,</strong></span> <span class='ocrx_word' id='word_1_745' title='bbox 3267 3234 3547 3313; x_wconf 70' lang='lat' dir='ltr'><strong>insinuare</strong></span> 
     </span>
    </p>
   </div>
   <div class='ocr_carea' id='block_1_93' title="bbox 1942 3306 3542 3377">
    <p class='ocr_par' dir='ltr' id='par_1_93' title="bbox 1942 3306 3542 3377">
     <span class='ocr_line' id='line_1_93' title="bbox 1942 3306 3542 3377; baseline -0.003 -12"><span class='ocrx_word' id='word_1_746' title='bbox 1942 3306 2080 3368; x_wconf 77' lang='lat' dir='ltr'><strong>velle</strong></span> <span class='ocrx_word' id='word_1_747' title='bbox 2129 3312 2361 3377; x_wconf 88' lang='lat' dir='ltr'><strong>videtur,</strong></span> <span class='ocrx_word' id='word_1_748' title='bbox 2395 3308 2617 3363; x_wconf 88' lang='lat' dir='ltr'><strong>Paulum</strong></span> <span class='ocrx_word' id='word_1_749' title='bbox 2646 3306 3057 3362; x_wconf 81' lang='lat' dir='ltr'><strong>Sauiosatenum</strong></span> <span class='ocrx_word' id='word_1_750' title='bbox 3091 3322 3196 3361; x_wconf 91' lang='lat' dir='ltr'><strong>non</strong></span> <span class='ocrx_word' id='word_1_751' title='bbox 3230 3308 3395 3361; x_wconf 79' lang='lat' dir='ltr'><strong>verbo</strong></span> <span class='ocrx_word' id='word_1_752' title='bbox 3442 3307 3542 3361; x_wconf 93' lang='lat' dir='ltr'><strong>ho-</strong></span> 
     </span>
    </p>
   </div>
   <div class='ocr_carea' id='block_1_94' title="bbox 1939 3378 3546 3450">
    <p class='ocr_par' dir='ltr' id='par_1_94' title="bbox 1939 3378 3546 3450">
     <span class='ocr_line' id='line_1_94' title="bbox 1939 3378 3546 3450; baseline -0.004 -11"><span class='ocrx_word' id='word_1_753' title='bbox 1939 3384 2175 3438; x_wconf 86' lang='lat' dir='ltr'><strong>mousion</strong></span> <span class='ocrx_word' id='word_1_754' title='bbox 2205 3381 2439 3434; x_wconf 77' lang='lat' dir='ltr'><strong>Iiwresim</strong></span> <span class='ocrx_word' id='word_1_755' title='bbox 2473 3396 2620 3433; x_wconf 88' lang='lat' dir='ltr'><strong>suam</strong></span> <span class='ocrx_word' id='word_1_756' title='bbox 2650 3378 2976 3450; x_wconf 75' lang='lat' dir='ltr'><strong>expressisse,</strong></span> <span class='ocrx_word' id='word_1_757' title='bbox 3005 3378 3099 3433; x_wconf 89' lang='lat' dir='ltr'><strong>sed</strong></span> <span class='ocrx_word' id='word_1_758' title='bbox 3127 3394 3246 3431; x_wconf 90' lang='lat' dir='ltr'><strong>cum</strong></span> <span class='ocrx_word' id='word_1_759' title='bbox 3272 3378 3546 3450; x_wconf 80' lang='lat' dir='ltr'><strong>declinare</strong></span> 
     </span>
    </p>
   </div>
   <div class='ocr_carea' id='block_1_95' title="bbox 1941 3449 3537 3516">
    <p class='ocr_par' dir='ltr' id='par_1_95' title="bbox 1941 3449 3537 3516">
     <span class='ocr_line' id='line_1_95' title="bbox 1941 3449 3537 3516; baseline -0.003 -7"><span class='ocrx_word' id='word_1_760' title='bbox 1941 3461 2177 3509; x_wconf 89' lang='lat' dir='ltr'><strong>tentaret</strong></span> <span class='ocrx_word' id='word_1_761' title='bbox 2203 3449 2736 3512; x_wconf 81' lang='lat' dir='ltr'><strong>condemnationem,</strong></span> <span class='ocrx_word' id='word_1_762' title='bbox 2766 3449 2896 3503; x_wconf 84' lang='lat' dir='ltr'><strong>illud</strong></span> <span class='ocrx_word' id='word_1_763' title='bbox 2922 3465 3016 3516; x_wconf 84' lang='lat' dir='ltr'><strong>per</strong></span> <span class='ocrx_word' id='word_1_764' title='bbox 3038 3451 3313 3516; x_wconf 84' lang='lat' dir='ltr'><strong>sophisma</strong></span> <span class='ocrx_word' id='word_1_765' title='bbox 3339 3452 3418 3505; x_wconf 89' lang='lat' dir='ltr'><strong>sic</strong></span> <span class='ocrx_word' id='word_1_766' title='bbox 3439 3449 3537 3505; x_wconf 86' lang='lat' dir='ltr'><strong>ob-</strong></span> 
     </span>
    </p>
   </div>
   <div class='ocr_carea' id='block_1_96' title="bbox 1933 3519 3545 3594">
    <p class='ocr_par' dir='ltr' id='par_1_96' title="bbox 1933 3519 3545 3594">
     <span class='ocr_line' id='line_1_96' title="bbox 1933 3519 3545 3594; baseline -0.005 -13"><span class='ocrx_word' id='word_1_767' title='bbox 1933 3525 2178 3594; x_wconf 88' lang='lat' dir='ltr'><strong>jecisse:</strong></span> <span class='ocrx_word' id='word_1_768' title='bbox 2223 3524 2285 3579; x_wconf 81' lang='lat' dir='ltr'><strong>Si</strong></span> <span class='ocrx_word' id='word_1_769' title='bbox 2329 3520 2563 3576; x_wconf 77' lang='lat' dir='ltr'><strong>Christus</strong></span> <span class='ocrx_word' id='word_1_770' title='bbox 2590 3538 2692 3574; x_wconf 84' lang='lat' dir='ltr'><strong>non</strong></span> <span class='ocrx_word' id='word_1_771' title='bbox 2718 3536 2794 3594; x_wconf 65' lang='lat' dir='ltr'><strong>ea:</strong></span> <span class='ocrx_word' id='word_1_772' title='bbox 2833 3519 3037 3594; x_wconf 88' lang='lat' dir='ltr'><strong>homine</strong></span> <span class='ocrx_word' id='word_1_773' title='bbox 3079 3519 3216 3575; x_wconf 79' lang='lat' dir='ltr'><strong>Deus</strong></span> <span class='ocrx_word' id='word_1_774' title='bbox 3246 3520 3413 3594; x_wconf 80' lang='lat' dir='ltr'><strong>[actus</strong></span> <span class='ocrx_word' id='word_1_775' title='bbox 3431 3530 3503 3594; x_wconf 86' lang='lat' dir='ltr'><strong>est</strong></span> <span class='ocrx_word' id='word_1_776' title='bbox 3524 3536 3545 3586; x_wconf 90' lang='lat'><strong><em>;</em></strong></span> 
     </span>
    </p>
   </div>
   <div class='ocr_carea' id='block_1_97' title="bbox 1939 3590 3543 3667">
    <p class='ocr_par' dir='ltr' id='par_1_97' title="bbox 1939 3590 3543 3667">
     <span class='ocr_line' id='line_1_97' title="bbox 1939 3590 3543 3667; baseline -0.004 -15"><span class='ocrx_word' id='word_1_777' title='bbox 1939 3590 2097 3667; x_wconf 79' lang='lat' dir='ltr'><strong>igitur</strong></span> <span class='ocrx_word' id='word_1_778' title='bbox 2124 3594 2576 3667; x_wconf 8' lang='lat' dir='ltr'><strong>consubstanﬁtiulis</strong></span> <span class='ocrx_word' id='word_1_779' title='bbox 2602 3602 2677 3645; x_wconf 86' lang='lat' dir='ltr'><strong>est</strong></span> <span class='ocrx_word' id='word_1_780' title='bbox 2707 3590 2856 3667; x_wconf 74' lang='lat' dir='ltr'><strong>Patri</strong></span> <span class='ocrx_word' id='word_1_781' title='bbox 2884 3606 2902 3644; x_wconf 91' lang='lat'><strong><em>:</em></strong></span> <span class='ocrx_word' id='word_1_782' title='bbox 2931 3601 2978 3644; x_wconf 89' lang='lat' dir='ltr'><strong>et</strong></span> <span class='ocrx_word' id='word_1_783' title='bbox 3008 3592 3293 3667; x_wconf 74' lang='lat' dir='ltr'><strong>necessario</strong></span> <span class='ocrx_word' id='word_1_784' title='bbox 3316 3592 3543 3667; x_wconf 65' lang='lat' dir='ltr'><strong>sequitur</strong></span> 
     </span>
    </p>
   </div>
   <div class='ocr_carea' id='block_1_98' title="bbox 1939 3662 3547 3733">
    <p class='ocr_par' dir='ltr' id='par_1_98' title="bbox 1939 3662 3547 3733">
     <span class='ocr_line' id='line_1_98' title="bbox 1939 3662 3547 3733; baseline -0.005 -10"><span class='ocrx_word' id='word_1_785' title='bbox 1939 3662 2041 3723; x_wconf 71' lang='lat' dir='ltr'><strong>tres</strong></span> <span class='ocrx_word' id='word_1_786' title='bbox 2067 3684 2173 3722; x_wconf 81' lang='lat' dir='ltr'><strong>csse</strong></span> <span class='ocrx_word' id='word_1_787' title='bbox 2188 3666 2521 3728; x_wconf 84' lang='lat' dir='ltr'><strong>substantias,</strong></span> <span class='ocrx_word' id='word_1_788' title='bbox 2544 3679 2696 3716; x_wconf 87' lang='lat' dir='ltr'><strong>unam</strong></span> <span class='ocrx_word' id='word_1_789' title='bbox 2711 3663 2913 3733; x_wconf 82' lang='lat' dir='ltr'><strong>quidem</strong></span> <span class='ocrx_word' id='word_1_790' title='bbox 2931 3676 3041 3731; x_wconf 79' lang='lat' dir='ltr'><strong>qua:</strong></span> <span class='ocrx_word' id='word_1_791' title='bbox 3068 3662 3213 3731; x_wconf 83' lang='lat' dir='ltr'><strong>prior</strong></span> <span class='ocrx_word' id='word_1_792' title='bbox 3238 3663 3309 3733; x_wconf 75' lang='lat' dir='ltr'><strong>sit</strong></span> <span class='ocrx_word' id='word_1_793' title='bbox 3331 3674 3384 3716; x_wconf 86' lang='lat' dir='ltr'><strong>ut</strong></span> <span class='ocrx_word' id='word_1_794' title='bbox 3404 3663 3547 3732; x_wconf 82' lang='lat' dir='ltr'><strong>priu-</strong></span> 
     </span>
    </p>
   </div>
   <div class='ocr_carea' id='block_1_99' title="bbox 1938 3732 3544 3809">
    <p class='ocr_par' dir='ltr' id='par_1_99' title="bbox 1938 3732 3544 3809">
     <span class='ocr_line' id='line_1_99' title="bbox 1938 3732 3544 3809; baseline -0.004 -15"><span class='ocrx_word' id='word_1_795' title='bbox 1938 3757 2080 3809; x_wconf 86' lang='lat' dir='ltr'><strong>ceps,</strong></span> <span class='ocrx_word' id='word_1_796' title='bbox 2110 3737 2335 3806; x_wconf 85' lang='lat' dir='ltr'><strong>reliquas</strong></span> <span class='ocrx_word' id='word_1_797' title='bbox 2363 3752 2477 3790; x_wconf 84' lang='lat' dir='ltr'><strong>vero</strong></span> <span class='ocrx_word' id='word_1_798' title='bbox 2504 3735 2635 3809; x_wconf 81' lang='lat' dir='ltr'><strong>duas</strong></span> <span class='ocrx_word' id='word_1_799' title='bbox 2681 3732 2743 3788; x_wconf 70' lang='lat' dir='ltr'><strong>ea:</strong></span> <span class='ocrx_word' id='word_1_800' title='bbox 2772 3751 2831 3809; x_wconf 81' lang='lat' dir='ltr'><strong>ea</strong></span> <span class='ocrx_word' id='word_1_801' title='bbox 2874 3733 3139 3809; x_wconf 80' lang='lat' dir='ltr'><strong>oriundus.</strong></span> <span class='ocrx_word' id='word_1_802' title='bbox 3168 3732 3426 3803; x_wconf 87' lang='lat' dir='ltr'><strong>Adeoque</strong></span> <span class='ocrx_word' id='word_1_803' title='bbox 3454 3733 3544 3788; x_wconf 87' lang='lat' dir='ltr'><strong>ille</strong></span> 
     </span>
    </p>
   </div>
   <div class='ocr_carea' id='block_1_100' title="bbox 1940 3804 3543 3874">
    <p class='ocr_par' dir='ltr' id='par_1_100' title="bbox 1940 3804 3543 3874">
     <span class='ocr_line' id='line_1_100' title="bbox 1940 3804 3543 3874; baseline -0.005 -9"><span class='ocrx_word' id='word_1_804' title='bbox 1940 3804 2045 3865; x_wconf 84' lang='lat' dir='ltr'><strong>non</strong></span> <span class='ocrx_word' id='word_1_805' title='bbox 2070 3804 2288 3864; x_wconf 11' lang='lat' dir='ltr'><strong>isince‘ro</strong></span> <span class='ocrx_word' id='word_1_806' title='bbox 2328 3809 2509 3862; x_wconf 89' lang='lat' dir='ltr'><strong>animo</strong></span> <span class='ocrx_word' id='word_1_807' title='bbox 2555 3804 2871 3858; x_wconf 89' lang='lat' dir='ltr'><strong>bomousion</strong></span> <span class='ocrx_word' id='word_1_808' title='bbox 2916 3804 3197 3874; x_wconf 80' lang='lat' dir='ltr'><strong>confessus</strong></span> <span class='ocrx_word' id='word_1_809' title='bbox 3217 3813 3317 3871; x_wconf 89' lang='lat' dir='ltr'><strong>est,</strong></span> <span class='ocrx_word' id='word_1_810' title='bbox 3353 3819 3543 3874; x_wconf 88' lang='lat' dir='ltr'><strong>quam-</strong></span> 
     </span>
    </p>
   </div>
   <div class='ocr_carea' id='block_1_101' title="bbox 1938 3872 3543 3944">
    <p class='ocr_par' dir='ltr' id='par_1_101' title="bbox 1938 3872 3543 3944">
     <span class='ocr_line' id='line_1_101' title="bbox 1938 3872 3543 3944; baseline -0.004 -9"><span class='ocrx_word' id='word_1_811' title='bbox 1938 3884 2020 3936; x_wconf 85' lang='lat' dir='ltr'><strong>vis</strong></span> <span class='ocrx_word' id='word_1_812' title='bbox 2044 3881 2186 3935; x_wconf 90' lang='lat' dir='ltr'><strong>aliud</strong></span> <span class='ocrx_word' id='word_1_813' title='bbox 2213 3880 2298 3933; x_wconf 87' lang='lat' dir='ltr'><strong>hic</strong></span> <span class='ocrx_word' id='word_1_814' title='bbox 2321 3888 2530 3933; x_wconf 88' lang='lat' dir='ltr'><strong>asserat</strong></span> <span class='ocrx_word' id='word_1_815' title='bbox 2556 3887 2740 3931; x_wconf 89' lang='lat' dir='ltr'><strong>noster</strong></span> <span class='ocrx_word' id='word_1_816' title='bbox 2764 3872 3196 3944; x_wconf 86' lang='lat' dir='ltr'><strong>Hilarius.Cujus</strong></span> <span class='ocrx_word' id='word_1_817' title='bbox 3219 3872 3396 3929; x_wconf 82' lang='lat' dir='ltr'><strong>tamen</strong></span> <span class='ocrx_word' id='word_1_818' title='bbox 3417 3889 3543 3930; x_wconf 85' lang='lat' dir='ltr'><strong>scn-</strong></span> 
     </span>
    </p>
   </div>
   <div class='ocr_carea' id='block_1_102' title="bbox 1939 3946 3540 4018">
    <p class='ocr_par' dir='ltr' id='par_1_102' title="bbox 1939 3946 3540 4018">
     <span class='ocr_line' id='line_1_102' title="bbox 1939 3946 3540 4018; baseline -0.005 -10"><span class='ocrx_word' id='word_1_819' title='bbox 1939 3953 2162 4008; x_wconf 84' lang='lat' dir='ltr'><strong>tcutiam</strong></span> <span class='ocrx_word' id='word_1_820' title='bbox 2203 3948 2809 4018; x_wconf 83' lang='lat' dir='ltr'><strong>conlirmatlegatorum</strong></span> <span class='ocrx_word' id='word_1_821' title='bbox 2860 3949 3265 4017; x_wconf 81' lang='lat' dir='ltr'><strong>Ancyrauorum</strong></span> <span class='ocrx_word' id='word_1_822' title='bbox 3315 3946 3540 4018; x_wconf 88' lang='lat' dir='ltr'><strong>epistola</strong></span> 
     </span>
    </p>
   </div>
   <div class='ocr_carea' id='block_1_103' title="bbox 1938 4017 3539 4091">
    <p class='ocr_par' dir='ltr' id='par_1_103' title="bbox 1938 4017 3539 4091">
     <span class='ocr_line' id='line_1_103' title="bbox 1938 4017 3539 4091; baseline -0.004 -13"><span class='ocrx_word' id='word_1_823' title='bbox 1938 4025 2187 4091; x_wconf 85' lang='lat' dir='ltr'><strong>superius</strong></span> <span class='ocrx_word' id='word_1_824' title='bbox 2215 4021 2523 4091; x_wconf 84' lang='lat' dir='ltr'><strong>summatim</strong></span> <span class='ocrx_word' id='word_1_825' title='bbox 2553 4019 2746 4091; x_wconf 85' lang='lat' dir='ltr'><strong>relata,</strong></span> <span class='ocrx_word' id='word_1_826' title='bbox 2777 4032 2879 4091; x_wconf 74' lang='lat' dir='ltr'><strong>qua</strong></span> <span class='ocrx_word' id='word_1_827' title='bbox 2927 4032 3112 4072; x_wconf 85' lang='lat' dir='ltr'><strong>vocem</strong></span> <span class='ocrx_word' id='word_1_828' title='bbox 3170 4017 3485 4072; x_wconf 87' lang='lat' dir='ltr'><strong>bomousion</strong></span> <span class='ocrx_word' id='word_1_829' title='bbox 3508 4032 3539 4072; x_wconf 90' lang='lat' dir='ltr'><strong>a</strong></span> 
     </span>
    </p>
   </div>
   <div class='ocr_carea' id='block_1_104' title="bbox 1939 4087 3538 4158">
    <p class='ocr_par' dir='ltr' id='par_1_104' title="bbox 1939 4087 3538 4158">
     <span class='ocr_line' id='line_1_104' title="bbox 1939 4087 3538 4158; baseline -0.003 -7"><span class='ocrx_word' id='word_1_830' title='bbox 1939 4087 2188 4151; x_wconf 44' lang='lat' dir='ltr'><strong>Pa&#39;tiilms</strong></span> <span class='ocrx_word' id='word_1_831' title='bbox 2216 4087 2464 4146; x_wconf 77' lang='lat' dir='ltr'><strong>Antioch.</strong></span> <span class='ocrx_word' id='word_1_832' title='bbox 2515 4089 2638 4144; x_wconf 87' lang='lat' dir='ltr'><strong>ideo</strong></span> <span class='ocrx_word' id='word_1_833' title='bbox 2697 4087 3026 4158; x_wconf 82' lang='lat' dir='ltr'><strong>repudiatam</strong></span> <span class='ocrx_word' id='word_1_834' title='bbox 3063 4102 3186 4143; x_wconf 88' lang='lat' dir='ltr'><strong>esse</strong></span> <span class='ocrx_word' id='word_1_835' title='bbox 3236 4096 3538 4146; x_wconf 88' lang='lat' dir='ltr'><strong>testantur:</strong></span> 
     </span>
    </p>
   </div>
   <div class='ocr_carea' id='block_1_105' title="bbox 1941 4159 3539 4233">
    <p class='ocr_par' dir='ltr' id='par_1_105' title="bbox 1941 4159 3539 4233">
     <span class='ocr_line' id='line_1_105' title="bbox 1941 4159 3539 4233; baseline -0.001 -18"><span class='ocrx_word' id='word_1_836' title='bbox 1941 4166 2073 4233; x_wconf 79' lang='lat' dir='ltr'><strong>Quia</strong></span> <span class='ocrx_word' id='word_1_837' title='bbox 2087 4166 2420 4221; x_wconf 82' lang='lat' dir='ltr'><strong>Samosateus</strong></span> <span class='ocrx_word' id='word_1_838' title='bbox 2442 4178 2529 4232; x_wconf 83' lang='lat' dir='ltr'><strong>per</strong></span> <span class='ocrx_word' id='word_1_839' title='bbox 2545 4160 2679 4214; x_wconf 87' lang='lat' dir='ltr'><strong>hanc</strong></span> <span class='ocrx_word' id='word_1_840' title='bbox 2700 4164 2851 4233; x_wconf 80' lang='lat' dir='ltr'><strong>unius</strong></span> <span class='ocrx_word' id='word_1_841' title='bbox 2866 4177 3006 4215; x_wconf 85' lang='lat' dir='ltr'><strong>essen</strong></span> <span class='ocrx_word' id='word_1_842' title='bbox 3014 4162 3096 4233; x_wconf 63' lang='lat' dir='ltr'><strong>tia:</strong></span> <span class='ocrx_word' id='word_1_843' title='bbox 3110 4179 3138 4212; x_wconf 86' lang='grc' dir='ltr'><strong>ιι</strong></span> <span class='ocrx_word' id='word_1_844' title='bbox 3146 4159 3539 4233; x_wconf 68' lang='lat' dir='ltr'><strong>uticupationem</strong></span> 
     </span>
    </p>
   </div>
   <div class='ocr_carea' id='block_1_106' title="bbox 1937 4229 3540 4305">
    <p class='ocr_par' dir='ltr' id='par_1_106' title="bbox 1937 4229 3540 4305">
     <span class='ocr_line' id='line_1_106' title="bbox 1937 4229 3540 4305; baseline -0.004 -15"><span class='ocrx_word' id='word_1_845' title='bbox 1937 4229 2225 4292; x_wconf 61' lang='lat' dir='ltr'><strong>ablitnrium</strong></span> <span class='ocrx_word' id='word_1_846' title='bbox 2270 4244 2421 4305; x_wconf 86' lang='lat' dir='ltr'><strong>atque</strong></span> <span class='ocrx_word' id='word_1_847' title='bbox 2443 4229 2450 4232; x_wconf 57' lang='grc'>⁷</span> <span class='ocrx_word' id='word_1_848' title='bbox 2474 4235 2679 4288; x_wconf 85' lang='lat' dir='ltr'><strong>unicum</strong></span> <span class='ocrx_word' id='word_1_849' title='bbox 2733 4232 2844 4305; x_wconf 79' lang='lat' dir='ltr'><strong>sibi</strong></span> <span class='ocrx_word' id='word_1_850' title='bbox 2880 4248 2989 4287; x_wconf 87' lang='lat' dir='ltr'><strong>esse</strong></span> <span class='ocrx_word' id='word_1_851' title='bbox 3019 4230 3227 4305; x_wconf 83' lang='lat' dir='ltr'><strong>Patrem</strong></span> <span class='ocrx_word' id='word_1_852' title='bbox 3268 4240 3313 4284; x_wconf 83' lang='lat' dir='ltr'><strong>et</strong></span> <span class='ocrx_word' id='word_1_853' title='bbox 3344 4229 3540 4305; x_wconf 78' lang='lat' dir='ltr'><strong>Filium</strong></span> 
     </span>
    </p>
   </div>
   <div class='ocr_carea' id='block_1_107' title="bbox 1939 4303 3537 4379">
    <p class='ocr_par' dir='ltr' id='par_1_107' title="bbox 1939 4303 3537 4379">
     <span class='ocr_line' id='line_1_107' title="bbox 1939 4303 3537 4379; baseline -0.003 -17"><span class='ocrx_word' id='word_1_854' title='bbox 1939 4309 2272 4379; x_wconf 76' lang='lat' dir='ltr'><strong>pi-wdicabat.</strong></span> <span class='ocrx_word' id='word_1_855' title='bbox 2301 4303 2368 4363; x_wconf 80' lang='lat' dir='ltr'><strong>Et</strong></span> <span class='ocrx_word' id='word_1_856' title='bbox 2411 4321 2542 4360; x_wconf 87' lang='lat' dir='ltr'><strong>vero</strong></span> <span class='ocrx_word' id='word_1_857' title='bbox 2593 4303 2916 4379; x_wconf 80' lang='lat' dir='ltr'><strong>Athanasius</strong></span> <span class='ocrx_word' id='word_1_858' title='bbox 2960 4303 3316 4379; x_wconf 61' lang='lat' dir='ltr'><strong>Antiocheam</strong></span> <span class='ocrx_word' id='word_1_859' title='bbox 3345 4303 3537 4379; x_wconf 85' lang='lat' dir='ltr'><strong>synodi</strong></span> 
     </span>
    </p>
   </div>
   <div class='ocr_carea' id='block_1_108' title="bbox 1938 4372 3541 4448">
    <p class='ocr_par' dir='ltr' id='par_1_108' title="bbox 1938 4372 3541 4448">
     <span class='ocr_line' id='line_1_108' title="bbox 1938 4372 3541 4448; baseline -0.004 -13"><span class='ocrx_word' id='word_1_860' title='bbox 1938 4372 2124 4435; x_wconf 78' lang='lat' dir='ltr'><strong>contra</strong></span> <span class='ocrx_word' id='word_1_861' title='bbox 2156 4380 2377 4434; x_wconf 87' lang='lat' dir='ltr'><strong>Paulum</strong></span> <span class='ocrx_word' id='word_1_862' title='bbox 2402 4386 2741 4448; x_wconf 76' lang='lat' dir='ltr'><strong>congregaue</strong></span> <span class='ocrx_word' id='word_1_863' title='bbox 2784 4374 3063 4448; x_wconf 83' lang='lat' dir='ltr'><strong>epistulam</strong></span> <span class='ocrx_word' id='word_1_864' title='bbox 3111 4372 3214 4429; x_wconf 90' lang='lat' dir='ltr'><strong>sibi</strong></span> <span class='ocrx_word' id='word_1_865' title='bbox 3248 4372 3541 4448; x_wconf 31' lang='lat' dir='ltr'><strong>hmc‘scri-</strong></span> 
     </span>
    </p>
   </div>
   <div class='ocr_carea' id='block_1_109' title="bbox 1941 4445 3540 4521">
    <p class='ocr_par' dir='ltr' id='par_1_109' title="bbox 1941 4445 3540 4521">
     <span class='ocr_line' id='line_1_109' title="bbox 1941 4445 3540 4521; baseline -0.002 -17"><span class='ocrx_word' id='word_1_866' title='bbox 1941 4452 2089 4507; x_wconf 90' lang='lat' dir='ltr'><strong>benti</strong></span> <span class='ocrx_word' id='word_1_867' title='bbox 2118 4451 2352 4507; x_wconf 80' lang='lat' dir='ltr'><strong>defuisse</strong></span> <span class='ocrx_word' id='word_1_868' title='bbox 2391 4445 2929 4521; x_wconf 67' lang='lat' dir='ltr'><strong>prmitioneus,_satis</strong></span> <span class='ocrx_word' id='word_1_869' title='bbox 2959 4446 3157 4521; x_wconf 85' lang='lat' dir='ltr'><strong>iudicat</strong></span> <span class='ocrx_word' id='word_1_870' title='bbox 3185 4445 3540 4521; x_wconf 58' lang='lat' dir='ltr'><strong>tiunesigen-</strong></span> 
     </span>
    </p>
   </div>
   <div class='ocr_carea' id='block_1_110' title="bbox 1939 4515 3538 4578">
    <p class='ocr_par' dir='ltr' id='par_1_110' title="bbox 1939 4515 3538 4578">
     <span class='ocr_line' id='line_1_110' title="bbox 1939 4515 3538 4578; baseline -0.005 -1"><span class='ocrx_word' id='word_1_871' title='bbox 1939 4522 2060 4578; x_wconf 89' lang='lat' dir='ltr'><strong>dam</strong></span> <span class='ocrx_word' id='word_1_872' title='bbox 2085 4537 2116 4576; x_wconf 89' lang='lat' dir='ltr'><strong>a</strong></span> <span class='ocrx_word' id='word_1_873' title='bbox 2141 4538 2200 4578; x_wconf 94' lang='lat' dir='ltr'><strong>se</strong></span> <span class='ocrx_word' id='word_1_874' title='bbox 2229 4537 2352 4578; x_wconf 91' lang='lat' dir='ltr'><strong>esse</strong></span> <span class='ocrx_word' id='word_1_875' title='bbox 2379 4515 2683 4578; x_wconf 77' lang='lat' dir='ltr'><strong>accuratam</strong></span> <span class='ocrx_word' id='word_1_876' title='bbox 2711 4518 2784 4573; x_wconf 90' lang='lat' dir='ltr'><strong>rei</strong></span> <span class='ocrx_word' id='word_1_877' title='bbox 2819 4519 3206 4572; x_wconf 82' lang='lat' dir='ltr'><strong>narrationem.</strong></span> <span class='ocrx_word' id='word_1_878' title='bbox 3249 4515 3434 4570; x_wconf 84' lang='lat' dir='ltr'><strong>Nihilo</strong></span> <span class='ocrx_word' id='word_1_879' title='bbox 3459 4525 3538 4570; x_wconf 87' lang='lat' dir='ltr'><strong>ta-</strong></span> 
     </span>
    </p>
   </div>
   <div class='ocr_carea' id='block_1_111' title="bbox 1941 4586 3538 4649">
    <p class='ocr_par' dir='ltr' id='par_1_111' title="bbox 1941 4586 3538 4649">
     <span class='ocr_line' id='line_1_111' title="bbox 1941 4586 3538 4649; baseline -0.006 -1"><span class='ocrx_word' id='word_1_880' title='bbox 1941 4609 2063 4649; x_wconf 91' lang='lat' dir='ltr'><strong>men</strong></span> <span class='ocrx_word' id='word_1_881' title='bbox 2095 4598 2274 4649; x_wconf 91' lang='lat' dir='ltr'><strong>minus</strong></span> <span class='ocrx_word' id='word_1_882' title='bbox 2302 4609 2422 4649; x_wconf 90' lang='lat' dir='ltr'><strong>cum</strong></span> <span class='ocrx_word' id='word_1_883' title='bbox 2474 4591 2678 4646; x_wconf 80' lang='lat' dir='ltr'><strong>Hilario</strong></span> <span class='ocrx_word' id='word_1_884' title='bbox 2696 4589 2934 4644; x_wconf 83' lang='lat' dir='ltr'><strong>defendit</strong></span> <span class='ocrx_word' id='word_1_885' title='bbox 2964 4589 3278 4643; x_wconf 88' lang='lat' dir='ltr'><strong>vocabulum</strong></span> <span class='ocrx_word' id='word_1_886' title='bbox 3309 4586 3538 4640; x_wconf 85' lang='lat' dir='ltr'><strong>homon-</strong></span> 
     </span>
    </p>
   </div>
   <div class='ocr_carea' id='block_1_112' title="bbox 1939 4658 3530 4729">
    <p class='ocr_par' dir='ltr' id='par_1_112' title="bbox 1939 4658 3530 4729">
     <span class='ocr_line' id='line_1_112' title="bbox 1939 4658 3530 4729; baseline -0.003 -11"><span class='ocrx_word' id='word_1_887' title='bbox 1939 4666 2057 4720; x_wconf 91' lang='lat' dir='ltr'><strong>siou</strong></span> <span class='ocrx_word' id='word_1_888' title='bbox 2081 4666 2268 4721; x_wconf 69' lang='lat' dir='ltr'><strong>eadem</strong></span> <span class='ocrx_word' id='word_1_889' title='bbox 2288 4664 2392 4720; x_wconf 78' lang='lat' dir='ltr'><strong>title</strong></span> <span class='ocrx_word' id='word_1_890' title='bbox 2417 4673 2470 4719; x_wconf 89' lang='lat' dir='ltr'><strong>et</strong></span> <span class='ocrx_word' id='word_1_891' title='bbox 2495 4662 2563 4715; x_wconf 93' lang='lat' dir='ltr'><strong>ab</strong></span> <span class='ocrx_word' id='word_1_892' title='bbox 2580 4659 2922 4716; x_wconf 83' lang='lat' dir='ltr'><strong>Antiocheno</strong></span> <span class='ocrx_word' id='word_1_893' title='bbox 2946 4659 3175 4715; x_wconf 85' lang='lat' dir='ltr'><strong>concilio</strong></span> <span class='ocrx_word' id='word_1_894' title='bbox 3192 4658 3530 4729; x_wconf 88' lang='lat' dir='ltr'><strong>repudiatum</strong></span> 
     </span>
    </p>
   </div>
   <div class='ocr_carea' id='block_1_113' title="bbox 1940 4736 3209 4803">
    <p class='ocr_par' dir='ltr' id='par_1_113' title="bbox 1940 4736 3209 4803">
     <span class='ocr_line' id='line_1_113' title="bbox 1940 4736 3209 4803; baseline -0.012 -11"><span class='ocrx_word' id='word_1_895' title='bbox 1940 4747 1994 4792; x_wconf 90' lang='lat' dir='ltr'><strong>et</strong></span> <span class='ocrx_word' id='word_1_896' title='bbox 2020 4752 2051 4791; x_wconf 91' lang='lat' dir='ltr'><strong>a</strong></span> <span class='ocrx_word' id='word_1_897' title='bbox 2083 4736 2302 4791; x_wconf 82' lang='lat' dir='ltr'><strong>Nicseuo</strong></span> <span class='ocrx_word' id='word_1_898' title='bbox 2334 4745 2635 4803; x_wconf 89' lang='lat' dir='ltr'><strong>receptum.</strong></span> <span class='ocrx_word' id='word_1_899' title='bbox 3179 4793 3209 4803; x_wconf 56' lang='lat'>_</span> 
     </span>
    </p>
   </div>
   <div class='ocr_carea' id='block_1_114' title="bbox 2012 4800 3537 4879">
    <p class='ocr_par' dir='ltr' id='par_1_114' title="bbox 2012 4800 3537 4879">
     <span class='ocr_line' id='line_1_114' title="bbox 2012 4800 3537 4879; baseline -0.005 -16"><span class='ocrx_word' id='word_1_900' title='bbox 2012 4810 2080 4879; x_wconf 74' lang='lat' dir='ltr'><strong>(f)</strong></span> <span class='ocrx_word' id='word_1_901' title='bbox 2110 4800 2477 4879; x_wconf 80' lang='lat' dir='ltr'><strong>Septuaginta</strong></span> <span class='ocrx_word' id='word_1_902' title='bbox 2499 4810 2704 4879; x_wconf 73' lang='lat' dir='ltr'><strong>tantum</strong></span> <span class='ocrx_word' id='word_1_903' title='bbox 2740 4811 3115 4879; x_wconf 65' lang='lat' dir='ltr'><strong>memorantur</strong></span> <span class='ocrx_word' id='word_1_904' title='bbox 3135 4801 3210 4879; x_wconf 66' lang='lat' dir='ltr'><strong>ab</strong></span> <span class='ocrx_word' id='word_1_905' title='bbox 3234 4800 3537 4879; x_wconf 42' lang='lat' dir='ltr'><strong>Athanasio</strong></span> 
     </span>
    </p>
   </div>
   <div class='ocr_carea' id='block_1_115' title="bbox 1936 4870 3531 4947">
    <p class='ocr_par' dir='ltr' id='par_1_115' title="bbox 1936 4870 3531 4947">
     <span class='ocr_line' id='line_1_115' title="bbox 1936 4870 3531 4947; baseline -0.004 -13"><span class='ocrx_word' id='word_1_906' title='bbox 1936 4870 2134 4934; x_wconf 59' lang='lat' dir='ltr'><strong>libl&#39;de</strong></span> <span class='ocrx_word' id='word_1_907' title='bbox 2161 4870 2390 4947; x_wconf 76' lang='lat' dir='ltr'><strong>Synod.,</strong></span> <span class='ocrx_word' id='word_1_908' title='bbox 2417 4892 2469 4947; x_wconf 92' lang='lat' dir='ltr'><strong>p.</strong></span> <span class='ocrx_word' id='word_1_909' title='bbox 2500 4874 2605 4932; x_wconf 80' lang='grc'><strong>918</strong></span> <span class='ocrx_word' id='word_1_910' title='bbox 2634 4882 2690 4929; x_wconf 90' lang='lat' dir='ltr'><strong>et</strong></span> <span class='ocrx_word' id='word_1_911' title='bbox 2736 4874 2860 4928; x_wconf 82' lang='lat' dir='ltr'><strong>9l9.</strong></span> <span class='ocrx_word' id='word_1_912' title='bbox 2890 4872 3106 4947; x_wconf 66' lang='lat' dir='ltr'><strong>contra</strong></span> <span class='ocrx_word' id='word_1_913' title='bbox 3135 4872 3364 4947; x_wconf 83' lang='lat' dir='ltr'><strong>Basilius</strong></span> <span class='ocrx_word' id='word_1_914' title='bbox 3390 4870 3531 4947; x_wconf 79' lang='lat' dir='ltr'><strong>diae.</strong></span> 
     </span>
    </p>
   </div>
   <div class='ocr_carea' id='block_1_116' title="bbox 1935 4942 3536 5020">
    <p class='ocr_par' dir='ltr' id='par_1_116' title="bbox 1935 4942 3536 5020">
     <span class='ocr_line' id='line_1_116' title="bbox 1935 4942 3536 5020; baseline -0.004 -15"><span class='ocrx_word' id='word_1_915' title='bbox 1935 4951 2133 5020; x_wconf 87' lang='lat' dir='ltr'><strong>aliique</strong></span> <span class='ocrx_word' id='word_1_916' title='bbox 2162 4942 2498 5005; x_wconf 57' lang='lat' dir='ltr'><strong>m&#39;onacbiin</strong></span> <span class='ocrx_word' id='word_1_917' title='bbox 2529 4948 2708 5020; x_wconf 86' lang='lat' dir='ltr'><strong>libello</strong></span> <span class='ocrx_word' id='word_1_918' title='bbox 2732 4960 2890 5014; x_wconf 88' lang='lat' dir='ltr'><strong>quem</strong></span> <span class='ocrx_word' id='word_1_919' title='bbox 2917 4945 2971 4999; x_wconf 92' lang='lat' dir='ltr'><strong>in</strong></span> <span class='ocrx_word' id='word_1_920' title='bbox 3012 4942 3283 5013; x_wconf 69' lang='lat' dir='ltr'><strong>liphesiuo</strong></span> <span class='ocrx_word' id='word_1_921' title='bbox 3305 4943 3536 5020; x_wconf 66' lang='lat' dir='ltr'><strong>egucitio</strong></span> 
     </span>
    </p>
   </div>
   <div class='ocr_carea' id='block_1_117' title="bbox 1935 5015 3531 5088">
    <p class='ocr_par' dir='ltr' id='par_1_117' title="bbox 1935 5015 3531 5088">
     <span class='ocr_line' id='line_1_117' title="bbox 1935 5015 3531 5088; baseline -0.004 -13"><span class='ocrx_word' id='word_1_922' title='bbox 1935 5015 2501 5086; x_wconf 79' lang='lat' dir='ltr'><strong>obtulerunt,centum</strong></span> <span class='ocrx_word' id='word_1_923' title='bbox 2535 5018 2804 5088; x_wconf 81' lang='lat' dir='ltr'><strong>octoginta</strong></span> <span class='ocrx_word' id='word_1_924' title='bbox 2846 5024 3132 5071; x_wconf 76' lang='lat' dir='ltr'><strong>recensent</strong></span> <span class='ocrx_word' id='word_1_925' title='bbox 3162 5023 3202 5069; x_wconf 91' lang='lat' dir='ltr'><strong>t.</strong></span> <span class='ocrx_word' id='word_1_926' title='bbox 3236 5015 3531 5088; x_wconf 84' lang='lat' dir='ltr'><strong>tu_COtteil.</strong></span> 
     </span>
    </p>
   </div>
   <div class='ocr_carea' id='block_1_118' title="bbox 1935 5085 3537 5162">
    <p class='ocr_par' dir='ltr' id='par_1_118' title="bbox 1935 5085 3537 5162">
     <span class='ocr_line' id='line_1_118' title="bbox 1935 5085 3537 5162; baseline -0.002 -16"><span class='ocrx_word' id='word_1_927' title='bbox 1935 5108 1990 5162; x_wconf 87' lang='lat' dir='ltr'><strong>p.</strong></span> <span class='ocrx_word' id='word_1_928' title='bbox 2020 5092 2129 5149; x_wconf 71' lang='grc'><strong>425</strong></span> <span class='ocrx_word' id='word_1_929' title='bbox 2160 5109 2174 5159; x_wconf 90' lang='grc'><strong>;</strong></span> <span class='ocrx_word' id='word_1_930' title='bbox 2204 5091 2388 5146; x_wconf 90' lang='lat' dir='ltr'><strong>scribit</strong></span> <span class='ocrx_word' id='word_1_931' title='bbox 2429 5107 2557 5147; x_wconf 80' lang='lat' dir='ltr'><strong>vero</strong></span> <span class='ocrx_word' id='word_1_932' title='bbox 2607 5085 2894 5162; x_wconf 79' lang='lat' dir='ltr'><strong>Eusebius,</strong></span> <span class='ocrx_word' id='word_1_933' title='bbox 2921 5090 3014 5144; x_wconf 89' lang='lat' dir='ltr'><strong>lib.</strong></span> <span class='ocrx_word' id='word_1_934' title='bbox 3045 5102 3141 5155; x_wconf 87' lang='lat' dir='ltr'><strong>vtl,</strong></span> <span class='ocrx_word' id='word_1_935' title='bbox 3171 5101 3220 5141; x_wconf 91' lang='lat' dir='ltr'><strong>c.</strong></span> <span class='ocrx_word' id='word_1_936' title='bbox 3243 5085 3335 5153; x_wconf 69' lang='lat'><strong>29,</strong></span> <span class='ocrx_word' id='word_1_937' title='bbox 3366 5101 3537 5157; x_wconf 82' lang='lat' dir='ltr'><strong>prOpe</strong></span> 
     </span>
    </p>
   </div>
   <div class='ocr_carea' id='block_1_119' title="bbox 1933 5159 3404 5233">
    <p class='ocr_par' dir='ltr' id='par_1_119' title="bbox 1933 5159 3404 5233">
     <span class='ocr_line' id='line_1_119' title="bbox 1933 5159 3404 5233; baseline -0.005 -15"><span class='ocrx_word' id='word_1_938' title='bbox 1933 5159 2354 5219; x_wconf 86' lang='lat' dir='ltr'><strong>innumerabiles</strong></span> <span class='ocrx_word' id='word_1_939' title='bbox 2385 5163 2437 5217; x_wconf 92' lang='lat' dir='ltr'><strong>iu</strong></span> <span class='ocrx_word' id='word_1_940' title='bbox 2465 5178 2584 5218; x_wconf 87' lang='lat' dir='ltr'><strong>cam</strong></span> <span class='ocrx_word' id='word_1_941' title='bbox 2612 5159 2880 5233; x_wconf 87' lang='lat' dir='ltr'><strong>syuodmn</strong></span> <span class='ocrx_word' id='word_1_942' title='bbox 2904 5163 3244 5217; x_wconf 87' lang='lat' dir='ltr'><strong>convenisse.</strong></span> <span class='ocrx_word' id='word_1_943' title='bbox 3372 5198 3404 5227; x_wconf 64' lang='grc' dir='ltr'><strong>ρ</strong></span> 
     </span>
    </p>
   </div>
   <div class='ocr_carea' id='block_1_120' title="bbox 2007 5234 3531 5313">
    <p class='ocr_par' dir='ltr' id='par_1_120' title="bbox 2007 5234 3531 5313">
     <span class='ocr_line' id='line_1_120' title="bbox 2007 5234 3531 5313; baseline -0.003 -19"><span class='ocrx_word' id='word_1_944' title='bbox 2007 5239 2175 5313; x_wconf 88' lang='lat' dir='ltr'><strong>(g)lta</strong></span> <span class='ocrx_word' id='word_1_945' title='bbox 2203 5238 2474 5306; x_wconf 87' lang='lat' dir='ltr'><strong>Liberius,</strong></span> <span class='ocrx_word' id='word_1_946' title='bbox 2505 5238 2998 5313; x_wconf 85' lang='lat' dir='ltr'><strong>apud__Socralem,</strong></span> <span class='ocrx_word' id='word_1_947' title='bbox 3030 5238 3119 5293; x_wconf 88' lang='lat' dir='ltr'><strong>lib.</strong></span> <span class='ocrx_word' id='word_1_948' title='bbox 3165 5251 3308 5313; x_wconf 87' lang='lat' dir='ltr'><strong>tv,_e.</strong></span> <span class='ocrx_word' id='word_1_949' title='bbox 3342 5234 3430 5313; x_wconf 68' lang='lat' dir='ltr'><strong>i2,</strong></span> <span class='ocrx_word' id='word_1_950' title='bbox 3462 5235 3531 5313; x_wconf 79' lang='lat' dir='ltr'><strong>ad</strong></span> 
     </span>
    </p>
   </div>
   <div class='ocr_carea' id='block_1_121' title="bbox 1934 5308 3532 5380">
    <p class='ocr_par' dir='ltr' id='par_1_121' title="bbox 1934 5308 3532 5380">
     <span class='ocr_line' id='line_1_121' title="bbox 1934 5308 3532 5380; baseline -0.003 -14"><span class='ocrx_word' id='word_1_951' title='bbox 1934 5308 2235 5367; x_wconf 81' lang='lat' dir='ltr'><strong>Orientales</strong></span> <span class='ocrx_word' id='word_1_952' title='bbox 2261 5308 2607 5368; x_wconf 82' lang='lat' dir='ltr'><strong>rescribens:</strong></span> <span class='ocrx_word' id='word_1_953' title='bbox 2646 5308 2769 5365; x_wconf 89' lang='lat' dir='ltr'><strong>Non</strong></span> <span class='ocrx_word' id='word_1_954' title='bbox 2798 5312 3013 5380; x_wconf 80' lang='lat' dir='ltr'><strong>fortuito</strong></span> <span class='ocrx_word' id='word_1_955' title='bbox 3043 5326 3191 5371; x_wconf 86' lang='lat' dir='ltr'><strong>casu,</strong></span> <span class='ocrx_word' id='word_1_956' title='bbox 3231 5308 3424 5375; x_wconf 88' lang='lat' dir='ltr'><strong>inquit,</strong></span> <span class='ocrx_word' id='word_1_957' title='bbox 3442 5308 3532 5362; x_wconf 85' lang='lat' dir='ltr'><strong>sed</strong></span> 
     </span>
    </p>
   </div>
   <div class='ocr_carea' id='block_1_122' title="bbox 1931 5380 3533 5456">
    <p class='ocr_par' dir='ltr' id='par_1_122' title="bbox 1931 5380 3533 5456">
     <span class='ocr_line' id='line_1_122' title="bbox 1931 5380 3533 5456; baseline -0.003 -19"><span class='ocrx_word' id='word_1_958' title='bbox 1931 5385 2104 5438; x_wconf 77' lang='lat' dir='ltr'><strong>divino</strong></span> <span class='ocrx_word' id='word_1_959' title='bbox 2143 5393 2268 5439; x_wconf 81' lang='lat' dir='ltr'><strong>nutu</strong></span> <span class='ocrx_word' id='word_1_960' title='bbox 2298 5392 2371 5438; x_wconf 83' lang='lat' dir='ltr'><strong>tot</strong></span> <span class='ocrx_word' id='word_1_961' title='bbox 2392 5386 2749 5456; x_wconf 76' lang='lat' dir='ltr'><strong>episcoporum</strong></span> <span class='ocrx_word' id='word_1_962' title='bbox 2779 5398 3022 5456; x_wconf 79' lang='lat' dir='ltr'><strong>numerus</strong></span> <span class='ocrx_word' id='word_1_963' title='bbox 3045 5380 3285 5434; x_wconf 76' lang='lat' dir='ltr'><strong>adversus</strong></span> <span class='ocrx_word' id='word_1_964' title='bbox 3312 5380 3424 5456; x_wconf 67' lang='lat' dir='ltr'><strong>Atii</strong></span> <span class='ocrx_word' id='word_1_965' title='bbox 3451 5396 3533 5433; x_wconf 75' lang='lat' dir='ltr'><strong>ve~</strong></span> 
     </span>
    </p>
   </div>
   <div class='ocr_carea' id='block_1_123' title="bbox 1930 5452 3532 5528">
    <p class='ocr_par' dir='ltr' id='par_1_123' title="bbox 1930 5452 3532 5528">
     <span class='ocr_line' id='line_1_123' title="bbox 1930 5452 3532 5528; baseline -0.001 -20"><span class='ocrx_word' id='word_1_966' title='bbox 1930 5456 2130 5510; x_wconf 86' lang='lat' dir='ltr'><strong>saniam</strong></span> <span class='ocrx_word' id='word_1_967' title='bbox 2152 5452 2492 5528; x_wconf 76' lang='lat' dir='ltr'><strong>congregatus</strong></span> <span class='ocrx_word' id='word_1_968' title='bbox 2520 5465 2595 5509; x_wconf 86' lang='lat' dir='ltr'><strong>est</strong></span> <span class='ocrx_word' id='word_1_969' title='bbox 2619 5472 2650 5528; x_wconf 18' lang='lat' dir='ltr'><strong>;A</strong></span> <span class='ocrx_word' id='word_1_970' title='bbox 2666 5464 2860 5528; x_wconf 86' lang='lat' dir='ltr'><strong>quanto</strong></span> <span class='ocrx_word' id='word_1_971' title='bbox 2884 5453 3094 5528; x_wconf 71' lang='lat' dir='ltr'><strong>scilicet</strong></span> <span class='ocrx_word' id='word_1_972' title='bbox 3121 5465 3332 5528; x_wconf 65' lang='lat' dir='ltr'><strong>nurnero</strong></span> <span class='ocrx_word' id='word_1_973' title='bbox 3357 5452 3532 5528; x_wconf 64' lang='lat' dir='ltr'><strong>beatus</strong></span> 
     </span>
    </p>
   </div>
   <div class='ocr_carea' id='block_1_124' title="bbox 1929 5523 3530 5597">
    <p class='ocr_par' dir='ltr' id='par_1_124' title="bbox 1929 5523 3530 5597">
     <span class='ocr_line' id='line_1_124' title="bbox 1929 5523 3530 5597; baseline -0.001 -18"><span class='ocrx_word' id='word_1_974' title='bbox 1929 5527 2189 5581; x_wconf 79' lang='lat' dir='ltr'><strong>Abraham</strong></span> <span class='ocrx_word' id='word_1_975' title='bbox 2213 5523 2285 5582; x_wconf 78' lang='lat' dir='ltr'><strong>tot</strong></span> <span class='ocrx_word' id='word_1_976' title='bbox 2313 5523 2535 5581; x_wconf 66' lang='lat' dir='ltr'><strong>Hostium</strong></span> <span class='ocrx_word' id='word_1_977' title='bbox 2557 5523 2724 5581; x_wconf 80' lang='lat' dir='ltr'><strong>millia</strong></span> <span class='ocrx_word' id='word_1_978' title='bbox 2745 5541 2834 5597; x_wconf 88' lang='lat' dir='ltr'><strong>per</strong></span> <span class='ocrx_word' id='word_1_979' title='bbox 2863 5524 3026 5597; x_wconf 69' lang='lat' dir='ltr'><strong>[Edent</strong></span> <span class='ocrx_word' id='word_1_980' title='bbox 3048 5523 3530 5597; x_wconf 75' lang='lat' dir='ltr'><strong>proﬂigauit._0t_ti-</strong></span> 
     </span>
    </p>
   </div>
   <div class='ocr_carea' id='block_1_125' title="bbox 1925 5594 3525 5669">
    <p class='ocr_par' dir='ltr' id='par_1_125' title="bbox 1925 5594 3525 5669">
     <span class='ocr_line' id='line_1_125' title="bbox 1925 5594 3525 5669; baseline -0.002 -16"><span class='ocrx_word' id='word_1_981' title='bbox 1925 5597 2028 5653; x_wconf 86' lang='lat' dir='ltr'><strong>bus</strong></span> <span class='ocrx_word' id='word_1_982' title='bbox 2055 5600 2403 5654; x_wconf 86' lang='lat' dir='ltr'><strong>consentiunt</strong></span> <span class='ocrx_word' id='word_1_983' title='bbox 2428 5594 2981 5669; x_wconf 56' lang='lat' dir='ltr'><strong>prologitsamlirosii</strong></span> <span class='ocrx_word' id='word_1_984' title='bbox 3014 5594 3066 5648; x_wconf 91' lang='lat' dir='ltr'><strong>in</strong></span> <span class='ocrx_word' id='word_1_985' title='bbox 3098 5594 3241 5650; x_wconf 36' lang='lat' dir='ltr'><strong>lib.‘t</strong></span> <span class='ocrx_word' id='word_1_986' title='bbox 3275 5595 3341 5669; x_wconf 85' lang='lat' dir='ltr'><strong>de</strong></span> <span class='ocrx_word' id='word_1_987' title='bbox 3372 5594 3525 5669; x_wconf 81' lang='lat' dir='ltr'><strong>Fide,</strong></span> 
     </span>
    </p>
   </div>
   <div class='ocr_carea' id='block_1_126' title="bbox 1929 5667 3533 5740">
    <p class='ocr_par' dir='ltr' id='par_1_126' title="bbox 1929 5667 3533 5740">
     <span class='ocr_line' id='line_1_126' title="bbox 1929 5667 3533 5740; baseline -0.002 -15"><span class='ocrx_word' id='word_1_988' title='bbox 1929 5686 1985 5725; x_wconf 86' lang='grc' dir='ltr'>ιι.</span> <span class='ocrx_word' id='word_1_989' title='bbox 2019 5670 2076 5736; x_wconf 82' lang='lat'><strong>5,</strong></span> <span class='ocrx_word' id='word_1_990' title='bbox 2103 5680 2159 5725; x_wconf 92' lang='lat' dir='ltr'><strong>et</strong></span> <span class='ocrx_word' id='word_1_991' title='bbox 2185 5667 2445 5740; x_wconf 69' lang='lat' dir='ltr'><strong>praelatio</strong></span> <span class='ocrx_word' id='word_1_992' title='bbox 2480 5669 2575 5724; x_wconf 90' lang='lat' dir='ltr'><strong>lib.</strong></span> <span class='ocrx_word' id='word_1_993' title='bbox 2599 5667 2633 5725; x_wconf 80' lang='grc' dir='ltr'><strong>ι</strong></span> <span class='ocrx_word' id='word_1_994' title='bbox 2669 5668 2737 5722; x_wconf 85' lang='lat' dir='ltr'><strong>de</strong></span> <span class='ocrx_word' id='word_1_995' title='bbox 2766 5668 2970 5740; x_wconf 77' lang='lat' dir='ltr'><strong>Spiritu</strong></span> <span class='ocrx_word' id='word_1_996' title='bbox 3015 5676 3224 5740; x_wconf 79' lang='lat' dir='ltr'><strong>sancto,</strong></span> <span class='ocrx_word' id='word_1_997' title='bbox 3256 5668 3347 5740; x_wconf 87' lang='lat' dir='ltr'><strong>qui</strong></span> <span class='ocrx_word' id='word_1_998' title='bbox 3405 5667 3533 5740; x_wconf 78' lang='lat' dir='ltr'><strong>l’as-</strong></span> 
     </span>
    </p>
   </div>
   <div class='ocr_carea' id='block_1_127' title="bbox 1928 5737 3526 5814">
    <p class='ocr_par' dir='ltr' id='par_1_127' title="bbox 1928 5737 3526 5814">
     <span class='ocr_line' id='line_1_127' title="bbox 1928 5737 3526 5814; baseline -0.001 -17"><span class='ocrx_word' id='word_1_999' title='bbox 1928 5743 2116 5799; x_wconf 80' lang='lat' dir='ltr'><strong>chasio</strong></span> <span class='ocrx_word' id='word_1_1000' title='bbox 2137 5737 2369 5800; x_wconf 86' lang='lat' dir='ltr'><strong>diacono</strong></span> <span class='ocrx_word' id='word_1_1001' title='bbox 2401 5742 2559 5814; x_wconf 71' lang='lat' dir='ltr'><strong>vulgo</strong></span> <span class='ocrx_word' id='word_1_1002' title='bbox 2580 5741 2857 5811; x_wconf 86' lang='lat' dir='ltr'><strong>tribuitur,</strong></span> <span class='ocrx_word' id='word_1_1003' title='bbox 2891 5738 2960 5796; x_wconf 88' lang='lat' dir='ltr'><strong>de</strong></span> <span class='ocrx_word' id='word_1_1004' title='bbox 2980 5752 3088 5810; x_wconf 91' lang='lat' dir='ltr'><strong>quo</strong></span> <span class='ocrx_word' id='word_1_1005' title='bbox 3117 5738 3162 5793; x_wconf 91' lang='lat' dir='ltr'><strong>si</strong></span> <span class='ocrx_word' id='word_1_1006' title='bbox 3193 5738 3410 5812; x_wconf 84' lang='lat' dir='ltr'><strong>quidem</strong></span> <span class='ocrx_word' id='word_1_1007' title='bbox 3442 5737 3526 5795; x_wconf 51' lang='lat' dir='ltr'><strong>ina</strong></span> 
     </span>
    </p>
   </div>
   <div class='ocr_carea' id='block_1_128' title="bbox 245 5377 1825 5450">
    <p class='ocr_par' dir='ltr' id='par_1_128' title="bbox 245 5377 1825 5450">
     <span class='ocr_line' id='line_1_128' title="bbox 245 5377 1825 5450; baseline 0.009 -27"><span class='ocrx_word' id='word_1_1008' title='bbox 245 5377 391 5441; x_wconf 83' lang='lat' dir='ltr'><strong>atqui</strong></span> <span class='ocrx_word' id='word_1_1009' title='bbox 433 5379 614 5448; x_wconf 88' lang='lat' dir='ltr'><strong>procul</strong></span> <span class='ocrx_word' id='word_1_1010' title='bbox 664 5378 844 5445; x_wconf 89' lang='lat' dir='ltr'><strong>abest,</strong></span> <span class='ocrx_word' id='word_1_1011' title='bbox 895 5388 951 5432; x_wconf 91' lang='lat' dir='ltr'><strong>ut</strong></span> <span class='ocrx_word' id='word_1_1012' title='bbox 1002 5379 1280 5448; x_wconf 88' lang='lat' dir='ltr'><strong>apostolos</strong></span> <span class='ocrx_word' id='word_1_1013' title='bbox 1318 5377 1575 5450; x_wconf 70' lang='lat' dir='ltr'><strong>praecepti</strong></span> <span class='ocrx_word' id='word_1_1014' title='bbox 1624 5377 1825 5437; x_wconf 87' lang='lat' dir='ltr'><strong>Christi</strong></span> 
     </span>
    </p>
   </div>
   <div class='ocr_carea' id='block_1_129' title="bbox 245 5450 1828 5522">
    <p class='ocr_par' dir='ltr' id='par_1_129' title="bbox 245 5450 1828 5522">
     <span class='ocr_line' id='line_1_129' title="bbox 245 5450 1828 5522; baseline 0.008 -27"><span class='ocrx_word' id='word_1_1015' title='bbox 245 5451 663 5522; x_wconf 78' lang='lat' dir='ltr'><strong>transgressores</strong></span> <span class='ocrx_word' id='word_1_1016' title='bbox 691 5450 963 5522; x_wconf 77' lang='lat' dir='ltr'><strong>existimet</strong></span> <span class='ocrx_word' id='word_1_1017' title='bbox 991 5467 1005 5522; x_wconf 83' lang='lat'><strong>;</strong></span> <span class='ocrx_word' id='word_1_1018' title='bbox 1036 5459 1287 5522; x_wconf 80' lang='lat' dir='ltr'><strong>superest</strong></span> <span class='ocrx_word' id='word_1_1019' title='bbox 1313 5451 1495 5522; x_wconf 85' lang='lat' dir='ltr'><strong>itaque</strong></span> <span class='ocrx_word' id='word_1_1020' title='bbox 1521 5461 1580 5507; x_wconf 89' lang='lat' dir='ltr'><strong>ut</strong></span> <span class='ocrx_word' id='word_1_1021' title='bbox 1614 5452 1828 5508; x_wconf 89' lang='lat' dir='ltr'><strong>dubita-</strong></span> 
     </span>
    </p>
   </div>
   <div class='ocr_carea' id='block_1_130' title="bbox 243 5520 1826 5596">
    <p class='ocr_par' dir='ltr' id='par_1_130' title="bbox 243 5520 1826 5596">
     <span class='ocr_line' id='line_1_130' title="bbox 243 5520 1826 5596; baseline 0.009 -31"><span class='ocrx_word' id='word_1_1022' title='bbox 243 5520 379 5596; x_wconf 36' lang='lat' dir='ltr'><strong>verit</strong></span> <span class='ocrx_word' id='word_1_1023' title='bbox 399 5521 609 5596; x_wconf 78' lang='lat' dir='ltr'><strong>saltem,</strong></span> <span class='ocrx_word' id='word_1_1024' title='bbox 635 5536 703 5596; x_wconf 82' lang='lat' dir='ltr'><strong>an</strong></span> <span class='ocrx_word' id='word_1_1025' title='bbox 724 5520 957 5596; x_wconf 83' lang='lat' dir='ltr'><strong>apostoli</strong></span> <span class='ocrx_word' id='word_1_1026' title='bbox 990 5521 1042 5576; x_wconf 90' lang='lat' dir='ltr'><strong>in</strong></span> <span class='ocrx_word' id='word_1_1027' title='bbox 1070 5522 1188 5596; x_wconf 66' lang='lat' dir='ltr'><strong>solo</strong></span> <span class='ocrx_word' id='word_1_1028' title='bbox 1212 5520 1424 5596; x_wconf 68' lang='lat' dir='ltr'><strong>Christi</strong></span> <span class='ocrx_word' id='word_1_1029' title='bbox 1446 5525 1675 5596; x_wconf 77' lang='lat' dir='ltr'><strong>nomine</strong></span> <span class='ocrx_word' id='word_1_1030' title='bbox 1694 5523 1826 5593; x_wconf 88' lang='lat' dir='ltr'><strong>bap-</strong></span> 
     </span>
    </p>
   </div>
   <div class='ocr_carea' id='block_1_131' title="bbox 240 5592 1827 5663">
    <p class='ocr_par' dir='ltr' id='par_1_131' title="bbox 240 5592 1827 5663">
     <span class='ocr_line' id='line_1_131' title="bbox 240 5592 1827 5663; baseline 0.006 -22"><span class='ocrx_word' id='word_1_1031' title='bbox 240 5592 536 5663; x_wconf 57' lang='lat' dir='ltr'><strong>Lizaveriut,</strong></span> <span class='ocrx_word' id='word_1_1032' title='bbox 577 5593 837 5663; x_wconf 87' lang='lat' dir='ltr'><strong>quidquid</strong></span> <span class='ocrx_word' id='word_1_1033' title='bbox 863 5592 1125 5647; x_wconf 90' lang='lat' dir='ltr'><strong>adversus</strong></span> <span class='ocrx_word' id='word_1_1034' title='bbox 1154 5592 1539 5651; x_wconf 85' lang='lat' dir='ltr'><strong>Bellarmiuum</strong></span> <span class='ocrx_word' id='word_1_1035' title='bbox 1569 5592 1827 5652; x_wconf 89' lang='lat' dir='ltr'><strong>reclamet</strong></span> 
     </span>
    </p>
   </div>
   <div class='ocr_carea' id='block_1_132' title="bbox 238 5655 1825 5738">
    <p class='ocr_par' dir='ltr' id='par_1_132' title="bbox 238 5655 1825 5738">
     <span class='ocr_line' id='line_1_132' title="bbox 238 5655 1825 5738; baseline 0.008 -28"><span class='ocrx_word' id='word_1_1036' title='bbox 238 5655 534 5738; x_wconf 45' lang='lat' dir='ltr'><strong>Scultetus;</strong></span> <span class='ocrx_word' id='word_1_1037' title='bbox 563 5655 870 5738; x_wconf 71' lang='lat' dir='ltr'><strong>Baptismus</strong></span> <span class='ocrx_word' id='word_1_1038' title='bbox 898 5665 950 5719; x_wconf 90' lang='lat' dir='ltr'><strong>in</strong></span> <span class='ocrx_word' id='word_1_1039' title='bbox 972 5664 1208 5738; x_wconf 74' lang='lat' dir='ltr'><strong>nomine</strong></span> <span class='ocrx_word' id='word_1_1040' title='bbox 1219 5663 1353 5738; x_wconf 57' lang='lat' dir='ltr'><strong>dem</strong></span> <span class='ocrx_word' id='word_1_1041' title='bbox 1383 5666 1487 5722; x_wconf 89' lang='lat' dir='ltr'><strong>dici</strong></span> <span class='ocrx_word' id='word_1_1042' title='bbox 1520 5668 1711 5735; x_wconf 89' lang='lat' dir='ltr'><strong>potuit,</strong></span> <span class='ocrx_word' id='word_1_1043' title='bbox 1734 5669 1825 5738; x_wconf 90' lang='lat' dir='ltr'><strong>qui</strong></span> 
     </span>
    </p>
   </div>
   <div class='ocr_carea' id='block_1_133' title="bbox 246 5734 1825 5808">
    <p class='ocr_par' dir='ltr' id='par_1_133' title="bbox 246 5734 1825 5808">
     <span class='ocr_line' id='line_1_133' title="bbox 246 5734 1825 5808; baseline 0.011 -29"><span class='ocrx_word' id='word_1_1044' title='bbox 246 5740 359 5786; x_wconf 82' lang='lat' dir='ltr'><strong>non</strong></span> <span class='ocrx_word' id='word_1_1045' title='bbox 381 5743 431 5791; x_wconf 89' lang='lat' dir='ltr'><strong>ut</strong></span> <span class='ocrx_word' id='word_1_1046' title='bbox 454 5734 601 5808; x_wconf 80' lang='lat' dir='ltr'><strong>prius</strong></span> <span class='ocrx_word' id='word_1_1047' title='bbox 629 5737 876 5807; x_wconf 57' lang='lat' dir='ltr'><strong>ioantiis,</strong></span> <span class='ocrx_word' id='word_1_1048' title='bbox 901 5736 997 5794; x_wconf 82' lang='lat' dir='ltr'><strong>sed</strong></span> <span class='ocrx_word' id='word_1_1049' title='bbox 1021 5735 1152 5795; x_wconf 78' lang='lat' dir='ltr'><strong>&#39;Jcsu</strong></span> <span class='ocrx_word' id='word_1_1050' title='bbox 1170 5734 1369 5794; x_wconf 63' lang='lat' dir='ltr'><strong>Clu-izti</strong></span> <span class='ocrx_word' id='word_1_1051' title='bbox 1398 5734 1713 5801; x_wconf 73' lang='lat' dir='ltr'><strong>auctoritate</strong></span> <span class='ocrx_word' id='word_1_1052' title='bbox 1744 5734 1825 5796; x_wconf 51' lang='lat' dir='ltr'><strong>ius</strong></span> 
     </span>
    </p>
   </div>
  </div>
