  <div class='ocr_page' id='page_1' title='image "/cluster/home/n/w/nwhite01/storage/ocr_20150623/10/hvd.32044096580394/276.png"; bbox 0 0 4106 6192; ppageno 0'>
   <div class='ocr_carea' id='block_1_1' title="bbox 314 327 419 385">
    <p class='ocr_par' dir='ltr' id='par_1_1' title="bbox 314 327 419 385">
     <span class='ocr_line' id='line_1_1' title="bbox 314 327 419 385; baseline 0.019 -2"><span class='ocrx_word' id='word_1_1' title='bbox 314 327 419 385; x_wconf 70' lang='grc' dir='ltr'>διι</span> 
     </span>
    </p>
   </div>
   <div class='ocr_carea' id='block_1_2' title="bbox 1096 324 2845 391">
    <p class='ocr_par' dir='ltr' id='par_1_2' title="bbox 1096 324 2845 391">
     <span class='ocr_line' id='line_1_2' title="bbox 1096 324 2845 391; baseline 0.001 -9"><span class='ocrx_word' id='word_1_2' title='bbox 1096 326 1303 383; x_wconf 82' lang='lat' dir='ltr'><strong>LIBER</strong></span> <span class='ocrx_word' id='word_1_3' title='bbox 1341 326 1431 382; x_wconf 85' lang='lat' dir='ltr'><strong>DE</strong></span> <span class='ocrx_word' id='word_1_4' title='bbox 1471 324 1787 391; x_wconf 79' lang='lat' dir='ltr'><strong>SYNODIS,</strong></span> <span class='ocrx_word' id='word_1_5' title='bbox 1827 325 1959 383; x_wconf 76' lang='lat' dir='ltr'><strong>SEU</strong></span> <span class='ocrx_word' id='word_1_6' title='bbox 2001 326 2092 381; x_wconf 87' lang='lat' dir='ltr'><strong>DE</strong></span> <span class='ocrx_word' id='word_1_7' title='bbox 2133 326 2289 383; x_wconf 80' lang='lat' dir='ltr'><strong>FIDE</strong></span> <span class='ocrx_word' id='word_1_8' title='bbox 2350 326 2845 386; x_wconf 78' lang='lat' dir='ltr'><strong>ORIENTALIUM.</strong></span> 
     </span>
    </p>
   </div>
   <div class='ocr_carea' id='block_1_3' title="bbox 3520 334 3626 389">
    <p class='ocr_par' dir='ltr' id='par_1_3' title="bbox 3520 334 3626 389">
     <span class='ocr_line' id='line_1_3' title="bbox 3520 334 3626 389; baseline 0.019 -2"><span class='ocrx_word' id='word_1_9' title='bbox 3520 334 3626 389; x_wconf 70' lang='grc' dir='ltr'><strong>ΞΗ</strong></span> 
     </span>
    </p>
   </div>
   <div class='ocr_carea' id='block_1_4' title="bbox 312 437 3628 516">
    <p class='ocr_par' dir='ltr' id='par_1_4' title="bbox 312 437 3628 516">
     <span class='ocr_line' id='line_1_4' title="bbox 312 437 3628 516; baseline 0.001 -17"><span class='ocrx_word' id='word_1_10' title='bbox 312 443 632 513; x_wconf 83' lang='lat' dir='ltr'><strong>signiﬁcare</strong></span> <span class='ocrx_word' id='word_1_11' title='bbox 658 442 901 497; x_wconf 84' lang='lat' dir='ltr'><strong>videatur</strong></span> <span class='ocrx_word' id='word_1_12' title='bbox 924 440 1283 516; x_wconf 76' lang='lat' dir='ltr'><strong>homousion?</strong></span> <span class='ocrx_word' id='word_1_13' title='bbox 1309 440 1641 496; x_wconf 76' lang='lat' dir='ltr'><strong>Decernatur</strong></span> <span class='ocrx_word' id='word_1_14' title='bbox 1661 437 1796 495; x_wconf 85' lang='lat' dir='ltr'><strong>nihil</strong></span> <span class='ocrx_word' id='word_1_15' title='bbox 1816 438 1919 495; x_wconf 83' lang='lat' dir='ltr'><strong>dil—</strong></span> <span class='ocrx_word' id='word_1_16' title='bbox 1946 444 1998 503; x_wconf 81' lang='grc' dir='ltr'>Α</span> <span class='ocrx_word' id='word_1_17' title='bbox 2023 440 2294 497; x_wconf 86' lang='lat' dir='ltr'><strong>diversum</strong></span> <span class='ocrx_word' id='word_1_18' title='bbox 2326 442 2397 497; x_wconf 86' lang='lat' dir='ltr'><strong>sit</strong></span> <span class='ocrx_word' id='word_1_19' title='bbox 2440 442 2495 497; x_wconf 91' lang='lat' dir='ltr'><strong>in</strong></span> <span class='ocrx_word' id='word_1_20' title='bbox 2523 456 2735 512; x_wconf 87' lang='lat' dir='ltr'><strong>sapore.</strong></span> <span class='ocrx_word' id='word_1_21' title='bbox 2785 442 2974 498; x_wconf 87' lang='lat' dir='ltr'><strong>Simile</strong></span> <span class='ocrx_word' id='word_1_22' title='bbox 3017 458 3151 498; x_wconf 87' lang='lat' dir='ltr'><strong>auro</strong></span> <span class='ocrx_word' id='word_1_23' title='bbox 3178 443 3470 515; x_wconf 87' lang='lat' dir='ltr'><strong>quidquam</strong></span> <span class='ocrx_word' id='word_1_24' title='bbox 3519 463 3628 502; x_wconf 90' lang='lat' dir='ltr'><strong>non</strong></span> 
     </span>
    </p>
   </div>
   <div class='ocr_carea' id='block_1_5' title="bbox 310 530 1930 605">
    <p class='ocr_par' dir='ltr' id='par_1_5' title="bbox 310 530 1930 605">
     <span class='ocr_line' id='line_1_5' title="bbox 310 530 1930 605; baseline -0.002 -13"><span class='ocrx_word' id='word_1_25' title='bbox 310 536 489 603; x_wconf 80' lang='lat' dir='ltr'><strong>ferre,</strong></span> <span class='ocrx_word' id='word_1_26' title='bbox 523 535 683 590; x_wconf 87' lang='lat' dir='ltr'><strong>unius</strong></span> <span class='ocrx_word' id='word_1_27' title='bbox 735 544 792 590; x_wconf 89' lang='lat' dir='ltr'><strong>et</strong></span> <span class='ocrx_word' id='word_1_28' title='bbox 841 535 1033 590; x_wconf 81' lang='lat' dir='ltr'><strong>similis</strong></span> <span class='ocrx_word' id='word_1_29' title='bbox 1065 532 1144 605; x_wconf 91' lang='lat' dir='ltr'><strong>(a)</strong></span> <span class='ocrx_word' id='word_1_30' title='bbox 1171 547 1296 589; x_wconf 87' lang='lat' dir='ltr'><strong>esse</strong></span> <span class='ocrx_word' id='word_1_31' title='bbox 1323 531 1663 588; x_wconf 71' lang='lat' dir='ltr'><strong>substantiae.</strong></span> <span class='ocrx_word' id='word_1_32' title='bbox 1696 530 1803 588; x_wconf 83' lang='lat' dir='ltr'><strong>Sed</strong></span> <span class='ocrx_word' id='word_1_33' title='bbox 1832 531 1930 588; x_wconf 84' lang='lat' dir='ltr'><strong>ho-</strong></span> 
     </span>
    </p>
   </div>
   <div class='ocr_carea' id='block_1_6' title="bbox 310 624 1930 699">
    <p class='ocr_par' dir='ltr' id='par_1_6' title="bbox 310 624 1930 699">
     <span class='ocr_line' id='line_1_6' title="bbox 310 624 1930 699; baseline -0.003 -13"><span class='ocrx_word' id='word_1_34' title='bbox 310 629 575 686; x_wconf 86' lang='lat' dir='ltr'><strong>mousion</strong></span> <span class='ocrx_word' id='word_1_35' title='bbox 605 636 784 699; x_wconf 88' lang='lat' dir='ltr'><strong>potest</strong></span> <span class='ocrx_word' id='word_1_36' title='bbox 814 628 953 683; x_wconf 88' lang='lat' dir='ltr'><strong>male</strong></span> <span class='ocrx_word' id='word_1_37' title='bbox 982 626 1255 697; x_wconf 81' lang='lat' dir='ltr'><strong>intelligi?</strong></span> <span class='ocrx_word' id='word_1_38' title='bbox 1281 625 1656 681; x_wconf 88' lang='lat' dir='ltr'><strong>Constituatur</strong></span> <span class='ocrx_word' id='word_1_39' title='bbox 1694 624 1930 696; x_wconf 78' lang='lat' dir='ltr'><strong>qualiter</strong></span> 
     </span>
    </p>
   </div>
   <div class='ocr_carea' id='block_1_7' title="bbox 311 716 1932 792">
    <p class='ocr_par' dir='ltr' id='par_1_7' title="bbox 311 716 1932 792">
     <span class='ocr_line' id='line_1_7' title="bbox 311 716 1932 792; baseline -0.006 -12"><span class='ocrx_word' id='word_1_40' title='bbox 311 723 465 780; x_wconf 80' lang='lat' dir='ltr'><strong>bene</strong></span> <span class='ocrx_word' id='word_1_41' title='bbox 490 719 664 792; x_wconf 90' lang='lat' dir='ltr'><strong>possit</strong></span> <span class='ocrx_word' id='word_1_42' title='bbox 700 719 949 790; x_wconf 74' lang='lat' dir='ltr'><strong>intelligi.</strong></span> <span class='ocrx_word' id='word_1_43' title='bbox 984 718 1063 790; x_wconf 86' lang='lat' dir='ltr'><strong>(b)</strong></span> <span class='ocrx_word' id='word_1_44' title='bbox 1090 717 1268 775; x_wconf 85' lang='lat' dir='ltr'><strong>Unum</strong></span> <span class='ocrx_word' id='word_1_45' title='bbox 1301 726 1466 787; x_wconf 89' lang='lat' dir='ltr'><strong>atque</strong></span> <span class='ocrx_word' id='word_1_46' title='bbox 1496 716 1637 773; x_wconf 88' lang='lat' dir='ltr'><strong>idem</strong></span> <span class='ocrx_word' id='word_1_47' title='bbox 1670 717 1759 787; x_wconf 91' lang='lat' dir='ltr'><strong>pie</strong></span> <span class='ocrx_word' id='word_1_48' title='bbox 1786 716 1932 787; x_wconf 86' lang='lat' dir='ltr'><strong>sapi-</strong></span> 
     </span>
    </p>
   </div>
   <div class='ocr_carea' id='block_1_8' title="bbox 311 809 1927 885">
    <p class='ocr_par' dir='ltr' id='par_1_8' title="bbox 311 809 1927 885">
     <span class='ocr_line' id='line_1_8' title="bbox 311 809 1927 885; baseline -0.004 -14"><span class='ocrx_word' id='word_1_49' title='bbox 311 831 471 879; x_wconf 83' lang='lat' dir='ltr'><strong>mus.</strong></span> <span class='ocrx_word' id='word_1_50' title='bbox 511 829 643 885; x_wconf 81' lang='lat' dir='ltr'><strong>rogo</strong></span> <span class='ocrx_word' id='word_1_51' title='bbox 669 822 727 868; x_wconf 92' lang='lat' dir='ltr'><strong>ut</strong></span> <span class='ocrx_word' id='word_1_52' title='bbox 756 828 923 868; x_wconf 92' lang='lat' dir='ltr'><strong>unum</strong></span> <span class='ocrx_word' id='word_1_53' title='bbox 955 820 1118 882; x_wconf 85' lang='lat' dir='ltr'><strong>atque</strong></span> <span class='ocrx_word' id='word_1_54' title='bbox 1144 810 1287 865; x_wconf 90' lang='lat' dir='ltr'><strong>idem</strong></span> <span class='ocrx_word' id='word_1_55' title='bbox 1313 810 1459 881; x_wconf 91' lang='lat' dir='ltr'><strong>quod</strong></span> <span class='ocrx_word' id='word_1_56' title='bbox 1489 810 1754 880; x_wconf 88' lang='lat' dir='ltr'><strong>sapimus,</strong></span> <span class='ocrx_word' id='word_1_57' title='bbox 1782 809 1927 880; x_wconf 90' lang='lat' dir='ltr'><strong>pium</strong></span> 
     </span>
    </p>
   </div>
   <div class='ocr_carea' id='block_1_9' title="bbox 314 901 1926 973">
    <p class='ocr_par' dir='ltr' id='par_1_9' title="bbox 314 901 1926 973">
     <span class='ocr_line' id='line_1_9' title="bbox 314 901 1926 973; baseline -0.005 -8"><span class='ocrx_word' id='word_1_58' title='bbox 314 912 469 965; x_wconf 84' lang='lat' dir='ltr'><strong>inter</strong></span> <span class='ocrx_word' id='word_1_59' title='bbox 498 922 599 963; x_wconf 84' lang='lat' dir='ltr'><strong>nos</strong></span> <span class='ocrx_word' id='word_1_60' title='bbox 623 921 748 963; x_wconf 87' lang='lat' dir='ltr'><strong>esse</strong></span> <span class='ocrx_word' id='word_1_61' title='bbox 774 905 1026 963; x_wconf 82' lang='lat' dir='ltr'><strong>velimus.</strong></span> <span class='ocrx_word' id='word_1_62' title='bbox 1063 904 1201 959; x_wconf 89' lang='lat' dir='ltr'><strong>Date</strong></span> <span class='ocrx_word' id='word_1_63' title='bbox 1232 902 1464 969; x_wconf 82' lang='lat' dir='ltr'><strong>veniam,</strong></span> <span class='ocrx_word' id='word_1_64' title='bbox 1498 901 1740 971; x_wconf 80' lang='lat' dir='ltr'><strong>Fratres,</strong></span> <span class='ocrx_word' id='word_1_65' title='bbox 1766 916 1926 973; x_wconf 88' lang='lat' dir='ltr'><strong>quam</strong></span> 
     </span>
    </p>
   </div>
   <div class='ocr_carea' id='block_1_10' title="bbox 312 996 1929 1074">
    <p class='ocr_par' dir='ltr' id='par_1_10' title="bbox 312 996 1929 1074">
     <span class='ocr_line' id='line_1_10' title="bbox 312 996 1929 1074; baseline -0.003 -16"><span class='ocrx_word' id='word_1_66' title='bbox 312 1004 641 1074; x_wconf 78' lang='lat' dir='ltr'><strong>frequenter</strong></span> <span class='ocrx_word' id='word_1_67' title='bbox 665 1000 887 1072; x_wconf 85' lang='lat' dir='ltr'><strong>poposci</strong></span> <span class='ocrx_word' id='word_1_68' title='bbox 915 1017 928 1053; x_wconf 90' lang='lat'><strong>:</strong></span> <span class='ocrx_word' id='word_1_69' title='bbox 957 998 1144 1054; x_wconf 84' lang='lat' dir='ltr'><strong>Ariani</strong></span> <span class='ocrx_word' id='word_1_70' title='bbox 1200 1012 1307 1054; x_wconf 92' lang='lat' dir='ltr'><strong>non</strong></span> <span class='ocrx_word' id='word_1_71' title='bbox 1338 998 1469 1054; x_wconf 83' lang='lat' dir='ltr'><strong>estis</strong></span> <span class='ocrx_word' id='word_1_72' title='bbox 1500 1016 1514 1053; x_wconf 90' lang='lat'><strong>:</strong></span> <span class='ocrx_word' id='word_1_73' title='bbox 1545 1012 1642 1053; x_wconf 91' lang='lat' dir='ltr'><strong>cur</strong></span> <span class='ocrx_word' id='word_1_74' title='bbox 1684 996 1929 1069; x_wconf 80' lang='lat' dir='ltr'><strong>negando</strong></span> 
     </span>
    </p>
   </div>
   <div class='ocr_carea' id='block_1_11' title="bbox 315 1090 1232 1152">
    <p class='ocr_par' dir='ltr' id='par_1_11' title="bbox 315 1090 1232 1152">
     <span class='ocr_line' id='line_1_11' title="bbox 315 1090 1232 1152; baseline -0.009 0"><span class='ocrx_word' id='word_1_75' title='bbox 315 1095 653 1152; x_wconf 83' lang='lat' dir='ltr'><strong>homousion</strong></span> <span class='ocrx_word' id='word_1_76' title='bbox 674 1092 972 1149; x_wconf 88' lang='lat' dir='ltr'><strong>censemini</strong></span> <span class='ocrx_word' id='word_1_77' title='bbox 1001 1090 1187 1147; x_wconf 80' lang='lat' dir='ltr'><strong>Ariani</strong></span> <span class='ocrx_word' id='word_1_78' title='bbox 1208 1090 1232 1144; x_wconf 84' lang='lat'><strong>?</strong></span> 
     </span>
    </p>
   </div>
   <div class='ocr_carea' id='block_1_12' title="bbox 396 1179 1928 1249">
    <p class='ocr_par' dir='ltr' id='par_1_12' title="bbox 396 1179 1928 1249">
     <span class='ocr_line' id='line_1_12' title="bbox 396 1179 1928 1249; baseline -0.004 -5"><span class='ocrx_word' id='word_1_79' title='bbox 396 1187 485 1244; x_wconf 86' lang='lat'><strong>89.</strong></span> <span class='ocrx_word' id='word_1_80' title='bbox 517 1184 858 1241; x_wconf 76' lang='lat' dir='ltr'><strong>Homorusion</strong></span> <span class='ocrx_word' id='word_1_81' title='bbox 910 1200 1015 1240; x_wconf 87' lang='lat' dir='ltr'><strong>non</strong></span> <span class='ocrx_word' id='word_1_82' title='bbox 1069 1190 1209 1237; x_wconf 86' lang='lat' dir='ltr'><strong>caret</strong></span> <span class='ocrx_word' id='word_1_83' title='bbox 1260 1179 1593 1249; x_wconf 66' lang='lat' dir='ltr'><strong>olfendicuto.</strong></span> <span class='ocrx_word' id='word_1_84' title='bbox 1628 1181 1928 1238; x_wconf 83' lang='lat' dir='ltr'><strong>Similitudo</strong></span> 
     </span>
    </p>
   </div>
   <div class='ocr_carea' id='block_1_13' title="bbox 312 1275 1930 1338">
    <p class='ocr_par' dir='ltr' id='par_1_13' title="bbox 312 1275 1930 1338">
     <span class='ocr_line' id='line_1_13' title="bbox 312 1275 1930 1338; baseline -0.004 -1"><span class='ocrx_word' id='word_1_85' title='bbox 312 1296 539 1338; x_wconf 74' lang='lat' dir='ltr'><strong>wa.—</strong></span> <span class='ocrx_word' id='word_1_86' title='bbox 563 1277 672 1335; x_wconf 88' lang='lat' dir='ltr'><strong>Sed</strong></span> <span class='ocrx_word' id='word_1_87' title='bbox 700 1276 837 1334; x_wconf 87' lang='lat' dir='ltr'><strong>dicis</strong></span> <span class='ocrx_word' id='word_1_88' title='bbox 866 1292 882 1332; x_wconf 90' lang='lat'><strong>:</strong></span> <span class='ocrx_word' id='word_1_89' title='bbox 910 1277 1088 1332; x_wconf 75' lang='lat' dir='ltr'><strong>Movet</strong></span> <span class='ocrx_word' id='word_1_90' title='bbox 1115 1289 1202 1331; x_wconf 90' lang='lat' dir='ltr'><strong>me</strong></span> <span class='ocrx_word' id='word_1_91' title='bbox 1229 1289 1355 1331; x_wconf 89' lang='lat' dir='ltr'><strong>cum</strong></span> <span class='ocrx_word' id='word_1_92' title='bbox 1381 1275 1640 1331; x_wconf 83' lang='lat' dir='ltr'><strong>seandalo</strong></span> <span class='ocrx_word' id='word_1_93' title='bbox 1682 1275 1930 1331; x_wconf 62' lang='lat' dir='ltr'><strong>homoeo-</strong></span> 
     </span>
    </p>
   </div>
   <div class='ocr_carea' id='block_1_14' title="bbox 312 1362 1929 1442">
    <p class='ocr_par' dir='ltr' id='par_1_14' title="bbox 312 1362 1929 1442">
     <span class='ocr_line' id='line_1_14' title="bbox 312 1362 1929 1442; baseline -0.005 -11"><span class='ocrx_word' id='word_1_94' title='bbox 312 1373 397 1431; x_wconf 88' lang='lat' dir='ltr'><strong>sii</strong></span> <span class='ocrx_word' id='word_1_95' title='bbox 419 1371 762 1442; x_wconf 73' lang='lat' dir='ltr'><strong>ambiguitas.</strong></span> <span class='ocrx_word' id='word_1_96' title='bbox 811 1369 1009 1426; x_wconf 85' lang='lat' dir='ltr'><strong>Iterum</strong></span> <span class='ocrx_word' id='word_1_97' title='bbox 1037 1366 1186 1435; x_wconf 87' lang='lat' dir='ltr'><strong>audi,</strong></span> <span class='ocrx_word' id='word_1_98' title='bbox 1230 1383 1349 1435; x_wconf 91' lang='lat' dir='ltr'><strong>oro,</strong></span> <span class='ocrx_word' id='word_1_99' title='bbox 1383 1362 1501 1423; x_wconf 87' lang='lat' dir='ltr'><strong>sine</strong></span> <span class='ocrx_word' id='word_1_100' title='bbox 1546 1367 1841 1424; x_wconf 87' lang='lat' dir='ltr'><strong>seandalo:</strong></span> <span class='ocrx_word' id='word_1_101' title='bbox 1873 1377 1929 1425; x_wconf 89' lang='lat' dir='ltr'><strong>et</strong></span> 
     </span>
    </p>
   </div>
   <div class='ocr_carea' id='block_1_15' title="bbox 314 1459 1924 1533">
    <p class='ocr_par' dir='ltr' id='par_1_15' title="bbox 314 1459 1924 1533">
     <span class='ocr_line' id='line_1_15' title="bbox 314 1459 1924 1533; baseline -0.006 -10"><span class='ocrx_word' id='word_1_102' title='bbox 314 1482 418 1523; x_wconf 89' lang='lat' dir='ltr'><strong>me</strong></span> <span class='ocrx_word' id='word_1_103' title='bbox 447 1471 629 1520; x_wconf 82' lang='lat' dir='ltr'><strong>movet</strong></span> <span class='ocrx_word' id='word_1_104' title='bbox 657 1462 942 1519; x_wconf 69' lang='lat' dir='ltr'><strong>bomaausii</strong></span> <span class='ocrx_word' id='word_1_105' title='bbox 976 1460 1208 1517; x_wconf 81' lang='lat' dir='ltr'><strong>nuditas.</strong></span> <span class='ocrx_word' id='word_1_106' title='bbox 1249 1459 1320 1533; x_wconf 88' lang='lat' dir='ltr'><strong>(c)</strong></span> <span class='ocrx_word' id='word_1_107' title='bbox 1344 1460 1507 1515; x_wconf 83' lang='lat' dir='ltr'><strong>Multa</strong></span> <span class='ocrx_word' id='word_1_108' title='bbox 1538 1476 1684 1530; x_wconf 66' lang='lat' dir='ltr'><strong>saepe</strong></span> <span class='ocrx_word' id='word_1_109' title='bbox 1709 1460 1924 1529; x_wconf 75' lang='lat' dir='ltr'><strong>fallunt,</strong></span> 
     </span>
    </p>
   </div>
   <div class='ocr_carea' id='block_1_16' title="bbox 313 1556 1951 1641">
    <p class='ocr_par' dir='ltr' id='par_1_16' title="bbox 313 1556 1951 1641">
     <span class='ocr_line' id='line_1_16' title="bbox 313 1556 1951 1641; baseline -0.002 -25"><span class='ocrx_word' id='word_1_110' title='bbox 313 1578 448 1634; x_wconf 67' lang='lat' dir='ltr'><strong>quae</strong></span> <span class='ocrx_word' id='word_1_111' title='bbox 476 1559 674 1615; x_wconf 86' lang='lat' dir='ltr'><strong>similia</strong></span> <span class='ocrx_word' id='word_1_112' title='bbox 726 1563 874 1613; x_wconf 91' lang='lat' dir='ltr'><strong>sunt.</strong></span> <span class='ocrx_word' id='word_1_113' title='bbox 902 1556 1093 1614; x_wconf 85' lang='lat' dir='ltr'><strong>Timeo</strong></span> <span class='ocrx_word' id='word_1_114' title='bbox 1123 1572 1313 1613; x_wconf 85' lang='lat' dir='ltr'><strong>aurum</strong></span> <span class='ocrx_word' id='word_1_115' title='bbox 1367 1559 1620 1622; x_wconf 65' lang='lat' dir='ltr'><strong>bractcte,</strong></span> <span class='ocrx_word' id='word_1_116' title='bbox 1670 1557 1793 1627; x_wconf 90' lang='lat' dir='ltr'><strong>quia</strong></span> <span class='ocrx_word' id='word_1_117' title='bbox 1837 1570 1951 1641; x_wconf 80' lang='lat' dir='ltr'><strong>me_</strong></span> 
     </span>
    </p>
   </div>
   <div class='ocr_carea' id='block_1_17' title="bbox 313 1647 1928 1722">
    <p class='ocr_par' dir='ltr' id='par_1_17' title="bbox 313 1647 1928 1722">
     <span class='ocr_line' id='line_1_17' title="bbox 313 1647 1928 1722; baseline -0.005 -13"><span class='ocrx_word' id='word_1_118' title='bbox 313 1654 521 1709; x_wconf 77' lang='lat' dir='ltr'><strong>fallere</strong></span> <span class='ocrx_word' id='word_1_119' title='bbox 563 1650 734 1722; x_wconf 84' lang='lat' dir='ltr'><strong>possit</strong></span> <span class='ocrx_word' id='word_1_120' title='bbox 782 1648 1055 1705; x_wconf 86' lang='lat' dir='ltr'><strong>interius:</strong></span> <span class='ocrx_word' id='word_1_121' title='bbox 1111 1657 1168 1705; x_wconf 85' lang='lat' dir='ltr'><strong>et</strong></span> <span class='ocrx_word' id='word_1_122' title='bbox 1205 1659 1383 1705; x_wconf 90' lang='lat' dir='ltr'><strong>tamen</strong></span> <span class='ocrx_word' id='word_1_123' title='bbox 1434 1663 1566 1703; x_wconf 90' lang='lat' dir='ltr'><strong>auro</strong></span> <span class='ocrx_word' id='word_1_124' title='bbox 1622 1647 1800 1703; x_wconf 88' lang='lat' dir='ltr'><strong>simile</strong></span> <span class='ocrx_word' id='word_1_125' title='bbox 1842 1655 1928 1703; x_wconf 87' lang='lat' dir='ltr'><strong>est</strong></span> 
     </span>
    </p>
   </div>
   <div class='ocr_carea' id='block_1_18' title="bbox 313 1742 1922 1820">
    <p class='ocr_par' dir='ltr' id='par_1_18' title="bbox 313 1742 1922 1820">
     <span class='ocr_line' id='line_1_18' title="bbox 313 1742 1922 1820; baseline 0 -22"><span class='ocrx_word' id='word_1_126' title='bbox 313 1747 471 1820; x_wconf 83' lang='lat' dir='ltr'><strong>quod</strong></span> <span class='ocrx_word' id='word_1_127' title='bbox 492 1743 922 1804; x_wconf 81' lang='lat' dir='ltr'><strong>videtur.Timeo</strong></span> <span class='ocrx_word' id='word_1_128' title='bbox 941 1744 1099 1799; x_wconf 81' lang='lat' dir='ltr'><strong>lactis</strong></span> <span class='ocrx_word' id='word_1_129' title='bbox 1125 1742 1555 1808; x_wconf 82' lang='lat' dir='ltr'><strong>similitudinem,</strong></span> <span class='ocrx_word' id='word_1_130' title='bbox 1586 1758 1654 1799; x_wconf 92' lang='lat' dir='ltr'><strong>ne</strong></span> <span class='ocrx_word' id='word_1_131' title='bbox 1682 1744 1922 1799; x_wconf 87' lang='lat' dir='ltr'><strong>oblatum</strong></span> 
     </span>
    </p>
   </div>
   <div class='ocr_carea' id='block_1_19' title="bbox 2033 535 3628 609">
    <p class='ocr_par' dir='ltr' id='par_1_19' title="bbox 2033 535 3628 609">
     <span class='ocr_line' id='line_1_19' title="bbox 2033 535 3628 609; baseline -0.003 -17"><span class='ocrx_word' id='word_1_132' title='bbox 2033 545 2212 607; x_wconf 88' lang='lat' dir='ltr'><strong>potest</strong></span> <span class='ocrx_word' id='word_1_133' title='bbox 2231 550 2373 603; x_wconf 86' lang='lat' dir='ltr'><strong>esse,</strong></span> <span class='ocrx_word' id='word_1_134' title='bbox 2404 535 2506 590; x_wconf 84' lang='lat' dir='ltr'><strong>nisi</strong></span> <span class='ocrx_word' id='word_1_135' title='bbox 2533 550 2723 590; x_wconf 87' lang='lat' dir='ltr'><strong>aurum</strong></span> <span class='ocrx_word' id='word_1_136' title='bbox 2759 553 2771 589; x_wconf 89' lang='lat'><strong>:</strong></span> <span class='ocrx_word' id='word_1_137' title='bbox 2803 535 2984 592; x_wconf 88' lang='lat' dir='ltr'><strong>simile</strong></span> <span class='ocrx_word' id='word_1_138' title='bbox 3033 535 3180 602; x_wconf 88' lang='lat' dir='ltr'><strong>lacti,</strong></span> <span class='ocrx_word' id='word_1_139' title='bbox 3216 538 3318 592; x_wconf 90' lang='lat' dir='ltr'><strong>nisi</strong></span> <span class='ocrx_word' id='word_1_140' title='bbox 3351 538 3434 593; x_wconf 90' lang='lat' dir='ltr'><strong>sui</strong></span> <span class='ocrx_word' id='word_1_141' title='bbox 3466 552 3628 609; x_wconf 81' lang='lat' dir='ltr'><strong>gone.</strong></span> 
     </span>
    </p>
   </div>
   <div class='ocr_carea' id='block_1_20' title="bbox 2031 626 3631 701">
    <p class='ocr_par' dir='ltr' id='par_1_20' title="bbox 2031 626 3631 701">
     <span class='ocr_line' id='line_1_20' title="bbox 2031 626 3631 701; baseline 0.003 -18"><span class='ocrx_word' id='word_1_142' title='bbox 2031 628 2107 683; x_wconf 89' lang='lat' dir='ltr'><strong>ris</strong></span> <span class='ocrx_word' id='word_1_143' title='bbox 2136 628 2228 695; x_wconf 86' lang='lat' dir='ltr'><strong>sit,</strong></span> <span class='ocrx_word' id='word_1_144' title='bbox 2254 642 2375 685; x_wconf 75' lang='lat' dir='ltr'><strong>esse</strong></span> <span class='ocrx_word' id='word_1_145' title='bbox 2400 642 2506 683; x_wconf 91' lang='lat' dir='ltr'><strong>non</strong></span> <span class='ocrx_word' id='word_1_146' title='bbox 2538 627 2756 698; x_wconf 90' lang='lat' dir='ltr'><strong>poterit.</strong></span> <span class='ocrx_word' id='word_1_147' title='bbox 2792 626 3006 684; x_wconf 82' lang='lat' dir='ltr'><strong>Fefellit</strong></span> <span class='ocrx_word' id='word_1_148' title='bbox 3033 644 3119 684; x_wconf 90' lang='lat' dir='ltr'><strong>me</strong></span> <span class='ocrx_word' id='word_1_149' title='bbox 3151 629 3459 701; x_wconf 83' lang='lat' dir='ltr'><strong>frequenter</strong></span> <span class='ocrx_word' id='word_1_150' title='bbox 3478 632 3631 688; x_wconf 90' lang='lat' dir='ltr'><strong>color</strong></span> 
     </span>
    </p>
   </div>
   <div class='ocr_carea' id='block_1_21' title="bbox 2030 718 3631 793">
    <p class='ocr_par' dir='ltr' id='par_1_21' title="bbox 2030 718 3631 793">
     <span class='ocr_line' id='line_1_21' title="bbox 2030 718 3631 793; baseline 0.002 -19"><span class='ocrx_word' id='word_1_151' title='bbox 2030 718 2142 774; x_wconf 92' lang='lat' dir='ltr'><strong>vini</strong></span> <span class='ocrx_word' id='word_1_152' title='bbox 2169 738 2182 774; x_wconf 90' lang='lat'>:</span> <span class='ocrx_word' id='word_1_153' title='bbox 2211 728 2267 775; x_wconf 91' lang='lat' dir='ltr'><strong>et</strong></span> <span class='ocrx_word' id='word_1_154' title='bbox 2297 728 2478 775; x_wconf 89' lang='lat' dir='ltr'><strong>tamen</strong></span> <span class='ocrx_word' id='word_1_155' title='bbox 2522 718 2593 791; x_wconf 82' lang='grc' dir='ltr'><strong>(ε)</strong></span> <span class='ocrx_word' id='word_1_156' title='bbox 2636 729 2880 790; x_wconf 89' lang='lat' dir='ltr'><strong>gustatu,</strong></span> <span class='ocrx_word' id='word_1_157' title='bbox 2932 719 3152 775; x_wconf 83' lang='lat' dir='ltr'><strong>alterius</strong></span> <span class='ocrx_word' id='word_1_158' title='bbox 3184 722 3400 791; x_wconf 82' lang='lat' dir='ltr'><strong>generis</strong></span> <span class='ocrx_word' id='word_1_159' title='bbox 3458 724 3631 793; x_wconf 87' lang='lat' dir='ltr'><strong>liquo-</strong></span> 
     </span>
    </p>
   </div>
   <div class='ocr_carea' id='block_1_22' title="bbox 2030 810 3626 883">
    <p class='ocr_par' dir='ltr' id='par_1_22' title="bbox 2030 810 3626 883">
     <span class='ocr_line' id='line_1_22' title="bbox 2030 810 3626 883; baseline 0.002 -16"><span class='ocrx_word' id='word_1_160' title='bbox 2030 826 2146 869; x_wconf 87' lang='lat' dir='ltr'><strong>rem</strong></span> <span class='ocrx_word' id='word_1_161' title='bbox 2195 812 2507 883; x_wconf 75' lang='lat' dir='ltr'><strong>recognovi.</strong></span> <span class='ocrx_word' id='word_1_162' title='bbox 2541 810 2663 866; x_wconf 85' lang='lat' dir='ltr'><strong>Vidi</strong></span> <span class='ocrx_word' id='word_1_163' title='bbox 2701 826 2894 867; x_wconf 87' lang='lat' dir='ltr'><strong>carnes</strong></span> <span class='ocrx_word' id='word_1_164' title='bbox 2937 811 3194 868; x_wconf 87' lang='lat' dir='ltr'><strong>carnibus</strong></span> <span class='ocrx_word' id='word_1_165' title='bbox 3244 814 3452 869; x_wconf 87' lang='lat' dir='ltr'><strong>similes</strong></span> <span class='ocrx_word' id='word_1_166' title='bbox 3485 833 3497 868; x_wconf 89' lang='lat'>:</span> <span class='ocrx_word' id='word_1_167' title='bbox 3529 814 3626 870; x_wconf 85' lang='lat' dir='ltr'><strong>sed</strong></span> 
     </span>
    </p>
   </div>
   <div class='ocr_carea' id='block_1_23' title="bbox 2031 904 3632 979">
    <p class='ocr_par' dir='ltr' id='par_1_23' title="bbox 2031 904 3632 979">
     <span class='ocr_line' id='line_1_23' title="bbox 2031 904 3632 979; baseline 0.002 -19"><span class='ocrx_word' id='word_1_168' title='bbox 2031 915 2217 976; x_wconf 87' lang='lat' dir='ltr'><strong>postea</strong></span> <span class='ocrx_word' id='word_1_169' title='bbox 2244 905 2373 962; x_wconf 89' lang='lat' dir='ltr'><strong>mihi</strong></span> <span class='ocrx_word' id='word_1_170' title='bbox 2401 914 2608 961; x_wconf 58' lang='lat' dir='ltr'><strong>natura;</strong></span> <span class='ocrx_word' id='word_1_171' title='bbox 2643 904 2711 978; x_wconf 77' lang='grc' dir='ltr'><strong>(Ῑ)</strong></span> <span class='ocrx_word' id='word_1_172' title='bbox 2740 904 3236 963; x_wconf 85' lang='lat' dir='ltr'><strong>dissimilitudinem</strong></span> <span class='ocrx_word' id='word_1_173' title='bbox 3290 921 3453 977; x_wconf 91' lang='lat' dir='ltr'><strong>sapor</strong></span> <span class='ocrx_word' id='word_1_174' title='bbox 3504 923 3632 979; x_wconf 90' lang='lat' dir='ltr'><strong>pro-</strong></span> 
     </span>
    </p>
   </div>
   <div class='ocr_carea' id='block_1_24' title="bbox 2030 998 3629 1070">
    <p class='ocr_par' dir='ltr' id='par_1_24' title="bbox 2030 998 3629 1070">
     <span class='ocr_line' id='line_1_24' title="bbox 2030 998 3629 1070; baseline 0.003 -16"><span class='ocrx_word' id='word_1_175' title='bbox 2030 999 2187 1056; x_wconf 89' lang='lat' dir='ltr'><strong>didit.</strong></span> <span class='ocrx_word' id='word_1_176' title='bbox 2217 1000 2324 1056; x_wconf 87' lang='lat' dir='ltr'><strong>Has</strong></span> <span class='ocrx_word' id='word_1_177' title='bbox 2377 1002 2521 1057; x_wconf 87' lang='lat' dir='ltr'><strong>enim</strong></span> <span class='ocrx_word' id='word_1_178' title='bbox 2559 998 2970 1066; x_wconf 85' lang='lat' dir='ltr'><strong>similitudines,</strong></span> <span class='ocrx_word' id='word_1_179' title='bbox 3015 1016 3137 1070; x_wconf 62' lang='lat' dir='ltr'><strong>(luce</strong></span> <span class='ocrx_word' id='word_1_180' title='bbox 3163 1016 3273 1057; x_wconf 90' lang='lat' dir='ltr'><strong>non</strong></span> <span class='ocrx_word' id='word_1_181' title='bbox 3313 1016 3383 1057; x_wconf 83' lang='lat' dir='ltr'><strong>ex</strong></span> <span class='ocrx_word' id='word_1_182' title='bbox 3422 1000 3629 1059; x_wconf 82' lang='lat' dir='ltr'><strong>unitate</strong></span> 
     </span>
    </p>
   </div>
   <div class='ocr_carea' id='block_1_25' title="bbox 2030 1094 2734 1167">
    <p class='ocr_par' dir='ltr' id='par_1_25' title="bbox 2030 1094 2734 1167">
     <span class='ocr_line' id='line_1_25' title="bbox 2030 1094 2734 1167; baseline 0 -17"><span class='ocrx_word' id='word_1_183' title='bbox 2030 1105 2240 1151; x_wconf 70' lang='lat' dir='ltr'><strong>natura:</strong></span> <span class='ocrx_word' id='word_1_184' title='bbox 2266 1094 2393 1160; x_wconf 90' lang='lat' dir='ltr'><strong>sint,</strong></span> <span class='ocrx_word' id='word_1_185' title='bbox 2429 1094 2506 1167; x_wconf 86' lang='lat' dir='ltr'><strong>(g)</strong></span> <span class='ocrx_word' id='word_1_186' title='bbox 2530 1103 2734 1150; x_wconf 88' lang='lat' dir='ltr'><strong>metuo.</strong></span> 
     </span>
    </p>
   </div>
   <div class='ocr_carea' id='block_1_26' title="bbox 2103 1184 3624 1261">
    <p class='ocr_par' dir='ltr' id='par_1_26' title="bbox 2103 1184 3624 1261">
     <span class='ocr_line' id='line_1_26' title="bbox 2103 1184 3624 1261; baseline -0.002 -17"><span class='ocrx_word' id='word_1_187' title='bbox 2103 1189 2195 1245; x_wconf 85' lang='lat'><strong>90.</strong></span> <span class='ocrx_word' id='word_1_188' title='bbox 2223 1190 2444 1261; x_wconf 62' lang='lat' dir='ltr'><strong>Ancyrw</strong></span> <span class='ocrx_word' id='word_1_189' title='bbox 2467 1188 2596 1259; x_wconf 77' lang='lat' dir='ltr'><strong>ﬁdes</strong></span> <span class='ocrx_word' id='word_1_190' title='bbox 2624 1185 2931 1258; x_wconf 75' lang='lat' dir='ltr'><strong>quibusdam</strong></span> <span class='ocrx_word' id='word_1_191' title='bbox 2965 1186 3136 1240; x_wconf 82' lang='lat' dir='ltr'><strong>tacitis</strong></span> <span class='ocrx_word' id='word_1_192' title='bbox 3164 1184 3415 1243; x_wconf 78' lang='lat' dir='ltr'><strong>Sirmium</strong></span> <span class='ocrx_word' id='word_1_193' title='bbox 3436 1186 3624 1243; x_wconf 85' lang='lat' dir='ltr'><strong>delata.</strong></span> 
     </span>
    </p>
   </div>
   <div class='ocr_carea' id='block_1_27' title="bbox 2031 1277 3629 1345">
    <p class='ocr_par' dir='ltr' id='par_1_27' title="bbox 2031 1277 3629 1345">
     <span class='ocr_line' id='line_1_27' title="bbox 2031 1277 3629 1345; baseline -0.003 -7"><span class='ocrx_word' id='word_1_194' title='bbox 2031 1281 2312 1338; x_wconf 80' lang='lat' dir='ltr'><strong>-—Vereor</strong></span> <span class='ocrx_word' id='word_1_195' title='bbox 2362 1282 2526 1345; x_wconf 91' lang='lat' dir='ltr'><strong>enim,</strong></span> <span class='ocrx_word' id='word_1_196' title='bbox 2561 1280 2801 1345; x_wconf 82' lang='lat' dir='ltr'><strong>Fratres,</strong></span> <span class='ocrx_word' id='word_1_197' title='bbox 2835 1278 3072 1335; x_wconf 88' lang='lat' dir='ltr'><strong>Orientis</strong></span> <span class='ocrx_word' id='word_1_198' title='bbox 3118 1277 3356 1335; x_wconf 65' lang='lat' dir='ltr'><strong>haereses</strong></span> <span class='ocrx_word' id='word_1_199' title='bbox 3406 1279 3460 1333; x_wconf 92' lang='lat' dir='ltr'><strong>in</strong></span> <span class='ocrx_word' id='word_1_200' title='bbox 3493 1288 3629 1334; x_wconf 85' lang='lat' dir='ltr'><strong>tem-</strong></span> 
     </span>
    </p>
   </div>
   <div class='ocr_carea' id='block_1_28' title="bbox 2033 1370 3632 1445">
    <p class='ocr_par' dir='ltr' id='par_1_28' title="bbox 2033 1370 3632 1445">
     <span class='ocr_line' id='line_1_28' title="bbox 2033 1370 3632 1445; baseline -0.003 -15"><span class='ocrx_word' id='word_1_201' title='bbox 2033 1390 2163 1445; x_wconf 89' lang='lat' dir='ltr'><strong>pora</strong></span> <span class='ocrx_word' id='word_1_202' title='bbox 2207 1374 2418 1443; x_wconf 87' lang='lat' dir='ltr'><strong>singula</strong></span> <span class='ocrx_word' id='word_1_203' title='bbox 2462 1372 2788 1442; x_wconf 85' lang='lat' dir='ltr'><strong>pullulantes</strong></span> <span class='ocrx_word' id='word_1_204' title='bbox 2819 1386 2833 1422; x_wconf 87' lang='lat'><strong>:</strong></span> <span class='ocrx_word' id='word_1_205' title='bbox 2864 1379 2920 1425; x_wconf 89' lang='lat' dir='ltr'><strong>et</strong></span> <span class='ocrx_word' id='word_1_206' title='bbox 2948 1372 3026 1444; x_wconf 77' lang='lat' dir='ltr'><strong>(lt)</strong></span> <span class='ocrx_word' id='word_1_207' title='bbox 3069 1370 3196 1440; x_wconf 91' lang='lat' dir='ltr'><strong>quid</strong></span> <span class='ocrx_word' id='word_1_208' title='bbox 3226 1370 3402 1426; x_wconf 84' lang='lat' dir='ltr'><strong>vereri</strong></span> <span class='ocrx_word' id='word_1_209' title='bbox 3434 1386 3521 1426; x_wconf 90' lang='lat' dir='ltr'><strong>me</strong></span> <span class='ocrx_word' id='word_1_210' title='bbox 3548 1370 3632 1426; x_wconf 87' lang='lat' dir='ltr'><strong>di-</strong></span> 
     </span>
    </p>
   </div>
   <div class='ocr_carea' id='block_1_29' title="bbox 2031 1462 3626 1538">
    <p class='ocr_par' dir='ltr' id='par_1_29' title="bbox 2031 1462 3626 1538">
     <span class='ocr_line' id='line_1_29' title="bbox 2031 1462 3626 1538; baseline -0.003 -15"><span class='ocrx_word' id='word_1_211' title='bbox 2031 1483 2151 1524; x_wconf 91' lang='lat' dir='ltr'><strong>cam</strong></span> <span class='ocrx_word' id='word_1_212' title='bbox 2176 1510 2189 1532; x_wconf 84' lang='lat'><em>.</em></span> <span class='ocrx_word' id='word_1_213' title='bbox 2216 1469 2327 1538; x_wconf 84' lang='lat' dir='ltr'><strong>jam</strong></span> <span class='ocrx_word' id='word_1_214' title='bbox 2355 1473 2412 1521; x_wconf 87' lang='lat' dir='ltr'><strong>et</strong></span> <span class='ocrx_word' id='word_1_215' title='bbox 2454 1466 2580 1537; x_wconf 85' lang='lat' dir='ltr'><strong>legi.</strong></span> <span class='ocrx_word' id='word_1_216' title='bbox 2626 1463 2770 1519; x_wconf 87' lang='lat' dir='ltr'><strong>Nihil</strong></span> <span class='ocrx_word' id='word_1_217' title='bbox 2799 1463 3016 1535; x_wconf 83' lang='lat' dir='ltr'><strong>quidem</strong></span> <span class='ocrx_word' id='word_1_218' title='bbox 3046 1462 3107 1536; x_wconf 84' lang='lat' dir='ltr'><strong>(i)</strong></span> <span class='ocrx_word' id='word_1_219' title='bbox 3134 1466 3185 1517; x_wconf 92' lang='lat' dir='ltr'><strong>in</strong></span> <span class='ocrx_word' id='word_1_220' title='bbox 3231 1462 3334 1525; x_wconf 83' lang='lat' dir='ltr'><strong>his,</strong></span> <span class='ocrx_word' id='word_1_221' title='bbox 3361 1479 3481 1534; x_wconf 80' lang='lat' dir='ltr'><strong>qurc</strong></span> <span class='ocrx_word' id='word_1_222' title='bbox 3504 1480 3626 1530; x_wconf 89' lang='lat' dir='ltr'><strong>vos,</strong></span> 
     </span>
    </p>
   </div>
   <div class='ocr_carea' id='block_1_30' title="bbox 2030 1555 3629 1629">
    <p class='ocr_par' dir='ltr' id='par_1_30' title="bbox 2030 1555 3629 1629">
     <span class='ocr_line' id='line_1_30' title="bbox 2030 1555 3629 1629; baseline -0.004 -13"><span class='ocrx_word' id='word_1_223' title='bbox 2030 1561 2101 1617; x_wconf 92' lang='lat' dir='ltr'><strong>de</strong></span> <span class='ocrx_word' id='word_1_224' title='bbox 2126 1558 2479 1615; x_wconf 82' lang='lat' dir='ltr'><strong>Orientalium</strong></span> <span class='ocrx_word' id='word_1_225' title='bbox 2503 1555 2858 1629; x_wconf 88' lang='lat' dir='ltr'><strong>quorumdam</strong></span> <span class='ocrx_word' id='word_1_226' title='bbox 2898 1571 3145 1623; x_wconf 84' lang='lat' dir='ltr'><strong>assensu,</strong></span> <span class='ocrx_word' id='word_1_227' title='bbox 3169 1565 3436 1626; x_wconf 73' lang='lat' dir='ltr'><strong>suscepbe</strong></span> <span class='ocrx_word' id='word_1_228' title='bbox 3486 1556 3629 1625; x_wconf 85' lang='lat' dir='ltr'><strong>lega-</strong></span> 
     </span>
    </p>
   </div>
   <div class='ocr_carea' id='block_1_31' title="bbox 2031 1644 3628 1714">
    <p class='ocr_par' dir='ltr' id='par_1_31' title="bbox 2031 1644 3628 1714">
     <span class='ocr_line' id='line_1_31' title="bbox 2031 1644 3628 1714; baseline -0.003 -5"><span class='ocrx_word' id='word_1_229' title='bbox 2031 1654 2194 1709; x_wconf 81' lang='lat' dir='ltr'><strong>tionis</strong></span> <span class='ocrx_word' id='word_1_230' title='bbox 2222 1652 2453 1707; x_wconf 84' lang='lat' dir='ltr'><strong>ministri</strong></span> <span class='ocrx_word' id='word_1_231' title='bbox 2477 1649 2865 1706; x_wconf 69' lang='lat' dir='ltr'><strong>subscribendo</strong></span> <span class='ocrx_word' id='word_1_232' title='bbox 2886 1649 3142 1704; x_wconf 88' lang='lat' dir='ltr'><strong>Sirmium</strong></span> <span class='ocrx_word' id='word_1_233' title='bbox 3175 1648 3463 1714; x_wconf 81' lang='lat' dir='ltr'><strong>detuliStis,</strong></span> <span class='ocrx_word' id='word_1_234' title='bbox 3495 1644 3628 1704; x_wconf 82' lang='lat' dir='ltr'><strong>nihil</strong></span> 
     </span>
    </p>
   </div>
   <div class='ocr_carea' id='block_1_32' title="bbox 2029 1742 3629 1815">
    <p class='ocr_par' dir='ltr' id='par_1_32' title="bbox 2029 1742 3629 1815">
     <span class='ocr_line' id='line_1_32' title="bbox 2029 1742 3629 1815; baseline -0.003 -13"><span class='ocrx_word' id='word_1_235' title='bbox 2029 1746 2357 1815; x_wconf 68' lang='lat' dir='ltr'><strong>suspicionis</strong></span> <span class='ocrx_word' id='word_1_236' title='bbox 2385 1746 2633 1800; x_wconf 88' lang='lat' dir='ltr'><strong>relictum</strong></span> <span class='ocrx_word' id='word_1_237' title='bbox 2668 1754 2749 1798; x_wconf 87' lang='lat' dir='ltr'><strong>est</strong></span> <span class='ocrx_word' id='word_1_238' title='bbox 2782 1762 2795 1797; x_wconf 91' lang='lat'><strong>:</strong></span> <span class='ocrx_word' id='word_1_239' title='bbox 2830 1743 2924 1798; x_wconf 89' lang='lat' dir='ltr'><strong>sed</strong></span> <span class='ocrx_word' id='word_1_240' title='bbox 2979 1742 3283 1797; x_wconf 86' lang='lat' dir='ltr'><strong>habuerunt</strong></span> <span class='ocrx_word' id='word_1_241' title='bbox 3313 1742 3383 1797; x_wconf 88' lang='lat' dir='ltr'><strong>ab</strong></span> <span class='ocrx_word' id='word_1_242' title='bbox 3404 1743 3629 1798; x_wconf 79' lang='lat' dir='ltr'><strong>exordio</strong></span> 
     </span>
    </p>
   </div>
   <div class='ocr_carea' id='block_1_33' title="bbox 313 1832 3630 1922">
    <p class='ocr_par' dir='ltr' id='par_1_33' title="bbox 313 1832 3630 1922">
     <span class='ocr_line' id='line_1_33' title="bbox 313 1832 3630 1922; baseline -0.002 -25"><span class='ocrx_word' id='word_1_243' title='bbox 313 1838 463 1898; x_wconf 86' lang='lat' dir='ltr'><strong>mihi</strong></span> <span class='ocrx_word' id='word_1_244' title='bbox 490 1841 594 1905; x_wconf 91' lang='lat' dir='ltr'><strong>lac,</strong></span> <span class='ocrx_word' id='word_1_245' title='bbox 625 1853 731 1894; x_wconf 92' lang='lat' dir='ltr'><strong>non</strong></span> <span class='ocrx_word' id='word_1_246' title='bbox 775 1838 857 1894; x_wconf 88' lang='lat' dir='ltr'><strong>lac</strong></span> <span class='ocrx_word' id='word_1_247' title='bbox 887 1837 1066 1893; x_wconf 89' lang='lat' dir='ltr'><strong>ovium</strong></span> <span class='ocrx_word' id='word_1_248' title='bbox 1112 1837 1183 1893; x_wconf 89' lang='lat' dir='ltr'><strong>sit</strong></span> <span class='ocrx_word' id='word_1_249' title='bbox 1212 1838 1370 1908; x_wconf 88' lang='lat' dir='ltr'><strong>:quia</strong></span> <span class='ocrx_word' id='word_1_250' title='bbox 1396 1838 1446 1893; x_wconf 92' lang='lat' dir='ltr'><strong>ei</strong></span> <span class='ocrx_word' id='word_1_251' title='bbox 1476 1837 1654 1893; x_wconf 87' lang='lat' dir='ltr'><strong>simile</strong></span> <span class='ocrx_word' id='word_1_252' title='bbox 1676 1838 1925 1894; x_wconf 88' lang='lat' dir='ltr'><strong>videatur</strong></span> <span class='ocrx_word' id='word_1_253' title='bbox 1954 1862 2001 1922; x_wconf 82' lang='lat' dir='ltr'><strong>B</strong></span> <span class='ocrx_word' id='word_1_254' title='bbox 2030 1854 2138 1895; x_wconf 89' lang='lat' dir='ltr'><strong>non</strong></span> <span class='ocrx_word' id='word_1_255' title='bbox 2168 1835 2394 1893; x_wconf 86' lang='lat' dir='ltr'><strong>nihilum</strong></span> <span class='ocrx_word' id='word_1_256' title='bbox 2425 1835 2761 1901; x_wconf 73' lang='lat' dir='ltr'><strong>offensionis,</strong></span> <span class='ocrx_word' id='word_1_257' title='bbox 2792 1848 2913 1907; x_wconf 72' lang='lat' dir='ltr'><strong>qua:</strong></span> <span class='ocrx_word' id='word_1_258' title='bbox 2939 1833 3103 1889; x_wconf 88' lang='lat' dir='ltr'><strong>credo</strong></span> <span class='ocrx_word' id='word_1_259' title='bbox 3135 1848 3251 1900; x_wconf 87' lang='lat' dir='ltr'><strong>vos,</strong></span> <span class='ocrx_word' id='word_1_260' title='bbox 3303 1832 3630 1890; x_wconf 85' lang='lat' dir='ltr'><strong>sanctissimi</strong></span> 
     </span>
    </p>
   </div>
   <div class='ocr_carea' id='block_1_34' title="bbox 313 1930 1924 1997">
    <p class='ocr_par' dir='ltr' id='par_1_34' title="bbox 313 1930 1924 1997">
     <span class='ocr_line' id='line_1_34' title="bbox 313 1930 1924 1997; baseline -0.002 -6"><span class='ocrx_word' id='word_1_261' title='bbox 313 1944 383 1991; x_wconf 88' lang='lat' dir='ltr'><strong>et</strong></span> <span class='ocrx_word' id='word_1_262' title='bbox 411 1932 689 1990; x_wconf 88' lang='lat' dir='ltr'><strong>bubulum.</strong></span> <span class='ocrx_word' id='word_1_263' title='bbox 720 1931 792 1989; x_wconf 89' lang='lat' dir='ltr'><strong>Ut</strong></span> <span class='ocrx_word' id='word_1_264' title='bbox 818 1930 902 1987; x_wconf 89' lang='lat' dir='ltr'><strong>lac</strong></span> <span class='ocrx_word' id='word_1_265' title='bbox 922 1932 1105 1989; x_wconf 89' lang='lat' dir='ltr'><strong>ovium</strong></span> <span class='ocrx_word' id='word_1_266' title='bbox 1133 1931 1259 1987; x_wconf 86' lang='lat' dir='ltr'><strong>lacti</strong></span> <span class='ocrx_word' id='word_1_267' title='bbox 1286 1932 1466 1988; x_wconf 89' lang='lat' dir='ltr'><strong>ovium</strong></span> <span class='ocrx_word' id='word_1_268' title='bbox 1496 1932 1673 1988; x_wconf 90' lang='lat' dir='ltr'><strong>simile</strong></span> <span class='ocrx_word' id='word_1_269' title='bbox 1694 1935 1785 1997; x_wconf 86' lang='lat' dir='ltr'><strong>sit,</strong></span> <span class='ocrx_word' id='word_1_270' title='bbox 1815 1947 1924 1987; x_wconf 87' lang='lat' dir='ltr'><strong>non</strong></span> 
     </span>
    </p>
   </div>
   <div class='ocr_carea' id='block_1_35' title="bbox 314 2023 1922 2097">
    <p class='ocr_par' dir='ltr' id='par_1_35' title="bbox 314 2023 1922 2097">
     <span class='ocr_line' id='line_1_35' title="bbox 314 2023 1922 2097; baseline -0.001 -16"><span class='ocrx_word' id='word_1_271' title='bbox 314 2034 503 2097; x_wconf 84' lang='lat' dir='ltr'><strong>potest</strong></span> <span class='ocrx_word' id='word_1_272' title='bbox 524 2023 698 2078; x_wconf 90' lang='lat' dir='ltr'><strong>imile</strong></span> <span class='ocrx_word' id='word_1_273' title='bbox 739 2037 882 2091; x_wconf 89' lang='lat' dir='ltr'><strong>esse,</strong></span> <span class='ocrx_word' id='word_1_274' title='bbox 932 2025 1031 2079; x_wconf 89' lang='lat' dir='ltr'><strong>nisi</strong></span> <span class='ocrx_word' id='word_1_275' title='bbox 1054 2023 1170 2079; x_wconf 88' lang='lat' dir='ltr'><strong>ovis</strong></span> <span class='ocrx_word' id='word_1_276' title='bbox 1224 2024 1313 2079; x_wconf 87' lang='lat' dir='ltr'><strong>sit.</strong></span> <span class='ocrx_word' id='word_1_277' title='bbox 1345 2023 1652 2080; x_wconf 88' lang='lat' dir='ltr'><strong>Similitudo</strong></span> <span class='ocrx_word' id='word_1_278' title='bbox 1694 2039 1821 2080; x_wconf 77' lang='lat' dir='ltr'><strong>vera</strong></span> <span class='ocrx_word' id='word_1_279' title='bbox 1869 2024 1922 2080; x_wconf 92' lang='lat' dir='ltr'><strong>ln</strong></span> 
     </span>
    </p>
   </div>
   <div class='ocr_carea' id='block_1_36' title="bbox 310 2114 1921 2188">
    <p class='ocr_par' dir='ltr' id='par_1_36' title="bbox 310 2114 1921 2188">
     <span class='ocr_line' id='line_1_36' title="bbox 310 2114 1921 2188; baseline -0.002 -11"><span class='ocrx_word' id='word_1_280' title='bbox 310 2119 554 2177; x_wconf 80' lang='lat' dir='ltr'><strong>veritate</strong></span> <span class='ocrx_word' id='word_1_281' title='bbox 575 2124 778 2174; x_wconf 70' lang='lat' dir='ltr'><strong>natura:</strong></span> <span class='ocrx_word' id='word_1_282' title='bbox 795 2125 896 2174; x_wconf 88' lang='lat' dir='ltr'><strong>est.</strong></span> <span class='ocrx_word' id='word_1_283' title='bbox 916 2114 1131 2174; x_wconf 78' lang='lat' dir='ltr'><strong>Veritas</strong></span> <span class='ocrx_word' id='word_1_284' title='bbox 1157 2129 1335 2172; x_wconf 85' lang='lat' dir='ltr'><strong>autem</strong></span> <span class='ocrx_word' id='word_1_285' title='bbox 1389 2119 1439 2172; x_wconf 93' lang='lat' dir='ltr'><strong>in</strong></span> <span class='ocrx_word' id='word_1_286' title='bbox 1464 2127 1691 2188; x_wconf 87' lang='lat' dir='ltr'><strong>utroque</strong></span> <span class='ocrx_word' id='word_1_287' title='bbox 1717 2128 1921 2173; x_wconf 58' lang='lat' dir='ltr'><strong>natura:</strong></span> 
     </span>
    </p>
   </div>
   <div class='ocr_carea' id='block_1_37' title="bbox 318 2210 1919 2287">
    <p class='ocr_par' dir='ltr' id='par_1_37' title="bbox 318 2210 1919 2287">
     <span class='ocr_line' id='line_1_37' title="bbox 318 2210 1919 2287; baseline 0 -21"><span class='ocrx_word' id='word_1_288' title='bbox 318 2214 410 2287; x_wconf 76' lang='grc' dir='ltr'><strong>(ά)</strong></span> <span class='ocrx_word' id='word_1_289' title='bbox 436 2227 542 2268; x_wconf 91' lang='lat' dir='ltr'><strong>non</strong></span> <span class='ocrx_word' id='word_1_290' title='bbox 570 2219 793 2282; x_wconf 87' lang='lat' dir='ltr'><strong>negatur</strong></span> <span class='ocrx_word' id='word_1_291' title='bbox 822 2210 1166 2267; x_wconf 89' lang='lat' dir='ltr'><strong>homousion.</strong></span> <span class='ocrx_word' id='word_1_292' title='bbox 1200 2210 1325 2266; x_wconf 66' lang='lat' dir='ltr'><strong>Haec</strong></span> <span class='ocrx_word' id='word_1_293' title='bbox 1353 2220 1437 2266; x_wconf 85' lang='lat' dir='ltr'><strong>est</strong></span> <span class='ocrx_word' id='word_1_294' title='bbox 1453 2210 1595 2266; x_wconf 90' lang='lat' dir='ltr'><strong>enim</strong></span> <span class='ocrx_word' id='word_1_295' title='bbox 1625 2211 1919 2267; x_wconf 89' lang='lat' dir='ltr'><strong>secundum</strong></span> 
     </span>
    </p>
   </div>
   <div class='ocr_carea' id='block_1_38' title="bbox 313 2304 1920 2376">
    <p class='ocr_par' dir='ltr' id='par_1_38' title="bbox 313 2304 1920 2376">
     <span class='ocr_line' id='line_1_38' title="bbox 313 2304 1920 2376; baseline -0.002 -13"><span class='ocrx_word' id='word_1_296' title='bbox 313 2306 615 2363; x_wconf 83' lang='lat' dir='ltr'><strong>essentiam</strong></span> <span class='ocrx_word' id='word_1_297' title='bbox 637 2304 954 2371; x_wconf 86' lang='lat' dir='ltr'><strong>similitudo,</strong></span> <span class='ocrx_word' id='word_1_298' title='bbox 979 2304 1024 2359; x_wconf 91' lang='lat' dir='ltr'><strong>si</strong></span> <span class='ocrx_word' id='word_1_299' title='bbox 1055 2318 1231 2360; x_wconf 87' lang='lat' dir='ltr'><strong>massa</strong></span> <span class='ocrx_word' id='word_1_300' title='bbox 1255 2318 1448 2359; x_wconf 67' lang='lat' dir='ltr'><strong>massm</strong></span> <span class='ocrx_word' id='word_1_301' title='bbox 1479 2304 1644 2376; x_wconf 74' lang='lat'><strong>516</strong></span> <span class='ocrx_word' id='word_1_302' title='bbox 1666 2304 1920 2359; x_wconf 80' lang='lat' dir='ltr'><strong>consimi-</strong></span> 
     </span>
    </p>
   </div>
   <div class='ocr_carea' id='block_1_39' title="bbox 315 2395 1920 2467">
    <p class='ocr_par' dir='ltr' id='par_1_39' title="bbox 315 2395 1920 2467">
     <span class='ocr_line' id='line_1_39' title="bbox 315 2395 1920 2467; baseline -0.001 -13"><span class='ocrx_word' id='word_1_303' title='bbox 315 2399 396 2454; x_wconf 87' lang='lat' dir='ltr'><strong>lis</strong></span> <span class='ocrx_word' id='word_1_304' title='bbox 421 2413 528 2455; x_wconf 89' lang='lat' dir='ltr'><strong>non</strong></span> <span class='ocrx_word' id='word_1_305' title='bbox 551 2396 695 2452; x_wconf 77' lang='lat' dir='ltr'><strong>fallat</strong></span> <span class='ocrx_word' id='word_1_306' title='bbox 721 2397 774 2451; x_wconf 91' lang='lat' dir='ltr'><strong>in</strong></span> <span class='ocrx_word' id='word_1_307' title='bbox 794 2396 1032 2462; x_wconf 88' lang='lat' dir='ltr'><strong>hractea,</strong></span> <span class='ocrx_word' id='word_1_308' title='bbox 1057 2395 1102 2451; x_wconf 91' lang='lat' dir='ltr'><strong>si</strong></span> <span class='ocrx_word' id='word_1_309' title='bbox 1123 2396 1204 2451; x_wconf 85' lang='lat' dir='ltr'><strong>lac</strong></span> <span class='ocrx_word' id='word_1_310' title='bbox 1225 2396 1365 2467; x_wconf 87' lang='lat' dir='ltr'><strong>quod</strong></span> <span class='ocrx_word' id='word_1_311' title='bbox 1398 2397 1654 2453; x_wconf 90' lang='lat' dir='ltr'><strong>concolor</strong></span> <span class='ocrx_word' id='word_1_312' title='bbox 1680 2405 1782 2465; x_wconf 91' lang='lat' dir='ltr'><strong>est,</strong></span> <span class='ocrx_word' id='word_1_313' title='bbox 1815 2414 1920 2453; x_wconf 88' lang='lat' dir='ltr'><strong>non</strong></span> 
     </span>
    </p>
   </div>
   <div class='ocr_carea' id='block_1_40' title="bbox 404 2574 1929 2650">
    <p class='ocr_par' dir='ltr' id='par_1_40' title="bbox 404 2574 1929 2650">
     <span class='ocr_line' id='line_1_40' title="bbox 404 2574 1929 2650; baseline 0.002 -19"><span class='ocrx_word' id='word_1_314' title='bbox 404 2576 480 2650; x_wconf 92' lang='lat' dir='ltr'><strong>(a)</strong></span> <span class='ocrx_word' id='word_1_315' title='bbox 508 2574 639 2650; x_wconf 82' lang='lat' dir='ltr'><strong>Bad.</strong></span> <span class='ocrx_word' id='word_1_316' title='bbox 674 2575 996 2650; x_wconf 29' lang='lat' dir='ltr'><strong>essentiaghet</strong></span> <span class='ocrx_word' id='word_1_317' title='bbox 1038 2575 1370 2650; x_wconf 64' lang='lat' dir='ltr'><strong>substantia.</strong></span> <span class='ocrx_word' id='word_1_318' title='bbox 1390 2575 1620 2650; x_wconf 82' lang='lat' dir='ltr'><strong>Quidam</strong></span> <span class='ocrx_word' id='word_1_319' title='bbox 1659 2592 1822 2650; x_wconf 81' lang='lat' dir='ltr'><strong>mss.,</strong></span> <span class='ocrx_word' id='word_1_320' title='bbox 1849 2595 1929 2634; x_wconf 83' lang='lat' dir='ltr'><strong>es-</strong></span> 
     </span>
    </p>
   </div>
   <div class='ocr_carea' id='block_1_41' title="bbox 316 2646 1927 2715">
    <p class='ocr_par' dir='ltr' id='par_1_41' title="bbox 316 2646 1927 2715">
     <span class='ocr_line' id='line_1_41' title="bbox 316 2646 1927 2715; baseline -0.001 -9"><span class='ocrx_word' id='word_1_321' title='bbox 316 2646 505 2707; x_wconf 75' lang='lat' dir='ltr'><strong>sentia:</strong></span> <span class='ocrx_word' id='word_1_322' title='bbox 522 2647 839 2709; x_wconf 61' lang='lat' dir='ltr'><strong>substantia),</strong></span> <span class='ocrx_word' id='word_1_323' title='bbox 855 2646 970 2713; x_wconf 86' lang='lat' dir='ltr'><strong>alii,</strong></span> <span class='ocrx_word' id='word_1_324' title='bbox 1004 2647 1272 2703; x_wconf 75' lang='lat' dir='ltr'><strong>essentiam</strong></span> <span class='ocrx_word' id='word_1_325' title='bbox 1289 2648 1602 2715; x_wconf 66' lang='lat' dir='ltr'><strong>substantiae,</strong></span> <span class='ocrx_word' id='word_1_326' title='bbox 1622 2648 1731 2711; x_wconf 85' lang='lat' dir='ltr'><strong>alii,</strong></span> <span class='ocrx_word' id='word_1_327' title='bbox 1755 2665 1927 2704; x_wconf 85' lang='lat' dir='ltr'><strong>esseu-</strong></span> 
     </span>
    </p>
   </div>
   <div class='ocr_carea' id='block_1_42' title="bbox 318 2718 1929 2785">
    <p class='ocr_par' dir='ltr' id='par_1_42' title="bbox 318 2718 1929 2785">
     <span class='ocr_line' id='line_1_42' title="bbox 318 2718 1929 2785; baseline 0 -8"><span class='ocrx_word' id='word_1_328' title='bbox 318 2721 414 2777; x_wconf 73' lang='grc' dir='ltr'><strong>ιῑω</strong></span> <span class='ocrx_word' id='word_1_329' title='bbox 427 2720 785 2775; x_wconf 77' lang='lat' dir='ltr'><strong>substantiam.</strong></span> <span class='ocrx_word' id='word_1_330' title='bbox 810 2718 1175 2773; x_wconf 82' lang='lat' dir='ltr'><strong>Retinendum</strong></span> <span class='ocrx_word' id='word_1_331' title='bbox 1206 2733 1326 2774; x_wconf 90' lang='lat' dir='ltr'><strong>cum</strong></span> <span class='ocrx_word' id='word_1_332' title='bbox 1346 2720 1533 2785; x_wconf 67' lang='lat' dir='ltr'><strong>Carm,</strong></span> <span class='ocrx_word' id='word_1_333' title='bbox 1564 2734 1672 2775; x_wconf 92' lang='lat' dir='ltr'><strong>uno</strong></span> <span class='ocrx_word' id='word_1_334' title='bbox 1692 2719 1849 2777; x_wconf 85' lang='lat' dir='ltr'><strong>Colh.</strong></span> <span class='ocrx_word' id='word_1_335' title='bbox 1872 2732 1929 2777; x_wconf 90' lang='lat' dir='ltr'><strong>et</strong></span> 
     </span>
    </p>
   </div>
   <div class='ocr_carea' id='block_1_43' title="bbox 318 2790 1267 2855">
    <p class='ocr_par' dir='ltr' id='par_1_43' title="bbox 318 2790 1267 2855">
     <span class='ocr_line' id='line_1_43' title="bbox 318 2790 1267 2855; baseline -0.004 -6"><span class='ocrx_word' id='word_1_336' title='bbox 318 2793 503 2849; x_wconf 81' lang='lat' dir='ltr'><strong>altero</strong></span> <span class='ocrx_word' id='word_1_337' title='bbox 531 2792 765 2846; x_wconf 88' lang='lat' dir='ltr'><strong>Sorbon.</strong></span> <span class='ocrx_word' id='word_1_338' title='bbox 781 2832 795 2855; x_wconf 92' lang='lat'><strong>,</strong></span> <span class='ocrx_word' id='word_1_339' title='bbox 817 2807 924 2845; x_wconf 83' lang='lat' dir='ltr'><strong>esse</strong></span> <span class='ocrx_word' id='word_1_340' title='bbox 950 2790 1267 2845; x_wconf 73' lang='lat' dir='ltr'><strong>substantiw.</strong></span> 
     </span>
    </p>
   </div>
   <div class='ocr_carea' id='block_1_44' title="bbox 405 2860 1927 2935">
    <p class='ocr_par' dir='ltr' id='par_1_44' title="bbox 405 2860 1927 2935">
     <span class='ocr_line' id='line_1_44' title="bbox 405 2860 1927 2935; baseline 0 -18"><span class='ocrx_word' id='word_1_341' title='bbox 405 2863 482 2935; x_wconf 90' lang='lat' dir='ltr'><strong>(b)</strong></span> <span class='ocrx_word' id='word_1_342' title='bbox 512 2861 570 2919; x_wconf 84' lang='lat' dir='ltr'><strong>In</strong></span> <span class='ocrx_word' id='word_1_343' title='bbox 595 2863 825 2935; x_wconf 73' lang='lat' dir='ltr'><strong>vulgatis</strong></span> <span class='ocrx_word' id='word_1_344' title='bbox 846 2905 860 2927; x_wconf 91' lang='lat'><strong>,</strong></span> <span class='ocrx_word' id='word_1_345' title='bbox 902 2879 1063 2935; x_wconf 83' lang='lat' dir='ltr'><strong>unum</strong></span> <span class='ocrx_word' id='word_1_346' title='bbox 1096 2872 1263 2935; x_wconf 83' lang='lat' dir='ltr'><strong>atque</strong></span> <span class='ocrx_word' id='word_1_347' title='bbox 1308 2863 1447 2935; x_wconf 79' lang='lat' dir='ltr'><strong>idem</strong></span> <span class='ocrx_word' id='word_1_348' title='bbox 1502 2860 1751 2935; x_wconf 79' lang='lat' dir='ltr'><strong>sapimus,</strong></span> <span class='ocrx_word' id='word_1_349' title='bbox 1786 2864 1927 2935; x_wconf 84' lang='lat' dir='ltr'><strong>piunt</strong></span> 
     </span>
    </p>
   </div>
   <div class='ocr_carea' id='block_1_45' title="bbox 319 2932 1925 3002">
    <p class='ocr_par' dir='ltr' id='par_1_45' title="bbox 319 2932 1925 3002">
     <span class='ocr_line' id='line_1_45' title="bbox 319 2932 1925 3002; baseline -0.001 -11"><span class='ocrx_word' id='word_1_350' title='bbox 319 2932 471 2992; x_wconf 73' lang='lat' dir='ltr'><strong>inter</strong></span> <span class='ocrx_word' id='word_1_351' title='bbox 490 2952 601 3002; x_wconf 85' lang='lat' dir='ltr'><strong>nos,</strong></span> <span class='ocrx_word' id='word_1_352' title='bbox 633 2932 739 2989; x_wconf 84' lang='lat' dir='ltr'><strong>etc.</strong></span> <span class='ocrx_word' id='word_1_353' title='bbox 775 2932 1039 3002; x_wconf 79' lang='lat' dir='ltr'><strong>integrior</strong></span> <span class='ocrx_word' id='word_1_354' title='bbox 1056 2934 1167 2987; x_wconf 87' lang='lat' dir='ltr'><strong>visa</strong></span> <span class='ocrx_word' id='word_1_355' title='bbox 1194 2943 1280 2989; x_wconf 91' lang='lat' dir='ltr'><strong>est</strong></span> <span class='ocrx_word' id='word_1_356' title='bbox 1306 2933 1466 2988; x_wconf 89' lang='lat' dir='ltr'><strong>lectio</strong></span> <span class='ocrx_word' id='word_1_357' title='bbox 1489 2933 1693 3002; x_wconf 87' lang='lat' dir='ltr'><strong>antiqui</strong></span> <span class='ocrx_word' id='word_1_358' title='bbox 1726 2934 1925 2990; x_wconf 83' lang='lat' dir='ltr'><strong>codicis</strong></span> 
     </span>
    </p>
   </div>
   <div class='ocr_carea' id='block_1_46' title="bbox 320 3003 1920 3073">
    <p class='ocr_par' dir='ltr' id='par_1_46' title="bbox 320 3003 1920 3073">
     <span class='ocr_line' id='line_1_46' title="bbox 320 3003 1920 3073; baseline -0.003 -9"><span class='ocrx_word' id='word_1_359' title='bbox 320 3006 680 3071; x_wconf 82' lang='lat' dir='ltr'><strong>Carnut.,cui</strong></span> <span class='ocrx_word' id='word_1_360' title='bbox 703 3005 881 3060; x_wconf 83' lang='lat' dir='ltr'><strong>lavent</strong></span> <span class='ocrx_word' id='word_1_361' title='bbox 909 3014 962 3058; x_wconf 86' lang='lat' dir='ltr'><strong>et</strong></span> <span class='ocrx_word' id='word_1_362' title='bbox 983 3004 1186 3067; x_wconf 53' lang='lat' dir='ltr'><strong>caeteri.</strong></span> <span class='ocrx_word' id='word_1_363' title='bbox 1213 3006 1450 3059; x_wconf 83' lang='lat' dir='ltr'><strong>maxime</strong></span> <span class='ocrx_word' id='word_1_364' title='bbox 1463 3003 1617 3058; x_wconf 86' lang='lat' dir='ltr'><strong>Colh.</strong></span> <span class='ocrx_word' id='word_1_365' title='bbox 1634 3014 1687 3059; x_wconf 90' lang='lat' dir='ltr'><strong>et</strong></span> <span class='ocrx_word' id='word_1_366' title='bbox 1709 3004 1920 3073; x_wconf 82' lang='lat' dir='ltr'><strong>Germ.,</strong></span> 
     </span>
    </p>
   </div>
   <div class='ocr_carea' id='block_1_47' title="bbox 320 3075 1924 3150">
    <p class='ocr_par' dir='ltr' id='par_1_47' title="bbox 320 3075 1924 3150">
     <span class='ocr_line' id='line_1_47' title="bbox 320 3075 1924 3150; baseline -0.006 -15"><span class='ocrx_word' id='word_1_367' title='bbox 320 3080 385 3135; x_wconf 84' lang='lat' dir='ltr'><strong>in</strong></span> <span class='ocrx_word' id='word_1_368' title='bbox 414 3079 610 3148; x_wconf 80' lang='lat' dir='ltr'><strong>quibus</strong></span> <span class='ocrx_word' id='word_1_369' title='bbox 633 3087 857 3150; x_wconf 79' lang='lat' dir='ltr'><strong>exstat:</strong></span> <span class='ocrx_word' id='word_1_370' title='bbox 887 3075 1059 3131; x_wconf 80' lang='lat' dir='ltr'><strong>Unum</strong></span> <span class='ocrx_word' id='word_1_371' title='bbox 1088 3088 1238 3150; x_wconf 77' lang='lat' dir='ltr'><strong>atque</strong></span> <span class='ocrx_word' id='word_1_372' title='bbox 1258 3077 1393 3150; x_wconf 83' lang='lat' dir='ltr'><strong>idem</strong></span> <span class='ocrx_word' id='word_1_373' title='bbox 1414 3077 1495 3150; x_wconf 79' lang='lat' dir='ltr'><strong>pie</strong></span> <span class='ocrx_word' id='word_1_374' title='bbox 1520 3079 1779 3148; x_wconf 82' lang='lat' dir='ltr'><strong>sapimus;</strong></span> <span class='ocrx_word' id='word_1_375' title='bbox 1801 3094 1924 3150; x_wconf 72' lang='lat' dir='ltr'><strong>rago</strong></span> 
     </span>
    </p>
   </div>
   <div class='ocr_carea' id='block_1_48' title="bbox 318 3146 1921 3219">
    <p class='ocr_par' dir='ltr' id='par_1_48' title="bbox 318 3146 1921 3219">
     <span class='ocr_line' id='line_1_48' title="bbox 318 3146 1921 3219; baseline -0.001 -14"><span class='ocrx_word' id='word_1_376' title='bbox 318 3161 385 3205; x_wconf 78' lang='lat' dir='ltr'><strong>ut</strong></span> <span class='ocrx_word' id='word_1_377' title='bbox 408 3146 568 3205; x_wconf 75' lang='lat' dir='ltr'><strong>unum</strong></span> <span class='ocrx_word' id='word_1_378' title='bbox 612 3157 764 3219; x_wconf 83' lang='lat' dir='ltr'><strong>atque</strong></span> <span class='ocrx_word' id='word_1_379' title='bbox 806 3149 941 3202; x_wconf 84' lang='lat' dir='ltr'><strong>idem</strong></span> <span class='ocrx_word' id='word_1_380' title='bbox 983 3146 1120 3219; x_wconf 86' lang='lat' dir='ltr'><strong>quod</strong></span> <span class='ocrx_word' id='word_1_381' title='bbox 1162 3148 1392 3217; x_wconf 75' lang='lat' dir='ltr'><strong>sapimus</strong></span> <span class='ocrx_word' id='word_1_382' title='bbox 1418 3147 1549 3202; x_wconf 84' lang='lat' dir='ltr'><strong>inter</strong></span> <span class='ocrx_word' id='word_1_383' title='bbox 1577 3146 1672 3201; x_wconf 79' lang='lat' dir='ltr'><strong>nos</strong></span> <span class='ocrx_word' id='word_1_384' title='bbox 1700 3164 1807 3204; x_wconf 83' lang='lat' dir='ltr'><strong>esse</strong></span> <span class='ocrx_word' id='word_1_385' title='bbox 1842 3146 1921 3203; x_wconf 65' lang='lat' dir='ltr'><strong>re-</strong></span> 
     </span>
    </p>
   </div>
   <div class='ocr_carea' id='block_1_49' title="bbox 321 3225 505 3279">
    <p class='ocr_par' dir='ltr' id='par_1_49' title="bbox 321 3225 505 3279">
     <span class='ocr_line' id='line_1_49' title="bbox 321 3225 505 3279; baseline -0.027 0"><span class='ocrx_word' id='word_1_386' title='bbox 321 3225 505 3279; x_wconf 79' lang='lat' dir='ltr'><strong>limus.</strong></span> 
     </span>
    </p>
   </div>
   <div class='ocr_carea' id='block_1_50' title="bbox 404 3290 1921 3366">
    <p class='ocr_par' dir='ltr' id='par_1_50' title="bbox 404 3290 1921 3366">
     <span class='ocr_line' id='line_1_50' title="bbox 404 3290 1921 3366; baseline -0.001 -20"><span class='ocrx_word' id='word_1_387' title='bbox 404 3296 478 3366; x_wconf 79' lang='grc' dir='ltr'><strong>(ε)</strong></span> <span class='ocrx_word' id='word_1_388' title='bbox 512 3291 578 3366; x_wconf 82' lang='lat' dir='ltr'><strong>Et</strong></span> <span class='ocrx_word' id='word_1_389' title='bbox 615 3290 707 3345; x_wconf 87' lang='lat' dir='ltr'><strong>hic</strong></span> <span class='ocrx_word' id='word_1_390' title='bbox 755 3290 1091 3366; x_wconf 83' lang='lat' dir='ltr'><strong>subnectitur</strong></span> <span class='ocrx_word' id='word_1_391' title='bbox 1135 3291 1188 3344; x_wconf 88' lang='lat' dir='ltr'><strong>in</strong></span> <span class='ocrx_word' id='word_1_392' title='bbox 1239 3305 1394 3366; x_wconf 87' lang='lat' dir='ltr'><strong>mss._</strong></span> <span class='ocrx_word' id='word_1_393' title='bbox 1420 3304 1565 3366; x_wconf 60' lang='lat' dir='ltr'><strong>saepe</strong></span> <span class='ocrx_word' id='word_1_394' title='bbox 1595 3290 1921 3366; x_wconf 77' lang='lat' dir='ltr'><strong>nominatis:</strong></span> 
     </span>
    </p>
   </div>
   <div class='ocr_carea' id='block_1_51' title="bbox 321 3362 1927 3433">
    <p class='ocr_par' dir='ltr' id='par_1_51' title="bbox 321 3362 1927 3433">
     <span class='ocr_line' id='line_1_51' title="bbox 321 3362 1927 3433; baseline -0.003 -12"><span class='ocrx_word' id='word_1_395' title='bbox 321 3362 477 3422; x_wconf 80' lang='lat' dir='ltr'><strong>Anne</strong></span> <span class='ocrx_word' id='word_1_396' title='bbox 496 3364 761 3433; x_wconf 82' lang='lat' dir='ltr'><strong>quisquam</strong></span> <span class='ocrx_word' id='word_1_397' title='bbox 787 3378 866 3415; x_wconf 86' lang='lat' dir='ltr'><strong>me</strong></span> <span class='ocrx_word' id='word_1_398' title='bbox 902 3363 1193 3417; x_wconf 80' lang='lat' dir='ltr'><strong>existimare</strong></span> <span class='ocrx_word' id='word_1_399' title='bbox 1232 3362 1416 3429; x_wconf 84' lang='lat' dir='ltr'><strong>poterit</strong></span> <span class='ocrx_word' id='word_1_400' title='bbox 1457 3362 1770 3433; x_wconf 72' lang='lat' dir='ltr'><strong>Itontteitsion</strong></span> <span class='ocrx_word' id='word_1_401' title='bbox 1800 3364 1927 3417; x_wconf 82' lang='lat' dir='ltr'><strong>velle</strong></span> 
     </span>
    </p>
   </div>
   <div class='ocr_carea' id='block_1_52' title="bbox 319 3431 1925 3506">
    <p class='ocr_par' dir='ltr' id='par_1_52' title="bbox 319 3431 1925 3506">
     <span class='ocr_line' id='line_1_52' title="bbox 319 3431 1925 3506; baseline -0.004 -12"><span class='ocrx_word' id='word_1_402' title='bbox 319 3438 602 3506; x_wconf 79' lang='lat' dir='ltr'><strong>suscipere,</strong></span> <span class='ocrx_word' id='word_1_403' title='bbox 619 3431 700 3487; x_wconf 42' lang='lat' dir='ltr'><strong>&#39;de</strong></span> <span class='ocrx_word' id='word_1_404' title='bbox 722 3450 823 3502; x_wconf 88' lang='lat' dir='ltr'><strong>quo</strong></span> <span class='ocrx_word' id='word_1_405' title='bbox 848 3433 946 3488; x_wconf 87' lang='lat' dir='ltr'><strong>ista</strong></span> <span class='ocrx_word' id='word_1_406' title='bbox 976 3435 1189 3490; x_wconf 79' lang='lat' dir='ltr'><strong>tractaui</strong></span> <span class='ocrx_word' id='word_1_407' title='bbox 1211 3433 1397 3503; x_wconf 69' lang='lat' dir='ltr'><strong>iquod</strong></span> <span class='ocrx_word' id='word_1_408' title='bbox 1425 3448 1548 3488; x_wconf 85' lang='lat' dir='ltr'><strong>cum</strong></span> <span class='ocrx_word' id='word_1_409' title='bbox 1575 3431 1925 3504; x_wconf 81' lang='lat' dir='ltr'><strong>apologeticis</strong></span> 
     </span>
    </p>
   </div>
   <div class='ocr_carea' id='block_1_53' title="bbox 321 3506 744 3564">
    <p class='ocr_par' dir='ltr' id='par_1_53' title="bbox 321 3506 744 3564">
     <span class='ocr_line' id='line_1_53' title="bbox 321 3506 744 3564; baseline -0.014 0"><span class='ocrx_word' id='word_1_410' title='bbox 321 3506 744 3564; x_wconf 63' lang='lat' dir='ltr'><strong>accensendum.</strong></span> 
     </span>
    </p>
   </div>
   <div class='ocr_carea' id='block_1_54' title="bbox 405 3575 1925 3651">
    <p class='ocr_par' dir='ltr' id='par_1_54' title="bbox 405 3575 1925 3651">
     <span class='ocr_line' id='line_1_54' title="bbox 405 3575 1925 3651; baseline -0.001 -20"><span class='ocrx_word' id='word_1_411' title='bbox 405 3581 484 3651; x_wconf 73' lang='grc' dir='ltr'><strong>(ά)</strong></span> <span class='ocrx_word' id='word_1_412' title='bbox 516 3579 607 3636; x_wconf 87' lang='lat' dir='ltr'><strong>Sic</strong></span> <span class='ocrx_word' id='word_1_413' title='bbox 641 3590 835 3645; x_wconf 84' lang='lat' dir='ltr'><strong>inagno</strong></span> <span class='ocrx_word' id='word_1_414' title='bbox 864 3590 1133 3631; x_wconf 86' lang='lat' dir='ltr'><strong>consensu</strong></span> <span class='ocrx_word' id='word_1_415' title='bbox 1167 3591 1327 3641; x_wconf 90' lang='lat' dir='ltr'><strong>mss.,</strong></span> <span class='ocrx_word' id='word_1_416' title='bbox 1356 3575 1544 3651; x_wconf 76' lang='lat' dir='ltr'><strong>idest:</strong></span> <span class='ocrx_word' id='word_1_417' title='bbox 1573 3589 1693 3630; x_wconf 90' lang='lat' dir='ltr'><strong>cum</strong></span> <span class='ocrx_word' id='word_1_418' title='bbox 1728 3577 1925 3631; x_wconf 81' lang='lat' dir='ltr'><strong>veritas</strong></span> 
     </span>
    </p>
   </div>
   <div class='ocr_carea' id='block_1_55' title="bbox 326 3647 1926 3719">
    <p class='ocr_par' dir='ltr' id='par_1_55' title="bbox 326 3647 1926 3719">
     <span class='ocr_line' id='line_1_55' title="bbox 326 3647 1926 3719; baseline -0.003 -12"><span class='ocrx_word' id='word_1_419' title='bbox 326 3647 536 3707; x_wconf 68' lang='lat' dir='ltr'><strong>natura:</strong></span> <span class='ocrx_word' id='word_1_420' title='bbox 562 3653 614 3703; x_wconf 90' lang='lat' dir='ltr'><strong>in</strong></span> <span class='ocrx_word' id='word_1_421' title='bbox 654 3656 1008 3719; x_wconf 16' lang='lat' dir='ltr'><strong>utroqueuest,</strong></span> <span class='ocrx_word' id='word_1_422' title='bbox 1044 3656 1328 3715; x_wconf 87' lang='lat' dir='ltr'><strong>utrumque</strong></span> <span class='ocrx_word' id='word_1_423' title='bbox 1370 3647 1499 3702; x_wconf 92' lang='lat' dir='ltr'><strong>illud</strong></span> <span class='ocrx_word' id='word_1_424' title='bbox 1542 3664 1646 3701; x_wconf 89' lang='lat' dir='ltr'><strong>non</strong></span> <span class='ocrx_word' id='word_1_425' title='bbox 1700 3655 1926 3719; x_wconf 77' lang='lat' dir='ltr'><strong>negatur</strong></span> 
     </span>
    </p>
   </div>
   <div class='ocr_carea' id='block_1_56' title="bbox 326 3717 1924 3791">
    <p class='ocr_par' dir='ltr' id='par_1_56' title="bbox 326 3717 1924 3791">
     <span class='ocr_line' id='line_1_56' title="bbox 326 3717 1924 3791; baseline -0.004 -14"><span class='ocrx_word' id='word_1_426' title='bbox 326 3722 683 3791; x_wconf 75' lang='lat' dir='ltr'><strong>liomousion.</strong></span> <span class='ocrx_word' id='word_1_427' title='bbox 722 3717 793 3774; x_wconf 80' lang='lat' dir='ltr'><strong>At</strong></span> <span class='ocrx_word' id='word_1_428' title='bbox 822 3718 971 3784; x_wconf 87' lang='lat' dir='ltr'><strong>editi,</strong></span> <span class='ocrx_word' id='word_1_429' title='bbox 1012 3736 1114 3774; x_wconf 85' lang='lat' dir='ltr'><strong>non</strong></span> <span class='ocrx_word' id='word_1_430' title='bbox 1157 3730 1369 3791; x_wconf 76' lang='lat' dir='ltr'><strong>negatur</strong></span> <span class='ocrx_word' id='word_1_431' title='bbox 1395 3719 1719 3791; x_wconf 77' lang='lat' dir='ltr'><strong>liomwasios.</strong></span> <span class='ocrx_word' id='word_1_432' title='bbox 1756 3717 1924 3773; x_wconf 77' lang='lat' dir='ltr'><strong>Porro</strong></span> 
     </span>
    </p>
   </div>
   <div class='ocr_carea' id='block_1_57' title="bbox 327 3788 1925 3860">
    <p class='ocr_par' dir='ltr' id='par_1_57' title="bbox 327 3788 1925 3860">
     <span class='ocr_line' id='line_1_57' title="bbox 327 3788 1925 3860; baseline -0.003 -11"><span class='ocrx_word' id='word_1_433' title='bbox 327 3795 386 3849; x_wconf 89' lang='lat' dir='ltr'><strong>in</strong></span> <span class='ocrx_word' id='word_1_434' title='bbox 429 3810 518 3860; x_wconf 87' lang='lat' dir='ltr'><strong>eo,</strong></span> <span class='ocrx_word' id='word_1_435' title='bbox 548 3790 690 3860; x_wconf 86' lang='lat' dir='ltr'><strong>quod</strong></span> <span class='ocrx_word' id='word_1_436' title='bbox 730 3791 1100 3855; x_wconf 83' lang='lat' dir='ltr'><strong>subsequitur,</strong></span> <span class='ocrx_word' id='word_1_437' title='bbox 1146 3788 1394 3859; x_wconf 69' lang='lat' dir='ltr'><strong>prebatio</strong></span> <span class='ocrx_word' id='word_1_438' title='bbox 1425 3788 1651 3844; x_wconf 75' lang='lat' dir='ltr'><strong>habetur</strong></span> <span class='ocrx_word' id='word_1_439' title='bbox 1682 3790 1925 3859; x_wconf 85' lang='lat' dir='ltr'><strong>superio-</strong></span> 
     </span>
    </p>
   </div>
   <div class='ocr_carea' id='block_1_58' title="bbox 325 3859 1919 3934">
    <p class='ocr_par' dir='ltr' id='par_1_58' title="bbox 325 3859 1919 3934">
     <span class='ocr_line' id='line_1_58' title="bbox 325 3859 1919 3934; baseline -0.004 -14"><span class='ocrx_word' id='word_1_440' title='bbox 325 3866 406 3920; x_wconf 85' lang='lat' dir='ltr'><strong>ris</strong></span> <span class='ocrx_word' id='word_1_441' title='bbox 435 3859 844 3934; x_wconf 84' lang='lat' dir='ltr'><strong>prupositionis,</strong></span> <span class='ocrx_word' id='word_1_442' title='bbox 891 3859 1192 3917; x_wconf 87' lang='lat' dir='ltr'><strong>Similitudo</strong></span> <span class='ocrx_word' id='word_1_443' title='bbox 1226 3877 1342 3916; x_wconf 84' lang='lat' dir='ltr'><strong>vera</strong></span> <span class='ocrx_word' id='word_1_444' title='bbox 1360 3879 1380 3929; x_wconf 86' lang='lat'><strong><em>;</em></strong></span> <span class='ocrx_word' id='word_1_445' title='bbox 1404 3878 1509 3917; x_wconf 91' lang='lat' dir='ltr'><strong>non</strong></span> <span class='ocrx_word' id='word_1_446' title='bbox 1538 3862 1795 3931; x_wconf 73' lang='lat' dir='ltr'><strong>proxima:</strong></span> <span class='ocrx_word' id='word_1_447' title='bbox 1821 3861 1919 3915; x_wconf 89' lang='lat' dir='ltr'><strong>hu-</strong></span> 
     </span>
    </p>
   </div>
   <div class='ocr_carea' id='block_1_59' title="bbox 321 3937 845 4007">
    <p class='ocr_par' dir='ltr' id='par_1_59' title="bbox 321 3937 845 4007">
     <span class='ocr_line' id='line_1_59' title="bbox 321 3937 845 4007; baseline -0.01 -16"><span class='ocrx_word' id='word_1_448' title='bbox 321 3937 435 4007; x_wconf 81' lang='lat' dir='ltr'><strong>jus,</strong></span> <span class='ocrx_word' id='word_1_449' title='bbox 463 3939 641 4007; x_wconf 78' lang='lat' dir='ltr'><strong>ueritas</strong></span> <span class='ocrx_word' id='word_1_450' title='bbox 661 3942 845 4007; x_wconf 61' lang='lat' dir='ltr'><strong>autqn.</strong></span> 
     </span>
    </p>
   </div>
   <div class='ocr_carea' id='block_1_60' title="bbox 405 4003 1924 4078">
    <p class='ocr_par' dir='ltr' id='par_1_60' title="bbox 405 4003 1924 4078">
     <span class='ocr_line' id='line_1_60' title="bbox 405 4003 1924 4078; baseline -0.003 -16"><span class='ocrx_word' id='word_1_451' title='bbox 405 4006 478 4078; x_wconf 87' lang='lat' dir='ltr'><strong>(e)</strong></span> <span class='ocrx_word' id='word_1_452' title='bbox 500 4006 646 4075; x_wconf 79' lang='lat' dir='ltr'><strong>Lips.</strong></span> <span class='ocrx_word' id='word_1_453' title='bbox 676 4014 730 4078; x_wconf 73' lang='lat' dir='ltr'><strong>et</strong></span> <span class='ocrx_word' id='word_1_454' title='bbox 759 4003 906 4072; x_wconf 87' lang='lat' dir='ltr'><strong>Par.,</strong></span> <span class='ocrx_word' id='word_1_455' title='bbox 958 4015 1129 4078; x_wconf 51' lang='lat' dir='ltr'><strong>gustu:</strong></span> <span class='ocrx_word' id='word_1_456' title='bbox 1157 4003 1380 4078; x_wconf 71' lang='lat' dir='ltr'><strong>Carnut.</strong></span> <span class='ocrx_word' id='word_1_457' title='bbox 1412 4018 1537 4069; x_wconf 89' lang='lat' dir='ltr'><strong>ms.,</strong></span> <span class='ocrx_word' id='word_1_458' title='bbox 1567 4004 1924 4078; x_wconf 14' lang='lat' dir='ltr'><strong>gustatoualle-</strong></span> 
     </span>
    </p>
   </div>
   <div class='ocr_carea' id='block_1_61' title="bbox 326 4074 1920 4152">
    <p class='ocr_par' dir='ltr' id='par_1_61' title="bbox 326 4074 1920 4152">
     <span class='ocr_line' id='line_1_61' title="bbox 326 4074 1920 4152; baseline -0.002 -17"><span class='ocrx_word' id='word_1_459' title='bbox 326 4074 437 4152; x_wconf 76' lang='lat' dir='ltr'><strong>rius</strong></span> <span class='ocrx_word' id='word_1_460' title='bbox 451 4074 650 4152; x_wconf 64' lang='lat' dir='ltr'><strong>generis</strong></span> <span class='ocrx_word' id='word_1_461' title='bbox 668 4074 865 4152; x_wconf 80' lang='lat' dir='ltr'><strong>liquore</strong></span> <span class='ocrx_word' id='word_1_462' title='bbox 878 4092 897 4130; x_wconf 93' lang='lat'><strong><em>:</em></strong></span> <span class='ocrx_word' id='word_1_463' title='bbox 911 4075 1068 4129; x_wconf 88' lang='lat' dir='ltr'><strong>male.</strong></span> <span class='ocrx_word' id='word_1_464' title='bbox 1086 4075 1219 4130; x_wconf 87' lang='lat' dir='ltr'><strong>Nam</strong></span> <span class='ocrx_word' id='word_1_465' title='bbox 1240 4074 1557 4152; x_wconf 78' lang='lat' dir='ltr'><strong>hoeipsum.</strong></span> <span class='ocrx_word' id='word_1_466' title='bbox 1574 4078 1715 4143; x_wconf 81' lang='lat' dir='ltr'><strong>quod</strong></span> <span class='ocrx_word' id='word_1_467' title='bbox 1737 4076 1785 4128; x_wconf 90' lang='lat' dir='ltr'><strong>vi</strong></span> <span class='ocrx_word' id='word_1_468' title='bbox 1793 4092 1920 4152; x_wconf 80' lang='lat' dir='ltr'><strong>num</strong></span> 
     </span>
    </p>
   </div>
   <div class='ocr_carea' id='block_1_62' title="bbox 330 4147 1918 4217">
    <p class='ocr_par' dir='ltr' id='par_1_62' title="bbox 330 4147 1918 4217">
     <span class='ocr_line' id='line_1_62' title="bbox 330 4147 1918 4217; baseline -0.003 -10"><span class='ocrx_word' id='word_1_469' title='bbox 330 4147 631 4207; x_wconf 76' lang='lat' dir='ltr'><strong>videbatur.</strong></span> <span class='ocrx_word' id='word_1_470' title='bbox 642 4147 821 4201; x_wconf 88' lang='lat' dir='ltr'><strong>viuum</strong></span> <span class='ocrx_word' id='word_1_471' title='bbox 836 4163 939 4202; x_wconf 90' lang='lat' dir='ltr'><strong>non</strong></span> <span class='ocrx_word' id='word_1_472' title='bbox 953 4161 1074 4202; x_wconf 88' lang='lat' dir='ltr'><strong>esse</strong></span> <span class='ocrx_word' id='word_1_473' title='bbox 1086 4157 1298 4217; x_wconf 86' lang='lat' dir='ltr'><strong>gustatu</strong></span> <span class='ocrx_word' id='word_1_474' title='bbox 1312 4147 1439 4201; x_wconf 89' lang='lat' dir='ltr'><strong>dicit</strong></span> <span class='ocrx_word' id='word_1_475' title='bbox 1452 4162 1510 4200; x_wconf 89' lang='lat' dir='ltr'><strong>se</strong></span> <span class='ocrx_word' id='word_1_476' title='bbox 1525 4148 1918 4215; x_wconf 81' lang='lat' dir='ltr'><strong>recognovisse.</strong></span> 
     </span>
    </p>
   </div>
   <div class='ocr_carea' id='block_1_63' title="bbox 401 4217 1923 4293">
    <p class='ocr_par' dir='ltr' id='par_1_63' title="bbox 401 4217 1923 4293">
     <span class='ocr_line' id='line_1_63' title="bbox 401 4217 1923 4293; baseline -0.001 -17"><span class='ocrx_word' id='word_1_477' title='bbox 401 4220 472 4293; x_wconf 68' lang='grc' dir='ltr'><strong>(Γ)</strong></span> <span class='ocrx_word' id='word_1_478' title='bbox 499 4218 792 4293; x_wconf 59' lang='lat' dir='ltr'><strong>Mss.&quot;l‘eli.</strong></span> <span class='ocrx_word' id='word_1_479' title='bbox 812 4257 827 4285; x_wconf 91' lang='lat'><strong>,</strong></span> <span class='ocrx_word' id='word_1_480' title='bbox 879 4217 1037 4293; x_wconf 75' lang='lat' dir='ltr'><strong>Mich.</strong></span> <span class='ocrx_word' id='word_1_481' title='bbox 1066 4227 1123 4293; x_wconf 69' lang='lat' dir='ltr'><strong>et.</strong></span> <span class='ocrx_word' id='word_1_482' title='bbox 1152 4220 1311 4293; x_wconf 70' lang='lat' dir='ltr'><strong>tiaru.</strong></span> <span class='ocrx_word' id='word_1_483' title='bbox 1357 4217 1741 4293; x_wconf 56' lang='lat' dir='ltr'><strong>similitudinem</strong></span> <span class='ocrx_word' id='word_1_484' title='bbox 1760 4235 1923 4293; x_wconf 73' lang='lat' dir='ltr'><strong>sapor</strong></span> 
     </span>
    </p>
   </div>
   <div class='ocr_carea' id='block_1_64' title="bbox 329 4286 1919 4364">
    <p class='ocr_par' dir='ltr' id='par_1_64' title="bbox 329 4286 1919 4364">
     <span class='ocr_line' id='line_1_64' title="bbox 329 4286 1919 4364; baseline -0.001 -17"><span class='ocrx_word' id='word_1_485' title='bbox 329 4286 581 4364; x_wconf 65' lang='lat' dir='ltr'><strong>prodidit.</strong></span> <span class='ocrx_word' id='word_1_486' title='bbox 626 4290 794 4364; x_wconf 75' lang='lat' dir='ltr'><strong>Magis</strong></span> <span class='ocrx_word' id='word_1_487' title='bbox 842 4290 1013 4364; x_wconf 75' lang='lat' dir='ltr'><strong>placet</strong></span> <span class='ocrx_word' id='word_1_488' title='bbox 1040 4286 1524 4364; x_wconf 63' lang='lat' dir='ltr'><strong>dissimilitudinem.</strong></span> <span class='ocrx_word' id='word_1_489' title='bbox 1574 4287 1711 4344; x_wconf 83' lang='lat' dir='ltr'><strong>Tum</strong></span> <span class='ocrx_word' id='word_1_490' title='bbox 1759 4286 1919 4364; x_wconf 69' lang='lat' dir='ltr'><strong>iidem</strong></span> 
     </span>
    </p>
   </div>
   <div class='ocr_carea' id='block_1_65' title="bbox 328 4358 1921 4431">
    <p class='ocr_par' dir='ltr' id='par_1_65' title="bbox 328 4358 1921 4431">
     <span class='ocr_line' id='line_1_65' title="bbox 328 4358 1921 4431; baseline -0.003 -11"><span class='ocrx_word' id='word_1_491' title='bbox 328 4358 465 4420; x_wconf 71' lang='lat' dir='ltr'><strong>inse.</strong></span> <span class='ocrx_word' id='word_1_492' title='bbox 492 4379 614 4418; x_wconf 87' lang='lat' dir='ltr'><strong>cum</strong></span> <span class='ocrx_word' id='word_1_493' title='bbox 644 4362 813 4415; x_wconf 82' lang='lat' dir='ltr'><strong>altero</strong></span> <span class='ocrx_word' id='word_1_494' title='bbox 834 4359 992 4415; x_wconf 79' lang='lat' dir='ltr'><strong>Caru.</strong></span> <span class='ocrx_word' id='word_1_495' title='bbox 1029 4372 1083 4415; x_wconf 84' lang='lat' dir='ltr'><strong>et</strong></span> <span class='ocrx_word' id='word_1_496' title='bbox 1111 4360 1322 4431; x_wconf 84' lang='lat' dir='ltr'><strong>Retnig.</strong></span> <span class='ocrx_word' id='word_1_497' title='bbox 1351 4360 1682 4430; x_wconf 84' lang='lat' dir='ltr'><strong>subjungunt</strong></span> <span class='ocrx_word' id='word_1_498' title='bbox 1714 4378 1726 4413; x_wconf 90' lang='lat'><strong>:</strong></span> <span class='ocrx_word' id='word_1_499' title='bbox 1756 4358 1921 4415; x_wconf 84' lang='lat' dir='ltr'><strong>Num-</strong></span> 
     </span>
    </p>
   </div>
   <div class='ocr_carea' id='block_1_66' title="bbox 365 4431 1921 4503">
    <p class='ocr_par' dir='ltr' id='par_1_66' title="bbox 365 4431 1921 4503">
     <span class='ocr_line' id='line_1_66' title="bbox 365 4431 1921 4503; baseline 0 -16"><span class='ocrx_word' id='word_1_500' title='bbox 365 4436 453 4490; x_wconf 82' lang='lat' dir='ltr'><strong>uid</strong></span> <span class='ocrx_word' id='word_1_501' title='bbox 477 4444 526 4490; x_wconf 86' lang='lat' dir='ltr'><strong>et</strong></span> <span class='ocrx_word' id='word_1_502' title='bbox 557 4435 639 4487; x_wconf 85' lang='lat' dir='ltr'><strong>hic</strong></span> <span class='ocrx_word' id='word_1_503' title='bbox 661 4432 1012 4486; x_wconf 83' lang='lat' dir='ltr'><strong>similitudinis</strong></span> <span class='ocrx_word' id='word_1_504' title='bbox 1052 4432 1313 4502; x_wconf 79' lang='lat' dir='ltr'><strong>negligens</strong></span> <span class='ocrx_word' id='word_1_505' title='bbox 1340 4432 1416 4501; x_wconf 80' lang='lat' dir='ltr'><strong>fui</strong></span> <span class='ocrx_word' id='word_1_506' title='bbox 1436 4433 1460 4485; x_wconf 72' lang='grc' dir='ltr'><strong><em>Ρ</em></strong></span> <span class='ocrx_word' id='word_1_507' title='bbox 1484 4432 1648 4486; x_wconf 86' lang='lat' dir='ltr'><strong>verba</strong></span> <span class='ocrx_word' id='word_1_508' title='bbox 1679 4431 1745 4485; x_wconf 88' lang='lat' dir='ltr'><strong>ad</strong></span> <span class='ocrx_word' id='word_1_509' title='bbox 1777 4434 1921 4503; x_wconf 79' lang='lat' dir='ltr'><strong>Apo-</strong></span> 
     </span>
    </p>
   </div>
   <div class='ocr_carea' id='block_1_67' title="bbox 351 4503 1917 4576">
    <p class='ocr_par' dir='ltr' id='par_1_67' title="bbox 351 4503 1917 4576">
     <span class='ocr_line' id='line_1_67' title="bbox 351 4503 1917 4576; baseline -0.003 -15"><span class='ocrx_word' id='word_1_510' title='bbox 351 4508 527 4576; x_wconf 77' lang='lat' dir='ltr'><strong>ogiam</strong></span> <span class='ocrx_word' id='word_1_511' title='bbox 582 4503 923 4574; x_wconf 84' lang='lat' dir='ltr'><strong>pertinentia,</strong></span> <span class='ocrx_word' id='word_1_512' title='bbox 952 4519 1071 4574; x_wconf 82' lang='lat' dir='ltr'><strong>quae</strong></span> <span class='ocrx_word' id='word_1_513' title='bbox 1126 4507 1178 4557; x_wconf 89' lang='lat' dir='ltr'><strong>in</strong></span> <span class='ocrx_word' id='word_1_514' title='bbox 1228 4511 1544 4573; x_wconf 81' lang='lat' dir='ltr'><strong>sequentem</strong></span> <span class='ocrx_word' id='word_1_515' title='bbox 1593 4506 1917 4558; x_wconf 88' lang='lat' dir='ltr'><strong>sententiam</strong></span> 
     </span>
    </p>
   </div>
   <div class='ocr_carea' id='block_1_68' title="bbox 328 4576 753 4647">
    <p class='ocr_par' dir='ltr' id='par_1_68' title="bbox 328 4576 753 4647">
     <span class='ocr_line' id='line_1_68' title="bbox 328 4576 753 4647; baseline -0.012 -15"><span class='ocrx_word' id='word_1_516' title='bbox 328 4580 509 4647; x_wconf 86' lang='lat' dir='ltr'><strong>aptius</strong></span> <span class='ocrx_word' id='word_1_517' title='bbox 534 4576 753 4631; x_wconf 89' lang='lat' dir='ltr'><strong>cadunt.</strong></span> 
     </span>
    </p>
   </div>
   <div class='ocr_carea' id='block_1_69' title="bbox 403 4644 1922 4721">
    <p class='ocr_par' dir='ltr' id='par_1_69' title="bbox 403 4644 1922 4721">
     <span class='ocr_line' id='line_1_69' title="bbox 403 4644 1922 4721; baseline -0.001 -18"><span class='ocrx_word' id='word_1_518' title='bbox 403 4648 483 4721; x_wconf 83' lang='lat' dir='ltr'><strong>(g)</strong></span> <span class='ocrx_word' id='word_1_519' title='bbox 512 4648 744 4721; x_wconf 76' lang='lat' dir='ltr'><strong>Lipsius,</strong></span> <span class='ocrx_word' id='word_1_520' title='bbox 781 4662 883 4721; x_wconf 82' lang='lat' dir='ltr'><strong>non</strong></span> <span class='ocrx_word' id='word_1_521' title='bbox 929 4655 1120 4712; x_wconf 84' lang='lat' dir='ltr'><strong>metuo,</strong></span> <span class='ocrx_word' id='word_1_522' title='bbox 1149 4644 1412 4721; x_wconf 85' lang='lat' dir='ltr'><strong>particula</strong></span> <span class='ocrx_word' id='word_1_523' title='bbox 1450 4653 1678 4721; x_wconf 80' lang='lat' dir='ltr'><strong>negante</strong></span> <span class='ocrx_word' id='word_1_524' title='bbox 1720 4645 1922 4721; x_wconf 24' lang='lat' dir='ltr'><strong>de‘suo</strong></span> 
     </span>
    </p>
   </div>
   <div class='ocr_carea' id='block_1_70' title="bbox 328 4716 1920 4791">
    <p class='ocr_par' dir='ltr' id='par_1_70' title="bbox 328 4716 1920 4791">
     <span class='ocr_line' id='line_1_70' title="bbox 328 4716 1920 4791; baseline -0.001 -18"><span class='ocrx_word' id='word_1_525' title='bbox 328 4716 500 4791; x_wconf 65' lang='lat' dir='ltr'><strong>prave</strong></span> <span class='ocrx_word' id='word_1_526' title='bbox 519 4719 719 4776; x_wconf 83' lang='lat' dir='ltr'><strong>addita.</strong></span> <span class='ocrx_word' id='word_1_527' title='bbox 754 4717 872 4771; x_wconf 90' lang='lat' dir='ltr'><strong>sine</strong></span> <span class='ocrx_word' id='word_1_528' title='bbox 915 4731 1020 4787; x_wconf 88' lang='lat' dir='ltr'><strong>qua</strong></span> <span class='ocrx_word' id='word_1_529' title='bbox 1063 4720 1311 4787; x_wconf 88' lang='lat' dir='ltr'><strong>superius</strong></span> <span class='ocrx_word' id='word_1_530' title='bbox 1337 4718 1443 4787; x_wconf 87' lang='lat' dir='ltr'><strong>jam</strong></span> <span class='ocrx_word' id='word_1_531' title='bbox 1473 4717 1713 4791; x_wconf 78' lang='lat' dir='ltr'><strong>legerat:</strong></span> <span class='ocrx_word' id='word_1_532' title='bbox 1747 4716 1920 4791; x_wconf 82' lang='lat' dir='ltr'><strong>Timeo</strong></span> 
     </span>
    </p>
   </div>
   <div class='ocr_carea' id='block_1_71' title="bbox 326 4789 1919 4858">
    <p class='ocr_par' dir='ltr' id='par_1_71' title="bbox 326 4789 1919 4858">
     <span class='ocr_line' id='line_1_71' title="bbox 326 4789 1919 4858; baseline -0.001 -13"><span class='ocrx_word' id='word_1_533' title='bbox 326 4789 516 4845; x_wconf 75' lang='lat' dir='ltr'><strong>aurum</strong></span> <span class='ocrx_word' id='word_1_534' title='bbox 565 4792 822 4854; x_wconf 67' lang='lat' dir='ltr'><strong>bracteie;</strong></span> <span class='ocrx_word' id='word_1_535' title='bbox 852 4804 1028 4858; x_wconf 88' lang='lat' dir='ltr'><strong>neque</strong></span> <span class='ocrx_word' id='word_1_536' title='bbox 1062 4799 1238 4843; x_wconf 87' lang='lat' dir='ltr'><strong>tamen</strong></span> <span class='ocrx_word' id='word_1_537' title='bbox 1272 4792 1325 4844; x_wconf 87' lang='lat' dir='ltr'><strong>in</strong></span> <span class='ocrx_word' id='word_1_538' title='bbox 1358 4789 1745 4857; x_wconf 77' lang='lat' dir='ltr'><strong>posterioribus</strong></span> <span class='ocrx_word' id='word_1_539' title='bbox 1786 4790 1919 4844; x_wconf 88' lang='lat' dir='ltr'><strong>edit.</strong></span> 
     </span>
    </p>
   </div>
   <div class='ocr_carea' id='block_1_72' title="bbox 327 4860 770 4932">
    <p class='ocr_par' dir='ltr' id='par_1_72' title="bbox 327 4860 770 4932">
     <span class='ocr_line' id='line_1_72' title="bbox 327 4860 770 4932; baseline -0.014 -14"><span class='ocrx_word' id='word_1_540' title='bbox 327 4864 623 4932; x_wconf 79' lang='lat' dir='ltr'><strong>castigatus</strong></span> <span class='ocrx_word' id='word_1_541' title='bbox 655 4860 770 4913; x_wconf 79' lang='lat' dir='ltr'><strong>fuit.</strong></span> 
     </span>
    </p>
   </div>
   <div class='ocr_carea' id='block_1_73' title="bbox 404 4928 1922 5005">
    <p class='ocr_par' dir='ltr' id='par_1_73' title="bbox 404 4928 1922 5005">
     <span class='ocr_line' id='line_1_73' title="bbox 404 4928 1922 5005; baseline 0 -20"><span class='ocrx_word' id='word_1_542' title='bbox 404 4928 761 5005; x_wconf 59' lang='lat' dir='ltr'><strong>(IriSietnss.</strong></span> <span class='ocrx_word' id='word_1_543' title='bbox 791 4928 929 5005; x_wconf 72' lang='lat' dir='ltr'><strong>Editi</strong></span> <span class='ocrx_word' id='word_1_544' title='bbox 960 4947 1109 5005; x_wconf 67' lang='lat' dir='ltr'><strong>vero,</strong></span> <span class='ocrx_word' id='word_1_545' title='bbox 1140 4931 1341 5005; x_wconf 80' lang='lat' dir='ltr'><strong>etquid</strong></span> <span class='ocrx_word' id='word_1_546' title='bbox 1362 4946 1532 5005; x_wconf 72' lang='lat' dir='ltr'><strong>uerear</strong></span> <span class='ocrx_word' id='word_1_547' title='bbox 1554 4931 1773 5005; x_wconf 81' lang='lat' dir='ltr'><strong>edicam.</strong></span> <span class='ocrx_word' id='word_1_548' title='bbox 1799 4930 1922 5005; x_wconf 71' lang='lat' dir='ltr'><strong>lam</strong></span> 
     </span>
    </p>
   </div>
   <div class='ocr_carea' id='block_1_74' title="bbox 328 5000 1925 5074">
    <p class='ocr_par' dir='ltr' id='par_1_74' title="bbox 328 5000 1925 5074">
     <span class='ocr_line' id='line_1_74' title="bbox 328 5000 1925 5074; baseline -0.001 -15"><span class='ocrx_word' id='word_1_549' title='bbox 328 5014 380 5060; x_wconf 86' lang='lat' dir='ltr'><strong>et</strong></span> <span class='ocrx_word' id='word_1_550' title='bbox 409 5000 529 5074; x_wconf 77' lang='lat' dir='ltr'><strong>legi.</strong></span> <span class='ocrx_word' id='word_1_551' title='bbox 562 5001 692 5065; x_wconf 67' lang='lat' dir='ltr'><strong>bii/ti</strong></span> <span class='ocrx_word' id='word_1_552' title='bbox 720 5001 940 5074; x_wconf 74' lang='lat' dir='ltr'><strong>quidem.</strong></span> <span class='ocrx_word' id='word_1_553' title='bbox 967 5001 1084 5056; x_wconf 88' lang='lat' dir='ltr'><strong>.Iam</strong></span> <span class='ocrx_word' id='word_1_554' title='bbox 1110 5000 1238 5071; x_wconf 82' lang='lat' dir='ltr'><strong>legit</strong></span> <span class='ocrx_word' id='word_1_555' title='bbox 1267 5000 1533 5073; x_wconf 80' lang='lat' dir='ltr'><strong>superius.</strong></span> <span class='ocrx_word' id='word_1_556' title='bbox 1562 5003 1703 5074; x_wconf 86' lang='lat' dir='ltr'><strong>quod</strong></span> <span class='ocrx_word' id='word_1_557' title='bbox 1736 5003 1821 5057; x_wconf 82' lang='lat' dir='ltr'><strong>hic</strong></span> <span class='ocrx_word' id='word_1_558' title='bbox 1843 5002 1925 5057; x_wconf 88' lang='lat' dir='ltr'><strong>di-</strong></span> 
     </span>
    </p>
   </div>
   <div class='ocr_carea' id='block_1_75' title="bbox 327 5071 1924 5143">
    <p class='ocr_par' dir='ltr' id='par_1_75' title="bbox 327 5071 1924 5143">
     <span class='ocr_line' id='line_1_75' title="bbox 327 5071 1924 5143; baseline -0.001 -13"><span class='ocrx_word' id='word_1_559' title='bbox 327 5076 405 5133; x_wconf 88' lang='lat' dir='ltr'><strong>cit</strong></span> <span class='ocrx_word' id='word_1_560' title='bbox 427 5071 489 5129; x_wconf 80' lang='lat' dir='ltr'><strong>se</strong></span> <span class='ocrx_word' id='word_1_561' title='bbox 518 5074 713 5129; x_wconf 90' lang='lat' dir='ltr'><strong>vereri.</strong></span> <span class='ocrx_word' id='word_1_562' title='bbox 749 5071 924 5128; x_wconf 82' lang='lat' dir='ltr'><strong>Timet</strong></span> <span class='ocrx_word' id='word_1_563' title='bbox 951 5078 1148 5143; x_wconf 82' lang='lat' dir='ltr'><strong>quippe</strong></span> <span class='ocrx_word' id='word_1_564' title='bbox 1178 5090 1243 5127; x_wconf 88' lang='lat' dir='ltr'><strong>ne</strong></span> <span class='ocrx_word' id='word_1_565' title='bbox 1280 5071 1384 5127; x_wconf 85' lang='lat' dir='ltr'><strong>non</strong></span> <span class='ocrx_word' id='word_1_566' title='bbox 1415 5076 1624 5127; x_wconf 88' lang='lat' dir='ltr'><strong>sincera</strong></span> <span class='ocrx_word' id='word_1_567' title='bbox 1646 5072 1715 5127; x_wconf 87' lang='lat' dir='ltr'><strong>sit</strong></span> <span class='ocrx_word' id='word_1_568' title='bbox 1736 5075 1924 5129; x_wconf 84' lang='lat' dir='ltr'><strong>Orien-</strong></span> 
     </span>
    </p>
   </div>
   <div class='ocr_carea' id='block_1_76' title="bbox 328 5143 1917 5216">
    <p class='ocr_par' dir='ltr' id='par_1_76' title="bbox 328 5143 1917 5216">
     <span class='ocr_line' id='line_1_76' title="bbox 328 5143 1917 5216; baseline -0.001 -15"><span class='ocrx_word' id='word_1_569' title='bbox 328 5148 521 5209; x_wconf 79' lang='lat' dir='ltr'><strong>talium</strong></span> <span class='ocrx_word' id='word_1_570' title='bbox 574 5146 746 5210; x_wconf 86' lang='lat' dir='ltr'><strong>lides;</strong></span> <span class='ocrx_word' id='word_1_571' title='bbox 777 5143 900 5216; x_wconf 83' lang='lat' dir='ltr'><strong>quia</strong></span> <span class='ocrx_word' id='word_1_572' title='bbox 928 5143 1159 5216; x_wconf 65' lang='lat' dir='ltr'><strong>Ancyrae</strong></span> <span class='ocrx_word' id='word_1_573' title='bbox 1202 5145 1526 5216; x_wconf 85' lang='lat' dir='ltr'><strong>damnarunt</strong></span> <span class='ocrx_word' id='word_1_574' title='bbox 1583 5145 1917 5201; x_wconf 87' lang='lat' dir='ltr'><strong>homonsion.</strong></span> 
     </span>
    </p>
   </div>
   <div class='ocr_carea' id='block_1_77' title="bbox 327 5214 1922 5284">
    <p class='ocr_par' dir='ltr' id='par_1_77' title="bbox 327 5214 1922 5284">
     <span class='ocr_line' id='line_1_77' title="bbox 327 5214 1922 5284; baseline 0 -12"><span class='ocrx_word' id='word_1_575' title='bbox 327 5216 448 5272; x_wconf 79' lang='lat' dir='ltr'><strong>Hoc</strong></span> <span class='ocrx_word' id='word_1_576' title='bbox 477 5226 653 5272; x_wconf 87' lang='lat' dir='ltr'><strong>autem</strong></span> <span class='ocrx_word' id='word_1_577' title='bbox 686 5217 790 5269; x_wconf 87' lang='lat' dir='ltr'><strong>illis</strong></span> <span class='ocrx_word' id='word_1_578' title='bbox 817 5215 927 5283; x_wconf 84' lang='lat' dir='ltr'><strong>jam</strong></span> <span class='ocrx_word' id='word_1_579' title='bbox 982 5214 1130 5270; x_wconf 79' lang='lat' dir='ltr'><strong>num.</strong></span> <span class='ocrx_word' id='word_1_580' title='bbox 1163 5216 1227 5269; x_wconf 82' lang='lat' dir='ltr'><strong>8i</strong></span> <span class='ocrx_word' id='word_1_581' title='bbox 1272 5214 1624 5284; x_wconf 79' lang='lat' dir='ltr'><strong>exprobravit</strong></span> <span class='ocrx_word' id='word_1_582' title='bbox 1672 5218 1727 5271; x_wconf 90' lang='lat' dir='ltr'><strong>in</strong></span> <span class='ocrx_word' id='word_1_583' title='bbox 1781 5219 1922 5272; x_wconf 89' lang='lat' dir='ltr'><strong>hunc</strong></span> 
     </span>
    </p>
   </div>
   <div class='ocr_carea' id='block_1_78' title="bbox 328 5285 1923 5356">
    <p class='ocr_par' dir='ltr' id='par_1_78' title="bbox 328 5285 1923 5356">
     <span class='ocr_line' id='line_1_78' title="bbox 328 5285 1923 5356; baseline -0.002 -12"><span class='ocrx_word' id='word_1_584' title='bbox 328 5285 552 5344; x_wconf 84' lang='lat' dir='ltr'><strong>modum</strong></span> <span class='ocrx_word' id='word_1_585' title='bbox 606 5306 619 5343; x_wconf 86' lang='lat'><strong>:</strong></span> <span class='ocrx_word' id='word_1_586' title='bbox 668 5285 808 5353; x_wconf 82' lang='lat' dir='ltr'><strong>Quid</strong></span> <span class='ocrx_word' id='word_1_587' title='bbox 870 5289 1023 5356; x_wconf 76' lang='lat' dir='ltr'><strong>ﬁdem</strong></span> <span class='ocrx_word' id='word_1_588' title='bbox 1079 5303 1240 5342; x_wconf 71' lang='lat' dir='ltr'><strong>meum</strong></span> <span class='ocrx_word' id='word_1_589' title='bbox 1302 5288 1356 5340; x_wconf 84' lang='lat' dir='ltr'><strong>in</strong></span> <span class='ocrx_word' id='word_1_590' title='bbox 1414 5287 1715 5341; x_wconf 80' lang='lat' dir='ltr'><strong>ltomousion</strong></span> <span class='ocrx_word' id='word_1_591' title='bbox 1778 5288 1923 5341; x_wconf 82' lang='lat' dir='ltr'><strong>dam-</strong></span> 
     </span>
    </p>
   </div>
   <div class='ocr_carea' id='block_1_79' title="bbox 328 5368 959 5425">
    <p class='ocr_par' dir='ltr' id='par_1_79' title="bbox 328 5368 959 5425">
     <span class='ocr_line' id='line_1_79' title="bbox 328 5368 959 5425; baseline 0.003 -12"><span class='ocrx_word' id='word_1_592' title='bbox 328 5376 447 5425; x_wconf 84' lang='lat' dir='ltr'><strong>nas,</strong></span> <span class='ocrx_word' id='word_1_593' title='bbox 473 5368 577 5415; x_wconf 86' lang='lat' dir='ltr'><strong>etc.</strong></span> <span class='ocrx_word' id='word_1_594' title='bbox 954 5410 959 5415; x_wconf 88' lang='lat'><strong>.</strong></span> 
     </span>
    </p>
   </div>
   <div class='ocr_carea' id='block_1_80' title="bbox 405 5428 1922 5502">
    <p class='ocr_par' dir='ltr' id='par_1_80' title="bbox 405 5428 1922 5502">
     <span class='ocr_line' id='line_1_80' title="bbox 405 5428 1922 5502; baseline 0.001 -18"><span class='ocrx_word' id='word_1_595' title='bbox 405 5430 472 5502; x_wconf 76' lang='grc' dir='ltr'><strong>(ἰ)</strong></span> <span class='ocrx_word' id='word_1_596' title='bbox 516 5430 645 5484; x_wconf 87' lang='lat' dir='ltr'><strong>Puta</strong></span> <span class='ocrx_word' id='word_1_597' title='bbox 678 5431 732 5484; x_wconf 94' lang='lat' dir='ltr'><strong>in</strong></span> <span class='ocrx_word' id='word_1_598' title='bbox 760 5430 1043 5487; x_wconf 89' lang='lat' dir='ltr'><strong>duodecim</strong></span> <span class='ocrx_word' id='word_1_599' title='bbox 1086 5429 1489 5485; x_wconf 89' lang='lat' dir='ltr'><strong>delinitionibus</strong></span> <span class='ocrx_word' id='word_1_600' title='bbox 1516 5436 1779 5502; x_wconf 86' lang='lat' dir='ltr'><strong>tractatus</strong></span> <span class='ocrx_word' id='word_1_601' title='bbox 1812 5428 1922 5502; x_wconf 87' lang='lat' dir='ltr'><strong>hu-</strong></span> 
     </span>
    </p>
   </div>
   <div class='ocr_carea' id='block_1_81' title="bbox 323 5501 1916 5571">
    <p class='ocr_par' dir='ltr' id='par_1_81' title="bbox 323 5501 1916 5571">
     <span class='ocr_line' id='line_1_81' title="bbox 323 5501 1916 5571; baseline 0 -16"><span class='ocrx_word' id='word_1_602' title='bbox 323 5501 486 5571; x_wconf 81' lang='lat' dir='ltr'><strong>jusce</strong></span> <span class='ocrx_word' id='word_1_603' title='bbox 515 5502 665 5556; x_wconf 86' lang='lat' dir='ltr'><strong>initio</strong></span> <span class='ocrx_word' id='word_1_604' title='bbox 695 5502 878 5557; x_wconf 82' lang='lat' dir='ltr'><strong>relatis</strong></span> <span class='ocrx_word' id='word_1_605' title='bbox 900 5514 952 5558; x_wconf 91' lang='lat' dir='ltr'><strong>et</strong></span> <span class='ocrx_word' id='word_1_606' title='bbox 974 5501 1237 5571; x_wconf 74' lang='lat' dir='ltr'><strong>expositis</strong></span> <span class='ocrx_word' id='word_1_607' title='bbox 1272 5518 1284 5554; x_wconf 93' lang='lat'>:</span> <span class='ocrx_word' id='word_1_608' title='bbox 1318 5516 1450 5570; x_wconf 83' lang='lat' dir='ltr'><strong>quas</strong></span> <span class='ocrx_word' id='word_1_609' title='bbox 1480 5501 1625 5555; x_wconf 85' lang='lat' dir='ltr'><strong>solas</strong></span> <span class='ocrx_word' id='word_1_610' title='bbox 1663 5501 1916 5556; x_wconf 91' lang='lat' dir='ltr'><strong>Sirmium</strong></span> 
     </span>
    </p>
   </div>
   <div class='ocr_carea' id='block_1_82' title="bbox 329 5572 1920 5641">
    <p class='ocr_par' dir='ltr' id='par_1_82' title="bbox 329 5572 1920 5641">
     <span class='ocr_line' id='line_1_82' title="bbox 329 5572 1920 5641; baseline -0.001 -13"><span class='ocrx_word' id='word_1_611' title='bbox 329 5573 503 5628; x_wconf 78' lang='lat' dir='ltr'><strong>fuisse</strong></span> <span class='ocrx_word' id='word_1_612' title='bbox 527 5573 731 5628; x_wconf 87' lang='lat' dir='ltr'><strong>delatas</strong></span> <span class='ocrx_word' id='word_1_613' title='bbox 757 5574 999 5630; x_wconf 88' lang='lat' dir='ltr'><strong>declarat</strong></span> <span class='ocrx_word' id='word_1_614' title='bbox 1046 5572 1339 5628; x_wconf 89' lang='lat' dir='ltr'><strong>secundmn</strong></span> <span class='ocrx_word' id='word_1_615' title='bbox 1384 5572 1660 5641; x_wconf 65' lang='lat' dir='ltr'><strong>Apologia:</strong></span> <span class='ocrx_word' id='word_1_616' title='bbox 1690 5587 1920 5641; x_wconf 86' lang='lat' dir='ltr'><strong>respon-</strong></span> 
     </span>
    </p>
   </div>
   <div class='ocr_carea' id='block_1_83' title="bbox 328 5642 1922 5715">
    <p class='ocr_par' dir='ltr' id='par_1_83' title="bbox 328 5642 1922 5715">
     <span class='ocr_line' id='line_1_83' title="bbox 328 5642 1922 5715; baseline -0.001 -15"><span class='ocrx_word' id='word_1_617' title='bbox 328 5660 477 5708; x_wconf 87' lang='lat' dir='ltr'><strong>sum,</strong></span> <span class='ocrx_word' id='word_1_618' title='bbox 502 5642 726 5698; x_wconf 85' lang='lat' dir='ltr'><strong>relatum</strong></span> <span class='ocrx_word' id='word_1_619' title='bbox 758 5660 916 5715; x_wconf 83' lang='lat' dir='ltr'><strong>supra</strong></span> <span class='ocrx_word' id='word_1_620' title='bbox 960 5663 1014 5700; x_wconf 87' lang='grc' dir='ltr'><strong>η.</strong></span> <span class='ocrx_word' id='word_1_621' title='bbox 1062 5645 1129 5699; x_wconf 79' lang='lat' dir='ltr'><strong>l5</strong></span> <span class='ocrx_word' id='word_1_622' title='bbox 1151 5685 1165 5710; x_wconf 89' lang='lat'><strong>,</strong></span> <span class='ocrx_word' id='word_1_623' title='bbox 1200 5654 1321 5713; x_wconf 90' lang='lat' dir='ltr'><strong>post</strong></span> <span class='ocrx_word' id='word_1_624' title='bbox 1343 5649 1568 5713; x_wconf 86' lang='lat' dir='ltr'><strong>primam</strong></span> <span class='ocrx_word' id='word_1_625' title='bbox 1617 5644 1922 5715; x_wconf 79' lang='lat' dir='ltr'><strong>Ancyranao</strong></span> 
     </span>
    </p>
   </div>
   <div class='ocr_carea' id='block_1_84' title="bbox 336 5715 1926 5788">
    <p class='ocr_par' dir='ltr' id='par_1_84' title="bbox 336 5715 1926 5788">
     <span class='ocr_line' id='line_1_84' title="bbox 336 5715 1926 5788; baseline -0.001 -16"><span class='ocrx_word' id='word_1_626' title='bbox 336 5716 534 5788; x_wconf 80' lang='lat' dir='ltr'><strong>synodi</strong></span> <span class='ocrx_word' id='word_1_627' title='bbox 580 5715 972 5774; x_wconf 80' lang='lat' dir='ltr'><strong>delinitiOoem.</strong></span> <span class='ocrx_word' id='word_1_628' title='bbox 1009 5718 1223 5773; x_wconf 83' lang='lat' dir='ltr'><strong>Dclalas</strong></span> <span class='ocrx_word' id='word_1_629' title='bbox 1253 5732 1344 5772; x_wconf 89' lang='lat' dir='ltr'><strong>eas</strong></span> <span class='ocrx_word' id='word_1_630' title='bbox 1373 5717 1541 5773; x_wconf 80' lang='lat' dir='ltr'><strong>fuisse</strong></span> <span class='ocrx_word' id='word_1_631' title='bbox 1588 5729 1644 5771; x_wconf 91' lang='lat' dir='ltr'><strong>ut</strong></span> <span class='ocrx_word' id='word_1_632' title='bbox 1690 5717 1926 5772; x_wconf 85' lang='lat' dir='ltr'><strong>subscri-</strong></span> 
     </span>
    </p>
   </div>
   <div class='ocr_carea' id='block_1_85' title="bbox 338 5788 1923 5860">
    <p class='ocr_par' dir='ltr' id='par_1_85' title="bbox 338 5788 1923 5860">
     <span class='ocr_line' id='line_1_85' title="bbox 338 5788 1923 5860; baseline -0.001 -15"><span class='ocrx_word' id='word_1_633' title='bbox 338 5788 621 5854; x_wconf 82' lang='lat' dir='ltr'><strong>berentur,</strong></span> <span class='ocrx_word' id='word_1_634' title='bbox 648 5804 797 5860; x_wconf 75' lang='lat' dir='ltr'><strong>nunc</strong></span> <span class='ocrx_word' id='word_1_635' title='bbox 828 5791 1058 5857; x_wconf 84' lang='lat' dir='ltr'><strong>primum</strong></span> <span class='ocrx_word' id='word_1_636' title='bbox 1083 5789 1301 5844; x_wconf 78' lang='lat' dir='ltr'><strong>disertis</strong></span> <span class='ocrx_word' id='word_1_637' title='bbox 1326 5790 1500 5844; x_wconf 76' lang='lat' dir='ltr'><strong>verbis</strong></span> <span class='ocrx_word' id='word_1_638' title='bbox 1532 5789 1796 5860; x_wconf 78' lang='lat' dir='ltr'><strong>signiﬁcat</strong></span> <span class='ocrx_word' id='word_1_639' title='bbox 1830 5789 1923 5844; x_wconf 81' lang='lat' dir='ltr'><strong>lli-</strong></span> 
     </span>
    </p>
   </div>
   <div class='ocr_carea' id='block_1_86' title="bbox 1947 4603 2003 4663">
    <p class='ocr_par' dir='ltr' id='par_1_86' title="bbox 1947 4603 2003 4663">
     <span class='ocr_line' id='line_1_86' title="bbox 1947 4603 2003 4663; baseline 0 0"><span class='ocrx_word' id='word_1_640' title='bbox 1947 4603 2003 4663; x_wconf 91' lang='lat' dir='ltr'><strong>D</strong></span> 
     </span>
    </p>
   </div>
   <div class='ocr_carea' id='block_1_87' title="bbox 2027 1928 3628 2005">
    <p class='ocr_par' dir='ltr' id='par_1_87' title="bbox 2027 1928 3628 2005">
     <span class='ocr_line' id='line_1_87' title="bbox 2027 1928 3628 2005; baseline -0.003 -15"><span class='ocrx_word' id='word_1_641' title='bbox 2027 1933 2127 1990; x_wconf 90' lang='lat' dir='ltr'><strong>viri</strong></span> <span class='ocrx_word' id='word_1_642' title='bbox 2163 1931 2325 1987; x_wconf 80' lang='lat' dir='ltr'><strong>Basili</strong></span> <span class='ocrx_word' id='word_1_643' title='bbox 2372 1939 2430 1987; x_wconf 93' lang='lat' dir='ltr'><strong>et</strong></span> <span class='ocrx_word' id='word_1_644' title='bbox 2470 1932 2541 2005; x_wconf 87' lang='lat' dir='ltr'><strong>(j)</strong></span> <span class='ocrx_word' id='word_1_645' title='bbox 2572 1928 2826 1986; x_wconf 85' lang='lat' dir='ltr'><strong>Eustathi</strong></span> <span class='ocrx_word' id='word_1_646' title='bbox 2875 1940 2927 1986; x_wconf 91' lang='lat' dir='ltr'><strong>et</strong></span> <span class='ocrx_word' id='word_1_647' title='bbox 2954 1930 3156 1996; x_wconf 86' lang='lat' dir='ltr'><strong>Eleusi,</strong></span> <span class='ocrx_word' id='word_1_648' title='bbox 3202 1944 3271 1985; x_wconf 89' lang='lat' dir='ltr'><strong>ne</strong></span> <span class='ocrx_word' id='word_1_649' title='bbox 3314 1929 3441 2001; x_wconf 87' lang='lat' dir='ltr'><strong>quid</strong></span> <span class='ocrx_word' id='word_1_650' title='bbox 3472 1944 3628 1985; x_wconf 85' lang='lat' dir='ltr'><strong>scan-</strong></span> 
     </span>
    </p>
   </div>
   <div class='ocr_carea' id='block_1_88' title="bbox 2025 2022 3629 2096">
    <p class='ocr_par' dir='ltr' id='par_1_88' title="bbox 2025 2022 3629 2096">
     <span class='ocr_line' id='line_1_88' title="bbox 2025 2022 3629 2096; baseline -0.001 -17"><span class='ocrx_word' id='word_1_651' title='bbox 2025 2024 2133 2080; x_wconf 90' lang='lat' dir='ltr'><strong>dali</strong></span> <span class='ocrx_word' id='word_1_652' title='bbox 2168 2023 2241 2096; x_wconf 72' lang='lat' dir='ltr'><strong>(It)</strong></span> <span class='ocrx_word' id='word_1_653' title='bbox 2288 2023 2595 2089; x_wconf 74' lang='lat' dir='ltr'><strong>allerrotur,</strong></span> <span class='ocrx_word' id='word_1_654' title='bbox 2632 2022 2893 2079; x_wconf 87' lang='lat' dir='ltr'><strong>abolenda</strong></span> <span class='ocrx_word' id='word_1_655' title='bbox 2938 2024 3189 2077; x_wconf 87' lang='lat' dir='ltr'><strong>tacuisse.</strong></span> <span class='ocrx_word' id='word_1_656' title='bbox 3236 2022 3370 2091; x_wconf 68' lang='lat' dir='ltr'><strong>Quae</strong></span> <span class='ocrx_word' id='word_1_657' title='bbox 3399 2022 3447 2076; x_wconf 91' lang='lat' dir='ltr'><strong>si</strong></span> <span class='ocrx_word' id='word_1_658' title='bbox 3479 2033 3629 2077; x_wconf 88' lang='lat' dir='ltr'><strong>recte</strong></span> 
     </span>
    </p>
   </div>
   <div class='ocr_carea' id='block_1_89' title="bbox 2024 2116 3623 2190">
    <p class='ocr_par' dir='ltr' id='par_1_89' title="bbox 2024 2116 3623 2190">
     <span class='ocr_line' id='line_1_89' title="bbox 2024 2116 3623 2190; baseline -0.003 -15"><span class='ocrx_word' id='word_1_659' title='bbox 2024 2118 2222 2190; x_wconf 87' lang='lat' dir='ltr'><strong>scripta</strong></span> <span class='ocrx_word' id='word_1_660' title='bbox 2251 2130 2399 2186; x_wconf 91' lang='lat' dir='ltr'><strong>sunt,</strong></span> <span class='ocrx_word' id='word_1_661' title='bbox 2425 2121 2589 2175; x_wconf 90' lang='lat' dir='ltr'><strong>taceri</strong></span> <span class='ocrx_word' id='word_1_662' title='bbox 2614 2134 2720 2174; x_wconf 88' lang='lat' dir='ltr'><strong>non</strong></span> <span class='ocrx_word' id='word_1_663' title='bbox 2740 2116 3066 2173; x_wconf 89' lang='lat' dir='ltr'><strong>debuerunt.</strong></span> <span class='ocrx_word' id='word_1_664' title='bbox 3091 2116 3145 2172; x_wconf 89' lang='lat' dir='ltr'><strong>Si</strong></span> <span class='ocrx_word' id='word_1_665' title='bbox 3167 2123 3343 2171; x_wconf 89' lang='lat' dir='ltr'><strong>autem</strong></span> <span class='ocrx_word' id='word_1_666' title='bbox 3367 2116 3489 2187; x_wconf 88' lang='lat' dir='ltr'><strong>quia</strong></span> <span class='ocrx_word' id='word_1_667' title='bbox 3517 2130 3623 2171; x_wconf 86' lang='lat' dir='ltr'><strong>non</strong></span> 
     </span>
    </p>
   </div>
   <div class='ocr_carea' id='block_1_90' title="bbox 2024 2210 3627 2285">
    <p class='ocr_par' dir='ltr' id='par_1_90' title="bbox 2024 2210 3627 2285">
     <span class='ocr_line' id='line_1_90' title="bbox 2024 2210 3627 2285; baseline -0.003 -15"><span class='ocrx_word' id='word_1_668' title='bbox 2024 2221 2174 2270; x_wconf 88' lang='lat' dir='ltr'><strong>recte</strong></span> <span class='ocrx_word' id='word_1_669' title='bbox 2199 2214 2401 2284; x_wconf 88' lang='lat' dir='ltr'><strong>scripta</strong></span> <span class='ocrx_word' id='word_1_670' title='bbox 2424 2225 2546 2267; x_wconf 87' lang='lat' dir='ltr'><strong>sunt</strong></span> <span class='ocrx_word' id='word_1_671' title='bbox 2572 2211 2635 2285; x_wconf 88' lang='grc' dir='ltr'><strong>(ι)</strong></span> <span class='ocrx_word' id='word_1_672' title='bbox 2663 2228 2805 2267; x_wconf 91' lang='lat' dir='ltr'><strong>nunc</strong></span> <span class='ocrx_word' id='word_1_673' title='bbox 2841 2220 3105 2279; x_wconf 87' lang='lat' dir='ltr'><strong>tacentur,</strong></span> <span class='ocrx_word' id='word_1_674' title='bbox 3134 2210 3432 2266; x_wconf 86' lang='lat' dir='ltr'><strong>cavendum</strong></span> <span class='ocrx_word' id='word_1_675' title='bbox 3455 2220 3627 2265; x_wconf 90' lang='lat' dir='ltr'><strong>estne</strong></span> 
     </span>
    </p>
   </div>
   <div class='ocr_carea' id='block_1_91' title="bbox 2023 2300 3627 2378">
    <p class='ocr_par' dir='ltr' id='par_1_91' title="bbox 2023 2300 3627 2378">
     <span class='ocr_line' id='line_1_91' title="bbox 2023 2300 3627 2378; baseline -0.004 -17"><span class='ocrx_word' id='word_1_676' title='bbox 2023 2305 2313 2378; x_wconf 85' lang='lat' dir='ltr'><strong>aliquando</strong></span> <span class='ocrx_word' id='word_1_677' title='bbox 2352 2306 2617 2361; x_wconf 86' lang='lat' dir='ltr'><strong>dicantur.</strong></span> <span class='ocrx_word' id='word_1_678' title='bbox 2650 2303 2745 2376; x_wconf 87' lang='lat' dir='ltr'><strong>(m)</strong></span> <span class='ocrx_word' id='word_1_679' title='bbox 2773 2306 3008 2360; x_wconf 90' lang='lat' dir='ltr'><strong>Parcens</strong></span> <span class='ocrx_word' id='word_1_680' title='bbox 3046 2304 3187 2357; x_wconf 90' lang='lat' dir='ltr'><strong>cnim</strong></span> <span class='ocrx_word' id='word_1_681' title='bbox 3226 2302 3403 2357; x_wconf 82' lang='lat' dir='ltr'><strong>adhuc</strong></span> <span class='ocrx_word' id='word_1_682' title='bbox 3443 2302 3510 2357; x_wconf 91' lang='lat' dir='ltr'><strong>de</strong></span> <span class='ocrx_word' id='word_1_683' title='bbox 3541 2300 3627 2356; x_wconf 81' lang='lat' dir='ltr'><strong>his</strong></span> 
     </span>
    </p>
   </div>
   <div class='ocr_carea' id='block_1_92' title="bbox 2024 2391 3623 2467">
    <p class='ocr_par' dir='ltr' id='par_1_92' title="bbox 2024 2391 3623 2467">
     <span class='ocr_line' id='line_1_92' title="bbox 2024 2391 3623 2467; baseline -0.004 -13"><span class='ocrx_word' id='word_1_684' title='bbox 2024 2398 2155 2455; x_wconf 91' lang='lat' dir='ltr'><strong>nihil</strong></span> <span class='ocrx_word' id='word_1_685' title='bbox 2183 2397 2307 2456; x_wconf 91' lang='lat' dir='ltr'><strong>dico</strong></span> <span class='ocrx_word' id='word_1_686' title='bbox 2336 2411 2350 2452; x_wconf 91' lang='lat'><strong>:</strong></span> <span class='ocrx_word' id='word_1_687' title='bbox 2384 2402 2564 2455; x_wconf 83' lang='lat' dir='ltr'><strong>tamen</strong></span> <span class='ocrx_word' id='word_1_688' title='bbox 2597 2410 2807 2453; x_wconf 89' lang='lat' dir='ltr'><strong>mecum</strong></span> <span class='ocrx_word' id='word_1_689' title='bbox 2852 2395 3262 2467; x_wconf 83' lang='lat' dir='ltr'><strong>recognoscitis,</strong></span> <span class='ocrx_word' id='word_1_690' title='bbox 3289 2393 3448 2466; x_wconf 79' lang='lat'><strong>517</strong></span> <span class='ocrx_word' id='word_1_691' title='bbox 3481 2391 3623 2463; x_wconf 91' lang='lat' dir='ltr'><strong>quod</strong></span> 
     </span>
    </p>
   </div>
   <div class='ocr_carea' id='block_1_93' title="bbox 2033 2580 3625 2651">
    <p class='ocr_par' dir='ltr' id='par_1_93' title="bbox 2033 2580 3625 2651">
     <span class='ocr_line' id='line_1_93' title="bbox 2033 2580 3625 2651; baseline -0.001 -15"><span class='ocrx_word' id='word_1_692' title='bbox 2033 2595 2157 2636; x_wconf 90' lang='lat' dir='ltr'><strong>esse</strong></span> <span class='ocrx_word' id='word_1_693' title='bbox 2180 2581 2289 2651; x_wconf 88' lang='lat' dir='ltr'><strong>jam</strong></span> <span class='ocrx_word' id='word_1_694' title='bbox 2334 2597 2440 2636; x_wconf 91' lang='lat' dir='ltr'><strong>non</strong></span> <span class='ocrx_word' id='word_1_695' title='bbox 2490 2582 2658 2639; x_wconf 87' lang='lat' dir='ltr'><strong>semel</strong></span> <span class='ocrx_word' id='word_1_696' title='bbox 2684 2582 2977 2637; x_wconf 78' lang='lat' dir='ltr'><strong>enarravit.</strong></span> <span class='ocrx_word' id='word_1_697' title='bbox 3015 2580 3218 2637; x_wconf 91' lang='lat' dir='ltr'><strong>Deinde</strong></span> <span class='ocrx_word' id='word_1_698' title='bbox 3250 2581 3391 2649; x_wconf 90' lang='lat' dir='ltr'><strong>quod</strong></span> <span class='ocrx_word' id='word_1_699' title='bbox 3427 2580 3625 2636; x_wconf 84' lang='lat' dir='ltr'><strong>asserit</strong></span> 
     </span>
    </p>
   </div>
   <div class='ocr_carea' id='block_1_94' title="bbox 2034 2652 3620 2725">
    <p class='ocr_par' dir='ltr' id='par_1_94' title="bbox 2034 2652 3620 2725">
     <span class='ocr_line' id='line_1_94' title="bbox 2034 2652 3620 2725; baseline 0.002 -22"><span class='ocrx_word' id='word_1_700' title='bbox 2034 2653 2230 2725; x_wconf 82' lang='lat' dir='ltr'><strong>factum</strong></span> <span class='ocrx_word' id='word_1_701' title='bbox 2257 2653 2321 2706; x_wconf 85' lang='lat' dir='ltr'><strong>de</strong></span> <span class='ocrx_word' id='word_1_702' title='bbox 2352 2653 2696 2708; x_wconf 81' lang='lat' dir='ltr'><strong>Orientalium</strong></span> <span class='ocrx_word' id='word_1_703' title='bbox 2722 2652 3061 2725; x_wconf 73' lang='lat' dir='ltr'><strong>quorumdam</strong></span> <span class='ocrx_word' id='word_1_704' title='bbox 3110 2669 3321 2725; x_wconf 73' lang='lat' dir='ltr'><strong>assensu</strong></span> <span class='ocrx_word' id='word_1_705' title='bbox 3345 2694 3358 2715; x_wconf 89' lang='lat'><strong>,</strong></span> <span class='ocrx_word' id='word_1_706' title='bbox 3393 2666 3500 2706; x_wconf 90' lang='lat' dir='ltr'><strong>non</strong></span> <span class='ocrx_word' id='word_1_707' title='bbox 3551 2653 3620 2706; x_wconf 84' lang='lat' dir='ltr'><strong>ita</strong></span> 
     </span>
    </p>
   </div>
   <div class='ocr_carea' id='block_1_95' title="bbox 2031 2723 3623 2796">
    <p class='ocr_par' dir='ltr' id='par_1_95' title="bbox 2031 2723 3623 2796">
     <span class='ocr_line' id='line_1_95' title="bbox 2031 2723 3623 2796; baseline 0.001 -20"><span class='ocrx_word' id='word_1_708' title='bbox 2031 2723 2244 2796; x_wconf 82' lang='lat' dir='ltr'><strong>videtur</strong></span> <span class='ocrx_word' id='word_1_709' title='bbox 2267 2724 2675 2796; x_wconf 87' lang='lat' dir='ltr'><strong>intelligendum</strong></span> <span class='ocrx_word' id='word_1_710' title='bbox 2694 2766 2707 2788; x_wconf 88' lang='lat'><strong>,</strong></span> <span class='ocrx_word' id='word_1_711' title='bbox 2735 2723 2799 2779; x_wconf 82' lang='lat' dir='ltr'><strong>ut</strong></span> <span class='ocrx_word' id='word_1_712' title='bbox 2820 2723 3123 2796; x_wconf 70' lang='lat' dir='ltr'><strong>Orientales</strong></span> <span class='ocrx_word' id='word_1_713' title='bbox 3148 2723 3363 2794; x_wconf 91' lang='lat' dir='ltr'><strong>quidam</strong></span> <span class='ocrx_word' id='word_1_714' title='bbox 3395 2737 3623 2777; x_wconf 84' lang='lat' dir='ltr'><strong>censue-</strong></span> 
     </span>
    </p>
   </div>
   <div class='ocr_carea' id='block_1_96' title="bbox 2031 2794 3621 2868">
    <p class='ocr_par' dir='ltr' id='par_1_96' title="bbox 2031 2794 3621 2868">
     <span class='ocr_line' id='line_1_96' title="bbox 2031 2794 3621 2868; baseline -0.001 -20"><span class='ocrx_word' id='word_1_715' title='bbox 2031 2794 2141 2848; x_wconf 89' lang='lat' dir='ltr'><strong>rint</strong></span> <span class='ocrx_word' id='word_1_716' title='bbox 2165 2794 2461 2868; x_wconf 81' lang='lat' dir='ltr'><strong>duodecim</strong></span> <span class='ocrx_word' id='word_1_717' title='bbox 2499 2805 2703 2851; x_wconf 88' lang='lat' dir='ltr'><strong>tantum</strong></span> <span class='ocrx_word' id='word_1_718' title='bbox 2751 2797 2940 2868; x_wconf 81' lang='lat' dir='ltr'><strong>synodi</strong></span> <span class='ocrx_word' id='word_1_719' title='bbox 2977 2794 3363 2868; x_wconf 7' lang='lat' dir='ltr'><strong>udi-ﬁnitiones,</strong></span> <span class='ocrx_word' id='word_1_720' title='bbox 3409 2796 3621 2868; x_wconf 70' lang='lat' dir='ltr'><strong>caeteris</strong></span> 
     </span>
    </p>
   </div>
   <div class='ocr_carea' id='block_1_97' title="bbox 2030 2864 3620 2933">
    <p class='ocr_par' dir='ltr' id='par_1_97' title="bbox 2030 2864 3620 2933">
     <span class='ocr_line' id='line_1_97' title="bbox 2030 2864 3620 2933; baseline -0.001 -13"><span class='ocrx_word' id='word_1_721' title='bbox 2030 2867 2339 2933; x_wconf 84' lang='lat' dir='ltr'><strong>suppressis</strong></span> <span class='ocrx_word' id='word_1_722' title='bbox 2364 2906 2379 2933; x_wconf 91' lang='lat'><strong>,</strong></span> <span class='ocrx_word' id='word_1_723' title='bbox 2436 2867 2690 2922; x_wconf 89' lang='lat' dir='ltr'><strong>Sirmium</strong></span> <span class='ocrx_word' id='word_1_724' title='bbox 2735 2864 2857 2923; x_wconf 78' lang='lat' dir='ltr'><strong>esse</strong></span> <span class='ocrx_word' id='word_1_725' title='bbox 2896 2867 3258 2930; x_wconf 77' lang='lat' dir='ltr'><strong>deferendas;</strong></span> <span class='ocrx_word' id='word_1_726' title='bbox 3308 2865 3445 2920; x_wconf 88' lang='lat' dir='ltr'><strong>hanc</strong></span> <span class='ocrx_word' id='word_1_727' title='bbox 3476 2864 3620 2920; x_wconf 89' lang='lat' dir='ltr'><strong>enim</strong></span> 
     </span>
    </p>
   </div>
   <div class='ocr_carea' id='block_1_98' title="bbox 2030 2937 3618 3008">
    <p class='ocr_par' dir='ltr' id='par_1_98' title="bbox 2030 2937 3618 3008">
     <span class='ocr_line' id='line_1_98' title="bbox 2030 2937 3618 3008; baseline -0.001 -16"><span class='ocrx_word' id='word_1_728' title='bbox 2030 2939 2470 3008; x_wconf 79' lang='lat' dir='ltr'><strong>suppressionetn</strong></span> <span class='ocrx_word' id='word_1_729' title='bbox 2513 2939 2647 2993; x_wconf 90' lang='lat' dir='ltr'><strong>solis</strong></span> <span class='ocrx_word' id='word_1_730' title='bbox 2694 2939 2911 3003; x_wconf 84' lang='lat' dir='ltr'><strong>Basilio,</strong></span> <span class='ocrx_word' id='word_1_731' title='bbox 2946 2937 3228 2992; x_wconf 83' lang='lat' dir='ltr'><strong>Eustathio</strong></span> <span class='ocrx_word' id='word_1_732' title='bbox 3274 2947 3327 2992; x_wconf 90' lang='lat' dir='ltr'><strong>et</strong></span> <span class='ocrx_word' id='word_1_733' title='bbox 3363 2937 3577 3008; x_wconf 80' lang='lat' dir='ltr'><strong>Eleusio</strong></span> <span class='ocrx_word' id='word_1_734' title='bbox 3602 2976 3618 2999; x_wconf 89' lang='lat'><strong>,</strong></span> 
     </span>
    </p>
   </div>
   <div class='ocr_carea' id='block_1_99' title="bbox 2032 3007 3621 3080">
    <p class='ocr_par' dir='ltr' id='par_1_99' title="bbox 2032 3007 3621 3080">
     <span class='ocr_line' id='line_1_99' title="bbox 2032 3007 3621 3080; baseline -0.001 -16"><span class='ocrx_word' id='word_1_735' title='bbox 2032 3022 2085 3064; x_wconf 89' lang='lat' dir='ltr'><strong>et</strong></span> <span class='ocrx_word' id='word_1_736' title='bbox 2105 3007 2166 3065; x_wconf 88' lang='lat' dir='ltr'><strong>id</strong></span> <span class='ocrx_word' id='word_1_737' title='bbox 2201 3009 2417 3080; x_wconf 84' lang='lat' dir='ltr'><strong>quidem</strong></span> <span class='ocrx_word' id='word_1_738' title='bbox 2445 3026 2509 3065; x_wconf 83' lang='lat' dir='ltr'><strong>ex</strong></span> <span class='ocrx_word' id='word_1_739' title='bbox 2537 3011 2845 3080; x_wconf 84' lang='lat' dir='ltr'><strong>conjectura</strong></span> <span class='ocrx_word' id='word_1_740' title='bbox 2866 3051 2880 3072; x_wconf 84' lang='lat'><strong>.</strong></span> <span class='ocrx_word' id='word_1_741' title='bbox 2926 3011 3062 3064; x_wconf 82' lang='lat' dir='ltr'><strong>inira</strong></span> <span class='ocrx_word' id='word_1_742' title='bbox 3109 3008 3412 3080; x_wconf 47' lang='lat' dir='ltr'><strong>adscribit;</strong></span> <span class='ocrx_word' id='word_1_743' title='bbox 3440 3007 3534 3080; x_wconf 87' lang='lat' dir='ltr'><strong>sed</strong></span> <span class='ocrx_word' id='word_1_744' title='bbox 3564 3020 3621 3063; x_wconf 89' lang='lat' dir='ltr'><strong>ut</strong></span> 
     </span>
    </p>
   </div>
   <div class='ocr_carea' id='block_1_100' title="bbox 2034 3076 3618 3154">
    <p class='ocr_par' dir='ltr' id='par_1_100' title="bbox 2034 3076 3618 3154">
     <span class='ocr_line' id='line_1_100' title="bbox 2034 3076 3618 3154; baseline -0.001 -20"><span class='ocrx_word' id='word_1_745' title='bbox 2034 3090 2142 3154; x_wconf 73' lang='lat' dir='ltr'><strong>tota</strong></span> <span class='ocrx_word' id='word_1_746' title='bbox 2166 3076 2405 3152; x_wconf 56' lang='lat' dir='ltr'><strong>sy&#39;nodus</strong></span> <span class='ocrx_word' id='word_1_747' title='bbox 2436 3076 2718 3154; x_wconf 39' lang='lat' dir='ltr'><strong>Ancyra’ua</strong></span> <span class='ocrx_word' id='word_1_748' title='bbox 2742 3081 2993 3154; x_wconf 86' lang='lat' dir='ltr'><strong>statuerit</strong></span> <span class='ocrx_word' id='word_1_749' title='bbox 3024 3080 3216 3150; x_wconf 83' lang='lat' dir='ltr'><strong>placita</strong></span> <span class='ocrx_word' id='word_1_750' title='bbox 3243 3095 3338 3135; x_wconf 86' lang='lat' dir='ltr'><strong>sua</strong></span> <span class='ocrx_word' id='word_1_751' title='bbox 3361 3076 3618 3154; x_wconf 84' lang='lat' dir='ltr'><strong>Sirmium</strong></span> 
     </span>
    </p>
   </div>
   <div class='ocr_carea' id='block_1_101' title="bbox 2035 3150 3620 3221">
    <p class='ocr_par' dir='ltr' id='par_1_101' title="bbox 2035 3150 3620 3221">
     <span class='ocr_line' id='line_1_101' title="bbox 2035 3150 3620 3221; baseline 0 -16"><span class='ocrx_word' id='word_1_752' title='bbox 2035 3150 2348 3219; x_wconf 78' lang='lat' dir='ltr'><strong>deferenda,</strong></span> <span class='ocrx_word' id='word_1_753' title='bbox 2381 3164 2433 3209; x_wconf 92' lang='lat' dir='ltr'><strong>et</strong></span> <span class='ocrx_word' id='word_1_754' title='bbox 2462 3154 2526 3209; x_wconf 85' lang='lat' dir='ltr'><strong>ab</strong></span> <span class='ocrx_word' id='word_1_755' title='bbox 2551 3150 2623 3208; x_wconf 82' lang='lat' dir='ltr'><strong>iis</strong></span> <span class='ocrx_word' id='word_1_756' title='bbox 2648 3153 3032 3208; x_wconf 59' lang='lat' dir='ltr'><strong>subscribenda</strong></span> <span class='ocrx_word' id='word_1_757' title='bbox 3063 3166 3203 3216; x_wconf 84' lang='lat' dir='ltr'><strong>esse,</strong></span> <span class='ocrx_word' id='word_1_758' title='bbox 3232 3153 3321 3221; x_wconf 91' lang='lat' dir='ltr'><strong>qui</strong></span> <span class='ocrx_word' id='word_1_759' title='bbox 3352 3150 3620 3205; x_wconf 86' lang='lat' dir='ltr'><strong>contraria</strong></span> 
     </span>
    </p>
   </div>
   <div class='ocr_carea' id='block_1_102' title="bbox 1952 3214 3622 3295">
    <p class='ocr_par' dir='ltr' id='par_1_102' title="bbox 1952 3214 3622 3295">
     <span class='ocr_line' id='line_1_102' title="bbox 1952 3214 3622 3295; baseline -0.002 -17"><span class='ocrx_word' id='word_1_760' title='bbox 1952 3214 1997 3278; x_wconf 89' lang='lat' dir='ltr'>C</span> <span class='ocrx_word' id='word_1_761' title='bbox 2034 3214 2345 3280; x_wconf 67' lang='lat' dir='ltr'><strong>tuebantur.</strong></span> <span class='ocrx_word' id='word_1_762' title='bbox 2372 3225 2497 3280; x_wconf 88' lang='lat' dir='ltr'><strong>Ideo</strong></span> <span class='ocrx_word' id='word_1_763' title='bbox 2525 3234 2704 3280; x_wconf 87' lang='lat' dir='ltr'><strong>autem</strong></span> <span class='ocrx_word' id='word_1_764' title='bbox 2750 3225 2863 3280; x_wconf 68' lang='lat' dir='ltr'><strong>hinc</strong></span> <span class='ocrx_word' id='word_1_765' title='bbox 2904 3223 3143 3295; x_wconf 85' lang='lat' dir='ltr'><strong>synodus</strong></span> <span class='ocrx_word' id='word_1_766' title='bbox 3171 3214 3622 3295; x_wconf 74' lang='lat' dir='ltr'><strong>quorumdamdi-</strong></span> 
     </span>
    </p>
   </div>
   <div class='ocr_carea' id='block_1_103' title="bbox 2030 3292 3619 3367">
    <p class='ocr_par' dir='ltr' id='par_1_103' title="bbox 2030 3292 3619 3367">
     <span class='ocr_line' id='line_1_103' title="bbox 2030 3292 3619 3367; baseline 0 -19"><span class='ocrx_word' id='word_1_767' title='bbox 2030 3296 2188 3367; x_wconf 83' lang='lat' dir='ltr'><strong>citur.</strong></span> <span class='ocrx_word' id='word_1_768' title='bbox 2218 3298 2339 3365; x_wconf 85' lang='lat' dir='ltr'><strong>quia</strong></span> <span class='ocrx_word' id='word_1_769' title='bbox 2373 3312 2545 3367; x_wconf 89' lang='lat' dir='ltr'><strong>neque</strong></span> <span class='ocrx_word' id='word_1_770' title='bbox 2571 3295 2872 3352; x_wconf 82' lang='lat' dir='ltr'><strong>Orientales</strong></span> <span class='ocrx_word' id='word_1_771' title='bbox 2892 3292 3104 3362; x_wconf 82' lang='lat' dir='ltr'><strong>omnes,</strong></span> <span class='ocrx_word' id='word_1_772' title='bbox 3133 3292 3306 3366; x_wconf 72' lang='lat' dir='ltr'><strong>noque</strong></span> <span class='ocrx_word' id='word_1_773' title='bbox 3330 3292 3619 3348; x_wconf 88' lang='lat' dir='ltr'><strong>admodum</strong></span> 
     </span>
    </p>
   </div>
   <div class='ocr_carea' id='block_1_104' title="bbox 2029 3365 3535 3438">
    <p class='ocr_par' dir='ltr' id='par_1_104' title="bbox 2029 3365 3535 3438">
     <span class='ocr_line' id='line_1_104' title="bbox 2029 3365 3535 3438; baseline -0.002 -17"><span class='ocrx_word' id='word_1_774' title='bbox 2029 3365 2342 3438; x_wconf 80' lang='lat' dir='ltr'><strong>frequentes</strong></span> <span class='ocrx_word' id='word_1_775' title='bbox 2372 3369 2423 3423; x_wconf 92' lang='lat' dir='ltr'><strong>iu</strong></span> <span class='ocrx_word' id='word_1_776' title='bbox 2451 3365 2570 3424; x_wconf 87' lang='lat' dir='ltr'><strong>eam</strong></span> <span class='ocrx_word' id='word_1_777' title='bbox 2592 3376 2975 3423; x_wconf 82' lang='lat' dir='ltr'><strong>convenerant.</strong></span> <span class='ocrx_word' id='word_1_778' title='bbox 3227 3365 3230 3366; x_wconf 62' lang='grc'><strong><em>⁷</em></strong></span> <span class='ocrx_word' id='word_1_779' title='bbox 3530 3397 3535 3401; x_wconf 91' lang='grc'><strong>-</strong></span> 
     </span>
    </p>
   </div>
   <div class='ocr_carea' id='block_1_105' title="bbox 2356 3458 3254 3499">
    <p class='ocr_par' dir='ltr' id='par_1_105' title="bbox 2356 3458 3254 3499">
     <span class='ocr_line' id='line_1_105' title="bbox 2356 3458 3254 3499; baseline 0 0"><span class='ocrx_word' id='word_1_780' title='bbox 2356 3473 2421 3499; x_wconf 66' lang='lat' dir='ltr'><strong>se,</strong></span> <span class='ocrx_word' id='word_1_781' title='bbox 2484 3458 2616 3499; x_wconf 65' lang='lat' dir='ltr'><strong>Cnlli</strong></span> <span class='ocrx_word' id='word_1_782' title='bbox 2665 3470 2713 3499; x_wconf 67' lang='lat' dir='ltr'><strong>sal</strong></span> <span class='ocrx_word' id='word_1_783' title='bbox 2749 3459 2910 3499; x_wconf 66' lang='lat' dir='ltr'><strong>(Inrm</strong></span> <span class='ocrx_word' id='word_1_784' title='bbox 3010 3458 3254 3499; x_wconf 58' lang='lat' dir='ltr'><strong>Fucini-I13</strong></span> 
     </span>
    </p>
   </div>
   <div class='ocr_carea' id='block_1_106' title="bbox 2029 3455 3619 3599">
    <p class='ocr_par' dir='ltr' id='par_1_106' title="bbox 2029 3455 3619 3599">
     <span class='ocr_line' id='line_1_106' title="bbox 2100 3455 3618 3533; baseline -0.001 -20"><span class='ocrx_word' id='word_1_785' title='bbox 2100 3460 2172 3533; x_wconf 86' lang='lat' dir='ltr'><strong>(j)</strong></span> <span class='ocrx_word' id='word_1_786' title='bbox 2210 3460 2266 3514; x_wconf 91' lang='lat' dir='ltr'><strong>ln</strong></span> <span class='ocrx_word' id='word_1_787' title='bbox 2297 3473 2428 3514; x_wconf 77' lang='lat' dir='ltr'><strong>rn=s.</strong></span> <span class='ocrx_word' id='word_1_788' title='bbox 2484 3458 2637 3514; x_wconf 89' lang='lat' dir='ltr'><strong>Colh.</strong></span> <span class='ocrx_word' id='word_1_789' title='bbox 2665 3470 2719 3513; x_wconf 87' lang='lat' dir='ltr'><strong>et</strong></span> <span class='ocrx_word' id='word_1_790' title='bbox 2749 3459 2934 3514; x_wconf 76' lang='lat' dir='ltr'><strong>Germ.</strong></span> <span class='ocrx_word' id='word_1_791' title='bbox 2960 3500 2974 3523; x_wconf 92' lang='lat'><strong>,</strong></span> <span class='ocrx_word' id='word_1_792' title='bbox 3007 3457 3273 3514; x_wconf 78' lang='lat' dir='ltr'><strong>Enstachi.</strong></span> <span class='ocrx_word' id='word_1_793' title='bbox 3322 3456 3375 3511; x_wconf 92' lang='lat' dir='ltr'><strong>lu</strong></span> <span class='ocrx_word' id='word_1_794' title='bbox 3417 3455 3578 3512; x_wconf 89' lang='lat' dir='ltr'><strong>Carn.</strong></span> <span class='ocrx_word' id='word_1_795' title='bbox 3605 3499 3618 3522; x_wconf 89' lang='lat'><strong>,</strong></span> 
     </span>
     <span class='ocr_line' id='line_1_107' title="bbox 2029 3529 3619 3599; baseline -0.002 -13"><span class='ocrx_word' id='word_1_796' title='bbox 2029 3530 2190 3586; x_wconf 89' lang='lat' dir='ltr'><strong>Corh.</strong></span> <span class='ocrx_word' id='word_1_797' title='bbox 2244 3541 2299 3586; x_wconf 92' lang='lat' dir='ltr'><strong>et</strong></span> <span class='ocrx_word' id='word_1_798' title='bbox 2348 3532 2468 3585; x_wconf 86' lang='lat' dir='ltr'><strong>aliis</strong></span> <span class='ocrx_word' id='word_1_799' title='bbox 2509 3530 2860 3599; x_wconf 85' lang='lat' dir='ltr'><strong>quibusdam,</strong></span> <span class='ocrx_word' id='word_1_800' title='bbox 2901 3530 3129 3585; x_wconf 73' lang='lat' dir='ltr'><strong>Eustasi.</strong></span> <span class='ocrx_word' id='word_1_801' title='bbox 3167 3529 3404 3584; x_wconf 71' lang='lat' dir='ltr'><strong>l’essime</strong></span> <span class='ocrx_word' id='word_1_802' title='bbox 3442 3537 3619 3584; x_wconf 86' lang='lat' dir='ltr'><strong>autem</strong></span> 
     </span>
    </p>
   </div>
   <div class='ocr_carea' id='block_1_107' title="bbox 2028 3598 3623 3674">
    <p class='ocr_par' dir='ltr' id='par_1_107' title="bbox 2028 3598 3623 3674">
     <span class='ocr_line' id='line_1_108' title="bbox 2028 3598 3623 3674; baseline 0 -20"><span class='ocrx_word' id='word_1_803' title='bbox 2028 3601 2167 3674; x_wconf 80' lang='lat' dir='ltr'><strong>apud</strong></span> <span class='ocrx_word' id='word_1_804' title='bbox 2200 3602 2318 3668; x_wconf 87' lang='lat' dir='ltr'><strong>Er.,</strong></span> <span class='ocrx_word' id='word_1_805' title='bbox 2353 3600 2498 3672; x_wconf 83' lang='lat' dir='ltr'><strong>Lips.</strong></span> <span class='ocrx_word' id='word_1_806' title='bbox 2530 3598 2586 3655; x_wconf 72' lang='lat' dir='ltr'><strong>et</strong></span> <span class='ocrx_word' id='word_1_807' title='bbox 2611 3602 2759 3668; x_wconf 87' lang='lat' dir='ltr'><strong>Par.,</strong></span> <span class='ocrx_word' id='word_1_808' title='bbox 2791 3600 2976 3655; x_wconf 84' lang='lat' dir='ltr'><strong>Basilii</strong></span> <span class='ocrx_word' id='word_1_809' title='bbox 3007 3611 3053 3655; x_wconf 83' lang='lat' dir='ltr'><strong>et</strong></span> <span class='ocrx_word' id='word_1_810' title='bbox 3086 3598 3623 3674; x_wconf 17' lang='lat' dir='ltr'><strong>l&#39;Iustatltiie‘leuusli</strong></span> 
     </span>
    </p>
   </div>
   <div class='ocr_carea' id='block_1_108' title="bbox 2029 3671 3619 3739">
    <p class='ocr_par' dir='ltr' id='par_1_108' title="bbox 2029 3671 3619 3739">
     <span class='ocr_line' id='line_1_109' title="bbox 2029 3671 3619 3739; baseline 0 -12"><span class='ocrx_word' id='word_1_811' title='bbox 2029 3672 2083 3727; x_wconf 90' lang='lat' dir='ltr'><strong>in</strong></span> <span class='ocrx_word' id='word_1_812' title='bbox 2118 3675 2356 3728; x_wconf 76' lang='lat' dir='ltr'><strong>secundo</strong></span> <span class='ocrx_word' id='word_1_813' title='bbox 2385 3687 2546 3739; x_wconf 89' lang='lat' dir='ltr'><strong>casu,</strong></span> <span class='ocrx_word' id='word_1_814' title='bbox 2583 3688 2703 3726; x_wconf 89' lang='lat' dir='ltr'><strong>cum</strong></span> <span class='ocrx_word' id='word_1_815' title='bbox 2751 3675 2924 3727; x_wconf 76' lang='lat' dir='ltr'><strong>oratio</strong></span> <span class='ocrx_word' id='word_1_816' title='bbox 2982 3675 3162 3739; x_wconf 76' lang='lat' dir='ltr'><strong>exigat</strong></span> <span class='ocrx_word' id='word_1_817' title='bbox 3203 3671 3473 3739; x_wconf 81' lang='lat' dir='ltr'><strong>quintum.</strong></span> <span class='ocrx_word' id='word_1_818' title='bbox 3524 3671 3619 3727; x_wconf 88' lang='lat' dir='ltr'><strong>Hic</strong></span> 
     </span>
    </p>
   </div>
   <div class='ocr_carea' id='block_1_109' title="bbox 2028 3740 3618 3815">
    <p class='ocr_par' dir='ltr' id='par_1_109' title="bbox 2028 3740 3618 3815">
     <span class='ocr_line' id='line_1_110' title="bbox 2028 3740 3618 3815; baseline -0.001 -17"><span class='ocrx_word' id='word_1_819' title='bbox 2028 3745 2226 3815; x_wconf 83' lang='lat' dir='ltr'><strong>quippe</strong></span> <span class='ocrx_word' id='word_1_820' title='bbox 2259 3742 2490 3799; x_wconf 82' lang='lat' dir='ltr'><strong>Hilarius</strong></span> <span class='ocrx_word' id='word_1_821' title='bbox 2521 3758 2827 3799; x_wconf 77' lang='lat' dir='ltr'><strong>sermoiiem</strong></span> <span class='ocrx_word' id='word_1_822' title='bbox 2854 3743 3009 3798; x_wconf 85' lang='lat' dir='ltr'><strong>habet</strong></span> <span class='ocrx_word' id='word_1_823' title='bbox 3040 3745 3103 3815; x_wconf 84' lang='lat' dir='ltr'><strong>ad</strong></span> <span class='ocrx_word' id='word_1_824' title='bbox 3128 3743 3404 3815; x_wconf 74' lang='lat' dir='ltr'><strong>liasilium.</strong></span> <span class='ocrx_word' id='word_1_825' title='bbox 3435 3740 3618 3796; x_wconf 85' lang='lat' dir='ltr'><strong>Eusta-</strong></span> 
     </span>
    </p>
   </div>
   <div class='ocr_carea' id='block_1_110' title="bbox 2028 3814 3618 3885">
    <p class='ocr_par' dir='ltr' id='par_1_110' title="bbox 2028 3814 3618 3885">
     <span class='ocr_line' id='line_1_111' title="bbox 2028 3814 3618 3885; baseline -0.002 -16"><span class='ocrx_word' id='word_1_826' title='bbox 2028 3814 2196 3869; x_wconf 80' lang='lat' dir='ltr'><strong>thitim</strong></span> <span class='ocrx_word' id='word_1_827' title='bbox 2240 3824 2292 3870; x_wconf 89' lang='lat' dir='ltr'><strong>et</strong></span> <span class='ocrx_word' id='word_1_828' title='bbox 2326 3816 2630 3883; x_wconf 54' lang='lat' dir='ltr'><strong>Eleusium,</strong></span> <span class='ocrx_word' id='word_1_829' title='bbox 2668 3817 2836 3885; x_wconf 88' lang='lat' dir='ltr'><strong>utqui</strong></span> <span class='ocrx_word' id='word_1_830' title='bbox 2875 3817 3015 3869; x_wconf 89' lang='lat' dir='ltr'><strong>inter</strong></span> <span class='ocrx_word' id='word_1_831' title='bbox 3049 3814 3352 3885; x_wconf 77' lang='lat' dir='ltr'><strong>Orientales</strong></span> <span class='ocrx_word' id='word_1_832' title='bbox 3392 3817 3618 3884; x_wconf 65' lang='lat' dir='ltr'><strong>Ancyra:</strong></span> 
     </span>
    </p>
   </div>
   <div class='ocr_carea' id='block_1_111' title="bbox 2026 3883 3617 3957">
    <p class='ocr_par' dir='ltr' id='par_1_111' title="bbox 2026 3883 3617 3957">
     <span class='ocr_line' id='line_1_112' title="bbox 2026 3883 3617 3957; baseline -0.001 -16"><span class='ocrx_word' id='word_1_833' title='bbox 2026 3897 2444 3957; x_wconf 82' lang='lat' dir='ltr'><strong>congregatores</strong></span> <span class='ocrx_word' id='word_1_834' title='bbox 2482 3883 2827 3954; x_wconf 77' lang='lat' dir='ltr'><strong>statuebant,</strong></span> <span class='ocrx_word' id='word_1_835' title='bbox 2858 3886 3070 3947; x_wconf 84' lang='lat' dir='ltr'><strong>etinde</strong></span> <span class='ocrx_word' id='word_1_836' title='bbox 3114 3883 3181 3939; x_wconf 88' lang='lat' dir='ltr'><strong>ad</strong></span> <span class='ocrx_word' id='word_1_837' title='bbox 3228 3883 3617 3954; x_wconf 84' lang='lat' dir='ltr'><strong>Imperatorem</strong></span> 
     </span>
    </p>
   </div>
   <div class='ocr_carea' id='block_1_112' title="bbox 2025 3957 2450 4030">
    <p class='ocr_par' dir='ltr' id='par_1_112' title="bbox 2025 3957 2450 4030">
     <span class='ocr_line' id='line_1_113' title="bbox 2025 3957 2450 4030; baseline 0 -17"><span class='ocrx_word' id='word_1_838' title='bbox 2025 3957 2185 4030; x_wconf 78' lang='lat' dir='ltr'><strong>legati</strong></span> <span class='ocrx_word' id='word_1_839' title='bbox 2219 3960 2450 4013; x_wconf 76' lang='lat' dir='ltr'><strong>fuerant.</strong></span> 
     </span>
    </p>
   </div>
   <div class='ocr_carea' id='block_1_113' title="bbox 2100 4048 3613 4121">
    <p class='ocr_par' dir='ltr' id='par_1_113' title="bbox 2100 4048 3613 4121">
     <span class='ocr_line' id='line_1_114' title="bbox 2100 4048 3613 4121; baseline 0.001 -18"><span class='ocrx_word' id='word_1_840' title='bbox 2100 4048 2178 4121; x_wconf 72' lang='grc' dir='ltr'><strong>(Ιι)</strong></span> <span class='ocrx_word' id='word_1_841' title='bbox 2219 4051 2502 4119; x_wconf 84' lang='lat' dir='ltr'><strong>Antiquior</strong></span> <span class='ocrx_word' id='word_1_842' title='bbox 2552 4065 2655 4107; x_wconf 89' lang='lat' dir='ltr'><strong>ms.</strong></span> <span class='ocrx_word' id='word_1_843' title='bbox 2710 4049 2862 4106; x_wconf 85' lang='lat' dir='ltr'><strong>Colb.</strong></span> <span class='ocrx_word' id='word_1_844' title='bbox 2918 4066 3039 4107; x_wconf 91' lang='lat' dir='ltr'><strong>cum</strong></span> <span class='ocrx_word' id='word_1_845' title='bbox 3069 4050 3254 4108; x_wconf 86' lang='lat' dir='ltr'><strong>Germ.</strong></span> <span class='ocrx_word' id='word_1_846' title='bbox 3308 4050 3613 4108; x_wconf 81' lang='lat' dir='ltr'><strong>faventibus</strong></span> 
     </span>
    </p>
   </div>
   <div class='ocr_carea' id='block_1_114' title="bbox 2024 4120 2496 4248">
    <p class='ocr_par' dir='ltr' id='par_1_114' title="bbox 2024 4120 2496 4248">
     <span class='ocr_line' id='line_1_115' title="bbox 2024 4120 2496 4248; baseline -0.002 -73"><span class='ocrx_word' id='word_1_847' title='bbox 2024 4120 2166 4186; x_wconf 88' lang='lat' dir='ltr'><strong>aliis,</strong></span> <span class='ocrx_word' id='word_1_848' title='bbox 2198 4126 2496 4248; x_wconf 45' lang='lat' dir='ltr'><strong>gferretur.</strong></span> 
     </span>
     <span class='ocr_line' id='line_1_116' title="bbox 2097 4193 2496 4248; baseline -0.005 0"><span class='ocrx_word' id='word_1_849' title='bbox 2097 4193 2163 4248; x_wconf 82' lang='lat' dir='ltr'><strong>lli</strong></span> <span class='ocrx_word' id='word_1_850' title='bbox 2250 4194 2348 4248; x_wconf 75' lang='lat' dir='ltr'><strong>dm</strong></span> <span class='ocrx_word' id='word_1_851' title='bbox 2368 4236 2380 4248; x_wconf 93' lang='lat'><strong>.</strong></span> <span class='ocrx_word' id='word_1_852' title='bbox 2412 4193 2496 4247; x_wconf 77' lang='lat' dir='ltr'><strong>adt</strong></span> 
     </span>
    </p>
   </div>
   <div class='ocr_carea' id='block_1_115' title="bbox 2097 4193 3543 4265">
    <p class='ocr_par' dir='ltr' id='par_1_115' title="bbox 2097 4193 3543 4265">
     <span class='ocr_line' id='line_1_117' title="bbox 2097 4193 3543 4265; baseline 0 -17"><span class='ocrx_word' id='word_1_853' title='bbox 2097 4193 2163 4265; x_wconf 85' lang='grc' dir='ltr'><strong>(ι)</strong></span> <span class='ocrx_word' id='word_1_854' title='bbox 2206 4193 2381 4261; x_wconf 75' lang='grc' dir='ltr'><strong>Εάὶίὶ,</strong></span> <span class='ocrx_word' id='word_1_855' title='bbox 2412 4193 2582 4247; x_wconf 85' lang='lat' dir='ltr'><strong>adhuc</strong></span> <span class='ocrx_word' id='word_1_856' title='bbox 2612 4203 2844 4250; x_wconf 75' lang='lat' dir='ltr'><strong>tacentur</strong></span> <span class='ocrx_word' id='word_1_857' title='bbox 2881 4210 2898 4251; x_wconf 91' lang='lat'><em>:</em></span> <span class='ocrx_word' id='word_1_858' title='bbox 2929 4195 3284 4251; x_wconf 83' lang='lat' dir='ltr'><strong>emcndantur</strong></span> <span class='ocrx_word' id='word_1_859' title='bbox 3318 4206 3381 4250; x_wconf 71' lang='lat' dir='ltr'><strong>ex</strong></span> <span class='ocrx_word' id='word_1_860' title='bbox 3412 4208 3543 4250; x_wconf 87' lang='lat' dir='ltr'><strong>mss.</strong></span> 
     </span>
    </p>
   </div>
   <div class='ocr_carea' id='block_1_116' title="bbox 2096 4287 3620 4361">
    <p class='ocr_par' dir='ltr' id='par_1_116' title="bbox 2096 4287 3620 4361">
     <span class='ocr_line' id='line_1_118' title="bbox 2096 4287 3620 4361; baseline -0.001 -16"><span class='ocrx_word' id='word_1_861' title='bbox 2096 4289 2194 4361; x_wconf 90' lang='lat' dir='ltr'><strong>(m)</strong></span> <span class='ocrx_word' id='word_1_862' title='bbox 2242 4287 2476 4344; x_wconf 85' lang='lat' dir='ltr'><strong>Verbum</strong></span> <span class='ocrx_word' id='word_1_863' title='bbox 2507 4289 2745 4343; x_wconf 87' lang='lat' dir='ltr'><strong>dicantur</strong></span> <span class='ocrx_word' id='word_1_864' title='bbox 2770 4291 2823 4345; x_wconf 89' lang='lat' dir='ltr'><strong>in</strong></span> <span class='ocrx_word' id='word_1_865' title='bbox 2843 4306 2847 4311; x_wconf 69' lang='grc'><strong>’</strong></span> <span class='ocrx_word' id='word_1_866' title='bbox 2870 4304 2971 4344; x_wconf 91' lang='lat' dir='ltr'><strong>ms.</strong></span> <span class='ocrx_word' id='word_1_867' title='bbox 2998 4289 3210 4359; x_wconf 81' lang='lat' dir='ltr'><strong>Remig.</strong></span> <span class='ocrx_word' id='word_1_868' title='bbox 3239 4290 3437 4358; x_wconf 79' lang='lat' dir='ltr'><strong>excipit</strong></span> <span class='ocrx_word' id='word_1_869' title='bbox 3468 4288 3620 4343; x_wconf 89' lang='lat' dir='ltr'><strong>addi-</strong></span> 
     </span>
    </p>
   </div>
   <div class='ocr_carea' id='block_1_117' title="bbox 2026 4361 3611 4430">
    <p class='ocr_par' dir='ltr' id='par_1_117' title="bbox 2026 4361 3611 4430">
     <span class='ocr_line' id='line_1_119' title="bbox 2026 4361 3611 4430; baseline 0.001 -15"><span class='ocrx_word' id='word_1_870' title='bbox 2026 4371 2343 4425; x_wconf 82' lang='lat' dir='ltr'><strong>tamentum,</strong></span> <span class='ocrx_word' id='word_1_871' title='bbox 2374 4362 2516 4430; x_wconf 85' lang='lat' dir='ltr'><strong>quod</strong></span> <span class='ocrx_word' id='word_1_872' title='bbox 2545 4364 2595 4414; x_wconf 89' lang='lat' dir='ltr'><strong>in</strong></span> <span class='ocrx_word' id='word_1_873' title='bbox 2623 4363 2782 4417; x_wconf 83' lang='lat' dir='ltr'><strong>Carn.</strong></span> <span class='ocrx_word' id='word_1_874' title='bbox 2818 4369 2873 4417; x_wconf 91' lang='lat' dir='ltr'><strong>et</strong></span> <span class='ocrx_word' id='word_1_875' title='bbox 2900 4361 3059 4418; x_wconf 75' lang='grc' dir='ltr'>Μὶειι.</span> <span class='ocrx_word' id='word_1_876' title='bbox 3086 4363 3349 4430; x_wconf 90' lang='lat' dir='ltr'><strong>superiori</strong></span> <span class='ocrx_word' id='word_1_877' title='bbox 3383 4372 3611 4416; x_wconf 86' lang='lat' dir='ltr'><strong>senten-</strong></span> 
     </span>
    </p>
   </div>
   <div class='ocr_carea' id='block_1_118' title="bbox 2025 4434 3619 4503">
    <p class='ocr_par' dir='ltr' id='par_1_118' title="bbox 2025 4434 3619 4503">
     <span class='ocr_line' id='line_1_120' title="bbox 2025 4434 3619 4503; baseline -0.001 -17"><span class='ocrx_word' id='word_1_878' title='bbox 2025 4435 2132 4496; x_wconf 72' lang='lat' dir='ltr'><strong>tiae,</strong></span> <span class='ocrx_word' id='word_1_879' title='bbox 2161 4434 2221 4489; x_wconf 79' lang='lat' dir='ltr'><strong>Si</strong></span> <span class='ocrx_word' id='word_1_880' title='bbox 2250 4441 2419 4487; x_wconf 83' lang='lat' dir='ltr'><strong>autent</strong></span> <span class='ocrx_word' id='word_1_881' title='bbox 2448 4434 2567 4499; x_wconf 85' lang='lat' dir='ltr'><strong>quia</strong></span> <span class='ocrx_word' id='word_1_882' title='bbox 2598 4449 2699 4487; x_wconf 83' lang='lat' dir='ltr'><strong>non</strong></span> <span class='ocrx_word' id='word_1_883' title='bbox 2731 4444 2864 4487; x_wconf 82' lang='lat' dir='ltr'><strong>recte</strong></span> <span class='ocrx_word' id='word_1_884' title='bbox 2893 4434 3083 4503; x_wconf 83' lang='lat' dir='ltr'><strong>scripto</strong></span> <span class='ocrx_word' id='word_1_885' title='bbox 3112 4444 3230 4487; x_wconf 86' lang='lat' dir='ltr'><strong>sunt</strong></span> <span class='ocrx_word' id='word_1_886' title='bbox 3251 4477 3265 4499; x_wconf 84' lang='lat'><strong>,</strong></span> <span class='ocrx_word' id='word_1_887' title='bbox 3323 4444 3428 4488; x_wconf 85' lang='lat' dir='ltr'><strong>etc.</strong></span> <span class='ocrx_word' id='word_1_888' title='bbox 3454 4477 3467 4499; x_wconf 90' lang='lat'><strong>,</strong></span> <span class='ocrx_word' id='word_1_889' title='bbox 3520 4435 3619 4485; x_wconf 82' lang='lat' dir='ltr'><strong>mi-</strong></span> 
     </span>
    </p>
   </div>
   <div class='ocr_carea' id='block_1_119' title="bbox 2023 4503 3620 4577">
    <p class='ocr_par' dir='ltr' id='par_1_119' title="bbox 2023 4503 3620 4577">
     <span class='ocr_line' id='line_1_121' title="bbox 2023 4503 3620 4577; baseline -0.002 -18"><span class='ocrx_word' id='word_1_890' title='bbox 2023 4521 2123 4577; x_wconf 78' lang='lat' dir='ltr'><strong>nus</strong></span> <span class='ocrx_word' id='word_1_891' title='bbox 2150 4514 2273 4577; x_wconf 90' lang='lat' dir='ltr'><strong>apte</strong></span> <span class='ocrx_word' id='word_1_892' title='bbox 2302 4505 2650 4577; x_wconf 70' lang='lat' dir='ltr'><strong>prmligitur;</strong></span> <span class='ocrx_word' id='word_1_893' title='bbox 2693 4503 2921 4561; x_wconf 87' lang='lat' dir='ltr'><strong>habetur</strong></span> <span class='ocrx_word' id='word_1_894' title='bbox 2955 4519 3083 4560; x_wconf 85' lang='lat' dir='ltr'><strong>vero</strong></span> <span class='ocrx_word' id='word_1_895' title='bbox 3108 4505 3174 4559; x_wconf 85' lang='lat' dir='ltr'><strong>ad</strong></span> <span class='ocrx_word' id='word_1_896' title='bbox 3216 4504 3620 4577; x_wconf 76' lang='lat' dir='ltr'><strong>oramalterius</strong></span> 
     </span>
    </p>
   </div>
   <div class='ocr_carea' id='block_1_120' title="bbox 2025 4575 3620 4633">
    <p class='ocr_par' dir='ltr' id='par_1_120' title="bbox 2025 4575 3620 4633">
     <span class='ocr_line' id='line_1_122' title="bbox 2025 4575 3620 4633; baseline -0.002 -2"><span class='ocrx_word' id='word_1_897' title='bbox 2025 4575 2198 4631; x_wconf 68' lang='lat' dir='ltr'><strong>Carm</strong></span> <span class='ocrx_word' id='word_1_898' title='bbox 2222 4590 2275 4633; x_wconf 88' lang='lat' dir='ltr'><strong>et</strong></span> <span class='ocrx_word' id='word_1_899' title='bbox 2299 4575 2436 4631; x_wconf 84' lang='lat' dir='ltr'><strong>Tell.</strong></span> <span class='ocrx_word' id='word_1_900' title='bbox 2470 4594 2483 4631; x_wconf 86' lang='lat'><strong>:</strong></span> <span class='ocrx_word' id='word_1_901' title='bbox 2513 4576 2645 4630; x_wconf 85' lang='lat' dir='ltr'><strong>Ante</strong></span> <span class='ocrx_word' id='word_1_902' title='bbox 2673 4577 2933 4631; x_wconf 75' lang='lat' dir='ltr'><strong>existimor</strong></span> <span class='ocrx_word' id='word_1_903' title='bbox 2957 4577 3301 4633; x_wconf 77' lang='lat' dir='ltr'><strong>suspicionem</strong></span> <span class='ocrx_word' id='word_1_904' title='bbox 3332 4576 3393 4628; x_wconf 91' lang='lat' dir='ltr'><strong>ab</strong></span> <span class='ocrx_word' id='word_1_905' title='bbox 3416 4575 3620 4628; x_wconf 71' lang='lat' dir='ltr'><strong>Insani-</strong></span> 
     </span>
    </p>
   </div>
   <div class='ocr_carea' id='block_1_121' title="bbox 2026 4646 3616 4717">
    <p class='ocr_par' dir='ltr' id='par_1_121' title="bbox 2026 4646 3616 4717">
     <span class='ocr_line' id='line_1_123' title="bbox 2026 4646 3616 4717; baseline -0.003 -16"><span class='ocrx_word' id='word_1_906' title='bbox 2026 4665 2180 4716; x_wconf 87' lang='lat' dir='ltr'><strong>mere,</strong></span> <span class='ocrx_word' id='word_1_907' title='bbox 2212 4651 2289 4704; x_wconf 78' lang='lat' dir='ltr'><strong>vel</strong></span> <span class='ocrx_word' id='word_1_908' title='bbox 2329 4665 2387 4701; x_wconf 89' lang='lat' dir='ltr'><strong>ea</strong></span> <span class='ocrx_word' id='word_1_909' title='bbox 2419 4649 2630 4703; x_wconf 78' lang='lat' dir='ltr'><strong>laudare</strong></span> <span class='ocrx_word' id='word_1_910' title='bbox 2652 4650 2836 4717; x_wconf 83' lang='lat' dir='ltr'><strong>quibus</strong></span> <span class='ocrx_word' id='word_1_911' title='bbox 2863 4646 3064 4716; x_wconf 83' lang='lat' dir='ltr'><strong>parco?</strong></span> <span class='ocrx_word' id='word_1_912' title='bbox 3101 4647 3321 4701; x_wconf 87' lang='lat' dir='ltr'><strong>Parcere</strong></span> <span class='ocrx_word' id='word_1_913' title='bbox 3351 4646 3487 4698; x_wconf 84' lang='lat' dir='ltr'><strong>enim</strong></span> <span class='ocrx_word' id='word_1_914' title='bbox 3511 4686 3525 4703; x_wconf 87' lang='lat'><strong>.</strong></span> <span class='ocrx_word' id='word_1_915' title='bbox 3555 4655 3616 4717; x_wconf 81' lang='lat' dir='ltr'><strong>et</strong></span> 
     </span>
    </p>
   </div>
   <div class='ocr_carea' id='block_1_122' title="bbox 2027 4716 3617 4789">
    <p class='ocr_par' dir='ltr' id='par_1_122' title="bbox 2027 4716 3617 4789">
     <span class='ocr_line' id='line_1_124' title="bbox 2027 4716 3617 4789; baseline -0.003 -16"><span class='ocrx_word' id='word_1_916' title='bbox 2027 4736 2139 4773; x_wconf 89' lang='lat' dir='ltr'><strong>cum</strong></span> <span class='ocrx_word' id='word_1_917' title='bbox 2168 4722 2410 4775; x_wconf 83' lang='lat' dir='ltr'><strong>dilatione</strong></span> <span class='ocrx_word' id='word_1_918' title='bbox 2431 4720 2497 4773; x_wconf 79' lang='lat' dir='ltr'><strong>art</strong></span> <span class='ocrx_word' id='word_1_919' title='bbox 2521 4721 2614 4772; x_wconf 83' lang='lat' dir='ltr'><strong>hoc</strong></span> <span class='ocrx_word' id='word_1_920' title='bbox 2639 4725 2775 4788; x_wconf 79' lang='lat' dir='ltr'><strong>(ius.</strong></span> <span class='ocrx_word' id='word_1_921' title='bbox 2806 4718 2965 4772; x_wconf 83' lang='lat' dir='ltr'><strong>Mich.</strong></span> <span class='ocrx_word' id='word_1_922' title='bbox 2992 4720 3054 4773; x_wconf 86' lang='lat' dir='ltr'><strong>ab</strong></span> <span class='ocrx_word' id='word_1_923' title='bbox 3075 4718 3203 4789; x_wconf 82' lang='lat' dir='ltr'><strong>hoc)</strong></span> <span class='ocrx_word' id='word_1_924' title='bbox 3233 4733 3460 4787; x_wconf 84' lang='lat' dir='ltr'><strong>parcere,</strong></span> <span class='ocrx_word' id='word_1_925' title='bbox 3486 4716 3617 4770; x_wconf 80' lang='lat' dir='ltr'><strong>nihil</strong></span> 
     </span>
    </p>
   </div>
   <div class='ocr_carea' id='block_1_123' title="bbox 2025 4791 2650 4860">
    <p class='ocr_par' dir='ltr' id='par_1_123' title="bbox 2025 4791 2650 4860">
     <span class='ocr_line' id='line_1_125' title="bbox 2025 4791 2650 4860; baseline -0.005 -17"><span class='ocrx_word' id='word_1_926' title='bbox 2025 4791 2241 4860; x_wconf 85' lang='lat' dir='ltr'><strong>improbi</strong></span> <span class='ocrx_word' id='word_1_927' title='bbox 2267 4799 2341 4844; x_wconf 85' lang='lat' dir='ltr'><strong>est</strong></span> <span class='ocrx_word' id='word_1_928' title='bbox 2365 4799 2412 4843; x_wconf 77' lang='lat' dir='ltr'><strong>ct</strong></span> <span class='ocrx_word' id='word_1_929' title='bbox 2438 4792 2650 4842; x_wconf 85' lang='lat' dir='ltr'><strong>remissi.</strong></span> 
     </span>
    </p>
   </div>
   <div class='ocr_carea' id='block_1_124' title="bbox 2097 4858 3618 4928">
    <p class='ocr_par' dir='ltr' id='par_1_124' title="bbox 2097 4858 3618 4928">
     <span class='ocr_line' id='line_1_126' title="bbox 2097 4858 3618 4928; baseline -0.001 -15"><span class='ocrx_word' id='word_1_930' title='bbox 2097 4858 2175 4913; x_wconf 69' lang='lat' dir='ltr'><strong>An</strong></span> <span class='ocrx_word' id='word_1_931' title='bbox 2219 4861 2296 4914; x_wconf 82' lang='lat' dir='ltr'><strong>hic</strong></span> <span class='ocrx_word' id='word_1_932' title='bbox 2336 4861 2554 4913; x_wconf 81' lang='lat' dir='ltr'><strong>similent</strong></span> <span class='ocrx_word' id='word_1_933' title='bbox 2600 4858 2937 4914; x_wconf 86' lang='lat' dir='ltr'><strong>substantiam</strong></span> <span class='ocrx_word' id='word_1_934' title='bbox 2966 4859 3111 4912; x_wconf 81' lang='lat' dir='ltr'><strong>aliud</strong></span> <span class='ocrx_word' id='word_1_935' title='bbox 3159 4859 3326 4928; x_wconf 83' lang='lat' dir='ltr'><strong>patior</strong></span> <span class='ocrx_word' id='word_1_936' title='bbox 3374 4873 3480 4912; x_wconf 83' lang='lat' dir='ltr'><strong>esse</strong></span> <span class='ocrx_word' id='word_1_937' title='bbox 3518 4858 3618 4912; x_wconf 85' lang='lat' dir='ltr'><strong>nisi</strong></span> 
     </span>
    </p>
   </div>
   <div class='ocr_carea' id='block_1_125' title="bbox 2025 4931 3615 5002">
    <p class='ocr_par' dir='ltr' id='par_1_125' title="bbox 2025 4931 3615 5002">
     <span class='ocr_line' id='line_1_127' title="bbox 2025 4931 3615 5002; baseline -0.002 -16"><span class='ocrx_word' id='word_1_938' title='bbox 2025 4932 2217 4987; x_wconf 79' lang='lat' dir='ltr'><strong>unam?</strong></span> <span class='ocrx_word' id='word_1_939' title='bbox 2247 4947 2359 5002; x_wconf 66' lang='lat' dir='ltr'><strong>quae</strong></span> <span class='ocrx_word' id='word_1_940' title='bbox 2379 4932 2424 4985; x_wconf 85' lang='lat' dir='ltr'><strong>si</strong></span> <span class='ocrx_word' id='word_1_941' title='bbox 2452 4947 2553 4985; x_wconf 86' lang='lat' dir='ltr'><strong>non</strong></span> <span class='ocrx_word' id='word_1_942' title='bbox 2579 4947 2681 4983; x_wconf 85' lang='lat' dir='ltr'><strong>una</strong></span> <span class='ocrx_word' id='word_1_943' title='bbox 2702 4932 2766 4984; x_wconf 85' lang='lat' dir='ltr'><strong>sit</strong></span> <span class='ocrx_word' id='word_1_944' title='bbox 2798 4931 3277 5002; x_wconf 78' lang='lat' dir='ltr'><strong>anteacon/itenda,</strong></span> <span class='ocrx_word' id='word_1_945' title='bbox 3296 4933 3412 5002; x_wconf 88' lang='lat' dir='ltr'><strong>jam</strong></span> <span class='ocrx_word' id='word_1_946' title='bbox 3442 4941 3615 4997; x_wconf 82' lang='lat' dir='ltr'><strong>postea</strong></span> 
     </span>
    </p>
   </div>
   <div class='ocr_carea' id='block_1_126' title="bbox 2025 5000 3613 5073">
    <p class='ocr_par' dir='ltr' id='par_1_126' title="bbox 2025 5000 3613 5073">
     <span class='ocr_line' id='line_1_128' title="bbox 2025 5000 3613 5073; baseline -0.001 -17"><span class='ocrx_word' id='word_1_947' title='bbox 2025 5004 2181 5073; x_wconf 86' lang='lat' dir='ltr'><strong>impie</strong></span> <span class='ocrx_word' id='word_1_948' title='bbox 2218 5000 2285 5055; x_wconf 81' lang='lat' dir='ltr'><strong>sit</strong></span> <span class='ocrx_word' id='word_1_949' title='bbox 2309 5001 2490 5057; x_wconf 85' lang='lat' dir='ltr'><strong>similis</strong></span> <span class='ocrx_word' id='word_1_950' title='bbox 2535 5001 2883 5073; x_wconf 67' lang='lat' dir='ltr'><strong>praedicanda.</strong></span> <span class='ocrx_word' id='word_1_951' title='bbox 2928 5000 3045 5073; x_wconf 83' lang='lat' dir='ltr'><strong>Quo</strong></span> <span class='ocrx_word' id='word_1_952' title='bbox 3077 5000 3339 5069; x_wconf 83' lang='lat' dir='ltr'><strong>responso</strong></span> <span class='ocrx_word' id='word_1_953' title='bbox 3369 5004 3613 5070; x_wconf 86' lang='lat' dir='ltr'><strong>apposite</strong></span> 
     </span>
    </p>
   </div>
   <div class='ocr_carea' id='block_1_127' title="bbox 2031 5072 3612 5142">
    <p class='ocr_par' dir='ltr' id='par_1_127' title="bbox 2031 5072 3612 5142">
     <span class='ocr_line' id='line_1_129' title="bbox 2031 5072 3612 5142; baseline -0.003 -12"><span class='ocrx_word' id='word_1_954' title='bbox 2031 5074 2269 5130; x_wconf 85' lang='lat' dir='ltr'><strong>ostendit</strong></span> <span class='ocrx_word' id='word_1_955' title='bbox 2290 5075 2540 5137; x_wconf 89' lang='lat' dir='ltr'><strong>llilarins,</strong></span> <span class='ocrx_word' id='word_1_956' title='bbox 2569 5089 2627 5126; x_wconf 83' lang='lat' dir='ltr'><strong>se</strong></span> <span class='ocrx_word' id='word_1_957' title='bbox 2655 5074 2721 5125; x_wconf 87' lang='lat' dir='ltr'><strong>ab</strong></span> <span class='ocrx_word' id='word_1_958' title='bbox 2742 5072 3104 5134; x_wconf 75' lang='lat' dir='ltr'><strong>Orientalibus</strong></span> <span class='ocrx_word' id='word_1_959' title='bbox 3125 5073 3482 5142; x_wconf 79' lang='lat' dir='ltr'><strong>suSpiciouetu</strong></span> <span class='ocrx_word' id='word_1_960' title='bbox 3509 5089 3612 5125; x_wconf 83' lang='lat' dir='ltr'><strong>non</strong></span> 
     </span>
    </p>
   </div>
   <div class='ocr_carea' id='block_1_128' title="bbox 2032 5143 3612 5214">
    <p class='ocr_par' dir='ltr' id='par_1_128' title="bbox 2032 5143 3612 5214">
     <span class='ocr_line' id='line_1_130' title="bbox 2032 5143 3612 5214; baseline -0.003 -15"><span class='ocrx_word' id='word_1_961' title='bbox 2032 5146 2290 5200; x_wconf 85' lang='lat' dir='ltr'><strong>adimere.</strong></span> <span class='ocrx_word' id='word_1_962' title='bbox 2330 5143 2462 5199; x_wconf 86' lang='lat' dir='ltr'><strong>Nam</strong></span> <span class='ocrx_word' id='word_1_963' title='bbox 2491 5144 2584 5214; x_wconf 89' lang='lat' dir='ltr'><strong>qui</strong></span> <span class='ocrx_word' id='word_1_964' title='bbox 2612 5145 2764 5198; x_wconf 87' lang='lat' dir='ltr'><strong>timet</strong></span> <span class='ocrx_word' id='word_1_965' title='bbox 2802 5158 2866 5198; x_wconf 87' lang='lat' dir='ltr'><strong>ac</strong></span> <span class='ocrx_word' id='word_1_966' title='bbox 2906 5153 3061 5197; x_wconf 80' lang='lat' dir='ltr'><strong>cavet</strong></span> <span class='ocrx_word' id='word_1_967' title='bbox 3083 5185 3096 5207; x_wconf 87' lang='lat'>.</span> <span class='ocrx_word' id='word_1_968' title='bbox 3129 5160 3196 5199; x_wconf 89' lang='lat' dir='ltr'><strong>ne</strong></span> <span class='ocrx_word' id='word_1_969' title='bbox 3226 5144 3366 5214; x_wconf 90' lang='lat' dir='ltr'><strong>quod</strong></span> <span class='ocrx_word' id='word_1_970' title='bbox 3397 5143 3612 5197; x_wconf 73' lang='lat' dir='ltr'><strong>lat&#39;illltll</strong></span> 
     </span>
    </p>
   </div>
   <div class='ocr_carea' id='block_1_129' title="bbox 2033 5215 3611 5286">
    <p class='ocr_par' dir='ltr' id='par_1_129' title="bbox 2033 5215 3611 5286">
     <span class='ocr_line' id='line_1_131' title="bbox 2033 5215 3611 5286; baseline -0.001 -17"><span class='ocrx_word' id='word_1_971' title='bbox 2033 5226 2144 5280; x_wconf 86' lang='lat' dir='ltr'><strong>ost,</strong></span> <span class='ocrx_word' id='word_1_972' title='bbox 2190 5217 2480 5286; x_wconf 78' lang='lat' dir='ltr'><strong>aliquando</strong></span> <span class='ocrx_word' id='word_1_973' title='bbox 2526 5218 2770 5280; x_wconf 84' lang='lat' dir='ltr'><strong>dicatur,</strong></span> <span class='ocrx_word' id='word_1_974' title='bbox 2833 5232 2939 5270; x_wconf 88' lang='lat' dir='ltr'><strong>non</strong></span> <span class='ocrx_word' id='word_1_975' title='bbox 2992 5226 3076 5269; x_wconf 87' lang='lat' dir='ltr'><strong>est</strong></span> <span class='ocrx_word' id='word_1_976' title='bbox 3127 5218 3245 5271; x_wconf 89' lang='lat' dir='ltr'><strong>sine</strong></span> <span class='ocrx_word' id='word_1_977' title='bbox 3286 5215 3611 5285; x_wconf 67' lang='lat' dir='ltr'><strong>snsmcioue.</strong></span> 
     </span>
    </p>
   </div>
   <div class='ocr_carea' id='block_1_130' title="bbox 2031 5286 3611 5358">
    <p class='ocr_par' dir='ltr' id='par_1_130' title="bbox 2031 5286 3611 5358">
     <span class='ocr_line' id='line_1_132' title="bbox 2031 5286 3611 5358; baseline -0.003 -16"><span class='ocrx_word' id='word_1_978' title='bbox 2031 5286 2213 5358; x_wconf 80' lang='lat' dir='ltr'><strong>Longe</strong></span> <span class='ocrx_word' id='word_1_979' title='bbox 2236 5289 2411 5342; x_wconf 85' lang='lat' dir='ltr'><strong>minus</strong></span> <span class='ocrx_word' id='word_1_980' title='bbox 2436 5287 2659 5358; x_wconf 71' lang='lat' dir='ltr'><strong>laudat,</strong></span> <span class='ocrx_word' id='word_1_981' title='bbox 2681 5289 2770 5355; x_wconf 89' lang='lat' dir='ltr'><strong>qui</strong></span> <span class='ocrx_word' id='word_1_982' title='bbox 2796 5286 3118 5354; x_wconf 88' lang='lat' dir='ltr'><strong>parcendum</strong></span> <span class='ocrx_word' id='word_1_983' title='bbox 3145 5297 3313 5355; x_wconf 84' lang='lat' dir='ltr'><strong>putat.</strong></span> <span class='ocrx_word' id='word_1_984' title='bbox 3339 5286 3458 5358; x_wconf 74' lang='lat' dir='ltr'><strong>Non</strong></span> <span class='ocrx_word' id='word_1_985' title='bbox 3494 5302 3611 5358; x_wconf 81' lang='lat' dir='ltr'><strong>par-</strong></span> 
     </span>
    </p>
   </div>
   <div class='ocr_carea' id='block_1_131' title="bbox 2030 5356 3613 5428">
    <p class='ocr_par' dir='ltr' id='par_1_131' title="bbox 2030 5356 3613 5428">
     <span class='ocr_line' id='line_1_133' title="bbox 2030 5356 3613 5428; baseline -0.002 -15"><span class='ocrx_word' id='word_1_986' title='bbox 2030 5359 2106 5414; x_wconf 89' lang='lat' dir='ltr'><strong>cit</strong></span> <span class='ocrx_word' id='word_1_987' title='bbox 2133 5356 2308 5414; x_wconf 75' lang='lat' dir='ltr'><strong>autem</strong></span> <span class='ocrx_word' id='word_1_988' title='bbox 2337 5359 2437 5414; x_wconf 83' lang='lat' dir='ltr'><strong>nisi</strong></span> <span class='ocrx_word' id='word_1_989' title='bbox 2464 5375 2585 5415; x_wconf 87' lang='lat' dir='ltr'><strong>cum</strong></span> <span class='ocrx_word' id='word_1_990' title='bbox 2612 5357 2868 5414; x_wconf 88' lang='lat' dir='ltr'><strong>dilatione</strong></span> <span class='ocrx_word' id='word_1_991' title='bbox 2888 5397 2903 5425; x_wconf 93' lang='lat'><strong>,</strong></span> <span class='ocrx_word' id='word_1_992' title='bbox 2938 5360 3029 5428; x_wconf 89' lang='lat' dir='ltr'><strong>qui</strong></span> <span class='ocrx_word' id='word_1_993' title='bbox 3080 5374 3199 5413; x_wconf 73' lang='lat' dir='ltr'><strong>nios</strong></span> <span class='ocrx_word' id='word_1_994' title='bbox 3230 5356 3445 5413; x_wconf 85' lang='lat' dir='ltr'><strong>tandem</strong></span> <span class='ocrx_word' id='word_1_995' title='bbox 3496 5357 3613 5411; x_wconf 87' lang='lat' dir='ltr'><strong>aui-</strong></span> 
     </span>
    </p>
   </div>
   <div class='ocr_carea' id='block_1_132' title="bbox 2031 5428 3603 5500">
    <p class='ocr_par' dir='ltr' id='par_1_132' title="bbox 2031 5428 3603 5500">
     <span class='ocr_line' id='line_1_134' title="bbox 2031 5428 3603 5500; baseline -0.003 -15"><span class='ocrx_word' id='word_1_996' title='bbox 2031 5445 2177 5485; x_wconf 87' lang='lat' dir='ltr'><strong>mum</strong></span> <span class='ocrx_word' id='word_1_997' title='bbox 2199 5445 2352 5484; x_wconf 89' lang='lat' dir='ltr'><strong>suum</strong></span> <span class='ocrx_word' id='word_1_998' title='bbox 2376 5430 2547 5500; x_wconf 86' lang='lat' dir='ltr'><strong>aperit</strong></span> <span class='ocrx_word' id='word_1_999' title='bbox 2574 5431 2625 5483; x_wconf 89' lang='lat' dir='ltr'><strong>in</strong></span> <span class='ocrx_word' id='word_1_1000' title='bbox 2651 5429 2793 5485; x_wconf 91' lang='lat' dir='ltr'><strong>hunc</strong></span> <span class='ocrx_word' id='word_1_1001' title='bbox 2816 5429 3032 5484; x_wconf 86' lang='lat' dir='ltr'><strong>modum</strong></span> <span class='ocrx_word' id='word_1_1002' title='bbox 3063 5446 3076 5483; x_wconf 90' lang='lat'><strong>:</strong></span> <span class='ocrx_word' id='word_1_1003' title='bbox 3107 5428 3240 5484; x_wconf 89' lang='lat' dir='ltr'><strong>Date</strong></span> <span class='ocrx_word' id='word_1_1004' title='bbox 3263 5430 3476 5489; x_wconf 84' lang='lat' dir='ltr'><strong>veniam.</strong></span> <span class='ocrx_word' id='word_1_1005' title='bbox 3511 5430 3603 5494; x_wconf 69' lang='lat' dir='ltr'><strong>[ro</strong></span> 
     </span>
    </p>
   </div>
   <div class='ocr_carea' id='block_1_133' title="bbox 2028 5500 3611 5570">
    <p class='ocr_par' dir='ltr' id='par_1_133' title="bbox 2028 5500 3611 5570">
     <span class='ocr_line' id='line_1_135' title="bbox 2028 5500 3611 5570; baseline -0.002 -14"><span class='ocrx_word' id='word_1_1006' title='bbox 2028 5512 2148 5565; x_wconf 87' lang='lat' dir='ltr'><strong>tres,</strong></span> <span class='ocrx_word' id='word_1_1007' title='bbox 2175 5502 2341 5556; x_wconf 83' lang='lat' dir='ltr'><strong>dolori</strong></span> <span class='ocrx_word' id='word_1_1008' title='bbox 2380 5520 2488 5558; x_wconf 78' lang='lat' dir='ltr'><strong>meo</strong></span> <span class='ocrx_word' id='word_1_1009' title='bbox 2517 5503 2769 5570; x_wconf 85' lang='lat' dir='ltr'><strong>:impium</strong></span> <span class='ocrx_word' id='word_1_1010' title='bbox 2807 5510 2882 5555; x_wconf 85' lang='lat' dir='ltr'><strong>est</strong></span> <span class='ocrx_word' id='word_1_1011' title='bbox 2925 5501 3061 5570; x_wconf 83' lang='lat' dir='ltr'><strong>quod</strong></span> <span class='ocrx_word' id='word_1_1012' title='bbox 3090 5503 3304 5556; x_wconf 78' lang='lat' dir='ltr'><strong>audetis.</strong></span> <span class='ocrx_word' id='word_1_1013' title='bbox 3340 5500 3507 5568; x_wconf 86' lang='lat' dir='ltr'><strong>Quem</strong></span> <span class='ocrx_word' id='word_1_1014' title='bbox 3560 5501 3611 5553; x_wconf 90' lang='lat' dir='ltr'><strong>in</strong></span> 
     </span>
    </p>
   </div>
   <div class='ocr_carea' id='block_1_134' title="bbox 2028 5570 3614 5642">
    <p class='ocr_par' dir='ltr' id='par_1_134' title="bbox 2028 5570 3614 5642">
     <span class='ocr_line' id='line_1_136' title="bbox 2028 5570 3614 5642; baseline -0.004 -13"><span class='ocrx_word' id='word_1_1015' title='bbox 2028 5577 2204 5629; x_wconf 89' lang='lat' dir='ltr'><strong>locum</strong></span> <span class='ocrx_word' id='word_1_1016' title='bbox 2252 5575 2445 5629; x_wconf 89' lang='lat' dir='ltr'><strong>melius</strong></span> <span class='ocrx_word' id='word_1_1017' title='bbox 2495 5576 2810 5642; x_wconf 81' lang='lat' dir='ltr'><strong>rojiceretur</strong></span> <span class='ocrx_word' id='word_1_1018' title='bbox 2856 5574 3089 5627; x_wconf 88' lang='lat' dir='ltr'><strong>sccumla</strong></span> <span class='ocrx_word' id='word_1_1019' title='bbox 3144 5589 3267 5637; x_wconf 83' lang='lat' dir='ltr'><strong>pars</strong></span> <span class='ocrx_word' id='word_1_1020' title='bbox 3318 5570 3614 5640; x_wconf 81' lang='lat' dir='ltr'><strong>superioris</strong></span> 
     </span>
    </p>
   </div>
   <div class='ocr_carea' id='block_1_135' title="bbox 2027 5643 3610 5713">
    <p class='ocr_par' dir='ltr' id='par_1_135' title="bbox 2027 5643 3610 5713">
     <span class='ocr_line' id='line_1_137' title="bbox 2027 5643 3610 5713; baseline -0.004 -12"><span class='ocrx_word' id='word_1_1021' title='bbox 2027 5645 2274 5713; x_wconf 86' lang='lat' dir='ltr'><strong>responsi</strong></span> <span class='ocrx_word' id='word_1_1022' title='bbox 2303 5685 2317 5710; x_wconf 91' lang='lat'><strong>,</strong></span> <span class='ocrx_word' id='word_1_1023' title='bbox 2349 5645 2415 5698; x_wconf 86' lang='lat' dir='ltr'><strong>ab</strong></span> <span class='ocrx_word' id='word_1_1024' title='bbox 2460 5644 2544 5699; x_wconf 85' lang='lat' dir='ltr'><strong>bis</strong></span> <span class='ocrx_word' id='word_1_1025' title='bbox 2571 5645 2688 5698; x_wconf 84' lang='lat' dir='ltr'><strong>scil.</strong></span> <span class='ocrx_word' id='word_1_1026' title='bbox 2730 5643 2908 5699; x_wconf 67' lang='lat' dir='ltr'><strong>verbis</strong></span> <span class='ocrx_word' id='word_1_1027' title='bbox 2930 5686 2943 5706; x_wconf 83' lang='grc'><strong>,</strong></span> <span class='ocrx_word' id='word_1_1028' title='bbox 2977 5645 3056 5698; x_wconf 78' lang='lat' dir='ltr'><strong>Au</strong></span> <span class='ocrx_word' id='word_1_1029' title='bbox 3099 5645 3180 5698; x_wconf 75' lang='lat' dir='ltr'><strong>hic</strong></span> <span class='ocrx_word' id='word_1_1030' title='bbox 3221 5645 3437 5698; x_wconf 78' lang='lat' dir='ltr'><strong>similem</strong></span> <span class='ocrx_word' id='word_1_1031' title='bbox 3460 5683 3475 5710; x_wconf 95' lang='lat'><strong>,</strong></span> <span class='ocrx_word' id='word_1_1032' title='bbox 3502 5653 3610 5713; x_wconf 88' lang='lat' dir='ltr'><strong>etc.</strong></span> 
     </span>
    </p>
   </div>
   <div class='ocr_carea' id='block_1_136' title="bbox 2030 5708 3695 5799">
    <p class='ocr_par' dir='ltr' id='par_1_136' title="bbox 2030 5708 3695 5799">
     <span class='ocr_line' id='line_1_138' title="bbox 2030 5708 3695 5799; baseline -0.007 -24"><span class='ocrx_word' id='word_1_1033' title='bbox 2030 5708 2135 5775; x_wconf 80' lang='lat' dir='ltr'><strong>Ubi</strong></span> <span class='ocrx_word' id='word_1_1034' title='bbox 2152 5718 2219 5799; x_wconf 86' lang='lat' dir='ltr'><strong>d_e</strong></span> <span class='ocrx_word' id='word_1_1035' title='bbox 2241 5708 2592 5799; x_wconf 71' lang='lat' dir='ltr'><strong>orientalium</strong></span> <span class='ocrx_word' id='word_1_1036' title='bbox 2617 5731 2900 5799; x_wconf 66' lang='lat' dir='ltr'><strong>progressu</strong></span> <span class='ocrx_word' id='word_1_1037' title='bbox 2924 5731 3028 5799; x_wconf 76' lang='lat' dir='ltr'><strong>non</strong></span> <span class='ocrx_word' id='word_1_1038' title='bbox 3058 5717 3126 5799; x_wconf 69' lang='lat' dir='ltr'><strong>ita</strong></span> <span class='ocrx_word' id='word_1_1039' title='bbox 3148 5715 3441 5799; x_wconf 47' lang='lat' dir='ltr'><strong>gratulatur</strong></span> <span class='ocrx_word' id='word_1_1040' title='bbox 3463 5708 3695 5799; x_wconf 44' lang='lat' dir='ltr'><strong>quit-4&quot;</strong></span> 
     </span>
    </p>
   </div>
   <div class='ocr_carea' id='block_1_137' title="bbox 2028 5788 3551 5863">
    <p class='ocr_par' dir='ltr' id='par_1_137' title="bbox 2028 5788 3551 5863">
     <span class='ocr_line' id='line_1_139' title="bbox 2028 5788 3551 5863; baseline 0 -19"><span class='ocrx_word' id='word_1_1041' title='bbox 2028 5790 2286 5863; x_wconf 84' lang='lat' dir='ltr'><strong>quasdam</strong></span> <span class='ocrx_word' id='word_1_1042' title='bbox 2337 5791 2394 5863; x_wconf 82' lang='lat' dir='ltr'><strong>in</strong></span> <span class='ocrx_word' id='word_1_1043' title='bbox 2429 5789 2507 5863; x_wconf 82' lang='lat' dir='ltr'><strong>eis</strong></span> <span class='ocrx_word' id='word_1_1044' title='bbox 2549 5789 2841 5863; x_wconf 74' lang='lat' dir='ltr'><strong>impietatis</strong></span> <span class='ocrx_word' id='word_1_1045' title='bbox 2869 5788 3188 5863; x_wconf 49' lang='lat' dir='ltr'><strong>quisquilias</strong></span> <span class='ocrx_word' id='word_1_1046' title='bbox 3238 5790 3516 5863; x_wconf 82' lang='lat' dir='ltr'><strong>advertat,</strong></span> <span class='ocrx_word' id='word_1_1047' title='bbox 3549 5804 3551 5807; x_wconf 76' lang='lat'>‘</span> 
     </span>
    </p>
   </div>
   <div class='ocr_carea' id='block_1_138' title="bbox 353 5858 2773 5941">
    <p class='ocr_par' dir='ltr' id='par_1_138' title="bbox 353 5858 2773 5941">
     <span class='ocr_line' id='line_1_140' title="bbox 353 5858 2773 5941; baseline 0.001 -24"><span class='ocrx_word' id='word_1_1048' title='bbox 353 5859 543 5934; x_wconf 83' lang='lat' dir='ltr'><strong>larius,</strong></span> <span class='ocrx_word' id='word_1_1049' title='bbox 563 5858 660 5920; x_wconf 78' lang='lat' dir='ltr'><strong>sed</strong></span> <span class='ocrx_word' id='word_1_1050' title='bbox 682 5860 894 5935; x_wconf 77' lang='lat' dir='ltr'><strong>aliquos</strong></span> <span class='ocrx_word' id='word_1_1051' title='bbox 913 5873 967 5921; x_wconf 88' lang='lat' dir='ltr'><strong>ut</strong></span> <span class='ocrx_word' id='word_1_1052' title='bbox 988 5862 1054 5923; x_wconf 83' lang='lat' dir='ltr'><strong>iis</strong></span> <span class='ocrx_word' id='word_1_1053' title='bbox 1076 5861 1253 5921; x_wconf 60' lang='grc' dir='ltr'>διώξει</span> <span class='ocrx_word' id='word_1_1054' title='bbox 1267 5860 1475 5925; x_wconf 85' lang='lat' dir='ltr'><strong>iberent</strong></span> <span class='ocrx_word' id='word_1_1055' title='bbox 1505 5858 1689 5923; x_wconf 64' lang='grc' dir='ltr'><strong>εει-ωλι</strong></span> <span class='ocrx_word' id='word_1_1056' title='bbox 1708 5874 1927 5933; x_wconf 78' lang='lat' dir='ltr'><strong>coactos</strong></span> <span class='ocrx_word' id='word_1_1057' title='bbox 2022 5858 2220 5941; x_wconf 81' lang='lat' dir='ltr'><strong>quibus</strong></span> <span class='ocrx_word' id='word_1_1058' title='bbox 2240 5862 2342 5925; x_wconf 81' lang='lat' dir='ltr'><strong>sibi</strong></span> <span class='ocrx_word' id='word_1_1059' title='bbox 2365 5860 2659 5922; x_wconf 82' lang='lat' dir='ltr'><strong>dolendum</strong></span> <span class='ocrx_word' id='word_1_1060' title='bbox 2684 5861 2773 5920; x_wconf 86' lang='lat' dir='ltr'><strong>sit.</strong></span> 
     </span>
    </p>
   </div>
  </div>
