4106 6192
482 316 588 375 διδ
1680 311 1930 371 SANCTI
1962 312 2216 370 lllLAltIl
2254 312 2559 372 EPISCOPI
3672 319 3788 375 δίη

478 448 587 491 non
628 434 699 491 ita
726 434 903 492 omnis
926 432 1003 509 (ιι)
1026 430 1333 503 conscripta
1362 428 1505 503 apud
1534 430 1807 503 Ancyram
1853 429 1987 486 fides
2013 444 2073 486 se
2100 431 2155 495 Α
2178 432 2267 502 qui
2293 447 2406 487 rem
2433 447 2500 489 eo
2521 431 2837 489 deducimus
2854 475 2867 498 ,
2890 441 2951 488 ut
2976 432 3100 504 quia
3123 430 3361 503 episc0pi
3388 445 3495 488 non
3524 431 3745 490 fuerunt
3769 474 3790 501 ,

478 528 733 586 habebat.
777 526 894 583 Non
934 526 1091 582 fama:
1131 524 1365 581 fabulam
1412 524 1638 595 loquor:
1668 523 1968 578 litterarum
2018 523 2081 578 li-

478 623 603 679 dem
644 630 839 688 teneo,
868 634 973 676 non
1000 617 1208 675 alaicis
1232 625 1526 689 sumptam,
1556 614 1652 673 sed
1694 615 1763 671 ab
1806 615 2077 687 episcopis

477 716 679 773 datam.

550 806 640 863 9i.
683 805 765 862 Ad
789 806 1094 863 homousion
1132 806 1518 880 suscipiendum
1554 803 1869 859 adhortatio.
1902 802 2077 857 Nico:-

473 916 596 955 nam
630 900 783 969 ﬁdem
830 916 933 955 non
979 899 1079 954 nisi
1124 900 1424 954 exulaturus
1474 898 1686 953 audivit.
1709 927 1781 938 κ-
1806 896 1916 953 Oro
1945 910 2073 964 vos,

473 993 727 1061 Fratres,
778 993 1001 1050 adimite
1053 993 1449 1064 suspicionem,
1501 990 1774 1047 excludite
1826 991 2071 1046 occasio-

475 1101 598 1142 nem
621 1084 720 1157 (b).
755 1084 823 1142 Ut
852 1085 1067 1157 probari
1108 1087 1279 1156 possit
1318 1084 1690 1153 homteusion,
1727 1099 1833 1141 non
1873 1084 2075 1154 impro-

473 1178 665 1236 bemus
693 1178 1034 1235 homousion.
1067 1178 1380 1251 Cogitemus
1411 1187 1487 1234 tot
1516 1178 1825 1235 sacerdotes
1855 1187 2071 1235 sanctos

473 1281 531 1329 et
566 1274 941 1344 quiescentes:
976 1271 1103 1344 quid
1133 1272 1201 1326 de
1227 1272 1383 1327 nobis
1415 1254 1673 1327 Dominus
1695 1270 1989 1341 iudicabit,
2024 1270 2073 1327 si

473 1381 618 1423 nunc
646 1366 1169 1423 anatbematizantur
1194 1380 1224 1421 a
1264 1364 1455 1422 nobis?
1484 1365 1622 1435 Quid
1648 1364 1716 1420 de
1744 1365 1900 1421 nobis
1925 1365 2068 1434 erit,

550 1504 626 1576 (α)
665 1503 723 1560 ln
755 1504 1014 1577 vulgatis.
1045 1507 1304 1574 scripta...
1334 1522 1387 1561 se
1414 1504 1593 1560 habeat
1624 1521 1643 1559 :
1685 1515 1741 1561 et
1780 1520 1904 1561 mox
1932 1504 2072 1576 apud

478 1577 610 1633 Bad.
637 1584 692 1633 et
740 1578 887 1642 Min,
920 1593 1022 1630 non
1049 1592 1081 1629 a
1108 1577 1382 1631 lectoribus
1429 1587 1685 1647 sumptam
1706 1618 1718 1641 ,
1747 1592 1847 1646 pro
1896 1594 1997 1647 non
2041 1594 2074 1631 a

476 1649 620 1703 laicis
648 1658 923 1717 sumptam.
958 1647 1055 1702 Hic
1098 1648 1365 1719 signiﬁcat
1402 1648 1635 1703 Hilarius
1658 1689 1673 1713 ,
1705 1663 1812 1702 non
1858 1648 1934 1702 ita
1960 1646 2074 1702 An-

478 1735 622 1791 cyra:
668 1720 1033 1791 conscriptam
1066 1718 1188 1774 esse
1240 1718 1434 1786 fidem,
1477 1719 1650 1789 qualis
1698 1719 1880 1791 Sirmii
1930 1720 2071 1773 edita

477 1790 593 1857 est;
626 1805 791 1876 seque
840 1790 1101 1876 boc_pett_
1141 1805 1357 1845 rumore
1388 1791 1568 1876 vulgi,
1596 1790 1691 1846 sed
1721 1805 1785 1845 ex
1830 1790 2073 1876 ips-ismet
2103 1816 2150 1876 B

473 1862 664 1934 synodi
711 1860 903 1934 litteris
943 1860 1229 1926 didicisse;
1263 1875 1462 1934 easque
1492 1860 1709 1934 litteras
1754 1875 1861 1934 non
1906 1862 2073 1917 laico-

472 1931 592 1989 ritm
617 1972 634 2001 ,
677 1932 773 1988 sed
801 1932 1174 2002 episcoporum
1208 1931 1425 1987 nomine
1451 1932 1622 1988 editas
1648 1948 1713 1988 ac
1738 1932 2071 2002 subscriptas

474 2019 614 2060 esse.
644 2003 794 2071 Quod
827 2003 1042 2059 videtur
1071 2002 1275 2059 dixisse
1295 2045 1311 2070 ,
1343 2004 1465 2073 quia
1504 2004 1556 2059 in
1588 2004 1819 2060 concilio
1864 2003 2071 2059 Medio-

472 2075 580 2146 lan.
628 2090 719 2131 an.
762 2074 903 2142 555,
943 2075 1229 2146 quamdam
1283 2074 1403 2129 fidei
1450 2076 1732 2130 formulam
1778 2078 2073 2131 emiserant

473 2144 772 2201 Constantii
805 2144 1024 2202 nomine
1045 2188 1058 2213 ,
1092 2153 1152 2199 ut
1176 2146 1222 2200 si
1250 2161 1368 2201 eam
1396 2147 1753 2202 exhorret-ent
1778 2147 2067 2213 catholici,

476 2218 741 2274 baberent
769 2218 911 2275 unde
954 2233 1012 2274 se
1042 2226 1405 2285 excusarent,
1451 2220 1525 2273 uti
1568 2218 1677 2287 jam
1722 2220 2069 2275 observatum

474 2300 559 2347 est
607 2308 663 2346 n.
697 2291 787 2346 78.
816 2291 943 2347 Illas
989 2300 1167 2346 autem
1216 2291 1422 2348 litteras
1468 2293 1688 2348 exhibet
1737 2292 2068 2362 Epiphanius

475 2364 589 2436 liter
615 2379 789 2419 Lxxttt
815 2406 827 2425 .
862 2381 915 2417 n.
947 2364 1017 2430 2,
1048 2366 1136 2436 qui
1185 2373 1363 2421 tamen
1394 2365 1679 2436 epistolam
1706 2363 1770 2418 de
1813 2363 2069 2419 homousii

473 2444 522 2508 et
544 2435 812 2490 Itomwusii
836 2435 1151 2508 expositione
1175 2435 1504 2506 Superius’n.
1526 2437 1588 2492 8i
1611 2477 1625 2499 ,
1654 2437 1964 2508 summatim
1990 2450 2068 2490 re-

471 2505 633 2561 latam
664 2521 763 2563 nec
791 2505 909 2577 ipse
943 2507 1098 2563 nobis
1129 2507 1463 2570 transmisit.
1496 2524 1595 2565 nec
1625 2508 1767 2563 ullus
1796 2506 1955 2563 alius.

570 2578 621 2649 ὁ)
662 2578 896 2649 Supple.
929 2581 1063 2634 male
1094 2579 1158 2633 de
1180 2578 1320 2633 vobis
1349 2581 1618 2635 sentiendi.

567 2650 615 2724 c)
655 2650 771 2705 Mir.
794 2690 810 2715 ,
841 2650 990 2723 Lips.
1022 2659 1076 2706 et
1106 2650 1226 2705 Par.
1251 2668 1390 2724 ,Anec
1427 2654 1728 2724 ceperimus.
1760 2650 1945 2706 Melius
1974 2650 2067 2705 alii

472 2720 627 2788 libri,
662 2737 753 2776 nec
780 2720 1076 2794 cmpe‘rimus
1092 2764 1107 2788 ,
1135 2721 1327 2792 supple
1351 2720 1697 2779 essefPostea
1721 2737 1912 2777 omnes
1933 2737 2063 2794 mss.

469 2808 578 2847 uno
607 2793 868 2864 excepto,
899 2810 1079 2848 sumus
1122 2795 1409 2859 successio,
1444 2810 1551 2850 non
1591 2810 1926 2849 successores.
1960 2793 2065 2848 Ar-

466 2873 721 2934 gumenta
765 2865 955 2919 eodem
1005 2865 1235 2919 Arianos
1288 2875 1442 2935 urget
1488 2866 1833 2931 Athanasius,
1860 2865 1952 2920 lib.
1999 2865 2067 2920 de

471 2935 677 3007 Synod.
713 2950 830 3005 pag.
863 2935 1137 3007 882.7Quo
1157 2978 1172 3001 ,
1206 2937 1416 3004 inquit,
1436 2937 1557 3007 jure
1587 2938 1684 3006 ipsi
1708 2937 1933 3006 episcopi
1960 2952 2067 2990 esse

470 3006 738 3075 poterunt,
769 3008 811 3061 si
841 3008 904 3060 ab
928 3006 1210 3077 episcOpis,
1243 3022 1370 3076 quos
1395 3006 1497 3076 ipsi
1534 3009 1907 3073 criminantur,
1943 3023 2065 3060 con-

469 3078 634 3132 stituti
660 3086 800 3132 sunt.
828 3076 1140 3147 .Sententite
1170 3076 1328 3147 hujus
1356 3082 1618 3135 rationem
1649 3080 1727 3133 sic
1757 3079 1934 3134 reddit
1964 3078 2065 3135 So-

468 3159 645 3203 crates
676 3148 770 3221 lib.
799 3164 862 3210 tt.
892 3163 1010 3221 cap.
1041 3146 1150 3221 ξος
1183 3146 1421 3221 Quonam
1456 3150 1607 3204 modo
1646 3166 1819 3221 eorum
1864 3149 2058 3221 (Nicae-

2180 538 2280 579 nos
2308 539 2521 596 quoque
2550 522 2621 597 (c)
2652 540 2748 580 nec
2775 525 3139 596 coeperimus?
3169 522 3413 579 Ordinati
3440 525 3582 579 enim
3605 525 3673 581 ab
3695 526 3795 582 his

2177 630 2398 684 sumus,
2433 627 2489 673 et
2526 631 2713 673 eorum
2756 631 2947 672 sumus
2991 630 3354 672 successores.
3390 615 3796 673 Renuntiemus

2177 711 2542 781 episcOpatui,
2586 710 2668 783 (ά)
2715 713 2840 782 quia
2884 708 3120 765 olliciutn
3164 710 3283 780 cjns
3325 709 3393 764 ab
3437 708 3797 768 anathemate

2178 804 2589 875 sumpserimus.
2642 804 2773 860 Date
2806 803 3023 859 veniam
3045 845 3058 871 ,
3091 802 3344 867 Fratres,
3393 801 3565 857 dolori
3614 818 3740 859 meo
3775 821 3793 856 :

2178 897 2402 969 impium
2440 907 2522 953 est
2559 897 2631 971 (ρ)
2681 897 2823 969 quod
2868 897 3103 952 audetis.
3139 895 3256 951 Non
3290 895 3464 966 patior
3509 894 3648 952 hanc
3685 912 3800 953 vo-

2178 1005 2296 1046 cem
2320 1033 2335 1058 ,
2368 999 2425 1045 ttl
2452 990 2505 1045 in
2536 989 2882 1061 anathemate
2911 989 2983 1044 sit
3022 988 3339 1044 bomonsion
3366 988 3659 1044 secundum
3690 1005 3795 1046 re-

2177 1083 2419 1155 ligiosam
2451 1082 2859 1154 intelligentiam
2890 1081 3182 1137 conﬁtens.
3209 1079 3417 1135 Nomen
3449 1079 3584 1135 nihil
3614 1080 3793 1137 habet

2177 1179 2454 1246 criminis,
2509 1178 2652 1249 quod
2710 1191 2928 1233 sensum
2979 1192 3083 1230 non
3148 1176 3426 1245 perturbat
3474 1174 3791 1247 religionis.

2180 1272 2431 1346 518m
2463 1272 2810 1328 llotnteusion
2837 1270 3056 1334 nescio,
3090 1284 3189 1324 nec
3212 1269 3487 1338 intelligo,
3522 1269 3622 1325 nisi
3651 1277 3789 1325 tan-

2178 1374 2291 1422 tum
2315 1367 2392 1440 (9)
2415 1366 2482 1422 ab
2509 1364 2701 1421 similis
2720 1365 2971 1420 esscntize
3001 1361 3362 1419 confessione.
3391 1361 3583 1419 Testor
3602 1364 3788 1420 Deum

2179 1504 2313 1559 alias
2343 1521 2374 1559 ι.
2396 1547 2409 1570 ,
2440 1518 2581 1559 nunc
2607 1518 2852 1565 caxxxv,
2894 1519 2949 1556 η.
2985 1502 3088 1556 47ε
3127 1499 3267 1564 Hoc,
3297 1500 3505 1571 inquit,
3535 1501 3597 1556 ab
3626 1502 3790 1558 initio

2178 1577 2391 1630 servavit
2422 1576 2671 1645 Africana
2715 1574 2997 1637 catholica,
3041 1590 3105 1628 ea;
3134 1574 3498 1645 episcoporum
3527 1576 3795 1629 sententia

2178 1648 2267 1716 qui
2303 1647 2358 1701 in
2401 1644 2630 1701 Ecclesia
2669 1645 2908 1700 Romana
2943 1647 3076 1699 inter
3116 1644 3445 1698 Ctecilianum
3487 1653 3537 1698 et
3578 1657 3792 1716 partem

2182 1718 2374 1773 Donati
2409 1717 2808 1791 judicaverunt,
2859 1717 3201 1791 damnatoque
3246 1731 3351 1769 uno
3375 1716 3621 1791 _quodam
3667 1718 3794 1773 Do—

2182 1800 2369 1844 nato...
2399 1785 2606 1844 crateras
2638 1797 2923 1854 correctos,
2951 1788 3151 1843 etiamsi
3178 1797 3320 1840 extra
3361 1785 3646 1842 Ecclesium
3687 1806 3794 1844 or-

2178 1860 2343 1915 dinati
2374 1870 2535 1915 essent
2556 1902 2570 1926 ,
2602 1861 2654 1913 in
2686 1861 2792 1913 suis
2825 1861 3101 1913 honoribus
3144 1858 3495 1926 suscipiendos
3520 1875 3626 1913 esse
3653 1877 3797 1915 cen-

2173 1943 2404 1986 suerunt.
2438 1930 2513 1985 Ita
2542 1932 2702 1986 etiam
2733 1931 2954 2000 intelligi
2987 1942 3161 1997 poteSt
3186 1945 3249 1985 ac
3274 1931 3435 1984 debet
3465 1941 3649 1987 noster
3676 1931 3787 1987 Hi-

2173 2004 2339 2058 larius
2360 2044 2375 2068 ,
2410 2014 2467 2057 ut
2504 2003 2754 2057 nimirum
2786 2003 2879 2072 qui
2907 2003 3248 2073 episcopatus
3270 2000 3508 2056 oflicium
3537 2004 3603 2056 ab
3632 2018 3785 2058 ana—

2177 2078 2412 2131 themate
2433 2074 2788 2145 sumpserint,
2810 2072 3112 2143 disci’plinae
3136 2072 3313 2142 rigore
3337 2087 3367 2126 a
3393 2073 3540 2128 nulla
3560 2074 3785 2145 synodo

2173 2151 2253 2202 eLs
2293 2144 2567 2211 relaxato,
2596 2144 2832 2216 episcopi
2863 2160 2971 2199 non
2997 2145 3140 2209 sint,
3173 2158 3269 2216 seu
3304 2160 3407 2197 non
3438 2144 3783 2201 censeantur

2172 2233 2329 2283 esse;
2363 2233 2424 2273 ea
2452 2214 2705 2272 videlicet
2748 2214 2956 2272 ratione
2978 2258 2992 2282 ,
3036 2230 3137 2286 qua
3169 2214 3485 2285 episcopos,
3524 2219 3787 2285 quamvis

2175 2291 2411 2361 legitime
2432 2290 2711 2345 ordinatos
2727 2332 2739 2353 ,
2763 2304 2857 2343 eos
2879 2304 2984 2361 non
3008 2285 3129 2342 esse
3149 2285 3419 2361 declarat,
3441 2286 3534 2361 qui
3558 2289 3609 2343 in
3631 2304 3781 2361 ana-

2174 2359 2410 2418 themate
2435 2373 2561 2417 sunt
2581 2361 2878 2416 constituti.
2899 2360 3051 2416 Valet
3073 2359 3269 2430 quippe
3293 2360 3574 2430 Augustini
3599 2360 3780 2428 ratio,

2170 2434 2262 2490 lib.
2324 2450 2359 2490 tt
2396 2446 2585 2490 ccutra
2633 2435 2916 2504 epistolam
2950 2429 3282 2487 Parmenioni
3313 2445 3360 2486 c.
3382 2429 3604 2504 ’15:“In
3648 2432 3783 2501 ipsa

2172 2509 2470 2578 praecisione
2488 2502 2699 2574 vitium,
2729 2524 2829 2561 non
2853 2509 2905 2560 in
2930 2503 3301 2578 sacramentis:
3328 2519 3443 2573 quis
3462 2502 3781 2578 ubicumque

2168 2574 2286 2634 sunt
2335 2581 2490 2649 ipsa,
2543 2596 2659 2634 vera
2709 2588 2847 2633 sunt.
2895 2579 3155 2649 Quocirca
3190 2574 3590 2649 _lliergnytmus,
3618 2575 3771 2630 Dial.

2168 2646 2366 2707 contra
2382 2651 2751 2707 Luciferianos
2774 2665 2979 2705 morem
3010 2646 3307 2703 defendens
3332 2646 3615 2717 Ecclesite,
3638 2662 3778 2717 qua:

2168 2723 2237 2778 ab
2266 2723 2475 2778 Arianis
2500 2724 2780 2777 venientes
2808 2722 3094 2792 episcopos
3125 2716 3454 2788 recipiebat,
3484 2716 3551 2772 ad
3579 2716 3779 2792 obj’eco

2172 2802 2282 2848 tum
2323 2795 2466 2864 quod
2499 2794 2756 2863 Spiritum
2807 2802 3052 2864 sanctum
3079 2799 3352 2864 prmstare
3402 2803 3505 2843 non
3549 2791 3780 2864 valeant

2169 2865 2248 2921 sic
2279 2861 2567 2935 respondet
2592 2882 2605 2917 :
2641 2864 2701 2920 Si
2727 2865 2949 2918 Arianus
2990 2862 3375 2935 Spiritum_no_n
3406 2868 3568 2935 potest
3592 2861 3722 2914 dare
3746 2902 3769 2928 ,

2168 2953 2232 2989 ne
2279 2929 2539 3005 baptizare
2582 2937 2784 3008 quidem
2834 2945 2992 3008 potest
3006 2929 3190 3008 {quia
3224 2929 3473 2985 Ecclesia:
3511 2931 3778 3008 baptisma

2168 3008 2280 3081 sine
2305 3003 2509 3081 Spiritu
2553 3003 2730 3081 sancto
2760 3006 2963 3060 nullum
3002 3014 3095 3060 est.
3128 3003 3283 3081 llttro
3306 3005 3780 3081 tameneoncedil

2166 3074 2521 3150 Augustinus,
2546 3080 2706 3150 epist.
2747 3093 2999 3145 cuxxxv,
3043 3094 3099 3131 n.
3141 3074 3244 3137 47,
3290 3074 3421 3200 foris
3462 3075 3527 3129 ab
3572 3076 3781 3131 unitate

2167 3153 2395 3200 corporis
2425 3150 2613 3200 Christi
2644 3149 2900 3200 Spiritum
2931 3156 3174 3200 sanctum
3217 3148 3281 3199 ha
3323 3144 3404 3200 eri
3441 3160 3545 3200 non
3574 3161 3764 3200 posse.

2167 3144 2395 3218 corporis
2425 3144 2613 3207 Chrisii
2644 3149 2900 3214 Spiritum
2931 3156 3174 3203 sanctum
3217 3144 3404 3218 haberi
3441 3160 3545 3200 non
3574 3161 3764 3216 posse.

471 3235 663 3275 norum
694 3218 935 3292 Patrum)
961 3212 1341 3273 ordinationem
1377 3231 1638 3290 tamquam
1668 3212 1887 3292 probam
1908 3237 1967 3274 ac
1992 3222 2062 3275 le-
2091 3212 2137 3274 C
2168 3212 2351 3291 Neqtte
2378 3224 2463 3278 hic
2504 3212 2860 3292 expendimus
2899 3234 3004 3290 quo
3028 3233 3204 3292 sensu
3250 3212 3607 3292 Hieronymus
3631 3234 3767 3272 eum

468 3292 699 3364 gitimam
740 3298 1100 3364 susceperunt,
1134 3307 1358 3364 quorum
1390 3292 1560 3364 ﬁdem
1598 3291 1732 3364 velut
1774 3291 1974 3364 falsant
2004 3308 2062 3344 ac

466 3360 736 3434 reprobam
766 3360 1090 3432 rejecernnt?
1121 3360 1259 3414 Nam
1287 3361 1333 3434 si
1357 3361 1435 3416 illi
1476 3380 1579 3417 non
1618 3360 1901 3416 habuerunt
1941 3362 2065 3432 Spi-

465 3431 624 3505 ritum
652 3441 914 3499 sanctum,
955 3434 1041 3503 qui
1083 3448 1173 3501 per
1211 3431 1583 3505 ordinationem
1624 3434 1945 3505 infunditur,
1974 3450 2062 3487 sa-

465 3504 750 3576 cerdotium
786 3519 891 3576 non
930 3502 1252 3576 acceperunt.
1286 3502 1554 3569 Quomodo
1590 3502 1722 3559 enim
1765 3514 2067 3576 acceperunt

469 3575 534 3655 ab
574 3574 800 3655 iis.qui
844 3590 948 3655 non
992 3574 1243 3655 habebant
1287 3577 1425 3655 quod
1473 3574 1893 3655 darentaﬂinc‘
1923 3577 2061 3655 apud

468 3646 831 3702 ThedoFetum
875 3646 967 3700 lib.
1027 3662 1079 3701 tv
1116 3646 1243 3703 hist.
1275 3647 1411 3702 eccl.
1439 3664 1490 3704 e.
1531 3649 1637 3713 23.
1668 3648 1879 3717 Moyses
1904 3664 1931 3700 a
1960 3647 2066 3703 Lit--

468 3721 554 3773 cio
583 3718 783 3773 Ariano
821 3717 1127 3789 patriarcha
1172 3718 1535 3775 Alexandrino
1576 3719 1938 3789 episcopalem
1977 3734 2065 3774 or-

467 3790 799 3844 dinationem
824 3788 1067 3860 recipere
1088 3789 1436 3847 vehementer
1462 3788 1730 3847 recusavit
1752 3791 1834 3845 bis
1856 3792 2061 3845 verbis:

467 3861 613 3917 Absit
640 3872 693 3915 ut
720 3876 811 3933 ego
841 3876 995 3914 manu
1020 3869 1113 3933 tua
1143 3860 1349 3915 ordiner
1373 3879 1392 3917 :
1417 3873 1464 3918 te
1503 3863 1635 3916 enim
1673 3864 1937 3933 innocente
1963 3879 2065 3916 non

466 3931 761 4001 supervenit
790 3932 959 4004 gratia
1007 3931 1235 4004 Spiritus
1270 3936 1453 3988 sancti.
1508 3933 1620 3988 lluc
1672 3932 1879 4004 accedit
1922 3934 2063 4003 quod

471 4002 812 4059 Innocentius
859 4002 900 4069 Ι,
934 4002 1092 4071 epist.
1123 4003 1190 4057 ad
1241 4004 1560 4060 Macedones
1601 4019 1719 4073 cap.
1754 4004 1820 4068 5,
1857 4002 2020 4059 habet
2049 4022 2061 4058 :

470 4075 728 4130 Asseritur
757 4090 901 4139 eum,
931 4075 1016 4144 qui
1046 4076 1290 4129 honorem
1316 4078 1483 4130 amisit
1501 4118 1513 4141 ,
1540 4077 1780 4130 honorem
1809 4075 1932 4128 dare
1963 4093 2065 4129 non

467 4163 647 4215 posse;
670 4162 764 4219 nec
788 4144 935 4219 illum
962 4145 1157 4215 aliquid
1202 4149 1487 4216 accepisse,
1523 4148 1643 4219 quia
1670 4146 1801 4200 nihil
1832 4150 1883 4199 in
1913 4146 2067 4200 dante

467 4227 576 4270 erat
591 4217 765 4289 ,Aquod
790 4214 879 4289 ille
908 4214 1077 4289 posset
1100 4214 1350 4284 accipere.
1377 4214 1755 4289 Acquiescimus
1775 4259 1789 4284 ,
1818 4227 1864 4271 et
1889 4234 2065 4272 verum

467 4295 574 4361 esti
593 4286 739 4342 Certe
755 4287 873 4353 quia
898 4287 1036 4355 quod
1064 4303 1165 4340 non
1192 4289 1395 4361 habuit,
1423 4286 1547 4343 dare
1573 4306 1674 4343 non
1694 4290 1894 4361 potuit;
1921 4289 2066 4343 dam—

469 4359 727 4431 nationem
768 4360 942 4423 utique
962 4374 1162 4431 ,_quam
1200 4358 1409 4424 habuit.
1438 4378 1530 4431 per
1555 4358 1738 4415 manus
1782 4360 2066 4423 impositio-

467 4444 585 4501 nent
611 4429 792 4501 dedit:
821 4429 991 4501 ettqui
1022 4429 1276 4501 particeps
1301 4429 1470 4500 factus
1510 4440 1584 4485 est
1623 4432 1897 4489 damnato.
1937 4447 2065 4499 quo-

468 4500 619 4554 modo
663 4498 841 4554 debeat
869 4499 1113 4570 honorem
1139 4498 1371 4570 accipere
1389 4544 1404 4568 ,
1433 4501 1659 4556 invenire
1686 4517 1788 4555 non
1831 4498 2059 4567 possunt.

465 4570 547 4626 0b
578 4571 693 4626 hrcc
720 4570 931 4638 aliaque
977 4568 1193 4625 Patrum
1223 4568 1381 4627 verba
1407 4612 1423 4640 ,
1456 4574 1689 4628 maxime
1718 4588 1783 4627 ex
1825 4572 2061 4628 Ebbonis

466 4641 752 4699 Retnensis
781 4640 1100 4714 occasione,
1134 4642 1463 4714 disputatum
1492 4653 1576 4699 est
1604 4660 1670 4699 an
1711 4643 1886 4698 valida
1918 4654 2062 4699 esset

464 4714 701 4784 episcOpi
742 4711 1078 4784 consecratio
1119 4714 1188 4767 ab
1221 4711 1300 4769 iis
1352 4714 1528 4777 facta,
1571 4716 1661 4784 qui
1714 4715 2059 4770 anathemate

465 4782 705 4841 damnati
745 4790 920 4840 erant.
958 4782 1147 4839 Verum
1180 4800 1243 4840 ex
1285 4786 1466 4842 verbis
1514 4782 1810 4843 Innocentii
1855 4786 2055 4856 liquet,

467 4873 588 4912 eum
622 4872 727 4913 non
756 4865 861 4910 tam
894 4868 1117 4924 negasse
1144 4857 1395 4911 collatam
1426 4858 1852 4922 ordinationem,
1898 4873 2056 4927 quam

466 4928 673 4983 ordinis
715 4927 1005 4990 honorem,
1046 4935 1101 4999 et
1141 4927 1309 4999 ipsius
1351 4928 1641 4987 exercendi
1686 4937 2006 4999 potestatem
2042 4948 2056 4984 :

464 5001 589 5068 quia
605 5042 619 5065 ,
647 4999 849 5069 inquit,
871 5008 1057 5051 nostra:
1076 4998 1158 5053 lea:
1175 5009 1248 5053 est
1269 4998 1537 5067 Ecclesiae,
1559 5017 1650 5055 nec
1665 4998 1727 5055 ea:
1741 5000 1820 5053 his
1841 5000 2058 5069 aliquem

462 5071 517 5125 in
559 5072 828 5125 clericatus
880 5070 1125 5123 honorem
1173 5071 1249 5125 uel
1294 5072 1533 5142 exiguum
1571 5072 1864 5142 subrogare.
1908 5070 2060 5127 Unde

465 5142 609 5213 quod
635 5142 851 5197 Anisius
878 5149 1172 5207 statuerat,
1206 5151 1265 5196 ut
1299 5158 1327 5197 a
1353 5142 1565 5199 Bonoso
1590 5142 1823 5198 ordinati
1855 5144 2060 5211 recipe-

467 5225 684 5278 rentur,
731 5213 978 5283 quamvis
1020 5220 1210 5265 contra
1255 5213 1538 5283 pristinum
1586 5230 1792 5270 morem
1821 5256 1835 5278 ,
1880 5222 2059 5269 tamen

470 5303 568 5351 pro
599 5281 827 5340 utilitate
859 5281 1113 5353 Ecclesia:
1142 5281 1548 5340 ritc’sancitum
1580 5300 1702 5341 esse
1733 5301 1839 5339 non
1878 5295 2057 5353 negat.

471 5358 694 5413 Fatetur
719 5353 878 5410 etiam
900 5393 915 5419 ,
948 5352 1259 5409 Novatianis
1279 5371 1306 5409 a
1334 5356 1548 5412 Niczena
1565 5358 1773 5419 synodo
1793 5352 2058 5411 indultum

471 5444 621 5496 esse,
652 5440 709 5507 ut
748 5427 814 5481 ad
848 5424 1141 5507 Ecclesium
1191 5428 1481 5484 redeuntes
1506 5430 1560 5484 in
1589 5424 1746 5485 Clero
1774 5443 2061 5499 permane-

472 5513 594 5560 rent
622 5521 636 5557 :
669 5503 771 5557 hoc
808 5497 1137 5573 caeteris__ita
1161 5509 1408 5573 negatum
1445 5515 1569 5556 esse
1597 5497 1938 5573 propugnans
1958 5544 1972 5565 ,
2003 5510 2061 5557 ttt

471 5585 526 5633 et
567 5574 805 5647 potuisse
831 5567 1052 5647 concedi
1072 5608 1086 5633 ,
1115 5578 1171 5623 et
1203 5567 1343 5639 quod
1378 5567 1627 5644 negatum
1656 5567 1846 5647 fuerit,
1881 5588 1957 5647 ex
1979 5574 2059 5628 di-

472 5639 711 5719 sciplinae
740 5639 1153 5719 consuetudine,
1187 5657 1291 5719 non
1322 5639 1501 5719 autem
1529 5645 1671 5719 quod
1703 5646 1850 5699 irrita
1877 5645 2061 5719 existi-

471 5712 709 5774 ma'retur
755 5712 1130 5767 haereticorum
1174 5714 1478 5782 ordinatio,
1528 5714 1727 5771 factum
1760 5730 1880 5771 esse
1927 5717 2061 5773 satis

470 5784 911 5870 ind_icct..Seduet
936 5783 1198 5870 Iltotpa‘nae
1226 5785 1486 5870 Ecclesia;
1507 5787 1670 5870 qiuale
1696 5802 1758 5870 ea
1785 5789 1853 5840 de
1882 5802 1941 5840 re
1967 5790 2061 5870 lina

465 5844 668 5917 dicidm
700 5854 892 5917 fuerit,
936 5844 1183 5921 Ioctlplex
1231 5856 1379 5911 testis
1413 5864 1493 5912 est
1521 5844 1873 5926 Augustinus.
1897 5844 2053 5925 epist.

2090 4605 2138 4665 D

2166 3292 2235 3347 ab
2264 3288 2461 3350 Ariano
2486 3288 2599 3349 dari
2630 3308 2733 3347 non
2764 3288 3214 3360 posseinlicietur
3240 3306 3253 3342 :
3284 3288 3385 3361 hoc
3412 3289 3553 3343 enim
3577 3298 3773 3361 potest.

2168 3365 2329 3420 etiam
2363 3382 2489 3422 vere
2516 3366 2620 3421 dici
2645 3406 2660 3430 ,
2692 3359 2787 3419 sed
2819 3362 3047 3417 alterius
3075 3373 3156 3415 est
3186 3359 3521 3429 quaestionis.

2239 3435 2319 3507 (d)
2361 3437 2493 3503 Quia
2520 3437 2660 3503 scil.,
2696 3444 2755 3507 ut
2793 3434 3031 3507 loquitur
3060 3432 3403 3507 Innocentius
3429 3430 3471 3497 l,
3502 3431 3777 3507 episttad

2167 3502 2420 3562 Macedon
2430 3524 2488 3562 es
2513 3522 2564 3562 c.
2587 3509 2623 3565 5
2646 3548 2662 3572 ,
2696 3502 2953 3560 Roma—na:
2980 3504 3066 3559 lea:
3086 3513 3161 3557 est
3187 3502 3432 3556 Ecclesia:
3453 3503 3780 3560 venientibus

2166 3581 2230 3632 ab
2256 3579 2537 3642 haereticis.
2568 3595 2660 3648 per
2685 3593 2866 3631 manus
2893 3576 3265 3647 impositioncm
3287 3614 3302 3640 ,
3349 3574 3533 3628 laicam
3563 3583 3779 3631 tantum

2167 3650 2389 3705 tribuere
2414 3651 2820 3704 communionem
2839 3690 2855 3716 ,
2885 3659 2992 3705 etc.

2242 3720 2312 3793 (ρ)
2355 3722 2482 3776 Had.
2502 3732 2558 3776 et
2580 3722 2671 3775 Er.
2690 3736 2813 3793 cum
2836 3721 3040 3793 aliquot
3059 3718 3452 3793 recentioribus
3474 3731 3600 3793 mss.
3624 3721 3780 3789 quod

2166 3789 2358 3847 auditis
2385 3809 2402 3847 :
2433 3793 2591 3847 male.
2625 3792 2827 3847 Deinde
2852 3789 2951 3846 soli
2978 3791 3133 3856 editi,
3156 3807 3257 3845 non
3284 3792 3471 3858 patiar.
3507 3789 3604 3845 Hic
3631 3800 3769 3846 tan-

2167 3863 2289 3919 dem
2315 3864 2556 3919 declztrat
2589 3864 2849 3927 llilarins,
2883 3862 3025 3932 quod
3069 3863 3327 3917 hactenus
3362 3861 3721 3917 dissimulavit
3753 3905 3775 3927 ,

2168 3934 2415 3989 ultimum
2443 3934 2693 3990 videlicet
2715 3934 3016 4004 Ancyrame
3046 3935 3234 4004 synodi
3264 3933 3537 4004 decretum
3567 3950 3579 3986 :
3610 3936 3769 4003 quod

2167 4020 2286 4059 cum
2322 4006 2523 4077 reliqua
2560 4006 2783 4077 epistola
2823 4002 2961 4075 apud
3007 4002 3364 4077 Epiphaninm
3412 4002 3544 4077 liter.
3588 4002 3768 4077 Lxxttt

2169 4074 2524 4139 habetur.'et
2578 4074 2725 4132 tium.
2784 4074 2886 4140 ll,
2941 4075 3171 4131 refertur
3216 4076 3298 4131 his
3325 4074 3503 4129 verbis
3546 4074 3652 4130 :Ei
3675 4099 3779 4139 τις

2167 4150 2370 4225 ἐξουσίᾳ
2415 4153 2501 4225 nui
2527 4152 2675 4225 ορσἰᾳ
2713 4150 2870 4219 λέγων
2911 4149 3012 4225 τήν-
3032 4150 3234 4225 Πατέρα
3258 4148 3463 4225 τςατέρα
3488 4154 3581 4203 τοῦ
3608 4156 3730 4225 Tth
3753 4192 3773 4211 ,

2166 4219 2435 4293 ὁμοούᾴιον
2462 4220 2572 4293 δέ
2597 4219 2935 4293 τάυτῳύσιον
2962 4219 3198 4291 λέγοιτὸύ
3222 4219 3331 4293 Itin
3356 4219 3428 4293 τῷ
3445 4223 3623 4293 “arpi,

2167 4289 2297 4365 ρέμα
2324 4291 2478 4348 ἴστω.
2513 4291 2574 4346 Si
2601 4293 2711 4360 quis
2738 4289 2941 4345 Patrem
2970 4289 3217 4365 potestate
3230 4289 3461 4365 simulet
3479 4289 3778 4365 substantia

2168 4359 2295 4417 Filii
2342 4372 2539 4427 patrem
2587 4359 2849 4425 asserens,
2896 4362 3376 4415 consubstantialem
3410 4363 3491 4415 vel
3536 4362 3776 4427 eiusdem

2165 4448 2281 4487 cum
2311 4431 2471 4488 Patre
2498 4433 2792 4487 substantia:
2822 4431 3019 4486 Filium
3040 4450 3147 4487 esse
3173 4433 3338 4499 dicat,
3370 4432 3641 4486 anathema
3671 4434 3773 4489 sit.

2240 4504 2311 4575 (f)
2349 4504 2699 4561 Carnutensis
2745 4504 2952 4568 codex,
2985 4518 3125 4557 unus
3164 4503 3315 4575 Coll).
3350 4512 3405 4558 et
3448 4505 3584 4559 alter
3617 4503 3761 4559 Sor-

2164 4574 2329 4641 bon.,
2359 4576 2664 4631 homousion
2699 4576 2900 4639 nescio,
2932 4588 3074 4639 ete.,
3105 4589 3263 4642 quam
3306 4574 3590 4629 lectionem
3619 4576 3772 4629 ultro

2168 4646 2579 4717 praeferrcmus,
2611 4646 2656 4701 si
2698 4646 2942 4702 sinerent
2988 4648 3160 4717 prima
3198 4646 3581 4717 subsequentis
3620 4656 3773 4703 nota:

2168 4719 2517 4789 apologeticte
2543 4719 2725 4773 verba.

2241 4788 2318 4862 (ᾳ)
2340 4788 2433 4845 illa
2465 4805 2586 4862 cum
2624 4790 2793 4845 tribus
2824 4789 3257 4862 przedictismss.
3288 4788 3378 4862 alii
3410 4788 3536 4844 duo.
3571 4790 3647 4862 At
3669 4788 3767 4862 Er.

2168 4871 2224 4916 et
2253 4860 2412 4932 Lips.
2442 4870 2497 4916 et
2522 4861 2642 4915 Par.
2665 4902 2678 4927 ,
2717 4861 2898 4916 similis
2928 4861 3158 4915 essentia:
3195 4860 3585 4930 confessionem.
3630 4860 3767 4915 Bad.

2168 4946 2290 5002 cum
2343 4933 2583 5002 pluribus
2612 4946 2771 4999 mss.,
2814 4932 3061 4986 absimilis
3090 4933 3323 4987 essentite
3372 4932 3770 5000 confessionem.

2163 5001 2308 5059 Loco
2335 5001 2613 5071 absimilis,
2644 5018 2752 5058 non
2781 5003 3090 5073 displiceret
3141 5006 3204 5058 ob
3250 5004 3466 5066 similis,
3509 5003 3594 5058 vel
3638 5018 3765 5058 cum

2164 5087 2266 5129 ms.
2300 5074 2556 5131 German.
2592 5076 2659 5130 ab
2687 5075 2905 5144 antiqua
2949 5090 3107 5129 manu
3152 5075 3385 5129 secunda
3409 5116 3425 5141 ,
3456 5075 3524 5128 ad
3560 5074 3768 5129 similis.

2164 5143 2295 5200 Post
2326 5148 2438 5202 haec
2469 5146 2632 5203 verba
2662 5143 2905 5215 sequitur
2931 5147 2984 5201 in
3030 5161 3159 5200 mss.
3194 5160 3338 5215 saepe
3375 5144 3485 5215 jam
3536 5145 3772 5201 laudatis

2166 5226 2436 5284 postrema
2468 5219 2581 5271 haec
2604 5216 2881 5286 Apologia:
2908 5232 3033 5285 pars
3059 5235 3071 5271 :
3105 5216 3369 5285 Numquid
3390 5217 3594 5282 ridear,
3625 5218 3769 5286 quod

2164 5287 2352 5361 nescivi
2374 5330 2387 5353 ,
2415 5290 2632 5361 probare
2670 5289 2933 5360 potuisse?
2959 5288 3081 5343 Non
3110 5290 3304 5355 utique.
3338 5286 3444 5341 Sed
3469 5288 3591 5357 quia
3630 5288 3772 5358 ﬁdes

2165 5358 2427 5413 catholica
2457 5377 2557 5413 non
2587 5358 2764 5414 debeat
2807 5361 2909 5415 nisi
2952 5377 3041 5430 per
3084 5364 3327 5414 unitatem
3370 5362 3764 5414 similitudinem

2165 5430 2405 5497 credere;
2432 5442 2484 5485 ut
2507 5430 2893 5486 similitudinem
2914 5441 3109 5487 tantum
3130 5432 3197 5484 ad
3224 5431 3594 5486 excludendum
3617 5432 3773 5485 unio-

2165 5518 2281 5556 nem
2307 5512 2692 5567 commemoret,
2741 5519 2842 5557 non
2882 5504 2950 5557 ad
2979 5503 3253 5557 discidium
3291 5504 3501 5556 unitatis
3524 5519 3543 5558 :
3571 5502 3770 5558 idcirco

2168 5591 2248 5628 me
2273 5575 2383 5629 dixi
2404 5616 2416 5637 ,
2446 5592 2563 5629 cum
2588 5577 2795 5630 nomina
2822 5575 3076 5629 homousii
3101 5585 3253 5643 atque
3282 5575 3547 5630 ltomtrusii
3576 5577 3774 5629 nescis-

2167 5662 2272 5700 sem
2315 5646 2334 5715 (
2366 5647 2624 5702 mendose
2669 5650 2723 5702 in
2771 5660 2902 5702 mss.
2959 5662 3068 5700 uno
3111 5647 3411 5702 recentiore
3457 5643 3619 5701 Carn.
3666 5660 3772 5701 ex-

2167 5728 2347 5787 cepto,
2374 5719 2664 5790 nescissent.
2679 5728 2734 5773 et
2756 5733 2881 5773 mox
2904 5717 3260 5790 recepissent),
3283 5726 3450 5771 tamen
3472 5734 3562 5790 per
3590 5719 3769 5772 unita-

2165 5786 2266 5843 tem
2290 5788 2682 5842 similitudinem
2705 5790 2971 5860 [ecepisse.
3004 5786 3117 5842 Hoc
3146 5786 3317 5860 ipsum
3347 5786 3520 5843 statim
3550 5803 3772 5859 sequens

2164 5860 2410 5914 sententia
2436 5859 2643 5914 absoluit
2669 5868 2685 5909 ε
2712 5854 2893 5914 'l'eslor
2925 5859 3089 5913 Deum
3111 5854 3254 5927 (teli,
3284 5869 3389 5917 etc.
