4106 6192
248 228 350 287 543

704 221 1184 283 APOLOGETICA
1221 223 1314 281 AD
1353 220 1958 281 REPREHENSORES
1987 218 2167 277 LIBRI
2214 219 2303 276 DE
2347 219 2639 280 SYNODIS
2680 219 3073 280 RESPONSA.

3444 218 3551 277 546

248 344 563 413 coeliatque
592 349 780 407 terrm,
810 358 896 399 me
921 357 1043 398 cum
1071 351 1320 398 neutrum
1354 341 1624 397 audissem
1649 383 1663 407 ,
1697 355 1838 396 sem-
1864 343 1913 404 Α
2013 336 2105 393 92.
2150 338 2414 408 Egressus
2459 354 2576 394 sum
2597 381 2611 406 ,
2646 339 2864 396 Fratres
2910 335 3212 395 eharissimi
3239 377 3256 403 ,
3299 334 3551 394 humanae

248 452 340 506 per
364 445 539 490 tamen
572 442 858 505 utrumque
902 435 1174 498 sensisse,
1204 433 1349 505 quod
1382 433 1458 506 (α)
1488 449 1583 505 per
1612 433 1843 488 homon-

245 527 361 581 sion
412 526 750 582 homazusiou
802 536 1076 595 oporteret
1124 526 1348 597 intelligi
1397 526 1499 581 :id
1549 535 1665 592 est,
1710 523 1843 580 nihil

206 644 213 677 ι
245 616 415 674 simile
442 617 544 673 sibi
572 617 870 675 secundum
913 627 1158 673 naturam
1189 634 1312 674 esse
1342 632 1498 688 posse
1522 660 1536 682 ,
1570 619 1671 673 nisi
1701 617 1843 690 quod

253 719 393 765 esset
432 726 496 765 ex
533 709 725 766 eadem
755 718 968 765 natura.
995 709 1365 781 Regencratus
1413 710 1659 781 pridem,
1692 720 1746 766 et
1790 712 1843 766 in

244 803 550 873 episcopatu
608 804 1001 874 aliquantisper
1046 819 1311 872 manens,
1370 804 1529 860 lidcm
1572 804 1841 860 Nicmnam

248 911 533 967 numquam
564 895 669 950 nisi
690 896 1031 951 exsulaturus
1051 895 1228 950 audivi
1255 914 1268 949 :
1297 896 1391 952 sed
1416 895 1547 950 mihi
1576 895 1842 952 homousii

245 996 300 1043 et
328 987 612 1044 hommusii
642 987 1052 1060 intelligentiam
1087 987 1379 1058 Evangelia
1406 995 1462 1043 et
1487 986 1730 1058 Apostoli
1763 987 1845 1041 iu-

245 1080 582 1138 timaverunt.
612 1080 766 1137 Pium
794 1091 877 1136 est
916 1080 1061 1152 quod
1091 1082 1361 1137 volumus.
1403 1079 1480 1134 Ne
1521 1079 1843 1137 damnemus

244 1189 453 1251 patres,
504 1196 572 1235 ne
601 1180 905 1235 animemus
934 1178 1261 1235 haereticos:
1309 1193 1375 1234 ne
1418 1177 1543 1233 dum
1588 1176 1842 1235 hmresim

244 1271 562 1340 apellimus,
613 1270 862 1327 haeresim
906 1270 1229 1325 nutriamus.
1272 1269 1615 1339 Iuterprctati
1661 1277 1840 1339 patres

242 1363 411 1418 nostri
439 1373 567 1418 sunt
606 1370 727 1433 post
771 1362 1036 1435 synodum
1082 1362 1356 1418 Nicmnam
1403 1361 1671 1417 homousii
1718 1377 1841 1433 pro-

243 1458 524 1528 prietatem
557 1456 630 1528 (b)
664 1456 951 1527 religiose,
996 1465 1209 1512 exstant
1256 1456 1414 1523 libri,
1461 1463 1648 1511 manet
1711 1471 1841 1511 con-

244 1548 470 1604 scientia
495 1566 508 1602 :
539 1549 584 1602 si
610 1548 739 1619 quid
769 1548 834 1603 ad
862 1549 1361 1618 interpretationem
1390 1546 1694 1603 addendum
1719 1556 1797 1602 est
1819 1588 1834 1615 ,

1946 431 2296 486 conscientiae
2345 431 2606 501 pudorem
2651 450 2664 486 :
2713 442 2769 487 et
2817 430 3136 487 humilitatis
3180 444 3318 486 metu
3360 429 3553 484 immo-

1946 538 2064 578 mor
2090 565 2105 590 ,
2133 522 2203 579 de
2229 525 2391 578 tantis
2417 539 2481 580 ac
2507 534 2613 579 tam
2646 523 2940 579 reconditis
2965 523 3128 578 rebus
3145 564 3159 586 ,
3183 528 3240 576 et
3270 520 3336 575 ad
3381 533 3551 590 usque

1946 614 2085 672 hanc
2109 624 2324 672 aetatem
2355 624 2599 673 nostram
2628 616 2907 673 intentatis
2934 630 2995 670 ae
3019 614 3198 670 tacitis
3219 628 3405 669 amore
3429 628 3550 668 ves-

1950 709 2016 763 tri
2049 713 2268 764 coactus
2298 707 2415 765 hmc
2453 690 2681 779 scripsi,
2730 716 2931 778 etquae
2979 707 3096 774 ipse
3139 705 3424 762 credebam
3473 705 3553 760 lo-

1945 808 2103 856 cutus
2130 816 2247 855 sum
2279 818 2292 855 :
2326 800 2576 858 conscius
2605 800 2768 867 mihi,
2800 802 2904 856 hoc
2929 814 3017 855 me
3056 799 3314 855 Ecclesiae
3343 796 3550 875 militia:

1944 910 2080 951 meas
2139 895 2466 966 stipendium
2514 895 2751 962 debere,
2804 895 2876 969 (c)
2927 907 2986 950 ut
3032 910 3127 966 per
3169 893 3267 950 has
3310 893 3549 959 litteras,

1943 988 2287 1060 episcopatus
2316 990 2422 1044 mei
2456 990 2509 1045 in
2557 989 2777 1046 Christo
2804 1003 2990 1046 vocem
3014 1031 3028 1054 ,
3074 987 3370 1044 secundum
3416 986 3550 1043 doc-

1943 1081 2114 1138 trinas
2140 1081 2517 1153 evangelicas,
2559 1080 2912 1139 destinarem.
2960 1081 3214 1137 Vestrum
3257 1081 3421 1154 520
3454 1089 3551 1137 .est

1944 1175 2000 1230 in
2026 1189 2320 1233 commune
2359 1185 2594 1232 tractare
2622 1191 2686 1232 ac
2725 1175 3014 1248 providere
3053 1182 3212 1247 atque
3255 1190 3445 1245 agere,
3494 1180 3554 1230 ut

1943 1268 2087 1339 quod
2115 1285 2288 1341 usque
2326 1286 2470 1327 nunc
2500 1262 2795 1327 inviolabili
2842 1270 2952 1327 ﬁde
2999 1271 3265 1335 manetis,
3297 1269 3549 1340 religiosa

1942 1365 2277 1423 conscientia
2303 1368 2668 1435 conservetis,
2701 1377 2756 1423 et
2784 1366 3012 1423 teneatis
3037 1366 3177 1437 quod
3210 1365 3422 1421 tenetis.
3443 1364 3556 1419 Mc-

1942 1467 2184 1516 mentote
2226 1460 2403 1516 exsilii
2446 1459 2553 1516 mei
2598 1460 2649 1515 in
2694 1459 3032 1515 orationibus
3078 1457 3328 1515 sanctis:
3374 1471 3403 1511 a
3443 1471 3551 1527 quo

1943 1567 2029 1608 me
2054 1593 2070 1620 ,
2106 1561 2230 1624 post
2274 1554 2667 1624 expositionem
2700 1552 2859 1624 hujus
2898 1553 3057 1619 ﬁdei,
3104 1553 3288 1609 nescio
3331 1568 3399 1608 an
3438 1559 3547 1607 tam

240 1641 602 1696 communiter
648 1641 1015 1697 consulamus.
1049 1640 1234 1695 Potest
1278 1641 1416 1695 inter
1456 1654 1556 1695 nos
1601 1640 1837 1710 optimus
1933 1644 2232 1715 jucundum
2280 1655 2363 1701 est
2405 1646 2472 1701 ad
2519 1661 2613 1702 vos
2655 1645 2735 1719 (τι)
2785 1647 2836 1699 in
2886 1644 3113 1701 Domino
3148 1643 3278 1701 Jesu
3330 1643 3548 1700 Christo

240 1733 361 1791 ﬁdei
394 1745 566 1790 status
595 1734 756 1791 condi
788 1753 801 1789 :
838 1744 1021 1791 utnec
1060 1750 1121 1789 ea
1145 1749 1266 1804 qum
1306 1733 1444 1789 bene
1488 1742 1613 1801 sunt
1638 1734 1837 1790 censu.
1868 1739 1915 1801 B
1943 1740 2176 1807 reverti,
2207 1755 2367 1810 quam
2406 1756 2655 1796 securum
2688 1748 2773 1796 est
2810 1740 2971 1795 mori.
3020 1738 3160 1795 Deus
3188 1748 3244 1795 et
3288 1739 3546 1794 Dominus

242 1836 350 1883 tuta
375 1827 540 1901 519
568 1836 831 1884 vexentur
850 1870 863 1896 ,
896 1836 950 1884 et
976 1842 1096 1899 qua:
1126 1827 1268 1882 male
1298 1834 1422 1883 sunt
1447 1825 1719 1883 intellecta
1750 1842 1841 1883 re-

240 1931 516 1979 secentur.

309 2054 389 2132 (α)
431 2055 797 2132 Invitigatis,
849 2073 939 2132 per
985 2059 1302 2114 homoausion
1346 2058 1663 2115 liomonsion.
1699 2060 1833 2132 Cum

239 2129 416 2186 verbis
448 2130 633 2184 llilarii
664 2130 823 2184 modo
863 2129 1040 2202 allatis
1061 2173 1077 2199 ,
1107 2147 1164 2185 se
1193 2147 1284 2202 per
1313 2133 1558 2185 unitatem
1588 2130 1835 2187 similitu-

242 2203 412 2256 dinem
430 2202 714 2272 recepisse,
740 2201 910 2272 magis
940 2201 1204 2256 consonat
1229 2202 1390 2258 lectio
1419 2217 1551 2258 mss.

307 2273 387 2345 (b)
428 2271 483 2325 In
510 2273 743 2345 excusis,
772 2271 995 2345 religiosi
1018 2283 1190 2329 extant
1221 2273 1359 2327 libri.
1385 2273 1454 2328 At
1478 2273 1529 2327 iu
1562 2289 1689 2328 mss.
1709 2315 1723 2339 ,
1755 2291 1835 2329 re—

242 2343 459 2416 ligiose:
488 2344 634 2417 quod
658 2343 889 2399 refertur
913 2344 979 2398 ad
1008 2345 1231 2417 verbum
1260 2346 1577 2417 interpretati
1601 2359 1718 2400 sunt
1736 2388 1748 2408 ,
1777 2356 1832 2401 et

240 2417 537 2470 illustratur
585 2415 667 2469 his
708 2417 888 2470 verbis
933 2432 985 2468 n.
1015 2416 1085 2471 27
1112 2415 1236 2471 libri
1279 2415 1465 2471 contra
1497 2417 1777 2472 Constant.
1813 2434 1827 2470 :

240 2485 455 2541 Exstant
483 2486 616 2540 enim
646 2486 853 2550 litterw,
888 2487 1073 2557 quibus
1115 2487 1170 2541 id
1190 2529 1202 2545 .
1236 2488 1372 2558 quod
1400 2497 1455 2541 tu
1497 2488 1832 2543 criminosum

241 2568 387 2626 putas
410 2601 425 2625 ,
452 2559 533 2628 pie
561 2565 680 2611 tunc
705 2575 812 2612 esse
840 2569 1129 2627 susceptum
1161 2559 1391 2613 docetur.
1427 2559 1597 2614 Porro
1640 2560 1832 2615 ctiam-

241 2646 357 2684 num
386 2629 527 2699 apud
557 2628 837 2684 Socratem
868 2628 961 2685 lib.
986 2646 1036 2694 1,
1065 2630 1166 2684 sub
1189 2629 1346 2685 ﬁnem
1372 2645 1492 2699 cap.
1522 2631 1556 2685 8
1577 2671 1591 2696 ,
1618 2638 1832 2687 exstant

243 2701 459 2757 Eusebii
489 2701 753 2770 Pamphili
781 2702 994 2768 litterae,
1018 2702 1214 2768 quibus
1241 2700 1379 2756 hanc
1405 2716 1591 2756 vocem
1621 2704 1723 2757 sibi
1748 2703 1834 2773 pie

239 2788 297 2827 ac
322 2773 583 2844 religiose
611 2773 910 2843 expositam
936 2787 996 2827 se
1020 2773 1330 2842 suscepisse
1358 2774 1567 2830 scribit.

1951 1842 2138 1888 noster
2167 1833 2617 1889 incontaminatos
2640 1848 2736 1889 vos
2765 1841 2820 1889 et
2857 1832 3056 1907 illaesos
3083 1832 3135 1887 in
3165 1830 3309 1888 diem
3337 1831 3545 1888 revela-

1945 1926 2108 1982 tionis
2134 1936 2376 1983 reservet
2401 1938 2563 1997 opto,
2597 1925 2813 1983 Fratres
2843 1924 3170 1983 charissimi.
3198 1924 3275 1998 (ε)

2017 2059 2087 2133 (c)
2125 2062 2268 2117 Editi
2292 2104 2306 2129 ,
2339 2071 2386 2117 et
2432 2077 2530 2133 pro
2563 2071 2657 2127 ut;
2681 2071 2736 2117 et
2773 2076 2929 2129 mox,
2972 2063 3228 2118 destinare
3254 2077 3353 2134 pro
3382 2061 3541 2117 desti-

1941 2148 2158 2205 narem_:
2188 2135 2532 2205 corriguntur
2575 2149 2643 2191 ex
2692 2149 2825 2190 mss.
2875 2135 3140 2190 Prmferre
3190 2144 3366 2191 tamen
3412 2135 3543 2190 licet

1942 2219 2062 2258 cum
2108 2203 2263 2262 Colb.
2294 2203 2354 2262 et
2387 2204 2571 2263 Germ.
2604 2205 2783 2261 debere
2830 2223 2920 2278 per
2964 2206 3056 2261 llas
3083 2206 3350 2262 litteras...
3384 2206 3546 2261 desti-

1944 2291 2088 2330 nare.

2012 2346 2453 2432 (dl_Er:,IMir.,
2499 2349 2650 2432 Lips.
2694 2358 2749 2405 et
2794 2349 2949 2414 Par.,
3105 2350 3314 2432 domum
3352 2348 3543 2405 Christi

1937 2420 2157 2483 reverti,
2190 2419 2322 2476 Bad.
2355 2432 2411 2476 et
2436 2419 2687 2476 omnibus
2713 2435 2843 2477 mss.
2878 2421 3257 2478 renitentibus.

2014 2490 2086 2560 (ε)
2127 2490 2183 2545 ln
2217 2494 2607 2548 recentioribus
2638 2507 2768 2547 mss.
2799 2493 2876 2547 sic
2905 2494 3203 2548 absolvitur
3242 2494 3328 2550 hic
3356 2494 3493 2550 liber
3525 2509 3541 2548 :

1941 2559 1994 2614 Η
1999 2563 2265 2633 omoasion
2291 2579 2517 2633 grazcum
2539 2576 2631 2617 est.
2656 2562 3017 2628 Interpretatio
3041 2566 3366 2629 Itomousion,
3390 2566 3545 2620 anius

1942 2632 2239 2687 substantia:
2262 2649 2281 2688 :
2296 2632 2357 2688 et
2377 2634 2685 2689 Itomaeusion
2712 2635 3078 2703 interpretatur
3100 2636 3282 2693 similis
3307 2637 3543 2691 substan-

1942 2703 2185 2776 tite;rseid
2224 2720 2315 2776 per
2352 2705 2657 2760 Itomousion
2719 2713 2917 2772 oportet
2972 2707 3232 2776 intelligi:
3258 2723 3378 2776 qua:
3424 2719 3544 2763 stu-

1941 2773 2080 2829 diosi
2107 2773 2337 2846 alicujus
2372 2776 2550 2847 petitis
2578 2785 2702 2831 nota
2730 2776 2972 2844 videtur,
3005 2773 3165 2848 quam
3196 2773 3452 2834 auctoris.

252 2902 3546 2931 ww

880 3002 1232 3075 mm
1313 3015 2024 3167 SANCTI
2119 3020 2898 3167 HILARII

253 3257 1577 3394 APOLOGETICA
1667 3261 1915 3390 AD
2005 3264 3542 3405 REPREHENSORES

842 3489 1179 3562 LIBRI
1289 3492 1443 3562 DE
1546 3490 2050 3567 SYNODIS
2141 3497 2763 3573 RESPONSA
2828 3483 2938 3578 (Γ).

1262 3653 1790 3688 -ᾑ--ικῧ

1791 3647 2574 3702 Μμ-

238 3753 277 3810 Ι.
312 3754 381 3811 in
425 3756 534 3811 Itazc
574 3770 716 3809 num.
746 3755 807 3809 5:
847 3753 912 3809 Et
959 3752 1087 3810 licet
1126 3766 1233 3807 non
1265 3750 1383 3806 sine
1419 3747 1599 3819 aliquo
1625 3745 1835 3802 aurium
1861 3744 1908 3809 C
1940 3744 2106 3843 l’IAil
2145 3747 2763 3826 INTELLIGENTIAM,
2811 3762 2912 3818 nisi
2956 3765 3078 3837 quia
3110 3767 3462 3843 intelligerem
3486 3784 3543 3834 et

392 3848 746 3907 seandalo....
778 3848 1074 3905 restiterim
1099 3845 1386 3902 Orientales
1413 3842 1692 3898 Anomwis.

304 3961 356 4018 Si
395 3961 687 4034 diligenter
728 3961 990 4017 sententia
1030 3961 1147 4016 hmc
1192 3973 1425 4029 expensa
1477 3967 1656 4022 esset,
1702 3952 1841 4010 forte

240 4055 398 4111 totius
430 4064 690 4110 tractatus
715 4056 818 4109 mei
848 4054 984 4110 ratio
1022 4070 1126 4110 non
1160 4052 1348 4108 fuisset
1374 4050 1691 4122 SttSpiciosa.
1720 4047 1837 4103 Non

239 4147 372 4203 enim
407 4147 486 4220 (g)
518 4144 657 4203 tacui
685 4162 806 4203 esse
831 4146 964 4214 illic,
990 4145 1135 4219 quod
1165 4161 1269 4201 non
1301 4144 1404 4200 nisi
1431 4158 1552 4199 cum
1581 4139 1840 4198 seandalo

241 4252 374 4299 esset
406 4241 755 4300 audiendum.

239 4355 293 4414 ll.
332 4360 501 4415 Initio
539 4376 683 4415 nam.
730 4358 799 4414 l5
838 4400 853 4426 ,
912 4368 1028 4432 post
1057 4357 1404 4413 recitationem
1456 4353 1609 4428 primi
1651 4352 1839 4408 decreti

768 4452 1058 4526 Ancyram:
1081 4452 1283 4524 synodi.

306 4568 684 4638 Expositiones
726 4582 918 4624 omnes
966 4565 1283 4638 (Ancyrana:
1319 4564 1544 4638 synodi,
1591 4579 1704 4636 qlltB
1743 4562 1838 4618 hoc

244 4658 363 4716 libro
408 4661 816 4731 describuntur),
857 4661 905 4716 si
941 4660 1067 4731 quid
1097 4659 1297 4715 habent
1322 4660 1586 4724 criminis,
1615 4658 1751 4713 intra
1774 4673 1837 4713 se

240 4753 475 4821 habent;
506 4765 763 4812 caeterum
792 4770 898 4809 non
939 4752 1141 4809 habere
1169 4752 1221 4807 in
1251 4752 1464 4823 publica
1491 4750 1628 4807 facie
1651 4749 1838 4807 existi—

236 4859 469 4905 mantnr.
495 4849 601 4906 Sed
620 4849 741 4920 quia
771 4848 967 4904 scirem
998 4863 1061 4904 ea
1091 4847 1206 4903 Sola
1238 4846 1495 4903 Sirmium
1516 4861 1639 4903 esse
1661 4844 1835 4901 delata

238 4938 259 5011 (
285 4943 327 5012 ι’.
349 4958 444 4997 eas
476 4943 621 4999 solas
650 4940 903 5015 delatas).

231 5054 316 5113 Ill.
346 5059 575 5131 Respicit
600 5059 700 5114 ista
730 5074 872 5113 nam.
907 5058 974 5113 77
1002 5076 1014 5113 :
1061 5057 1320 5129 Exposita
1357 5056 1551 5113 similis
1586 5056 1839 5113 substan-

1945 3838 2200 3937 impiam:
2238 3853 2293 3900 et
2338 3844 2540 3903 idcirco
2576 3850 2842 3921 similem,
2879 3872 2985 3913 nou
3031 3861 3206 3918 solum
3241 3838 3501 3937 annalem
3524 3910 3541 3937 ,

1943 3931 2040 3987 sed
2070 3935 2231 3989 etiam
2262 3937 2508 3994 eamdem
2534 3940 2764 4011 dixisse,
2794 3955 2854 4002 ut
2881 3963 3057 4021 neque
3090 3931 3498 4015 similitudinem

1944 4040 2103 4123 unam
2138 4038 2213 4097 tu,
2250 4029 2417 4086 frater
2455 4032 2995 4108 Luciler,pr:edicari
3019 4046 3293 4118 volueras,
3339 4053 3541 4123 impro-

1943 4119 2166 4191 barem;
2199 4134 2253 4181 et
2284 4134 2461 4185 tamen
2506 4131 2678 4188 solam
2720 4135 2860 4206 piam
2906 4154 3027 4198 esse
3053 4119 3435 4206 similitudinis
3454 4151 3542 4206 in-

1944 4217 2293 4290 telligentiam
2338 4222 2713 4297 admonerem,
2758 4247 2879 4302 qua:
2925 4238 3184 4297 unitatem
3224 4242 3541 4304 substantia:

1941 4313 2281 4385 praedicaret.
3426 4330 3433 4335 “

1939 4427 2031 4485 IV.
2063 4429 2133 4485 In
2154 4447 2277 4487 mss.
2303 4449 2419 4489 cum
2448 4438 2701 4507 superiori
2722 4456 2822 4497 uno
2849 4451 3025 4502 tenore
3047 4448 3398 4507 continuatum
3421 4461 3539 4526 per-

2012 4522 2135 4577 tinet
2154 4523 2224 4578 ad
2243 4524 2339 4581 hoc
2360 4543 2503 4584 nunt.
2535 4530 2700 4588 78:0
2726 4533 2958 4593 studiosi
2983 4540 3200 4599 tandem
3231 4522 3540 4616 apostolica:

2011 4623 2175 4687 atque
2200 4619 2527 4712 evangelica:
2555 4622 2814 4683 doctrina:
2851 4630 3046 4688 viri....
3094 4645 3345 4707 quantam
3386 4656 3540 4712 spem

2011 4710 2329 4765 revocandas
2354 4727 2497 4767 verae
2525 4714 2645 4770 ﬁdei
2670 4718 2924 4778 attulistis
2946 4724 2971 4777 ἰ

2011 4799 2069 4854 In
2098 4814 2164 4855 eo
2194 4815 2345 4870 vero,
2374 4804 2518 4873 quod
2545 4805 2771 4864 laudans
2795 4826 2891 4868 eos
2923 4814 2976 4870 in
3010 4815 3267 4875 invidiam
3298 4823 3542 4885 deducor

1940 4906 1970 4945 a
2001 4891 2357 4962 quibusdam;
2398 4902 2587 4965 parum
2614 4898 2917 4958 intellectus
2942 4920 3084 4962 sum.
3116 4909 3233 4967 Non
3263 4916 3407 4972 enim
3441 4934 3539 4977 eos

1940 4995 2128 5037 veram
2158 4981 2317 5039 ﬁdem
2344 5026 2357 5051 ,
2390 4986 2483 5041 sed
2518 4987 2694 5045 SPEM
2724 4992 3169 5059 REVOCANDIE
3200 5004 3411 5065 VERIE
3442 5011 3555 5067 Fl-_

1941 5074 2056 5130 DEI
2082 5076 2328 5133 attulisse
2351 5077 2460 5134 dixi
2485 5096 2498 5134 :
2538 5090 2598 5136 ut
2617 5083 2757 5140 sicut
2780 5086 2853 5142 illi
2881 5090 3050 5147 auditi
3073 5107 3220 5165 sunt,
3256 5101 3326 5156 ita
3353 5115 3407 5160 et
3439 5121 3539 5164 nos

304 5152 392 5254 ξεφ
409 5168 624 5260 inqua}.
662 5151 999 5209 homoeusion
1054 5151 1387 5223 appellatur,
1452 5148 1595 5205 “de”
1641 5164 1705 5204 ³ο
1741 5149 1826 5219 Ρίεί
1855 5163 1911 5225 D
1936 5182 2006 5224 ex
2038 5167 2143 5225 hoc
2175 5179 2363 5226 contra
2393 5169 2675 5231 Valentem
2716 5188 2772 5235 et
2806 5148 3093 5243 Ursacium

301 5236 681 5317 intelligentia.

302 5356 420 5413 Non
450 5367 580 5429 puto
609 5372 930 5429 quemquam
959 5355 1383 5423 admonendum,
1413 5355 1465 5412 in
1496 5356 1598 5411 hoc
1626 5355 1746 5411 loco
1773 5363 1837 5411 ut.

230 5452 537 5520 expendat,
587 5465 756 5522 quare
808 5451 1041 5507 dixerim
1095 5450 1342 5507 SlillLlS
1382 5448 1836 5507 SUBSTANTL/E

308 5591 656 5677 (nnPrimum
691 5594 831 5669 typis
863 5593 1109 5650 mandata
1140 5593 1194 5649 in
1225 5590 1826 5661 ed.Veronensi,quam

231 5666 615 5811 τᾝῖιιῖἷιιξῖιιι
646 5740 926 5797 evidenter
947 5737 1180 5809 postulat
1210 5750 1421 5805 sensus,
1448 5742 1505 5792 ut
1531 5732 1827 5806 pra-feren-

1936 5262 2081 5331 diri,
2143 5271 2200 5319 et
2236 5263 2316 5339 (Ιι)
2359 5268 2692 5338 coaptandus
2734 5272 2801 5330 ad
2840 5291 2934 5333 eos
2979 5280 3322 5342 allocutionis
3358 5303 3541 5350 sermo

1935 5353 2167 5413 blandus
2212 5357 2348 5413 nihil
2371 5359 2558 5428 ﬁaliud,
2608 5379 2768 5435 quam
2814 5373 3123 5440 procaeium
3165 5381 3535 5445 conviciorum

1937 5448 2197 5521 eﬁ‘ugeret
2225 5450 2522 5511 foeditatem
2548 5473 2564 5519 ;
2610 5473 2732 5515 cum
2761 5466 3001 5525 amarius
3033 5477 3196 5542 atque
3222 5475 3383 5531 etiam
3410 5493 3541 5549 pro-

1937 5588 2698 5678 dugp\dgserimu_s,_q_tiamvis
2711 5610 2881 5659 exstet
2898 5603 2970 5678 in_
2971 5621 3102 5663 mss.
3120 5611 3392 5671 tacuissem
3408 5619 3537 5678 illic.

2124 5660 2531 5755 “illis:
2559 5668 2631 5725 At
2658 5670 2820 5755 Cara.
2848 5686 2903 5731 et
2931 5660 3078 5755 Tell;
3094 5660 3535 5755 ’έᾶιὶᾗὲἶέἷᾰὲὶὶἓξ

1935 5732 2118 5803 Forte,
2145 5751 2247 5808 quo
2275 5747 2413 5808 apta:
2429 5738 2498 5793 ad
2519 5756 2627 5812 eos,
2658 5743 2744 5800 vel
2764 5756 2956 5820 cceptus
2977 5732 3170 5811 adeas.

3602 5786 3665 5823 Ι.
