4106 6192
587 172 692 245 sti
1788 180 2032 243 sane“
2070 183 2332 242 HILARII
2372 184 2682 244 EPISCOPI
3742 196 3836 269 ωε

582 302 798 360 brosius
842 301 896 358 in
931 300 1387 374 consequentibus
1427 300 1734 374 (prtesertim
1763 316 1907 354 num.
1947 297 2062 370 9|),
2092 316 2185 355 oc-
2219 306 2269 367 Α
2291 300 2385 357 IX.
2439 300 2578 356 Huic
2604 302 2771 374 afﬁne,
2801 302 3078 359 adducitur
3116 312 3230 378 post
3270 304 3427 362 allata
3457 313 3665 385 exempla
3687 333 3838 377 eorum

582 396 723 450 culta
772 388 1166 466 expositionum
1197 408 1378 450 essem
1426 392 1679 449 scandala
1708 392 2035 463 proditurus.

588 507 650 563 V.
680 508 900 578 Aptatur
921 510 999 564 his
1020 524 1161 562 num.
1198 507 1297 563 80:
1341 506 1449 562 Oro
1485 514 1664 563 autem
1700 521 1819 571 vos,
1858 506 2183 561 sanctissimi

655 604 791 671 viri,
816 615 871 660 ιιι
891 619 1011 660 cum
1042 602 1179 659 bona
1211 604 1367 658 venia
1414 601 1813 659 sollicitudines
1858 615 2008 657 meas
2034 600 2181 656 acsti-

655 698 832 755 metis.

655 790 758 844 Pro
784 789 1064 860 prudentia
1092 798 1272 846 vestra
1302 789 1610 861 expendite,
1643 788 1769 862 quid
1801 790 1873 846 sit
1900 806 1928 845 a
1959 791 2183 851 sanctise

578 883 732 937 simis
761 884 893 939 viris
924 897 1180 953 poscere,
1233 893 1288 938 ut
1330 899 1451 939 cum
1494 883 1634 939 bona
1664 883 1817 938 venia
1850 883 2071 939 audiant
2097 882 2180 938 di—

580 987 824 1044 centem;
870 987 926 1034 et
970 994 1036 1032 an
1078 975 1320 1049 ejusdem
1363 979 1435 1033 sit
1478 976 1722 1043 adulari,
1774 984 1829 1033 et
1872 976 2180 1048 obiurgare.

581 1070 693 1128 llnc
724 1071 846 1128 ideo
873 1074 943 1127 ita
972 1072 1172 1127 dictum
1200 1081 1302 1138 est,
1333 1070 1407 1145 (a)
1437 1073 1559 1144 quia
1587 1088 1709 1144 quae
1737 1071 1802 1127 ad
1831 1086 2069 1143 praesens
2102 1080 2182 1126 ta-

578 1160 683 1212 cita
726 1158 794 1214 ab
826 1159 908 1212 his
946 1157 1177 1230 (Legatis
1222 1158 1474 1214 Sirmium
1518 1159 1708 1229 missis)
1741 1158 1987 1225 fuissent,
2034 1171 2181 1214 eram

581 1251 893 1319 proditurus
920 1249 1087 1320 (num.
1117 1249 1188 1305 90
1227 1260 1273 1304 et
1303 1250 1428 1322 91);
1463 1267 1569 1305 non
1598 1261 1777 1306 tamen
1824 1251 1879 1306 in
1912 1250 1995 1305 his
2016 1292 2030 1316 ,
2061 1263 2183 1321 quae

578 1350 799 1410 possent
824 1350 1096 1412 tamquam
1118 1340 1447 1397 excusabilis
1478 1341 1718 1410 defendi,
1746 1341 1958 1397 viderer
1978 1340 2184 1396 calum-

580 1432 738 1487 niari.

582 1542 666 1599 Vl.
717 1544 908 1601 Attinet
947 1546 1015 1601 ad
1052 1546 1161 1601 haec
1205 1561 1346 1600 num.
1396 1547 1502 1603 87:
1537 1546 1601 1602 Et
1643 1560 1747 1618 ego
1785 1546 1989 1602 invitus
2022 1545 2179 1612 licet,

649 1640 1014 1713 respondebo,
1038 1651 1139 1695 etc.

646 1736 787 1790 Satis
815 1737 1062 1791 absolute
1088 1778 1102 1803 ,
1148 1737 1373 1794 Domine
1408 1736 1578 1793 frater
1622 1734 1871 1802 Lucifer,
1922 1732 2177 1806 cognosci

574 1833 765 1898 potuit,
794 1831 1018 1887 invitum
1045 1847 1132 1886 me
1154 1831 1440 1887 homoeusii
1465 1830 1794 1887 mentionem
1822 1829 2042 1886 habere.
2070 1825 2179 1883 Sed

571 1921 691 1990 quia
724 1929 774 1975 tu
804 1923 1219 1979 similitudinem
1274 1922 1396 1979 ΕἰΙὶἰ
1441 1925 1506 1979 ad
1558 1924 1773 1979 Patrem
1805 1920 2137 1994 prmdicabas
2160 1962 2176 1989 ,

574 2012 966 2069 demonstratio
995 2015 1117 2083 ejus
1145 2031 1174 2068 a
1208 2032 1294 2071 me
1321 2016 1420 2070 fuit
1455 2016 1777 2086 exponenda
1809 2015 1927 2071 sine
1950 2015 2102 2069 vitio.

575 2104 685 2159 γιι.
723 2104 821 2158 llis
850 2106 1164 2162 subnectitur
1194 2124 1335 2161 nam.
1372 2107 1482 2163 88:
1529 2107 1607 2180 (b)
1658 2108 1880 2180 Synodo
1924 2108 2181 2163 Samosa-

646 2204 782 2250 tena:
801 2198 1248 2254 subscribendum
1265 2209 1464 2270 putas..
1484 2198 1897 2270 Subscribamus
1916 2210 1964 2256 et
1984 2199 2178 2255 Nicwte

641 2288 877 2359 synodo.
1270 2269 1275 2270 ν
1836 2269 1846 2280 ’

641 2381 909 2454 Numquid
936 2394 992 2439 et
1022 2385 1108 2441 hic
1135 2384 1210 2459 (c)
1243 2385 1311 2441 de
1338 2385 1712 2442 homteusionc
1744 2385 2009 2457 legentem
2034 2427 2050 2454 ,
2075 2385 2177 2441 ad-

571 2476 778 2544 m'mui,
805 2494 910 2532 non
939 2478 1098 2534 aliter
1126 2478 1420 2535 ostendens
1452 2478 1651 2551 suscipi
1683 2486 1957 2551 oportere,
1981 2478 2084 2535 nisi
2110 2477 2177 2534 ad

568 2572 831 2626 unitatem
862 2572 1183 2629 substantiae
1203 2572 1500 2635 referretur
1520 2572 1543 2628 ι

569 2682 703 2739 VIII.
742 2683 1188 2756 Reprehensorum
1216 2684 1379 2740 oculis
1418 2685 1628 2757 exponit
1662 2684 1758 2739 hoc
1784 2699 1927 2739 nam.
1972 2684 2081 2741 89:
2110 2683 2180 2740 Et

566 2832 571 2835 ,
641 2794 727 2834 me
767 2788 950 2835 movet
981 2781 1125 2849 (cum
1158 2779 1437 2852 seandalo)
1470 2779 1757 2836 homoeusii
1796 2780 2047 2848 nuditas,
2076 2789 2174 2836 etc.

643 2874 799 2930 Anne
825 2875 1106 2945 quisquam
1148 2892 1234 2931 me
1261 2876 1572 2932 existimare
1610 2875 1805 2946 poterit
1839 2874 2175 2933 hommusion

569 2968 707 3024 velle
729 2969 1029 3040 suscipere,
1053 2970 1121 3025 de
1148 2984 1255 3040 quo
1285 2971 1384 3026 ista
1419 2969 1694 3027 tractavi?

667 3114 720 3171 ai
752 3114 1019 3171 Particula
1050 3123 1105 3169 ut
1134 3114 1344 3170 videtur
1372 3113 1457 3168 hic
1489 3113 1703 3170 deesse.

667 3134 698 3169 a
752 3114 1019 3171 Particula
1050 3123 1105 3169 ut
1134 3114 1344 3170 videtur
1372 3114 1457 3168 hic
1489 3114 1703 3170 deesse.

640 3114 943 3263 ibihptius
978 3187 1394 3263 sultj‘ungeretur
1415 3185 1790 3263 illisejusdetn
1812 3185 2024 3263 numeri
2049 3199 2176 3263 ver-

566 3255 670 3325 bis,
700 3255 1025 3343 pec—eruatur
1052 3258 1180 3319 nihil
1201 3255 1430 3333 di/ferre,
1457 3257 1607 3319 unius
1640 3266 1689 3313 et
1706 3258 1889 3315 similis
1919 3274 2027 3315 esse
2052 3257 2178 3314 sub-

567 3341 791 3385 stanttw.

2358 410 2475 465 quae
2498 405 2709 451 externa
2734 397 3071 452 similitudine
3102 399 3313 469 fallunt.

2358 488 2626 560 Numquid
2655 499 2710 547 et
2733 488 2823 546 hic
2847 491 3215 547 similitudinis
3244 493 3509 565 negligens
3530 496 3636 553 fuit

2287 602 2641 678 523-52ﬂ.
2664 604 2733 660 X.
2763 604 3009 662 Convenit
3040 607 3119 662 Itis
3169 625 3311 663 num.
3344 609 3413 666 90
3442 629 3454 664 :
3483 611 3697 672 Parcens
3720 621 3840 679 enim

2356 704 2531 760 adhuc
2560 705 2627 761 de
2659 706 2739 763 his
2765 707 2899 763 nihil
2929 708 3073 778 dico,
3115 726 3231 781 qua:
3261 712 3471 784 Ancyrae
3495 733 3604 771 cum
3631 723 3839 779 scandala

2358 797 2561 852 decreta
2585 809 2725 853 sunt.
3474 866 3483 875 ,

2358 889 2513 946 Anne
2543 891 2820 947 existimor
2858 892 3220 962 suspicionem
3263 895 3333 951 ab
3362 894 3445 953 his
3483 898 3738 972 adimere,
3765 907 3841 963 vel

2285 996 2347 1039 ea
2377 982 2596 1040 laudare
2621 985 2815 1055 quibus
2845 987 3045 1057 parco?
3087 987 3317 1044 Parcere
3344 991 3485 1047 enim
3506 1034 3520 1059 ,
3550 1003 3601 1050 et
3632 1012 3741 1052 cum
3768 999 3834 1055 di-

2286 1074 2485 1132 latione
2513 1076 2581 1132 ad
2613 1076 2715 1133 hoc
2743 1093 2985 1148 parcere,
3016 1080 3153 1136 nihil
3181 1081 3409 1153 improbi
3436 1093 3515 1141 est
3539 1094 3590 1142 ct
3629 1092 3831 1149 remissi.

2286 1190 2378 1248 XI.
2405 1190 2471 1247 In
2500 1209 2621 1249 mss.
2649 1194 2846 1249 decimo
2865 1196 3218 1252 continuatam
3239 1199 3376 1253 cadit
3401 1199 3450 1254 in
3472 1202 3559 1257 illa
3597 1220 3648 1258 ιι.
3669 1204 3725 1260 9i
3748 1224 3761 1262 :
3785 1206 3840 1264 Ut

2358 1285 2572 1356 probari
2614 1287 2784 1356 possit
2821 1286 3159 1345 homoeusion
3182 1330 3199 1356 ,
3239 1306 3345 1345 non
3391 1290 3731 1361 improbemus
3764 1297 3844 1354 ho-

2356 1378 2638 1446 monsion;
2680 1379 2799 1434 item
2826 1396 2874 1434 et
2906 1381 2961 1435 in
3000 1382 3101 1437 ista
3142 1382 3374 1453 ejusdem
3395 1387 3584 1440 numeri
3612 1402 3627 1440 :
3652 1387 3844 1463 ltnpium

2355 1480 2438 1526 est
2464 1472 2604 1541 quod
2631 1471 2862 1541 audetis,
2891 1483 2986 1529 etc.

2355 1584 2437 1638 An
2470 1582 2556 1637 hic
2589 1583 2824 1640 similem
2865 1584 3221 1641 substantiam
3249 1586 3394 1644 aliud
3440 1588 3604 1659 patior
3628 1605 3735 1649 esse
3761 1590 3846 1650 nisi

2208 1704 2255 1765 Β
2287 1674 2482 1730 unam?
2525 1690 2647 1746 qua:
2695 1677 2738 1731 si
2779 1693 2884 1732 non
2933 1692 3035 1735 una
3079 1680 3150 1733 sit
3200 1691 3359 1735 antea
3397 1682 3704 1751 conﬁtenda,
3749 1684 3841 1755 jam

2285 1777 2468 1839 postea
2510 1769 2672 1839 impie
2696 1771 2765 1831 sit
2790 1770 2981 1825 similis
3018 1772 3384 1840 praedicanda.

2284 1883 2397 1939 XII.
2423 1882 2712 1953 Subjicitur
2736 1895 2849 1955 post
2878 1886 2987 1941 haec
3008 1903 3153 1942 num.
3185 1888 3246 1945 9l
3279 1908 3291 1943 :
3322 1890 3661 1948 llomteusion
3683 1894 3842 1948 nescio

2354 1993 2455 2032 nec
2492 1977 2753 2050 intelligo,
2788 1979 2891 2035 nisi
2923 1987 3134 2036 tantum
3166 1981 3235 2037 ab
3263 1983 3461 2039 similis
3484 1985 3717 2045 essentia:
3739 1999 3847 2041 con-

2356 2071 2612 2137 fessione,
2638 2081 2735 2129 etc.

2357 2187 2626 2259 Numquid
2674 2188 2863 2244 videor
2912 2187 3057 2260 quod
3114 2192 3315 2247 nesclvi
3378 2191 3600 2263 probare
3644 2193 3849 2264 potuisse

2288 2276 2619 2352 (accipiendo
2655 2280 2973 2337 homceusion
3005 2300 3101 2356 pro
3136 2284 3475 2341 similitudine
3514 2304 3611 2342 nou
3644 2288 3849 2342 substan-

2287 2370 2475 2443 tiali)?
2518 2371 2637 2427 Non
2665 2373 2869 2445 utique.
2902 2375 3010 2431 Sed
3036 2377 3157 2447 quia
3188 2377 3322 2433 tides
3353 2378 3617 2433 catholica
3656 2393 3751 2432 non
3774 2377 3850 2433 dc-

2286 2465 2412 2522 beat
2449 2468 2550 2522 nisi
2584 2483 2680 2537 per
2710 2469 2971 2525 unitatem
3006 2470 3416 2527 similitudinem
3454 2472 3693 2547 credere;
3721 2480 3769 2526 ut
3790 2471 3852 2527 si-

2287 2558 2644 2616 militudiuem
2676 2569 2882 2621 tantum
2914 2563 2978 2618 ad
3011 2563 3408 2621 excludendam
3452 2566 3691 2629 unionem
3726 2580 3850 2620 con:-

2285 2656 2590 2716 memorct,
2639 2665 2747 2705 non
2795 2650 2861 2705 ad
2907 2650 3191 2709 discidium
3235 2655 3503 2711 unitatis:
3552 2654 3738 2711 idcirco
3779 2666 3850 2709 me

2282 2740 2396 2795 dixi
2421 2782 2435 2807 ,
2462 2755 2584 2797 cum
2613 2742 2834 2797 nomina
2866 2742 3135 2800 homousii
3165 2756 3331 2816 atque
3368 2745 3645 2801 hommusii
3673 2743 3850 2799 nescis-

2282 2848 2395 2889 sem
2424 2877 2438 2899 ,
2492 2845 2671 2892 tamen
2720 2853 2816 2907 per
2857 2838 3123 2894 unitatem
3154 2839 3564 2894 similitudinem
3594 2836 3846 2909 recepisse.

2283 2927 2397 2991 Iloc
2423 2927 2597 2999 ipsum
2634 2929 2815 2987 statim
2840 2946 3072 3003 sequens
3100 2932 3374 2989 sententia
3404 2932 3648 2989 absolvit.

2353 3114 2425 3187 (c)
2458 3116 2534 3173 Ex
2565 3116 2775 3191 Erasmi
2807 3125 2863 3173 et
2883 3117 3046 3174 Minui
3076 3120 3353 3191 margine,
3382 3120 3472 3175 ubi
3500 3119 3611 3174 haec
3638 3116 3855 3191 apologo-

2286 3186 2386 3243 tica
2409 3196 2535 3242 nota
2558 3188 2721 3262 jacet,
2749 3191 2961 3246 restitui
2992 3186 3273 3260 potestfne
3292 3192 3606 3247 hommusion
3627 3189 3854 3262 negligen-

2286 3269 2361 3317 ter
2387 3261 2716 3333 suscipiatur,
2743 3277 2848 3317 non
2873 3262 3143 3319 admonui.

3070 3426 3821 3456 Μ

2968 3438 3199 3459 0—1——

1896 3550 2573 3639 ADMONITIO

1054 3719 1137 3783 IN
1184 3715 1640 3782 EPISTOLAM
1672 3714 2157 3793 SEQUENTEM
2197 3713 2303 3775 ET
2346 3710 2857 3777 SUBJUNCTUM
2898 3712 2982 3776 EI
3022 3712 3410 3779 HYMNUM.

647 4012 797 4068 Hanc
830 4010 1101 4085 epistolam
1127 4018 1512 4081 nugamentum
1541 4008 1779 4067 hominis
1810 4007 1987 4065 Otiose
2022 4008 2177 4064 indo-

566 4110 636 4163 cti
665 4116 811 4163 vocat
843 4105 1108 4171 Erasmus,
1142 4104 1388 4159 Gillotius
1410 4104 1584 4158 scribit
1606 4123 1638 4158 a
1668 4094 1955 4158 Fortunato
1984 4102 2079 4156 sibi
2101 4102 2177 4155 vi-

566 4200 678 4254 deri
706 4200 977 4267 conﬁctam
997 4214 1015 4262 ;
1038 4196 1192 4267 idque
1223 4213 1341 4252 eum
1369 4197 1651 4251 verissime
1681 4196 1945 4265 scripsisse
1972 4195 2176 4250 Sculte-

566 4304 671 4355 tus,
702 4311 820 4365 pag.
845 4292 941 4346 521
960 4299 1265 4359 ,asseverat.
1292 4291 1358 4345 At
1389 4291 1681 4344 Fortunato
1704 4290 1825 4359 ipsi,
1855 4289 1940 4359 qui
1960 4289 2101 4343 illius
2123 4302 2177 4342 se

566 4403 671 4453 non
690 4394 972 4448 auctorem,
1001 4383 1090 4438 sed
1120 4393 1296 4438 testem
1326 4383 1471 4453 facit,
1497 4381 1651 4451 ﬁdem
1671 4398 1773 4436 non
1794 4380 2176 4436 detrectandam

563 4481 744 4539 merito
773 4486 981 4533 censent
1004 4478 1256 4548 tequiores
1294 4492 1465 4531 rerum
1494 4478 1857 4531 (estimates-es.
1892 4474 2012 4529 Non
2040 4476 2175 4528 enim

562 4572 799 4634 credrmt,
823 4578 1059 4625 sanctum
1083 4567 1402 4625 Pictavensis
1423 4567 1648 4625 ecclesite
1679 4565 1966 4623 Prcesuiem
1987 4566 2175 4621 menti-

562 4674 691 4724 tum.
727 4679 843 4717 cum
876 4678 987 4716 eam
1027 4662 1242 4733 propria
1284 4660 1478 4721 Hilarii
1515 4676 1671 4716 manu
1712 4657 2057 4728 subscriptam
2084 4674 2176 4713 sua

2280 4007 2418 4063 datis
2456 4024 2489 4062 a
2517 4008 2665 4063 vanis
2702 4007 2879 4064 seaculi
2911 4008 3111 4080 pompis
3136 4024 3197 4065 ac
3222 4007 3431 4064 deliciis
3467 4012 3659 4070 avocat,
3691 4008 3740 4057 ut
3764 4013 3857 4057 esst

2281 4100 2471 4180 ctelcsti
2501 4115 2693 4169 sponso
2721 4099 2967 4171 bonisque
3002 4100 3301 4156 melioribus
3334 4106 3610 4173 preeparet.
3637 4093 3753 4150 Cum
3777 4107 3857 4144 att-

2280 4208 2381 4251 tcm
2409 4198 2659 4251 sermonis
2700 4196 3039 4251 obscuritates
3080 4206 3126 4249 et
3167 4196 3452 4266 terrigmata
3487 4193 3555 4249 ad
3594 4184 3859 4253 excitandas

2277 4292 2473 4362 ingenii
2499 4292 2628 4347 vires
2656 4290 2804 4346 valde
2821 4290 3008 4346 idonea
3030 4290 3131 4347 sint
3152 4306 3170 4344 :
3200 4308 3301 4344 non
3329 4290 3673 4360 imprudenter
3694 4284 3754 4337 iis
3774 4278 3861 4333 uti-

2279 4391 2363 4438 tur
2386 4383 2638 4437 sollicitus
2666 4392 2833 4454 pater,
2856 4383 3033 4441 multis
3048 4383 3164 4448 jam
3194 4382 3347 4436 annis
3368 4400 3400 4433 a
3431 4380 3599 4452 patria
3622 4377 3759 4430 domo
3785 4385 3858 4424 re-

2280 4487 2470 4545 motus,
2502 4485 2557 4531 ut
2582 4493 2646 4532 ea:
2668 4478 2927 4550 responsis
2954 4475 3079 4547 ﬁlia:
3111 4475 3377 4546 ingenium
3407 4491 3471 4527 ac
3498 4471 3717 4526 stadium
3738 4464 3862 4519 illius

2280 4571 2593 4637 experiatur.
2627 4568 2746 4624 lam
2778 4570 2912 4624 enim
2940 4569 3159 4624 triennio
3187 4570 3369 4623 saltent
3410 4566 3596 4622 Abram
3621 4578 3715 4616 non
3735 4555 3860 4613 eide-

2280 4671 2383 4729 rat,
2415 4679 2531 4716 cum
2560 4664 2691 4718 hanc
2721 4665 2763 4719 ei
2788 4663 3062 4734 epistolam
3084 4663 3307 4733 scripsit.
3334 4662 3360 4715 Ι
3371 4680 3403 4716 ιι
3427 4679 3487 4716 ea
3514 4661 3748 4732 hymnum
3767 4667 3862 4705 ma-

561 4767 710 4813 tetatc
760 4756 988 4812 Pictavi:
1026 4772 1119 4826 pro
1158 4771 1369 4811 metuere
1408 4763 1761 4811 conservatam
1807 4767 1916 4807 esse
1959 4759 2173 4805 testatus
2204 4728 2252 4789 ί)
2282 4754 2503 4809 (utinam
2535 4756 2825 4826 pariterque
2855 4757 3137 4810 serotinum
3166 4757 3271 4829 ipsi
3296 4773 3351 4810 se
3386 4755 3586 4809 mittere
3620 4753 3858 4805 memorat.

560 4863 632 4908 est
643 4894 654 4906 .
688 4850 864 4922 Longe
891 4851 1059 4911 minus
1083 4850 1289 4907 ueritati
1309 4855 1709 4903 consentaneum
1734 4854 1831 4912 est,
1860 4855 1915 4898 ut
1941 4859 2060 4898 cum
2087 4858 2175 4914 9c-

562 4947 776 5005 nuiuam
827 4942 1018 4999 Hilarii
1055 4944 1331 5013 epistolam
1371 4956 1479 5011 pro:
1524 4938 1764 4995 manibus
1808 4936 2065 5003 haberet,
2115 4952 2175 4991 ea

560 5053 833 5109 suppressa
875 5035 1221 5091 adulterinum
1259 5032 1610 5104 supposuerit.
1652 5030 1714 5087 Si
1753 5028 1877 5101 quid
1914 5035 2085 5083 autem
2116 5026 2173 5082 in

558 5147 779 5197 summa,
820 5145 979 5197 quam
1020 5144 1083 5184 ea:
1130 5145 1192 5184 ea
1236 5126 1501 5200 exprimit,
1539 5124 1697 5198 paulo
1740 5124 1891 5179 aliter
1933 5121 2167 5178 enuntiat

558 5240 712 5296 quam
757 5224 812 5279 in
846 5222 943 5279 illa
967 5222 1286 5288 continetur;
1323 5236 1383 5277 eo
1418 5220 1534 5292 ipso
1566 5220 1739 5289 palum
1770 5219 1919 5289 facit,
1958 5216 2106 5275 illam
2132 5232 2166 5271 a

559 5333 613 5371 sc
638 5332 814 5371 cusam
840 5330 942 5369 non
968 5314 1152 5386 fuisse.
1184 5311 1339 5368 Nihil
1364 5328 1519 5385 porro
1537 5312 1593 5368 in
1620 5328 1680 5368 eu
1700 5311 1972 5367 advertunt
1992 5310 2081 5382 pio
2104 5325 2169 5364 ac

2284 4846 2493 4902 Excidit
2516 4850 2769 4903 serotinus
2794 4865 2811 4903 :
2838 4848 2929 4903 sed
2959 4849 3265 4907 matutinum
3292 4864 3396 4903 una
3428 4863 3544 4902 cum
3575 4841 3778 4915 epistola
3806 4832 3864 4891 ad

2280 4945 2473 5001 calcem
2522 4954 2780 5016 gestorum
2830 4943 3027 4999 Hilarii
3073 4960 3106 4997 a
3142 4941 3438 4997 Fortunato
3482 4940 3779 5012 scriptorum
3816 4929 3863 4982 ἱιι

2280 5055 2435 5110 quam
2466 5038 2707 5110 plurimis
2733 5054 2858 5093 mss.
2902 5038 3127 5109 reperire
3152 5047 3247 5093 est.
3280 5035 3572 5101 Utrumque
3597 5030 3727 5087 illud
3750 5037 3863 5097 opus

2271 5132 2327 5185 in
2369 5131 2596 5201 antiquis
2636 5129 2833 5185 Hilarii
2885 5129 3207 5184 editionibus
3239 5129 3372 5184 libro
3405 5130 3470 5183 de
3517 5121 3740 5197 Synodis
3774 5131 3861 5171 non

2271 5224 2407 5278 male
2433 5224 2782 5293 subiungitur.
2815 5220 2956 5275 Nam
2981 5231 3035 5277 ut
3064 5223 3264 5277 litteras
3292 5222 3450 5276 Abrw
3470 5235 3588 5274 cum
3613 5214 3861 5272 Gallorum

2272 5315 2454 5371 litteris
2494 5315 2560 5369 ab
2597 5332 2656 5370 eo
2685 5326 2919 5388 acceptas
2959 5316 3141 5387 fuisse,
3189 5316 3264 5371 ita
3300 5323 3350 5370 et
3394 5313 3556 5377 illius,
3580 5306 3859 5377 rescripml

561 5407 1098 5479 prudenteindignum
1117 5414 1348 5479 parente,
1373 5405 1461 5475 qui
1480 5404 1807 5463 carissimam
1827 5404 1995 5473 ﬁliam
2013 5402 2172 5463 simul
2271 5425 2387 5464 cum
2415 5407 2545 5465 libro
2575 5410 2639 5464 de
2669 5407 2902 5479 Synodis
2931 5408 3147 5464 missum
3167 5423 3276 5464 esse
3299 5406 3406 5462 vrri
3433 5403 3753 5462 simillimus
3778 5400 3860 5449 ου·

559 5509 605 5555 et
622 5500 846 5573 puellam
862 5500 1192 5557 tenerrimam
1210 5499 1371 5556 verbis
1382 5498 1452 5554 ad
1466 5498 1629 5573 ipsius
1646 5505 1857 5571 captum
1877 5512 2167 5555 accommo-
