4106 6192
368 259 479 328 tito

1374 264 1712 341 eetsroea
1748 284 1842 342 AD
1881 282 1965 355 Ali

2072 287 2116 345 tt
2158 278 2393 349 FILIAM
2429 284 2643 355 SUAM.
3569 308 3676 365 550

373 399 3659 457 .._____..___________________________________

980 509 1339 589 ⁵³⁵’⁵²⁶
1446 529 1960 685 SANC

2071 540 2165 682 Ἰ
2265 541 3046 690 HILARII

788 772 1453 864 EPISTOLA
1524 781 1702 865 AD
1770 785 2244 870 ABRAM
2329 786 2793 873 FILIAM
2862 791 3259 876 SUAM.

1576 941 1755 1011 (CIBCA
1780 958 1942 1000 rtseu
1970 960 2097 1001 nam
2126 945 2234 1003 358
2262 943 2462 1017 mssa.)

354 1179 735 1239 Dilectissimae
783 1179 910 1239 lilia:
963 1181 1041 1257 (α)
1089 1183 1251 1243 Abrae
1307 1185 1545 1246 Hilarius
1616 1188 1673 1246 in
1725 1184 1957 1243 Domino
1982 1180 2170 1254 Avidi
2198 1225 2214 1253 ,
2244 1184 2376 1252 tilia,
2418 1186 2528 1242 vidi
2586 1188 2731 1259 quod
2787 1189 2968 1262 eloqui
2996 1206 3102 1246 non
3135 1207 3377 1264 possum.
3411 1192 3681 1268 Numquid

1039 1283 1290 1341 salutem.

429 1375 458 1430 1
481 1414 495 1429 .
521 1374 661 1433 Abra
686 1375 848 1446 patria
896 1374 1177 1431 absentiam
1221 1378 1379 1434 dolet.
1407 1407 1481 1420 -—
1524 1377 1726 1451 Accepi
1764 1379 1967 1437 litteras

357 1477 505 1539 tuas,
536 1470 591 1525 in
620 1469 814 1542 quibus
842 1470 1087 1543 intelligo
1117 1471 1518 1531 desiderantem
1570 1481 1623 1530 te
1658 1475 1767 1530 mei
1793 1488 1914 1533 esse
1949 1490 1963 1527 :

352 1568 412 1621 et
440 1571 649 1619 certum
681 1560 835 1635 (Msa.
861 1566 1037 1634 certe)
1066 1563 1139 1619 ita
1168 1564 1361 1622 habeo.
1393 1564 1579 1623 Sentio
1609 1566 1755 1623 enim
1791 1581 1965 1636 quan-

355 1664 470 1710 tum
500 1656 787 1726 praesentia
820 1654 1016 1712 horum
1048 1659 1139 1730 qui
1180 1667 1431 1715 amantur
1458 1657 1713 1730 optabilis
1755 1658 1846 1715 sit.
1898 1658 1968 1714 Et

352 1749 481 1821 quia
502 1763 720 1821 gravem
746 1747 840 1806 tibi
866 1764 989 1807 esse
1014 1750 1315 1811 absentiam
1342 1767 1518 1811 meam
1540 1753 1760 1820 scirem,
1790 1767 1859 1808 ne
1880 1765 1968 1806 me

361 1841 501 1896 forte
533 1842 756 1912 impiqu
786 1856 909 1899 esse
937 1858 1066 1915 erga
1098 1853 1149 1900 te
1188 1845 1550 1913 existimares,
1598 1845 1688 1917 qui
1738 1854 1843 1903 tam
1874 1844 1967 1900 diu

352 1944 463 1991 ate
498 1934 744 1992 abessem
781 1952 794 1990 :
831 1951 1092 1994 excusare
1133 1938 1227 1994 tibi
1267 1948 1320 1994 et
1351 1938 1739 2010 profectionem
1792 1954 1968 1995 meam

359 2035 415 2085 ct
468 2042 649 2085 moras
700 2028 865 2096 volui,
899 2028 1319 2101 utinteiligercs
1351 2044 1437 2086 me
1469 2045 1575 2086 non
1625 2030 1789 2102 impie
1847 2030 1968 2099 tibi.

353 2118 452 2174 sed
483 2116 697 2175 utiliter
736 2119 949 2177 deesse.
1001 2119 1242 2191 Namque
1287 2135 1409 2177 cum
1458 2129 1533 2183 te,
1578 2120 1708 2186 filia,
1761 2129 1819 2175 ut
1846 2121 1966 2176 uni-

352 2225 497 2274 eain,
524 2210 615 2277 ita,
644 2220 905 2283 quantum
937 2226 967 2266 a
997 2227 1086 2268 me
1138 2218 1241 2278 est,
1272 2221 1325 2266 et
1365 2212 1671 2267 unanimem
1705 2211 1966 2279 habeam;

350 2301 548 2361 vellem
602 2311 653 2361 te
715 2302 1135 2375 pulcherrimam
1203 2306 1446 2360 omnium
1506 2314 1565 2361 et
1623 2305 1964 2361 sanissimam

358 2396 569 2451 vivere.

423 2484 481 2539 2.
527 2484 763 2542 Hilarius
790 2486 948 2556 abeat,
980 2496 1036 2542 ut
1067 2498 1250 2544 vertent
1267 2498 1313 2544 et
1332 2488 1664 2563 margaritam
1687 2489 1967 2560 pretiosam

2068 1293 2175 1331 non
2209 1278 2444 1333 sericum
2477 1281 2775 1337 secundum
2807 1283 3157 1339 subtilitatem
3192 1285 3310 1354 ejus
3337 1286 3410 1360 (ε)
3433 1298 3676 1357 spartum

2066 1368 2218 1422 erat?
2264 1368 2535 1442 Numquid
2584 1373 2808 1430 candori
2848 1375 2966 1445 ejus
3010 1376 3162 1433 nives
3200 1389 3528 1449 comparata:
3572 1396 3681 1435 non

2066 1460 2488 1532 nigrescebant?
2516 1464 2789 1538 Numquid
2823 1482 3014 1521 aurum
3057 1471 3209 1538 juxta
3261 1468 3531 1542 fulgorem
3556 1473 3675 1542 ejus

2067 1567 2174 1607 non
2209 1553 2503 1611 lividatur?
2536 1556 2653 1627 Ipsa
2681 1557 2826 1613 enim
2859 1559 3187 1627 multicolor,
3214 1569 3270 1616 et
3296 1562 3428 1618 nihil
3454 1578 3679 1635 prorsus

2068 1657 2444 1716 comparatum
2465 1646 2515 1703 ei
2547 1658 2761 1720 poterat
2787 1651 3009 1719 aequari.
3046 1651 3178 1707 Post
3207 1669 3367 1723 quam
3399 1654 3505 1709 vidi
3531 1672 3679 1711 tnar~

2066 1741 2293 1810 garitam
2324 1760 2337 1797 :
2363 1758 2469 1815 qua
2525 1744 2637 1798 visa
2679 1744 2860 1799 statim
2892 1746 3122 1801 concidi.
3159 1745 3276 1804 Non
3318 1749 3459 1803 enim
3486 1756 3680 1821 potue-

2068 1840 2196 1887 runt
2224 1834 2367 1888 oculi
2399 1834 2507 1891 mei
2559 1837 2827 1892 sustinere
2856 1846 3060 1895 tantum
3090 1837 3207 1911 ejus
3251 1840 3513 1895 colorem.
3542 1841 3676 1897 Nam
3756 1890 3761 1893 .

2069 1944 2172 1985 nec
2189 1929 2337 1997 creti,
2368 1946 2468 1987 nec
2490 1931 2645 1999 lucis,
2678 1948 2777 1988 nec
2804 1934 2990 2001 maris,
3020 1950 3120 1991 nec
3148 1944 3307 1991 terrae
3325 1937 3538 2008 species
3560 1938 3681 2009 pul-

2070 2022 2328 2078 critudini
2357 2023 2477 2095 ejus
2500 2033 2715 2097 peierat
2743 2026 3067 2097 comparari.

2140 2118 2194 2171 4.
2233 2115 2513 2192 Utriusque
2538 2120 2810 2174 rommoda
2839 2130 2885 2174 et
2908 2121 3073 2177 dotes.
3098 2151 3169 2163 -ο
3200 2123 3269 2178 Ει
3298 2139 3420 2180 cum
3446 2135 3683 2195 prostra-

2072 2218 2157 2264 tus
2174 2210 2436 2285 jacerem,
2467 2211 2542 2266 ait
2572 2212 2701 2267 mihi
2726 2213 2944 2286 quidam
2975 2215 3044 2271 de
3069 2215 3473 2285 assistentibus,
3511 2217 3681 2274 Video

2074 2311 2125 2357 te
2153 2301 2446 2359 sollicitum
2475 2314 2531 2359 et
2552 2306 2752 2361 bonum
2780 2316 2985 2377 patrem
3017 2322 3161 2373 esse,
3204 2314 3260 2364 et
3302 2308 3441 2363 banc
3472 2318 3677 2365 vestem

2070 2400 2236 2465 atque
2271 2395 2409 2450 hanc
2454 2396 2802 2469 margaritam
2831 2398 2898 2454 ad
2926 2397 3090 2455 ﬁliam
3133 2409 3280 2455 tuam
3318 2399 3630 2458 desiderare
3663 2417 3679 2457 :

2072 2487 2171 2544 sed
2200 2496 2259 2544 ut
2284 2489 2455 2560 magis
2477 2490 2779 2559 desideres,
2810 2491 3040 2547 ostendo
3075 2492 3171 2547 tibi
3192 2493 3319 2564 quid
3358 2494 3535 2550 adhuc
3562 2495 3679 2550 haec

352 2578 482 2647 ﬁliae
520 2579 810 2649 conquirat.
858 2609 932 2620 —
977 2579 1291 2638 Nuntiatum
1336 2597 1467 2654 ergo
1518 2582 1649 2637 mihi
1689 2590 1794 2650 est,
1847 2596 1969 2637 esse
1998 2582 2045 2642 Β
2074 2583 2242 2638 veStis
2289 2590 2453 2652 atque
2511 2585 2799 2654 margarita
2851 2584 2976 2640 boni
3033 2584 3247 2639 habeat.
3315 2584 3496 2643 Vestis
3562 2586 3679 2643 haec

350 2671 639 2745 quemdam
664 2672 944 2745 juvenem,
977 2673 1268 2732 habentem
1302 2675 1648 2747 margaritam
1677 2684 1733 2730 et
1758 2684 1965 2731 vestem

353 2767 765 2825 inaestimabilis
794 2768 954 2839 pretii
986 2786 999 2825 :
1030 2785 1189 2843 quam
1221 2770 1267 2827 si
1299 2771 1420 2842 quis
1446 2769 1515 2826 ab
1538 2783 1609 2824 eo
1641 2779 1825 2841 posset
1850 2784 1967 2824 me-

353 2863 486 2927 reri,
518 2877 684 2937 super
708 2863 975 2925 humanas
1026 2863 1244 2923 divitias
1282 2874 1338 2920 et
1375 2864 1605 2920 salutem
1651 2872 1707 2920 et
1730 2864 1883 2919 dives
1914 2872 1968 2919 et

352 2956 538 3011 salvus
560 2956 739 3013 ﬁeret.
772 2958 853 3013 Ad
879 2958 1026 3014 hunc
1054 2957 1130 3032 (ὁ)
1163 2959 1246 3015 his
1267 2959 1465 3014 auditis
1494 2956 1773 3030 profectus
1801 2973 1919 3014 sum
1951 2975 1964 3011 :

352 3046 420 3101 ad
451 3064 611 3119 quem
638 3063 762 3104 eum
793 3064 889 3120 per
915 3051 1115 3106 multas
1156 3059 1213 3106 et
1255 3052 1444 3122 longas
1489 3060 1543 3106 et
1574 3050 1821 3107 difﬁciles
1852 3050 1967 3106 vias

350 3142 646 3206 venissem,
673 3140 865 3199 videns
919 3158 1043 3199 eum
1091 3144 1274 3200 statim
1305 3145 1535 3215 procidi.
1596 3145 1767 3200 Adest
1821 3146 1964 3200 enim

354 3242 467 3288 Lun
494 3233 725 3304 pulcher
744 3235 979 3306 juvenis,
1023 3243 1084 3291 ut
1117 3246 1241 3292 ante
1272 3245 1622 3308 conspectum
1656 3238 1774 3308 ejus
1804 3253 1966 3293 nemo

350 3326 554 3381 audeat
584 3328 907 3383 consistere.
939 3329 1040 3396 Qui
1064 3329 1152 3384 ubi
1184 3346 1270 3385 me
1293 3330 1588 3399 procidisse
1615 3330 1774 3399 vidit,
1802 3330 1968 3387 inter-

352 3424 532 3492 rogari
562 3436 650 3478 me
695 3422 863 3493 jussit
907 3423 1033 3495 quid
1062 3424 1277 3491 vellem,
1333 3434 1389 3481 et
1433 3423 1563 3496 quid
1592 3439 1839 3496 rogarem
1876 3438 1968 3482 :et

351 3528 457 3584 ego
489 3512 771 3585 respondi,
801 3512 1021 3572 audisse
1042 3531 1129 3572 me
1159 3516 1225 3572 de
1267 3527 1419 3573 veste
1441 3531 1537 3572 sua
1567 3525 1622 3573 et
1652 3516 1961 3589 margarita,

351 3617 409 3662 et
425 3608 496 3663 ob
519 3607 572 3665 id
600 3607 853 3676 venisse;
881 3618 939 3668 et
964 3610 1011 3668 si
1034 3625 1156 3666 eam
1179 3611 1308 3667 mihi
1336 3611 1654 3682 dignaretur
1682 3620 1963 3682 praestare,

351 3713 477 3754 esse
524 3698 658 3757 mihi
709 3700 872 3757 tiliam
920 3717 1083 3774 quam
1143 3701 1498 3759 vehementer
1540 3703 1844 3776 diligerem,
1875 3703 1965 3759 cui

351 3788 495 3847 hanc
523 3802 728 3847 vestem
759 3804 919 3864 atque
950 3794 1292 3866 margaritam
1320 3810 1643 3867 quaererem.
1680 3794 1745 3852 Et
1775 3794 1847 3869 (c)
1878 3795 1964 3851 in-

353 3893 439 3937 ter
466 3883 583 3940 haec
612 3893 910 3956 prostratus
957 3886 1012 3942 in
1044 3888 1232 3946 iaciem
1273 3889 1377 3944 lleo
1407 3889 1723 3959 piurimum,
1746 3898 1801 3945 et
1830 3902 1964 3945 noc-

2072 2690 2365 2745 numquam
2398 2676 2558 2733 tineis
2584 2676 2908 2743 comeditur,
2939 2692 3046 2732 non
3095 2693 3194 2732 usu
3245 2678 3516 2747 atteritur,
3564 2696 3675 2737 non

2070 2766 2230 2827 sorde
2256 2766 2515 2837 inticitur,
2543 2783 2652 2829 non
2683 2768 2736 2825 vi
2774 2769 3058 2836 scinditur,
3094 2786 3201 2825 non
3233 2771 3431 2827 damno
3472 2772 3680 2828 amitti-

2069 2871 2155 2916 tur
2184 2876 2198 2914 :
2229 2860 2323 2924 sed
2351 2875 2566 2932 semper
2589 2861 2711 2918 talis
2734 2861 2911 2937 qualis
2938 2873 3021 2918 est
3042 2873 3344 2935 permanet.
3370 2863 3676 2937 Margaritzn

2068 2970 2198 3012 vero
2226 2954 2342 3012 hzec
2388 2956 2560 3013 virtus
2587 2967 2689 3022 est,
2731 2966 2789 3012 ut
2837 2955 2885 3011 si
2912 2957 3033 3027 quis
3080 2973 3199 3014 eam
3247 2957 3509 3028 induerit,
3564 2973 3674 3015 non

2069 3057 2314 3119 a-grotet,
2349 3064 2455 3104 non
2496 3057 2766 3115 senescat,
2797 3064 2905 3104 non
2948 3051 3233 3106 moriatur.
3276 3048 3421 3105 Nihil
3449 3050 3672 3107 omnino

2068 3141 2121 3195 in
2144 3155 2203 3199 se
2235 3139 2417 3205 habet,
2451 3140 2595 3213 quod
2622 3142 2694 3197 sit
2723 3140 2794 3213 (Ῑ)
2821 3142 3043 3197 noxium
3076 3141 3295 3213 corpori
3335 3159 3347 3195 :
3381 3141 3479 3198 sed
3507 3141 3681 3199 utenti

2068 3251 2131 3291 ea
2155 3235 2287 3291 nihil
2310 3235 2527 3306 accidit,
2556 3235 2701 3311 quod
2729 3244 2822 3291 aut
2849 3245 3079 3295 mortem
3107 3232 3317 3302 allerat,
3341 3244 3435 3290 aut
3463 3243 3680 3291 aetatem

2068 3328 2334 3394 demutet,
2366 3338 2459 3385 aut
2498 3328 2761 3403 impediat
2807 3331 3116 3384 sanitatem.
3147 3327 3301 3396 Quod
3333 3327 3423 3384 ubi
3469 3327 3674 3398 audivi,

2069 3423 2203 3492 ﬁlia,
2232 3424 2531 3479 exanimari
2573 3424 2743 3494 magis
2770 3422 3044 3479 desiderio
3091 3425 3397 3495 margaritae
3423 3432 3480 3478 et
3508 3422 3676 3479 vestis

2068 3513 2226 3569 istius
2248 3514 2391 3585 ccepi
2424 3531 2437 3568 :
2464 3522 2519 3568 et
2551 3513 2696 3571 sicut
2722 3524 3026 3587 prostratus
3043 3515 3314 3585 jacebam,
3348 3515 3683 3571 indeiicienti

2067 3604 2196 3665 ﬂetu
2238 3615 2292 3661 et
2334 3606 2539 3679 intenta
2568 3605 2813 3661 oratione
2836 3606 3092 3677 jttvenem
3139 3606 3351 3677 precari
3396 3606 3559 3678 ccepi,
3592 3605 3678 3661 di-

2067 3714 2201 3757 cens
2227 3715 2241 3755 :
2270 3699 2498 3755 Dontine
2531 3709 2743 3767 sancte,
2778 3699 3040 3759 miserere
3067 3699 3213 3769 preci
3253 3714 3410 3767 mete,
3439 3706 3494 3761 et
3520 3698 3686 3754 misc-

2068 3807 2192 3847 rere
2221 3790 2567 3847 sollicitudini
2598 3799 2653 3845 et
2672 3790 2797 3846 vitm
2828 3805 2983 3846 meat.
3031 3790 3087 3846 Si
3124 3790 3270 3846 enim
3304 3790 3444 3844 hanc
3468 3800 3682 3845 vestem

2072 3882 2203 3941 mihi
2254 3894 2310 3940 et
2358 3883 2706 3956 margaritam
2758 3898 2867 3938 non
2907 3881 3194 3949 concedis,
3250 3882 3418 3939 miser
3467 3879 3682 3939 futurus

354 3976 501 4033 tibus
525 3992 588 4034 ac
612 3978 806 4035 diebus
854 3979 1239 4050 ingemiscens,
1283 3997 1414 4053 rogo
1447 3983 1524 4037 uti
1555 3982 1748 4039 audire
1775 3981 1966 4054 digna-
1992 3962 2038 4028 C
2068 3992 2211 4043 sum,
2238 3975 2513 4046 liliumque
2541 3990 2719 4033 meam
2748 3976 2827 4048 (θ)
2865 3975 3138 4035 viventem
3186 3972 3497 4045 perditurus
3530 3990 3545 4028 :
3574 3988 3678 4046 ego

354 4081 509 4127 retur
538 4087 751 4143 precem
779 4088 975 4129 meam.

429 4163 484 4218 ὅ.
536 4161 701 4220 Vestis
728 4163 836 4220 hare
862 4174 910 4221 et
937 4166 1217 4239 margarita
1245 4167 1422 4238 quanti
1448 4168 1706 4241 facienda.
1737 4196 1802 4209 -—
1833 4166 1967 4225 Post

355 4276 499 4332 quae,
549 4261 675 4332 quia
708 4261 882 4323 bonus
907 4271 993 4323 est
1014 4261 1233 4330 juvenis
1276 4269 1333 4318 et
1360 4262 1444 4335 (ά)
1487 4263 1678 4321 melius
1710 4262 1801 4321 illo
1829 4262 1962 4319 nihil

358 4361 466 4420 est,
515 4355 594 4408 ait
624 4354 777 4422 milii,
809 4353 959 4410 Nosti
991 4354 1129 4411 hanc
1151 4366 1359 4413 vestem
1389 4364 1553 4428 atque
1581 4354 1723 4412 hanc
1750 4371 1964 4427 marga-

357 4456 544 4515 r.tam,
570 4463 730 4518 quam
758 4463 789 4504 a
829 4464 917 4507 me
955 4450 1213 4523 lacrymis
1242 4464 1398 4523 rogas
1431 4450 1508 4506 uti
1546 4465 1665 4505 eam
1701 4449 1828 4505 ﬁlia:
1860 4458 1965 4504 tuae

358 4541 693 4598 concedam?
749 4543 814 4596 lit
856 4558 957 4615 ego
1000 4545 1258 4615 respondi
1315 4545 1433 4614 illi,
1477 4543 1727 4611 Domine,
1781 4542 1966 4599 auditu

356 4632 585 4705 cognovi
631 4634 698 4691 de
728 4635 879 4707 ipsis,
925 4647 981 4692 et
1026 4636 1131 4695 iide
1168 4637 1373 4695 credidi
1409 4655 1424 4692 :
1469 4646 1527 4694 et
1564 4639 1680 4695 seio
1723 4637 1845 4708 quia
1869 4650 1968 4706 op-

361 4725 506 4781 timae
536 4735 684 4794 sunt,
718 4736 774 4783 et
808 4729 956 4784 satus
985 4743 1112 4786 vera
1166 4740 1249 4785 est
1293 4730 1396 4787 hac
1441 4738 1592 4787 veste
1632 4731 1728 4797 uti,
1782 4737 1837 4784 et
1869 4729 1970 4783 bac

360 4821 645 4889 margarita
699 4822 903 4876 ornari.
957 4820 1025 4877 Et
1078 4822 1259 4878 statim
1312 4819 1574 4878 ministris
1652 4821 1765 4876 suis
1820 4835 1963 4891 prae-

359 4912 522 4981 cepit,
551 4921 610 4967 ut
646 4913 780 4968 mihi
819 4924 875 4970 et
903 4925 1108 4971 vestem
1152 4915 1293 4971 hanc
1321 4923 1378 4970 et
1404 4914 1748 4988 margaritam
1782 4925 1965 4969 osten-

360 5004 554 5062 derent
587 5025 601 5062 :
627 5016 684 5067 et
701 5008 989 5065 confestim
1020 5009 1092 5069 ita
1130 5009 1211 5066 ﬁt.
1240 5014 1319 5065 Ac
1351 5018 1556 5066 vestem
1597 5010 1774 5082 primo
1803 5007 1911 5071 vidi
1948 5025 1963 5063 :

431 5150 512 5234 (ει)
553 5149 614 5234 _ln
645 5151 1075 5234 plerisquenmss.
1102 5150 1279 5234 Apris.
1413 5221 1466 5234 Η
1556 5221 1569 5234 ,
1750 5222 1762 5234 ,
1885 5220 1932 5234 Η

552 5222 609 5276 In
637 5239 744 5278 uno
775 5220 879 5280 ms.
904 5222 1064 5279 Colb.
1108 5220 1178 5277 ad
1213 5224 1349 5278 hunc
1374 5221 1678 5289 videndum,
1717 5222 1838 5278 sine
1872 5220 1960 5276 his

471 5310 486 5346 ι
514 5310 582 5348 ιδ.

365 5306 640 5488 αηῗὸωέίο
662 5380 792 5420 mss.
826 5368 896 5422 At
924 5365 1075 5435 editi,
1101 5366 1157 5427 in
1187 5373 1375 5429 terram
1394 5376 1691 5447 prostratus
1728 5363 1881 5433 facie.

433 5442 445 5488 t
501 5440 513 5488 i
554 5436 814 5488 Excmnla
860 5440 1032 5488 sancti
1084 5437 1231 5488 Petri
1283 5436 1353 5488 de
1393 5436 1619 5488 Cultura
1666 5435 1881 5488 Cenomt

433 5435 513 5505 (ά)
554 5436 814 5507 Exempla
860 5440 1033 5494 sancti
1084 5437 1231 5494 Petri
1283 5436 1353 5494 de
1393 5436 1619 5496 Cultura
1666 5435 1963 5493 Cenoman.

365 5507 543 5561 melior
578 5509 671 5563 illo
702 5508 877 5565 nullus
914 5518 1011 5569 est.

435 5577 506 5651 (ε)
548 5579 706 5644 Bad.,
752 5581 842 5636 Er.
886 5592 944 5641 et
988 5579 1108 5639 uir.
1156 5590 1354 5651 partem
1383 5578 1849 5651 habuerattLips.
1897 5590 1964 5632 ex

369 5647 576 5706 Erasini
598 5653 861 5726 margine,
880 5669 976 5726 par
1002 5661 1127 5707 erat.
1148 5647 1448 5709 Novissima
1471 5651 1639 5710 editio
1663 5647 1789 5707 Pari
1817 5664 1969 5726 spar-

366 5733 635 5795 ξηπινεγαι.
658 5717 946 5782 Βὲεοθηὲίθ
987 5739 1089 5795 me.
1132 5733 1484 5795 pauperorum
1504 5739 1608 5779 non
1634 5731 1768 5781 erat.
1811 5717 1965 5776 Otto-

370 5789 580 5865 Militis.
606 5798 824 5869 muttit»
863 5805 995 5861 crat-
1025 5789 1305 5867 Sioaitic'at
1343 5793 1600 5867 Hilarius,
1656 5800 1972 5854 monstratae

2071 4079 2293 4142 propter
2349 4069 2489 4126 hanc
2546 4079 2753 4126 vestem
2820 4077 2878 4126 et
2937 4071 3281 4140 margaritam
3337 4067 3676 4140 peregrinari

2075 4163 2219 4220 volo.
2255 4161 2396 4231 Scis,
2424 4163 2675 4229 Domine,
2706 4163 2829 4235 quia
2856 4162 2953 4217 tibi
2976 4177 3083 4219 non
3109 4160 3361 4218 mentior.

2143 4258 2302 4332 527
2341 4259 2395 4315 5.
2440 4256 2637 4314 Hilarii
2675 4258 2801 4329 ﬁlim
2833 4257 3223 4331 promittuntur,
3256 4256 3408 4312 modo
3438 4271 3571 4313 uana
3598 4273 3684 4314 or-

2070 4364 2313 4409 namenta
2341 4351 2573 4426 objiciet,
2600 4380 2672 4395 --
2695 4352 2821 4408 Post
2844 4367 3004 4423 quam
3028 4366 3216 4408 vocem
3242 4367 3421 4409 meam
3446 4352 3677 4421 audivit,

2067 4448 2224 4520 jubet
2252 4462 2339 4502 me
2368 4448 2588 4518 levare;
2620 4456 2676 4502 et
2697 4448 2774 4501 ait
2804 4444 2957 4511 mihi,
2992 4453 3279 4501 moverunt
3302 4459 3391 4500 me
3414 4460 3605 4516 preces
3627 4454 3682 4500 et

2075 4540 2329 4613 laerymai
2351 4550 2477 4609 tuae,
2492 4550 2546 4595 et
2570 4539 2710 4595 bene
2737 4548 2821 4595 est
2850 4538 2993 4610 quod
3013 4537 3115 4594 hoc
3139 4538 3441 4595 credidisti.
3463 4538 3532 4594 Et
3558 4539 3684 4610 quia

2075 4632 2278 4701 dixisti,
2304 4642 2355 4686 te
2377 4646 2473 4701 pro
2502 4631 2605 4687 hac
2630 4633 2916 4702 margarita
2946 4632 3116 4701 ipsam
3146 4630 3311 4695 vitam
3352 4639 3501 4689 tuam
3542 4630 3683 4688 velle

2074 4724 2413 4799 impendere,
2446 4739 2551 4779 non
2583 4738 2804 4794 possum
2830 4739 2948 4778 eam
2988 4724 3081 4777 tibi
3127 4738 3322 4794 negare
3355 4741 3369 4778 :
3402 4725 3502 4780 sed
3540 4725 3685 4783 seire

2075 4816 2246 4874 debes
2276 4819 2610 4888 propositum
2634 4826 2691 4874 et
2717 4817 3047 4874 voluntatem
3070 4832 3271 4872 meam.
3296 4815 3495 4886 Vestis,
3518 4834 3682 4891 quam

2074 4924 2177 4981 ego
2206 4909 2430 4977 dedero,
2466 4909 2585 4967 talis
2625 4916 2730 4976 est,
2788 4919 2847 4966 ut
2895 4909 2975 4983 (It)
3005 4908 3052 4966 si
3089 4909 3211 4981 quis
3262 4910 3494 4969 voluerit
3533 4922 3685 4970 veste

2074 5004 2179 5060 alia
2227 5002 2466 5058 colorata
2512 5011 2567 5059 et
2595 5002 2769 5059 serica
2796 5009 2851 5057 et
2878 5008 3067 5057 aurata
3123 5004 3221 5069 uti,
3265 5011 3471 5059 vestem
3504 5020 3681 5062 meam

1992 5148 2176 5212 Dsibi
2204 5148 2370 5204 vestis
2420 5145 2702 5202 subtilitati
2757 5157 3129 5225 comparatum
3176 5150 3412 5225 sericum
3456 5169 3680 5225 prorsus

2071 5231 2331 5347 spartgmb
2350 5234 2495 5345 celse,
2538 5234 2605 5274 ex
2632 5234 2743 5291 quo
2769 5218 2893 5276 scil.
2934 5218 3092 5277 funes
3386 5218 3681 5299 et'sportrn

2072 5305 2105 5347 ο
2131 5307 2201 5346 Im
2247 5308 2294 5345 te
2335 5308 2398 5344 an
2431 5332 2444 5347 .

2131 5307 2201 5346 Im
2229 5307 2444 5347 uenam.

2196 5360 2213 5430 )
2254 5361 2422 5427 Editi,
2452 5361 2728 5425 obnoxium
2754 5378 2774 5418 :
2801 5363 3159 5420 emendantur
3178 5381 3244 5421 ex
3272 5383 3403 5424 mss.

2168 5429 2222 5503 ᾖ)
2262 5432 2319 5487 in
2346 5450 2452 5489 uno
2479 5449 2580 5491 ms.
2609 5434 2760 5490 Colb.
2769 5436 3033 5504 juvenem,
3068 5451 3173 5491 non
3200 5438 3464 5495 viventem.

2149 5503 2228 5576 (It)
2268 5504 2421 5560 Alter
2448 5522 2479 5560 e
2511 5520 2641 5560 mss.
2674 5503 2829 5561 Colh.
2857 5523 2980 5562 cum
3030 5508 3357 5576 Boheriano,
3410 5512 3594 5569 Ottoh.
3627 5524 3685 5571 et

2073 5574 2326 5642 Cenem,
2352 5577 2400 5633 si
2420 5593 2522 5646 qua
2559 5578 2733 5647 puella
2762 5593 2781 5631 :
2809 5587 2864 5635 et
2897 5593 3025 5645 mox
3054 5579 3204 5643 solus
3231 5574 3418 5647 Ottoh.
3450 5586 3505 5638 in
3549 5595 3683 5643 verte

2077 5647 2333 5727 meaeapi
2381 5648 2694 5727 n_on_possi_t.
2737 5647 2864 5727 _Hue
2909 5658 3121 5727 spectat
3148 5651 3277 5707 illud
3322 5652 3578 5727 Cypriani
3608 5659 3677 5714 de

2079 5718 2385 5801 biseiphlot.
2396 5718 2598 5801 iiabnp
2619 5718 2905 5801 virginum,
2933 5721 3176 5785 Sericum
3187 5733 3255 5801 et
3283 5718 3567 5801 asinorum
3591 5729 3676 5784 in-

2077 5786 2241 5860 dum,
2260 5786 2524 5853 Christum
2555 5786 2766 5859 indum
2786 5786 3145 5864 nonpossent.
3173 5786 3781 5875 ,Sic'ﬂieronymus,f
