4106 6192
530 268 632 330 551

1740 266 1985 327 SANCTI
2027 262 2285 321 lllLARll
2326 261 2632 322 EPISCOPI

3692 274 3778 331 553

528 403 723 456 capere
754 402 860 442 non
893 386 1083 457 possit.
1117 383 1223 443 Sed
1254 383 1330 439 illi
1375 382 1515 439 dabo
1541 397 1686 449 eam,
1733 397 1855 453 qurc
1879 389 2131 436 contenta
2160 382 2210 440 Α
2236 375 2376 432 fert:
2401 375 2515 446 Ego
2533 382 2736 431 vestem
2758 374 3284 448 alteramexspecto,
3310 385 3517 448 propter
3535 394 3678 451 quam
3700 399 3781 452 pa—

529 481 622 548 sit,
656 496 763 536 non
790 481 964 535 serico
993 479 1201 543 habitu,
1234 476 1329 533 sed
1386 475 1462 549 (a)
1506 475 1699 531 nativis
1748 474 2022 530 coloribus
2073 482 2130 528 et

530 569 904 642 insumptuoso
931 578 1079 627 textu
1104 568 1292 628 vestiri
1325 586 1339 622 :
1383 569 1456 623 ita
1498 576 1557 622 ut
1587 575 1809 639 prepter
1837 573 2128 621 consuetu-

528 664 732 732 dinem,
779 679 1070 735 purpuram
1114 660 1189 735 (b)
1237 671 1615 734 perangustum
1655 660 1823 717 vestis
1872 659 2067 715 habeat
2108 675 2122 712 :

527 772 638 812 non
663 756 826 812 etiam
877 770 1112 826 purpura
1156 755 1273 826 ipsa
1311 753 1383 827 (c)
1424 752 1755 809 diffundatur
1795 753 1847 808 in
1895 761 2121 808 vestem.

526 848 808 921 Margarita
834 864 982 914 vero.
1015 865 1175 922 quam
1195 864 1225 905 a
1256 865 1342 906 me
1369 848 1528 920 petis,
1559 856 1765 905 natura:
1795 846 1913 919 ejus
1934 855 2037 912 est,
2068 854 2126 902 ut

525 941 725 998 habere
762 957 883 999 eam
920 958 1081 1000 nemo
1107 944 1300 1014 possit,
1343 942 1436 1014 qui
1467 942 1811 1014 margaritam
1844 941 2002 996 aliam
2034 941 2126 995 lia-

522 1034 702 1092 buerit
735 1053 748 1090 :
777 1036 902 1108 quia
966 1036 1089 1093 alite
1134 1026 1443 1108 margarita:
1493 1042 1586 1090 aut
1635 1035 1704 1092 de
1741 1044 1881 1091 terra
1924 1041 2018 1091 aut
2055 1033 2124 1090 de

523 1128 660 1184 mari
683 1138 843 1196 sunt;
876 1143 995 1185 mea
1017 1137 1222 1195 autem,
1254 1138 1312 1184 ut
1353 1129 1471 1200 ipse
1512 1136 1569 1183 tu
1596 1127 1768 1195 vides,
1798 1126 2042 1197 speciosa
2068 1133 2124 1182 et

520 1223 757 1294 pretiosa
784 1231 889 1289 est,
919 1221 1361 1294 ineomparabilis
1390 1230 1445 1277 et
1482 1219 1720 1278 caelestis
1765 1229 1867 1287 est,
1910 1234 2009 1276 nec
2034 1218 2121 1274 di-

518 1324 713 1387 gnatur
740 1314 813 1370 ibi
839 1329 961 1371 esse
987 1313 1079 1371 ubi
1121 1313 1238 1370 alia:
1268 1322 1417 1369 sunt.
1445 1311 1565 1369 Non
1597 1314 1741 1369 enim
1781 1312 1945 1369 rebus
1984 1310 2119 1368 meis

516 1409 769 1467 convenit
793 1425 916 1467 cum
943 1406 1371 1469 rebushominis
1398 1425 1411 1462 :
1436 1408 1559 1481 quia
1591 1407 1682 1478 qui
1723 1415 1873 1463 veste
1900 1420 2018 1462 mea
2064 1413 2121 1462 et

511 1503 802 1576 margarita
829 1505 1014 1571 utitur,
1050 1503 1103 1557 in
1151 1510 1412 1558 :eternum
1440 1515 1605 1556 sanus
1633 1510 1752 1567 est;
1806 1515 1913 1554 non
1964 1497 2114 1554 febre

513 1596 835 1661 exardescit,
866 1611 972 1650 non
1005 1594 1216 1650 vulneri
1245 1604 1412 1665 patet,
1448 1607 1557 1648 non
1592 1594 1751 1648 annis
1777 1591 2112 1660 demittatur,

511 1703 619 1745 non
656 1695 832 1744 morte
852 1687 1203 1753 dissolvitur;
1235 1685 1315 1759 (ά)
1369 1685 1596 1757 :equalis
1620 1685 1767 1741 enim
1818 1698 2033 1755 semper
2060 1691 2116 1739 et

2235 479 2316 524 ter
2344 484 2496 526 meus
2536 484 2565 521 a
2614 484 2700 524 me
2748 478 2854 523 tam
2902 468 2992 525 diu
3041 470 3433 541 peregrinatur,
3481 487 3626 543 quam
3670 474 3779 530 mihi

2230 562 2444 632 qumrit,
2477 575 2637 632 quam
2668 577 2774 616 non
2807 577 3026 633 possum
3069 562 3271 621 habere
3313 563 3359 619 si
3404 563 3532 620 hanc
3559 565 3784 628 habuero.

2230 654 2441 711 Sufficit
2469 653 2599 709 mihi
2622 654 2741 709 lana
2764 654 2879 712 ovis
2909 671 3065 724 meae,
3098 656 3297 712 sufficit
3333 657 3456 714 mihi
3478 659 3615 715 color
3643 678 3782 732 quem

2229 759 2417 804 natura
2458 751 2657 817 attulit,
2706 749 2906 806 sufficit
2959 751 3092 806 mihi
3142 761 3319 807 textus
3366 752 3783 824 insumptuosns:

2229 852 2484 899 czeterum
2529 853 2737 899 vestrm
2777 844 2927 900 illam
2978 844 3260 912 desidero,
3309 862 3427 917 qua:
3471 846 3651 904 dicitur
3694 865 3783 907 non

2228 937 2460 1004 absumi,
2495 955 2602 994 non
2636 939 2792 994 atteri
2822 982 2837 1007 ,
2886 955 2993 996 non
3023 940 3217 996 scindi.
3245 942 3315 996 At
3335 957 3459 997 vero
3482 943 3527 997 si
3554 942 3639 999 tibi
3668 960 3788 1001 mar-

2226 1032 2399 1103 garita
2428 1029 2688 1088 offeratur
2733 1043 2821 1089 aut
2874 1034 3254 1105 suspendenda
3302 1036 3462 1103 collo,
3509 1046 3595 1093 aut
3642 1038 3786 1110 digito

2227 1124 2553 1196 coaptanda,
2583 1125 2732 1181 dices
2761 1124 2856 1194 ita,
2882 1125 3001 1182 Non
3025 1125 3156 1181 mihi
3186 1127 3566 1198 impedimento
3581 1128 3786 1188 sintisla:

2224 1218 2445 1275 inutiles
2484 1227 2538 1276 et
2576 1219 2817 1276 sordida:
2857 1222 3163 1292 margarita:
3198 1241 3210 1275 :
3241 1223 3335 1278 sed
3373 1234 3614 1294 exspecto
3660 1226 3786 1284 illam

2225 1313 2694 1382 pretiosissimam,
2722 1312 3142 1383 pulcherrimam
3181 1322 3236 1370 et
3261 1314 3610 1371 utilissimam.
3637 1315 3787 1374 Credo

2224 1403 2364 1474 patri
2396 1421 2540 1473 meo,
2571 1408 2693 1477 quia
2714 1414 2768 1461 et
2796 1406 2874 1479 (It)
2900 1406 2991 1463 ille
3016 1408 3091 1476 ei,
3116 1408 3205 1478 qui
3227 1407 3365 1464 hanc
3389 1407 3660 1480 spopondit
3679 1409 3782 1480 sibi,

2221 1494 2472 1563 credidit,
2493 1511 2718 1568 propter
2745 1513 2905 1568 quam
2925 1498 3056 1553 mihi
3077 1498 3402 1570 significavit
3422 1515 3479 1556 se
3502 1500 3647 1556 etiam
3669 1500 3787 1557 mori

2220 1590 2361 1646 velle
2389 1608 2402 1645 :
2434 1590 2574 1648 hanc
2598 1602 2878 1664 exspecto,
2911 1592 3050 1649 hanc
3076 1593 3488 1667 desidero,qua:
3510 1593 3633 1651 mihi
3672 1612 3787 1667 prte-

2218 1685 2384 1740 stabit
2408 1686 2637 1741 salutem
2669 1696 2724 1743 et
2750 1689 3135 1744 aeternitatem.
3234 1708 3243 1715 ν

507 1792 742 1839 aeternus
770 1790 871 1838 est.
903 1781 1018 1854 Ego
1048 1789 1226 1836 tamen
1250 1780 1391 1835 hanc
1422 1788 1624 1835 vestem
1646 1787 1704 1834 et
1728 1776 1867 1833 hanc
1894 1790 2112 1848 marga-
2142 1781 2191 1843 B
2290 1777 2340 1833 7.
2384 1777 2540 1834 Filia:
2557 1790 2819 1849 exspectat
2848 1781 3174 1845 rescriptum.
3209 1779 3447 1854 Hymnus
3472 1783 3728 1839 matutinus
3745 1794 3788 1841 et

505 1877 664 1933 ritam
693 1892 865 1933 meam
890 1876 1095 1947 petenti
1126 1872 1221 1929 tibi
1249 1872 1412 1940 dabo,
1446 1883 1504 1926 ut
1530 1885 1652 1926 eam
1693 1869 1820 1924 lilize
1858 1880 1961 1925 tuae
1991 1884 2112 1939 per-

503 1967 666 2026 feras.
700 1951 990 2041 Sedprius
1016 1967 1157 2024 scire
1186 1965 1352 2023 debes
1380 1964 1509 2036 quid
1556 1964 1687 2019 velit
1732 1963 1843 2018 ﬁlia
1890 1972 2000 2018 tua.
2050 1962 2107 2019 Si

499 2076 560 2118 se
586 2060 745 2134 hujus
774 2052 942 2119 vestis
971 2070 1026 2116 et
1054 2058 1359 2131 margarita:
1388 2073 1526 2114 mea:
1566 2056 1783 2128 dignam
1831 2055 2013 2123 faciat,
2054 2054 2108 2110 id

501 2162 605 2222 est,
653 2156 699 2210 si
744 2164 924 2211 vestes
954 2154 1158 2209 sericas
1202 2161 1257 2207 et
1300 2159 1517 2206 auratas
1547 2157 1605 2205 et
1641 2147 1869 2205 infectas
1906 2148 2106 2205 habere

501 2246 752 2313 noluerit,
786 2248 833 2302 si
857 2260 1077 2302 omnem
1105 2243 1453 2315 margaritam
1482 2243 1704 2297 alteram
1728 2240 1944 2308 oderit;
1977 2249 2106 2296 tunc

497 2340 616 2398 haec
641 2357 761 2412 quae
793 2357 880 2398 me
905 2355 1063 2413 rogas
1093 2338 1188 2396 tibi
1213 2338 1503 2410 praestabo.

572 2436 626 2493 6.
648 2432 841 2492 Filiam
854 2437 1088 2492 hortatur
1102 2445 1157 2489 ut
1176 2434 1414 2490 modestis
1437 2444 1609 2490 utatur
1621 2434 1863 2490 vestibus.
1886 2464 1957 2477 —-
1973 2431 2106 2491 Post

498 2542 659 2599 quam
674 2543 885 2595 vocem,
908 2528 1037 2596 ﬁlia,
1058 2527 1214 2583 laetus
1240 2543 1491 2599 exsurgo,
1514 2536 1570 2585 et
1588 2537 1859 2584 secretum
1884 2527 1989 2583 hoc
2010 2527 2104 2582 ha-

497 2619 653 2688 bens,
685 2620 827 2678 hanc
852 2620 919 2677 ad
943 2630 995 2677 te
1022 2621 1306 2692 epistolam
1334 2621 1435 2678 feci
1467 2639 1482 2676 :
1510 2637 1710 2695 rogans
1756 2631 1809 2679 te
1836 2637 1936 2693 per
1968 2621 2103 2677 mul-

499 2720 582 2769 tas
618 2712 885 2786 lacrymas
928 2729 1097 2782 meas,
1155 2722 1216 2770 ut
1245 2724 1298 2771 te
1343 2713 1470 2770 huic
1515 2716 1651 2771 vesti
1700 2725 1755 2771 et
1799 2715 2102 2785 margarita:

493 2820 768 2873 reserves,
797 2821 972 2879 neque
996 2808 1253 2864 miserum
1273 2822 1459 2866 senem
1487 2808 1578 2863 tali
1607 2805 1914 2863 damnotuo
1932 2805 2004 2880 (e)
2024 2805 2101 2863 fa-

494 2900 629 2966 cias,
679 2901 724 2956 si
755 2890 896 2957 hanc
924 2911 1136 2959 vestem
1163 2913 1218 2957 et
1239 2901 1379 2957 hanc
1416 2901 1764 2973 margaritam
1806 2899 1971 2973 528
1991 2914 2099 2956 non

493 2991 767 3051 habueris.
798 2995 993 3052 Testor
1019 2995 1089 3069 (ι’)
1116 3005 1296 3054 autem
1325 2996 1456 3062 tibi,
1507 2994 1639 3063 filia,
1680 2996 1853 3052 Deum
1894 2996 2016 3052 caeli
2043 3004 2098 3051 et

496 3093 678 3155 terrae,
709 3087 835 3160 quia
860 3089 995 3145 nihil
1024 3089 1124 3145 hac
1147 3099 1298 3151 veste
1335 3099 1497 3159 atque
1525 3089 1625 3144 hac
1655 3089 1947 3160 margarita
1973 3104 2097 3161 pre-

2209 1873 2485 1928 serotinus.
2514 1873 2665 1928 Abra:
2690 1874 3113 1947 mater.—Ergo,
3150 1875 3276 1942 tilia,
3309 1875 3531 1933 subveni
3556 1877 3789 1933 sollicitu-

2210 1964 2500 2034 dinimem,
2531 1975 2585 2022 et
2605 1966 2746 2022 hanc
2773 1968 3059 2038 epistolam
3102 1983 3278 2023 meam
3333 1983 3546 2039 semper
3589 1969 3714 2040 lege,
3741 1981 3786 2026 et

2209 2058 2336 2117 huic
2358 2060 2493 2116 vesti
2516 2066 2575 2117 et
2600 2060 2906 2133 margaiita:
2936 2070 2989 2117 te
3020 2076 3263 2118 reserva.
3312 2061 3386 2118 Et
3427 2063 3537 2132 ipsa
3568 2071 3619 2118 tu
3646 2061 3779 2131 milii,

2208 2153 2412 2209 nullum
2439 2154 2798 2226 interrogans,
2829 2154 3158 2226 quibu-libet
3201 2165 3356 2226 petes
3404 2155 3591 2213 litteris
3617 2157 3786 2213 rescrio

2206 2244 2296 2312 be,
2326 2257 2507 2301 utrum
2558 2249 2696 2303 vesti
2727 2245 2852 2302 huic
2878 2256 2933 2303 et
2979 2250 3286 2318 margarita:
3344 2255 3398 2304 te
3443 2264 3696 2316 reserves,
3735 2255 3787 2303 nt

2205 2340 2375 2397 sciam
2401 2340 2529 2413 quid
2554 2341 2742 2412 juveni
2772 2340 2853 2396 illi
2876 2341 3231 2411 reSpondeam
3265 2359 3278 2395 :
3309 2351 3370 2399 et
3397 2353 3453 2398 ut
3478 2343 3521 2397 si
3544 2342 3679 2397 illam
3706 2340 3787 2397 de-

2204 2435 2441 2498 sideras,
2470 2435 2517 2490 si
2547 2443 2856 2506 exspectas,
2914 2434 3070 2489 laetus
3103 2434 3308 2504 possim
3364 2434 3431 2490 ad
3476 2442 3529 2491 te
3576 2433 3783 2490 reditum

2204 2529 2462 2600 cogitare.
2493 2526 2629 2584 Cum
2662 2538 2840 2583 autem
2882 2526 3015 2581 mihi
3047 2527 3398 2598 rescripseris
3423 2570 3437 2594 ,
3487 2537 3606 2583 tunc
3631 2527 3714 2582 tibi
3739 2538 3784 2582 et

2203 2636 2304 2695 ego
2335 2621 2456 2694 quis
2484 2621 2546 2675 sit
2583 2621 2670 2676 hic
2693 2620 2932 2690 juvenis,
2959 2627 3015 2676 et
3034 2620 3211 2691 qualis
3232 2620 3325 2685 sit,
3352 2630 3407 2675 et
3430 2620 3550 2690 quid
3578 2618 3715 2685 velit,
3737 2625 3786 2674 et

2203 2717 2331 2789 quid
2361 2719 2657 2788 promittat,
2683 2724 2739 2772 et
2767 2715 2893 2787 quid
2919 2714 3109 2785 possit,
3145 2714 3420 2785 indicabo.
3463 2713 3668 2770 Interim
3703 2709 3785 2768 tibi

2205 2811 2460 2883 hymnum
2506 2809 2830 2864 matutinum
2874 2817 2930 2864 et
2957 2808 3255 2864 serotinum
3311 2807 3458 2876 misi,
3513 2815 3569 2863 ut
3603 2820 3786 2862 memor

2202 2904 2305 2960 mei
2336 2918 2553 2973 semper
2579 2902 2674 2957 sis.
2714 2901 2795 2956 Tu
2823 2916 2954 2958 vero
2991 2902 3036 2955 si
3096 2901 3275 2957 minus
3302 2916 3405 2971 per
3426 2909 3630 2957 aetatem
3655 2899 3789 2970 hym-

2203 3013 2330 3053 num
2377 3006 2434 3052 et
2476 2996 2762 3067 epistolam
2815 2995 3153 3052 intellexeris
3184 3038 3199 3061 ,
3255 2996 3528 3066 interroga
3582 3002 3788 3049 matrem

2201 3098 2371 3158 tuam,
2403 3106 2526 3161 qua:
2564 3097 2716 3159 optat
2745 3098 2800 3143 ut
2829 3098 2881 3146 te
2932 3089 3176 3144 moribus
3219 3089 3339 3144 suis
3379 3088 3628 3160 genuerit
3670 3086 3786 3143 Deo.

492 3180 687 3236 tiosius
731 3190 844 3248 est;
893 3190 949 3237 et
997 3182 1075 3237 tui
1119 3181 1259 3252 juris
1286 3190 1391 3248 est,
1436 3188 1498 3235 ut
1549 3181 1689 3236 hanc
1736 3180 1957 3238 habeas.
2009 3181 2089 3237 Tu
2121 3167 2167 3232 C
2198 3183 2343 3239 Deus
2377 3182 2469 3253 qui
2529 3192 2578 3238 te
2620 3180 2829 3253 genuit,
2886 3181 2974 3237 hic
3024 3190 3079 3238 et
3133 3181 3186 3237 in
3231 3192 3502 3239 aeternum
3545 3181 3790 3238 custodiat

491 3271 678 3340 modo,
710 3273 789 3344 (g)
823 3273 867 3329 si
898 3272 1114 3344 quando
1145 3272 1244 3327 tibi
1268 3272 1432 3328 vestis
1457 3271 1562 3327 alia
1590 3271 1868 3340 efferatur,
1888 3273 1979 3329 vel
2005 3288 2091 3330 se-

489 3363 624 3431 rica,
654 3363 740 3420 vel
767 3364 985 3432 infecta,
1020 3364 1106 3422 vel
1130 3364 1408 3433 deaurata,
1449 3364 1617 3421 dicito
1666 3365 1714 3422 ei
1751 3366 1841 3437 qui
1868 3365 1984 3436 tibi,
2011 3367 2095 3422 of-

490 3476 653 3553 epist.
685 3493 758 3533 vn
785 3479 851 3534 ad
878 3477 1104 3553 Laetam,
1128 3479 1219 3536 ubi
1242 3479 1481 3553 narravit
1504 3494 1639 3553 quas
1665 3494 1856 3553 poenas
1879 3480 2089 3538 dederit

491 3550 814 3623 Brmtextata
837 3551 1194 3615 nobilissima,
1238 3551 1383 3623 quod
1412 3550 1535 3607 viro
1564 3550 1818 3623 Hymetio
1863 3553 2090 3622 jubente

496 3620 763 3694 tilize‘Deo
792 3636 1124 3694 consecrata:
1166 3620 1408 3694 habitum
1451 3620 1767 3694 cultumque
1807 3620 2089 3689 mutasset,

488 3691 763 3766 concludit
795 3714 809 3750 :
841 3693 933 3751 Sic
954 3694 1218 3751 ulciscitur
1241 3693 1475 3749 Christus
1499 3691 1772 3751 violatores
1795 3696 1967 3766 templi
1988 3697 2090 3761 sui,

486 3764 561 3819 sic
584 3777 879 3839 gemmaset
910 3766 1281 3839 pretiosissima
1299 3778 1601 3839 ornamenta
1629 3764 1903 3839 defendit.‘
1937 3766 2090 3835 Quod

487 3836 773 3909 autemibi
802 3837 870 3894 de
895 3837 1155 3909 virginum
1200 3837 1345 3893 cultu
1386 3838 1566 3909 habet,
1596 3836 1832 3894 maxime
1875 3854 2005 3893 vero
2033 3840 2096 3893 il-

485 3905 600 3974 lud,
632 3905 831 3965 Habeat
869 3905 1001 3963 alias
1057 3910 1385 3978 margaritas,
1434 3908 1617 3980 quibus
1656 3919 1832 3980 postea
1871 3910 2090 3965 venditis

485 3988 722 4052 emptura
752 3989 825 4052 est
854 3980 1276 4052 pretiosissimum
1303 3981 1667 4052 margaritum,
1718 3981 1857 4036 haud
1888 3981 2092 4037 medio-

487 4049 653 4121 criter
675 4049 963 4108 confirmat
988 4050 1127 4107 hanc
1149 4049 1435 4121 epistolam
1464 4051 1652 4107 Hilarii
1686 4061 1899 4109 aetatem
1930 4053 2093 4109 redeo

486 4120 623 4213 fere,
683 4137 860 4213 neque
913 4123 1086 4213 ipsius
1113 4120 1257 4213 style
1301 4138 1425 4180 esse
1468 4124 1763 4195 indignam.
1819 4124 1882 4180 V.
1928 4133 2083 4181 tract.

484 4206 573 4264 ps.
598 4192 787 4260 cxvm,
807 4195 884 4248 lit.
913 4192 1002 4261 1’6,
1028 4212 1083 4249 η.
1122 4192 1211 4251 16.

553 4263 630 4336 (a)
669 4264 889 4321 Nativos
916 4264 1195 4321 habituum
1218 4266 1431 4323 colores
1458 4265 1860 4335 commendant,
1892 4276 1948 4323 et
1967 4277 2086 4325 arte

481 4337 739 4404 quaesitos
763 4337 1023 4392 damnant
1046 4338 1209 4394 etiam
1237 4338 1328 4393 alii
1349 4337 1557 4393 Patres.
1588 4336 1768 4405 Neque
1799 4339 1956 4405 enim,
2003 4340 2087 4395 in-

483 4408 597 4478 quit
621 4404 921 4480 Cyprianus
950 4407 1017 4464 de
1045 4410 1263 4480 Discipl.
1295 4418 1351 4464 et
1388 4409 1583 4464 Habitu
1613 4404 1751 4480 virg.
1794 4404 1949 4465 Deus
1971 4427 2087 4466 coc-

479 4479 652 4533 cineas
670 4479 767 4552 aut
797 4496 1082 4552 purpureas
1106 4479 1220 4534 oves
1245 4480 1392 4552 fecit,
1416 4488 1504 4533 aut
1541 4479 1811 4552 herbarum
1834 4483 2009 4552 succis
2038 4491 2086 4537 et

483 4551 766 4624 conchyliis
794 4550 989 4624 tingere
1017 4561 1064 4606 et
1080 4552 1322 4624 colorare
1374 4550 1522 4624 lanas
1572 4551 1767 4624 docuit.
1815 4551 1971 4620 Quod
2017 4569 2082 4609 ex

482 4621 842 4690 Tertulliano,
872 4621 966 4680 lib.
998 4638 1035 4679 ιι
1061 4622 1131 4679 de
1173 4622 1332 4678 Cultu
1367 4621 1555 4677 femin.
1591 4639 1644 4678 n.
1682 4623 1773 4692 10,
1815 4626 2088 4694 expressit

479 4690 803 4749 Cvorianus.

598 4709 803 4750 nanus.

524 4709 803 4840 minii?
823 4783 1106 4840 purpuram
1145 4782 1236 4838 per
1263 4775 1533 4839 augustam
1578 4767 1751 4840 gestis.
1805 4765 2083 4824 Editiones

477 4836 619 4904 aliae,
647 4836 955 4910 purpuream
984 4855 1074 4912 per
1094 4836 1350 4910 augustas
1372 4849 1551 4894 vestes.
1578 4838 1693 4894 Duo
1720 4852 1852 4894 mss.
1882 4851 2080 4911 purpu-

477 4922 591 4983 ram
610 4926 701 4983 per
719 4921 960 4983 angustas
986 4920 1163 4967 uestes.
1197 4912 1384 4967 Melius
1405 4912 1518 4979 alii,
1567 4922 1933 4983 perangustum
1971 4927 2080 4965 ves-

476 4981 547 5054 tis
566 4980 703 5054 :_ad_
707 4980 1108 5040 distinctionem
1129 4983 1246 5039 scil.
1272 4983 1469 5037 tutioris
1499 4997 1761 5054 purpurae,
1790 4982 2083 5054 cujusme—

478 5052 635 5107 minit
661 5051 1045 5122 Tertullianus,
1075 5055 1143 5110 de
1171 5054 1342 5109 Pallio
1368 5051 1516 5108 num.
1547 5051 1606 5121 4,
1632 5054 1776 5110 unde
1795 5051 1879 5110 est
1908 5053 2081 5108 clauus

479 5122 615 5179 latus
641 5124 711 5182 ab
740 5125 932 5181 eodem
963 5134 1318 5193 memoratus,
1351 5141 1405 5179 n.
1439 5125 1508 5180 15
1527 5125 1597 5181 de
1623 5122 1860 5182 Corona.
1894 5125 2081 5181 lliero~

2197 3290 2345 3352 opto,
2372 3279 2480 3335 tilia
2506 3277 2988 3334 desideratissima.

2191 3493 2387 3552 nymus
2422 3493 2574 3544 vero,
2605 3476 2765 3553 epist.
2787 3476 2887 3553 22,
2932 3478 2997 3535 ad
3030 3476 3387 3536 Eustochium
3439 3479 3721 3553 depingens
3744 3470 3794 3535 ct

2194 3549 2427 3623 carpens
2465 3551 2720 3621 quasdam
2747 3549 3008 3620 virgines,
3037 3567 3158 3623 qua:
3178 3554 3228 3607 in
3259 3554 3485 3621 publico
3507 3549 3792 3609 notabiliter

2196 3622 2713 3695 incedebant,inter
2738 3623 2842 3695 alia
2873 3623 2968 3690 ait,
2995 3638 3226 3695 purpura
3257 3633 3464 3680 tantum
3492 3626 3547 3679 in
3578 3634 3702 3681 veste
3728 3632 3794 3677 te-

2198 3696 2337 3768 nuis.
2366 3693 2869 3768 Nonnihiluconfcrt
2899 3693 3202 3768 ltic‘llilarii
3246 3696 3405 3753 locus
3430 3697 3499 3752 ad
3524 3697 3793 3768 exploranc

2196 3766 2320 3821 dam
2343 3765 2557 3837 generis
2596 3764 2744 3837 illius
2785 3765 3145 3822 nobilitatem.

2275 3836 2554 3908 (c)’l12diti,
2609 3836 2926 3909 defundatur
2980 3837 3037 3892 in
3084 3845 3215 3893 veste
3265 3855 3285 3893 .'

2199 3910 2437 3974 scriptis.

2268 3980 2363 4056 (ἀλ
2392 3980 2468 4056 Ita
2499 3994 2692 4056 omnes
2720 3978 2833 4037 fere
2862 3995 2993 4056 mss.
3021 3981 3168 4056 Editi
3206 3998 3364 4051 vero,
3414 3984 3626 4056 mqualis
3661 3990 3795 4037 teter-

2192 4050 2291 4106 uis.
2324 4050 2508 4107 Codex
2534 4052 2714 4124 (lttob.
2755 4053 2970 4124 aqualis
2998 4055 3134 4108 enim
3159 4066 3239 4111 est
3268 4050 3430 4112 restis
3455 4050 3568 4111 mea
3592 4065 3635 4109 et
3655 4064 3790 4124 reter-

2192 4138 2260 4176 na
2291 4133 2389 4206 {et
2442 4122 2605 4193 paulo
2653 4133 2779 4180 ante
2805 4122 2907 4178 non
2944 4126 3157 4181 vulnera
3186 4129 3409 4198 patitur,
3440 4141 3538 4199 pro
3564 4143 3661 4180 non
3684 4122 3790 4178 vut-

2193 4204 2304 4248 neri
2341 4204 2501 4265 patet.

2260 4271 2331 4397 se)
2372 4273 2659 4329 Beccensis
2704 4273 2881 4330 codex
2903 4316 2918 4340 ,
2978 4276 3197 4348 efﬁcias.
3248 4275 3479 4333 Cenem.
3539 4275 3787 4343 conficias.

2260 4345 2525 4397 iterianus
2578 4354 2633 4397 et
2678 4346 2884 4397 aliuuot
2939 4346 3056 4397 alii-
3110 4364 3271 4397 mane
3320 4352 3511 4397 misera
3556 4349 3661 4397 seni
3697 4346 3787 4397 tale

2188 4344 2525 4417 Boherianus
2578 4354 2633 4399 et
2678 4346 2884 4417 aliquot
2939 4344 3056 4411 alii,
3110 4364 3271 4417 neque
3320 4352 3511 4404 misero
3556 4349 3661 4402 seni
3697 4346 3792 4399 tale

2188 4416 2599 4492 damnumtuum
2622 4416 2807 4486 facias.
2841 4416 2990 4474 Unus
3027 4416 3210 4492 (301ιῂΔ
3239 4436 3401 4492 neque
3456 4423 3692 4492 miserum
3718 4433 3793 4471 se-

2188 4504 2303 4561 men
2358 4488 2460 4561 tali
2493 4489 2683 4561 damno
2718 4498 2806 4561 tuo
2849 4498 2896 4543 te
2947 4490 3130 4561 facias.
3173 4490 3273 4546 Cui
3313 4488 3591 4549 consentit
3614 4489 3788 4546 Germ.

2189 4560 2291 4614 nisi
2321 4559 2464 4630 quod
2495 4560 2562 4617 ab
2590 4575 2659 4616 eo
2685 4560 2841 4616 abest
2863 4570 2932 4617 te.

2259 4651 2343 4727 (f)_
2391 4651 2707 4727 Huiusmodi
2768 4653 3146 4727 obtestationis
3207 4656 3523 4726 exemplum
3574 4653 3788 4727 legimus

2188 4722 2291 4779 lib.
2311 4722 2380 4779 de
2421 4722 2673 4797 synodis,
2707 4741 2856 4780 num.
2894 4726 2986 4793 9f,
3025 4737 3172 4797 puta,
3229 4722 3410 4784 Testor
3462 4722 3649 4783 Deum'
3681 4722 3789 4780 creti

2185 4804 2338 4866 atque
2355 4806 2527 4864 terra},
2556 4812 2635 4851 me
2655 4813 2770 4850 cum
2793 4805 3029 4852 neutrum
3050 4799 3333 4866 audissem,
3362 4808 3474 4855 etc.

2266 4885 2342 4964 (g)
2387 4888 2463 4964 Ita
2493 4903 2598 4964 ms.
2635 4888 2820 4944 Ottob.
2857 4893 2925 4944 At
2964 4891 3115 4958 editi,
3148 4901 3202 4945 tu
3246 4892 3402 4947 modo
3451 4892 3656 4964 quando
3703 4886 3788 4944 tibi

2187 4956 2337 5013 vestis
2367 4960 2471 5014 alia
2501 4956 2739 5028 a/fertur.

2264 5050 2342 5125 (It)
2386 5053 2602 5120 Excusi,
2634 5053 2836 5129 ἔμε,ᾳαὶ
2864 5056 3137 5129 spopondit
3166 5057 3212 5113 ei
3237 5074 3292 5113 se
3324 5057 3546 5115 credidit
3585 5075 3602 5114 :
3628 5055 3789 5114 corri-

2188 5137 2390 5197 guntur
2411 5138 2479 5181 ex
2509 5141 2613 5181 ms.
2646 5126 2850 5183 Boher.

3333 3839 3689 3897 emendantur
3732 3852 3792 3893 ex

476 5238 3768 5267 Ἤ

1099 5317 1459 5394 5m”
1576 5331 2302 5483 S-ANCTI
2420 5334 3200 5485 HILARII

886 5555 1459 5642 HYMNUS
1551 5553 1955 5640 FILI/E
2034 5555 2320 5640 SUAE
2405 5554 2783 5641 ABR/E
2865 5558 3375 5645 MISSUS.

764 5715 925 5773 Lucis
951 5715 1176 5787 largitor
1200 5714 1483 5787 splendide
1509 5714 1602 5788 (at.
1634 5714 1886 5787 optime),

762 5806 927 5882 Cujus
958 5821 1150 5864 sereno
1177 5805 1274 5881 (at.
1308 5807 1598 5883 sermonis)
1630 5809 1855 5878 lumine,

2473 5713 2607 5770 Post
2632 5713 2780 5786 lapsa
2803 5717 2979 5773 noctis
3004 5725 3273 5790 tempora,

2471 5809 2594 5867 Dies
2621 5808 2832 5868 refusus
2855 5811 2953 5888 (at.
2988 5812 3244 5888 refulsus)
3277 5813 3563 5887 panditur.
