4106 6192
356 191 476 253 555

800 308 882 365 Tu
914 323 1074 366 verus
1104 308 1287 366 mundi
1327 311 1541 381 lucifer,

722 400 840 458 Non
872 400 918 457 is
943 403 1034 474 qui
1064 401 1141 475 (a)
1178 403 1327 474 parvi
1349 404 1565 473 sideris,

718 493 975 552 Ventura:
1001 495 1140 553 lucis
1168 497 1412 565 nuntius,

722 591 967 662 Angusto
995 590 1162 662 fulget
1187 590 1389 648 lumine
1422 609 1435 645 :

785 682 894 740 Sed
924 692 1037 739 toto
1065 683 1183 739 sole
1207 683 1433 750 clarior,

708 775 830 833 Lux
854 776 973 848 ipse
1005 783 1149 832 totus
1174 784 1229 832 et
1253 775 1394 842 dies,

724 868 941 925 lnterna
968 868 1140 925 nostri
1171 867 1411 940 pectoris

708 959 1025 1018 Illuminans
1047 959 1368 1033 praecordia.

781 1040 988 1111 Adesto
1016 1070 1199 1112 rerum
1231 1052 1500 1119 conditor,

710 1152 954 1209 Paterna:
984 1153 1120 1208 Iuris
1149 1152 1349 1222 gloria,

714 1245 881 1316 Cujus
904 1244 980 1317 (b)
1007 1244 1225 1301 admota
1252 1247 1443 1317 gratia,

707 1335 900 1393 Nostra
926 1346 1214 1411 patescunt
1247 1352 1509 1410 corpora;

781 1431 1006 1506 Tuoque
1034 1432 1191 1504 plena
1216 1434 1408 1505 spiritu
1427 1475 1444 1500 ,

701 1525 897 1583 Secum
930 1526 1098 1582 Deum
1126 1524 1353 1599 (supple,
1380 1527 1533 1601 sunt)
1561 1525 1826 1600 gestantia
1859 1542 1873 1581 :

708 1618 777 1691 (e)
806 1619 885 1678 Ne
914 1621 1178 1693 rapientis
1199 1621 1393 1693 perﬁdi

700 1712 841 1770 Diris
868 1704 1146 1785 patescant
1176 1713 1450 1770 fraudibus
1481 1733 1495 1769 :

1391 197 1458 253 ΙΝ
1490 196 1906 266 SEQUENTEM
1938 198 2200 258 LIBRUM
2228 198 2629 259 ADMONITIO.

1982 1709 2032 1769 B

3563 208 3671 268 55!

1997 326 2048 386 Α
2511 316 2579 374 Ut
2604 318 2745 376 inter
2762 326 2914 374 actus
2940 320 3146 389 saeculi,

2425 411 2562 468 Vita:
2590 428 2727 484 quos
2751 428 2883 469 usus
2905 414 3089 485 exigit,

2421 505 2578 562 Omni
2601 517 2849 563 carentes
2874 506 3124 574 crimine,

2420 597 2549 653 Tuis
2577 597 2656 671 ((1)
2686 600 2932 655 vivamus
2967 600 3196 672 legibus.

2492 690 2789 747 Probrosas
2818 691 3015 754 mentis
3037 694 3257 752 castitas

2420 779 2612 837 Carnis
2641 781 2823 839 vincat
2850 784 3124 854 libidines,

2417 873 2785 947 Sanctumque
2807 876 2922 946 puri
2950 879 3196 949 corporis
3222 940 3233 949 ,

2418 966 2708 1045 Delubrum
2734 978 2914 1026 servet
2942 970 3197 1042 Spiritus.

2489 1060 2616 1116 llzec
2638 1077 2761 1133 spes
2790 1065 3057 1134 precantis
3079 1067 3293 1136 animm,

2415 1154 2543 1211 Haec
2562 1167 2689 1211 sunt
2716 1158 2893 1213 votiva
2925 1175 3170 1228 munera,

2420 1248 2490 1305 Ut
2515 1250 2778 1306 matutina
2808 1251 2964 1308 nobis
2991 1255 3062 1309 sit

2416 1339 2535 1396 Lux
2564 1342 2616 1396 in
2643 1343 2819 1399 noctis
2846 1345 3169 1402 custodiam.

2482 1432 2662 1490 Gloria
2695 1434 2792 1491 tibi
2820 1436 3046 1495 Domine
3061 1482 3076 1508 ,

2409 1526 2590 1583 Gloria
2620 1527 2932 1600 Unigenito,

2410 1620 2544 1680 Cum
2573 1621 2777 1693 Spiritu
2808 1625 3093 1695 paraclito,

2413 1714 2567 1772 Nunc
2586 1725 2642 1774 et
2667 1733 2765 1788 per
2791 1734 2953 1776 omne
2977 1723 3258 1780 saeculum.
3284 1726 3477 1785 Amen.

977 1831 1293 1888 CENSURA
1335 1829 1682 1889 ALTERIUS
1721 1830 1938 1887 HYMNI
1976 1829 2261 1889 HlLARIO
2298 1830 2676 1888 PERPERAM
2718 1834 3017 1893 TRIBUTI.

336 1940 339 1943 ·
409 1923 480 1979 1η
507 1940 606 1980 ms.
633 1924 766 1979 alias
783 1922 998 1980 Cardin.
1029 1924 1230 1992 Sirleti,
1262 1934 1371 1980 tum
1396 1925 1738 1995 Altempensis
1761 1924 1945 1979 biblio-

335 2018 520 2086 thecas,
552 2035 690 2073 nunc
718 2017 1013 2074 Cardinalis
1037 2017 1280 2073 Ottoboni
1304 2059 1320 2086 ,
1343 2019 1478 2073 hunc
1505 2018 1752 2089 hynmum
1778 2018 1947 2090 sequi-

332 2120 424 2166 tur
451 2110 581 2167 alter
600 2112 873 2184 prolixior,
900 2112 985 2181 qui
1007 2111 1263 2166 serotinus
1282 2110 1565 2165 existimari
1591 2111 1752 2181 possit
1781 2112 1835 2164 in
1851 2128 1943 2166 su-

332 2205 541 2275 periore
570 2203 640 2257 ad
663 2202 852 2258 Abram
879 2202 1098 2274 epistola
1127 2211 1455 2257 memoratus.
1488 2200 1633 2257 Certe
1676 2202 1730 2255 in
1764 2202 1944 2256 seroti~

333 2309 466 2351 num
494 2305 693 2366 tempus
712 2294 945 2366 apprime
964 2297 1215 2350 convenit.
1244 2293 1322 2349 Ab
1342 2295 1497 2349 astris
1517 2294 1655 2349 enim
1677 2293 1946 2349 exordium

334 2387 501 2461 ducit,
542 2397 714 2457 estque
766 2389 1021 2460 generalis
1067 2387 1302 2459 quaedam
1343 2387 1599 2458 confessio
1636 2386 1816 2455 animi,
1854 2387 1944 2457 qui

336 2482 594 2551 lasciviae,
627 2484 881 2550 superbia:
902 2526 916 2548 ,
942 2483 1152 2538 invidia:
1171 2524 1186 2548 ,
1218 2482 1511 2549 discordiis,
1544 2484 1717 2537 inanis
1736 2482 1941 2555 glorise,

333 2578 477 2651 gula:
487 2594 547 2632 ac
564 2578 825 2650 gestientis
846 2578 1039 2634 laztitite
1055 2577 1189 2633 vitiis
1208 2593 1262 2633 se
1280 2577 1570 2648 impetitum
1586 2578 1943 2650 ingemiscens,

332 2687 445 2727 una
473 2669 571 2726 Dei
598 2671 954 2727 misericordia
997 2670 1288 2740 Christique
1319 2670 1513 2725 meritis
1542 2674 1706 2742 fretus
1746 2672 1946 2727 veniam

330 2774 599 2840 precatur.
629 2762 892 2821 Prteterea
920 2764 1131 2820 Arianae
1160 2764 1369 2820 Iueresis
1398 2774 1632 2834 tempora
1660 2764 1713 2819 in
1739 2764 1834 2819 hoc
1862 2782 1948 2822 sa-

987 2881 1280 2941 INITIUM.

516 2976 599 3034 Ad
625 2975 747 3035 coeli
777 2976 924 3034 clara
955 2993 1066 3035 non
1094 2992 1214 3033 sum
1238 2976 1431 3050 dignus
1458 2976 1637 3034 sidera

442 3069 653 3128 Levare
681 3086 836 3128 meos
871 3070 1117 3129 infelices
1139 3069 1330 3128 oculos

442 3163 607 3221 Gravi
634 3163 925 3235 depressos
953 3172 1298 3237 peccatorum
1328 3162 1608 3235 pondere:

658 3259 730 3333 (e)
759 3260 926 3316 Parce
952 3258 1272 3330 redemptis.

516 3352 730 3408 Bonum
758 3352 972 3423 neglexi
1002 3351 1181 3408 facere
1210 3351 1353 3422 quod
1393 3349 1577 3417 debui,

444 3443 716 3509 Prohrosa
746 3445 886 3515 gessi
909 3446 1025 3501 sine
1052 3444 1159 3500 ﬁne
1179 3443 1431 3511 crimina,

445 3536 638 3594 Scelus
666 3537 872 3607 patravi
906 3537 1054 3593 rmllo
1082 3537 1321 3593 clausum
1350 3536 1585 3594 termino
1613 3556 1626 3590 :

660 3628 917 3696 Subveni,
945 3628 1181 3687 Christe.

405 3764 488 3840 (tl)
518 3766 684 3840 Editi,
716 3784 904 3840 parvus
925 3768 1110 3823 oritur.

405 3837 481 3911 (b)
530 3839 606 3911 Ita
636 3837 740 3896 ms.
782 3840 967 3911 Germ.
1019 3841 1108 3895 ubi
1156 3838 1363 3905 Ottob.,
1393 3837 1497 3893 duo
1526 3837 1680 3894 Colb.
1713 3847 1767 3894 ct
1799 3838 1937 3893 alius

329 3909 506 3965 sancti
547 3910 690 3966 Petri
730 3911 798 3967 de
845 3909 1085 3977 Cultura,
1133 3920 1304 3965 amota
1344 3911 1513 3981 gratia
1555 3921 1731 3964 nostra
1756 3926 1936 3981 paves-

327 3982 1051 4078 ifi“...“£€?i“_°‘_"3f‘.'}‘:..'_.'!
1101 3982 1342 4078 Mittis
1376 3992 1612 4078 ,ῗξὲξξῖηξι
1634 3982 1936 4078 αῇεέιυέἒέζη
2037 3982 2190 4061 cuiuis
2216 3982 2391 4078 ἷηιιεαι
2418 4003 2711 4074 fraudibus-

328 4051 514 4125 (δαείω
568 4051 743 4108 nostra
786 4062 1051 4125 patescunt
1095 4051 1331 4124 corpora.
1376 4052 1513 4109 Tum
1563 4054 1615 4108 in
1660 4053 1770 4109 alio
1823 4067 1925 4107 ms.

328 4120 591 4180 German.
620 4120 902 4195 subjicitur
930 4143 943 4179 :

584 4195 791 4259 flfuaque
813 4203 980 4246 sancta
1000 4195 1210 4246 dextera
1224 4230 1241 4258 ,

582 4256 751 4322 fljuer'e
766 4270 856 4307 nos
879 4272 969 4322 per
986 4258 1181 4322 sarcula.

582 4319 703 4383 East
726 4322 867 4383 hujus
883 4319 1002 4371 vita:
1027 4321 1313 4383 terminum,

581 4381 743 4433 Vitam
766 4381 1038 4445 perennem
1059 4383 1247 4447 tribue,

297 4541 307 4551 ’
326 4541 683 4619 53ῐ-532

2049 1924 2145 1997 pit,
2168 1926 2309 1997 quod
2332 1925 2540 1995 ﬁdelem
2570 1928 2800 1984 animum
2845 1932 3132 2002 professus,
3168 1934 3355 1991 Arium
3380 1957 3443 1994 ac
3474 1939 3660 1997 Sabel-

2046 2019 2175 2075 lium
2198 2021 2504 2076 nominatim
2532 2022 2841 2092 detestatur,
2882 2042 2974 2081 nec
3005 2027 3172 2083 ullum
3216 2030 3298 2085 Itis
3321 2033 3464 2088 addit
3495 2033 3661 2091 luere-

2046 2113 2223 2181 ticum,
2258 2114 2379 2181 nisi,
2412 2114 2546 2185 forte
2562 2116 2631 2169 ad
2660 2118 2991 2183 complendas
3022 2138 3216 2189 versus,
3249 2124 3519 2182 Simonem
3548 2146 3660 2182 ma-

2048 2222 2192 2278 gum.
2229 2204 2422 2261 Tamen
2461 2207 2619 2264 dictio
2647 2226 2748 2263 uon
2776 2210 2973 2266 videtur
2999 2212 3205 2270 Hilario
3231 2216 3408 2287 digna.
3459 2219 3658 2291 Ubique

2048 2314 2287 2354 versuum
2316 2316 2553 2355 mensura
2582 2301 2903 2372 syllabarum
2933 2307 3105 2374 potius
3142 2324 3300 2377 quam
3341 2312 3527 2379 pedum
3567 2330 3663 2367 nu-

2049 2406 2190 2446 mero
2203 2393 2527 2449 terminatur.
2544 2393 2612 2448 Et
2629 2411 2744 2451 cunt
2772 2413 2938 2452 sermo
2959 2398 3159 2455 deberet
3186 2416 3292 2457 esse
3314 2405 3548 2475 feminini
3574 2424 3662 2476 ge-

2050 2485 2208 2551 neris,
2238 2485 2336 2540 sia
2365 2486 2477 2554 ﬁlia
2500 2487 2761 2542 canendus
2801 2501 2932 2544 esset
2972 2490 3056 2543 hic
3096 2491 3340 2563 hymnus,
3375 2496 3559 2565 ubique
3585 2508 3660 2552 est

2051 2577 2345 2632 masculini.
2371 2575 2459 2634 Ea:
2476 2579 2621 2633 initio
2645 2589 2693 2632 et
2714 2582 2817 2648 ﬁne
2828 2581 3029 2651 judicet
3053 2581 3230 2650 lector,
3248 2586 3374 2656 quid
3389 2588 3451 2642 de
3467 2588 3658 2659 hymno

2050 2668 2252 2741 reliquo
2274 2669 2598 2726 sentiendum
2617 2671 2705 2726 sit.

2867 2887 2945 2944 IS.

2241 2977 2512 3050 llymuum
2537 2978 2679 3036 lichi
2704 2887 3036 3037 nimim
3060 2991 3301 3053 gutture,

2155 3070 2343 3125 Arium
2368 3086 2588 3141 sperno,
2619 3071 2906 3127 latrantem
2940 3073 3237 3129 Sabellium
3263 3094 3278 3129 :

2155 3165 2377 3220 Assensi
2408 3180 2699 3235 numquam
2728 3165 3039 3235 grunnienti
3080 3168 3291 3223 Simoni

2371 3261 2515 3316 Aure
2544 3275 2789 3315 susurra.

2227 3350 2465 3423 Zeloque
2489 3351 2688 3408 Christi
2715 3367 2834 3407 sum
2865 3353 3070 3409 zelatus
3098 3354 3314 3413 nomine
3339 3375 3351 3411 :

2157 3445 2354 3499 Sancta
2384 3460 2506 3499 nam
2530 3455 2703 3499 mater
2733 3443 2872 3501 lacte
2901 3461 2987 3500 me
3008 3446 3279 3503 catholico

2158 3538 2391 3610 Tempus
2423 3554 2518 3609 per
2546 3553 2710 3594 omne
2741 3538 2983 3595 Ecclesia
3011 3542 3236 3598 nutrivit

2379 3630 2559 3688 Ubere
2584 3646 2762 3687 sacro.

2041 3767 2332 3846 ac_deinde
2370 3767 2720 3846 subsequitur
2763 3785 2775 3821 :
2827 3766 3050 3846 Tuoque_
3085 3770 3255 3846 plena-
3288 3774 3496 3846 spiritu,
3556 3791 3653 3846 pro

2039 3840 2239 3911 quibus
2267 3839 2321 3895 iu
2351 3837 2583 3910 vulgatis
2613 3857 2626 3893 :
2662 3837 2738 3892 Tu
2767 3837 2965 3910 quoque
2994 3837 3147 3910 pleno
3177 3837 3385 3912 ερὶνίιίι.

2109 3933 2183 4011 (e)
2210 3932 2822 4011 Germanensisrodex,
2857 3934 2987 3990 nihil
3013 3938 3309 4007 adrepentis
3339 3940 3526 4011 perﬁdi
3565 3960 3650 3996 oc-

2111 4098 2192 4171 (d)
2226 4098 2442 4163 Excusi,
2473 4098 2704 4151 nitamur
2731 4097 2929 4171 legibus
2957 4116 2976 4153 :
3006 4101 3364 4159 renitentibus
3395 4119 3527 4160 mss.

2105 4200 2176 4274 (e)
2205 4201 2391 4278 Melius
2415 4200 2503 4278 hic
2532 4201 2847 4257 conveniret
2878 4200 3127 4272 Subveni,
3156 4201 3393 4273 Christe;
3416 4217 3467 4263 et
3500 4217 3643 4278 pust,

2034 4272 2204 4330 Parce
2224 4272 2524 4345 redemptis.

1964 4362 2017 4423 Ι)

953 4631 1063 4706 ΙΝ
1117 4632 1780 4720 SEQUENTEM
1835 4627 2249 4703 LIBRUM
2303 4621 2956 4697 ADMONITIO.

803 4809 1176 4869 NONNULLA
1241 4811 1327 4868 DE
1391 4808 1615 4866 LIBRIS
1674 4806 1850 4863 ALllS
1916 4804 2008 4860 AD
2068 4796 2560 4859 CONSTANTIUM
2627 4793 3163 4852 PBABLIBANTUR.

402 5050 444 5107 l.
487 5049 760 5107 Librorum
797 5051 868 5106 ad
910 5048 1265 5107 Constantium
1305 5049 1452 5106 ordo.
1484 5079 1556 5090 ——
1584 5048 1721 5104 Tres
1762 5046 1934 5103 libros

326 5144 753 5213 subsequentes,
811 5160 916 5217 quo
962 5159 1059 5201 eos
1101 5145 1168 5201 ad
1211 5159 1431 5200 manum
1464 5141 1664 5198 habere
1705 5140 1933 5212 quisque

326 5237 531 5305 valeat,
581 5239 650 5295 ab
697 5240 924 5297 invicem
971 5253 1079 5295 non
1127 5251 1481 5308 separamus:
1512 5234 1759 5306 quamvis
1797 5229 1933 5286 ordo

325 5341 639 5405 temporum
677 5337 995 5407 postularet,
1027 5343 1085 5392 ut
1111 5350 1300 5392 eorum
1333 5334 1541 5406 primus
1566 5331 1708 5386 libro
1738 5327 1807 5384 de
1834 5326 1935 5396 Sy-

325 5424 493 5482 nodis
532 5437 965 5501 praeponeretur.
1028 5431 1084 5485 in
1132 5429 1241 5484 illis
1274 5438 1453 5484 tamen
1510 5428 1652 5482 inter
1690 5438 1751 5478 se
1789 5419 1937 5476 ordi-

323 5520 523 5575 naudis
548 5521 735 5578 balita
762 5533 845 5579 est
865 5532 1167 5595 temporum
1191 5522 1345 5590 ratio,
1364 5537 1484 5592 quae
1512 5518 1663 5591 prius
1689 5514 1935 5586 neglecta

321 5624 524 5695 iuerat.

405 5707 469 5767 ll.
498 5712 584 5769 An
606 5713 770 5785 aliqui
795 5714 914 5770 libri
946 5714 1015 5769 ad
1035 5711 1393 5770 Constantium
1421 5698 1936 5768 exciderintf—Am-

858 5810 1133 5870 PATBOL.
1202 5806 1284 5868 X.

2041 5042 2147 5115 big;
2177 5041 2370 5116 possit,
2388 5054 2455 5094 an
2475 5018 2856 5110 plures,quam
2880 5037 2968 5106 qui
2994 5053 3136 5095 nunc
3166 5049 3412 5112 exstant,
3430 5048 3530 5102 sub
3552 5049 3646 5105 iis-

2040 5138 2165 5195 dem
2213 5134 2384 5190 titulis
2435 5134 2504 5189 ab
2552 5131 2758 5186 Hilario
2806 5129 2998 5201 scripti
3047 5132 3177 5189 sint.
3230 5133 3473 5210 Namque
3526 5153 3647 5213 post

2039 5228 2339 5301 Sulpicium
2365 5227 2630 5283 Severum
2658 5222 2988 5279 Fortunatus
3009 5232 3260 5297 testatur,
3283 5228 3481 5299 ipsum,
3516 5233 3643 5293 dum

2038 5317 2512 5390 Constantinopoli
2542 5316 2893 5387 opperiretur
2912 5317 3055 5386 regis
3082 5319 3438 5392 voluntatem,
3474 5328 3647 5387 tribus

2041 5414 2239 5471 libellis
2279 5413 2423 5484 regis
2453 5409 2785 5467 audientiam
2818 5408 3130 5479 poposcisse
3157 5430 3171 5466 :
3198 5429 3300 5469 nec
3336 5413 3446 5486 jam
3486 5422 3645 5479 nobis

2042 5512 2295 5579 superest
2316 5504 2418 5560 nisi
2451 5503 2640 5558 unicus
2671 5502 3140 5572 Constantinopoli
3165 5504 3367 5574 editus,
3390 5524 3497 5581 quo
3544 5528 3642 5569 au—

2046 5601 2248 5659 dientia
2282 5599 2609 5670 postuletur.
2632 5596 2835 5651 Deinde
2864 5596 2918 5651 in
2951 5598 3382 5659 nullolibrorum
3412 5622 3645 5679 sequen-

2047 5699 2177 5753 tium
2201 5691 2443 5766 rcperire
2457 5700 2539 5749 est
2564 5689 2947 5761 fragmentum,
2970 5691 3112 5761 quod
3140 5693 3326 5752 llilarii
3346 5702 3562 5759 nomine
3590 5715 3648 5761 ut

2917 5784 2995 5846 18

3696 5750 3799 5815 1"
