4106 6192
540 248 648 321 ess
1746 232 1991 299 SANCTI
2026 214 2286 294 HlL‘ARll
2324 219 2631 292 EPISCOPI
3699 231 3793 296 se,

540 373 832 437 scribentis
862 370 931 428 ad
958 364 1337 427 Constantium
1378 359 1764 430 imperatorem
1808 357 1861 412 in
1907 353 2138 411 concilio
2166 351 2217 413 Α
2244 368 2351 410 non
2402 350 2565 407 modo
2612 346 2870 405 Paulinus
2910 358 2980 401 ex
3018 338 3321 401 Arelatensi
3351 336 3549 414 synodo
3574 353 3656 398 an.
3682 331 3794 419 355,

540 434 781 530 laudavit
809 462 1135 524 leestinus
1160 472 1299 532 papa
1346 450 1392 523 1,
1443 462 1499 510 et
1539 451 1812 508 Arnobius
1840 450 1937 505 lib.
1989 464 2027 504 ll
2076 447 2143 503 de
2244 448 2339 504 sed
2361 457 2415 503 et
2440 464 2505 503 ex
2533 439 2919 501 Mediolanensi
2956 454 3046 494 an.
3081 434 3207 504 555,
3248 434 3506 493 Eusebius
3534 453 3594 495 ac
3620 442 3795 518 Diony-

542 564 800 625 conllictu
826 574 949 616 cum
969 553 1270 623 Serapione
1296 547 1547 605 inseruit.
1576 544 1861 601 Postremo
1882 542 2146 613 Hierony—
2246 543 2358 598 sius
2382 542 2434 597 in
2464 539 2714 595 exsilium
2765 533 2923 607 ejecti
2971 534 3258 588 narrantur
3279 572 3292 596 ,
3330 534 3503 603 neque
3530 536 3680 591 etiam
3704 541 3799 609 pri-

544 673 668 717 mus
695 656 894 711 librum
928 622 1119 704 Hilarii
1136 645 1189 701 in
1211 638 1591 700 Constantium
1614 637 1726 709 jam
1759 637 1870 692 vita
1901 633 2143 689 functum
2247 651 2415 700 mam,
2442 648 2546 704 qua
2573 630 2910 703 egregiorum
2939 624 3283 683 sacerdomm
3313 622 3381 680 ab
3410 627 3594 683 exsilio
3622 631 3804 692 reditus

547 753 818 808 memorat
860 761 875 801 :
917 757 1041 800 cum
1075 740 1200 795 vivo
1234 732 1559 794 Constantio
1603 740 1716 788 tres
1754 730 1886 787 istos
1915 727 2148 799 scriptos
2249 726 2568 800 suppliciter
2593 723 2911 795 postulatur.
2960 712 3078 776 Non
3119 717 3261 774 enim
3291 720 3414 774 ante
3443 720 3706 789 praedictas
3730 741 3806 798 sy-

543 844 714 901 l'uisse
742 835 1239 897 constantissimum
1267 831 1360 887 sit.
2252 823 2425 878 nodos
2455 818 2794 875 sacerdotum
2841 826 3062 870 suorum
3111 811 3301 868 essili’a
3347 812 3493 867 novit
3537 813 3804 886 Occidens;

619 935 708 994 ῘίῙ-
749 933 886 1003 Quie
914 931 1047 987 Ῑίοθῐ
1076 928 1148 984 ila
1173 926 1301 992 δίηῐν
1334 923 1468 980 alios
1503 929 1680 977 “lmen
1723 918 1789 975 ab
1815 916 1901 973 his
1926 915 2151 972 minime
2252 920 2407 990 cujus
2440 914 2739 989 praesertim
2770 909 2925 967 malis
2955 906 3221 965 Hilarium
3246 904 3335 962 hic
3359 909 3667 965 comnioveri
3702 912 3805 981 quis

549 998 940 1086 desiderandus
970 1021 1296 1078 arbitramur
1334 1034 1347 1072 :
1381 1025 1436 1072 et
1475 1013 1831 1071 Fortunatum
1860 1009 2080 1082 quidem
2120 1020 2153 1061 a
2254 1026 2361 1068 non
2405 1004 2781 1065 assentiatur?
2822 1002 3007 1073 Neque
3036 1001 3215 1055 minus
3246 1005 3478 1065 constat,
3512 998 3645 1056 hune
3679 1001 3813 1059 [ibe].

554 1120 797 1192 Sulpicio
825 1118 1113 1186 deceptum
1149 1126 1303 1180 esse;
1342 1109 1488 1166 hunc
1516 1123 1646 1165 vero
1677 1106 1846 1161 nimio
1872 1100 2155 1161 brevitatis
2254 1108 2366 1163 lum
2392 1105 2459 1161 ab
2487 1118 2552 1160 eo
2579 1110 2703 1157 ante
2745 1097 2994 1156 exsilium
3036 1094 3210 1166 ipsius
3238 1092 3494 1161 scriptum
3521 1108 3653 1149 esse.
3695 1093 3811 1152 Nam

555 1181 738 1271 studio
769 1219 884 1267 tres
922 1181 1112 1274 libros,
1155 1218 1289 1276 quos
1327 1201 1618 1267 habemus,
1653 1198 1753 1256 sub
1780 1197 1935 1253 titulo
1962 1208 2154 1252 eorum
2257 1207 2456 1270 prmter
2480 1209 2639 1267 quam
2670 1189 2814 1263 quod
2845 1191 2898 1245 in
2929 1188 3017 1254 iis,
3049 1200 3187 1258 quos
3225 1183 3378 1240 exsul
3407 1181 3630 1254 scripsit,
3656 1191 3814 1243 tacere

557 1305 650 1362 uni
683 1304 964 1361 dumtaxat
1006 1298 1365 1355 conveniente
1404 1290 1906 1364 comprehendisse,
1936 1296 2027 1343 aut
2056 1300 2156 1357 po-
2258 1308 2369 1349 non
2413 1290 2552 1347 solet
2596 1286 2873 1352 exsilium,
2920 1291 3069 1339 certe
3114 1294 3222 1335 non
3274 1279 3409 1333 satis
3457 1276 3667 1334 idoneus
3691 1287 3817 1337 esset

556 1400 685 1468 tius,
718 1398 858 1454 sicut
899 1403 956 1451 et
990 1393 1159 1451 multa
1203 1389 1330 1460 alia,
1375 1387 1705 1446 confudisse.
1754 1385 1940 1456 Neque
1984 1382 2157 1439 ullum
2260 1383 2435 1450 exsul,
2468 1382 2559 1453 qui
2588 1380 2819 1435 aliorum
2854 1374 2923 1431 ab
2960 1372 3155 1431 exsilio
3178 1370 3412 1428 reditum
3442 1368 3813 1441 deprecaretur.

556 1462 919 1548 fere-dubium
947 1495 1053 1553 est,
1085 1484 1215 1556 quin
1242 1482 1606 1553 Hieronymus
1633 1478 1852 1544 librum,
1885 1477 1974 1548 qui
2000 1473 2160 1531 tertio
2261 1477 2395 1533 Cum
2421 1484 2600 1531 autem
2626 1472 2727 1528 sub
2757 1469 2884 1527 anni
2933 1466 3039 1524 556
3083 1466 3293 1523 initium
3322 1462 3587 1537 relegatus
3611 1465 3675 1520 sit
3706 1481 3719 1519 :
3761 1464 3821 1522 ad

558 1586 683 1642 loco
731 1581 1048 1647 exhibetur,
1096 1585 1286 1633 contra
1330 1572 1708 1631 Constantium
1757 1570 1869 1626 vita
1917 1569 2160 1624 functum
2263 1567 2481 1625 Baronii
2519 1564 2844 1622 sententiam
2868 1560 3228 1619 redeundum.

556 1640 773 1734 dixerit.
805 1640 1187 1746 Fragmentum
1217 1672 1399 1726 autem
1425 1683 1455 1722 a
1480 1663 1783 1725 C(elestino
1822 1671 1877 1719 et
1920 1660 2164 1718 Arnobio
2336 1661 2427 1718 Vl.
2458 1661 2575 1730 Qua
2603 1658 2886 1715 occasione.
2911 1683 2984 1698 ——
3006 1653 3178 1710 Porro
3197 1651 3365 1709 libelli
3390 1640 3550 1723 huius
3573 1648 3822 1709 scribendi

558 1744 1070 1829 memoratumvcum
1101 1768 1245 1824 ultro
1266 1764 1710 1837 recipiamus,ut
1734 1758 1922 1817 Hilarii
1949 1757 2159 1814 calamo
2191 1754 2240 1816 B
2270 1772 2336 1814 ex
2386 1754 2687 1812 Constantii
2736 1749 2930 1807 litteris
2984 1760 3111 1805 nata
3158 1747 3377 1804 videtur
3424 1747 3648 1804 occasio.
3707 1744 3822 1802 Cum

559 1874 617 1923 et
642 1865 861 1937 ingenio
904 1876 1130 1934 prorsus
1179 1836 1627 1922 consentaneum,
1671 1867 1851 1925 neque
1897 1849 2034 1907 falso
2076 1848 2162 1903 i’n-
2270 1850 2414 1907 enim
2458 1863 2548 1903 an.
2589 1845 2731 1911 555,
2770 1851 2907 1900 teste
2934 1842 3222 1898 Ammiano
3266 1839 3363 1895 lib.
3396 1855 3512 1905 xvt,
3550 1836 3826 1907 frequentes

560 1935 825 2027 scriptum
864 1963 1150 2026 putemus;
1181 1950 1342 2008 facile
1370 1959 1549 2006 tamen
1581 1948 1888 2018 opinamur,
1918 1941 2053 1999 illud
2090 1940 2161 1997 ad
2271 1952 2456 2003 essent
2481 1943 2534 1998 in
2556 1940 2758 1998 Gallias
2783 1937 3139 1993 barbarorum
3166 1935 3422 1991 incursus
3441 1974 3457 1999 ,
3484 1940 3695 2003 propter
3718 1943 3831 2000 quos

732 2012 890 2116 primi
931 2042 1101 2099 libelli
1137 2012 1358 2114 partem
1390 2012 1700 2112 pertinere,
1731 2044 1854 2108 quae
1874 2012 2170 2091 manifeste
2272 2027 2648 2102 reprimendus
2699 2024 2948 2081 Julianus
2994 2020 3187 2078 eodem
3230 2032 3378 2076 anno
3413 2026 3639 2074 exeunte
3676 2012 3833 2070 Cresar

560 2106 751 2197 mutila
781 2149 946 2208 atque
975 2106 1222 2192 truncata
1252 2143 1356 2189 est.
1392 2106 1409 2112 -
1749 2106 1767 2108 ⁷
2273 2131 2491 2180 creatus
2528 2128 2640 2186 est;
2680 2114 2975 2174 verisimile
3010 2122 3131 2180 est,
3161 2110 3538 2168 Constantium
3590 2106 3836 2165 Gallorum

641 2228 733 2289 IV.
776 2229 845 2286 In
857 2198 1036 2304 lprt'mo
1061 2227 1192 2283 tib’ro
1209 2224 1409 2299 aliquid
1421 2225 1579 2279 deest.
1600 2221 1681 2278 An
1704 2218 1899 2290 aliquid
1925 2217 2173 2271 habeatur
2274 2213 2495 2270 dissidia
2533 2222 2590 2267 et
2615 2210 2914 2267 seditiones
2942 2206 3178 2263 veritum
3208 2204 3281 2260 ad
3307 2201 3526 2260 eosdem
3557 2198 3834 2270 scripsisse,

570 2325 785 2382 aliunde
808 2286 1071 2380 adsutum.
1094 2348 1167 2363 -—
1188 2286 1459 2376 Nonnulla
1488 2316 1635 2373 enim
1676 2315 1732 2369 in
1768 2286 1873 2368 hoc
1904 2311 2076 2382 primo
2101 2308 2169 2363 li-
2275 2320 2383 2378 quo
2414 2319 2514 2362 eos
2548 2304 2602 2359 in
2631 2301 2814 2359 officio
2855 2298 3182 2355 contineret.
3225 2294 3342 2352 lmo
3386 2301 3663 2350 commota:
3719 2286 3840 2344 sedi-

566 2421 667 2478 bro
692 2419 889 2475 deesse
912 2417 1025 2489 jam
1048 2416 1396 2472 adverterunt
1416 2409 1634 2474 eruditi,
1652 2415 1711 2463 et
1732 2406 2178 2478 perspicunmest
2274 2403 2439 2461 tionis
2465 2400 2829 2472 suspicionem
2848 2396 2959 2468 jam
2981 2394 3084 2450 sibi
3106 2393 3179 2449 ab
3202 2390 3469 2463 improbis
3495 2382 3839 2446 sussrronibus

573 2514 659 2571 vel
682 2526 751 2569 ex
780 2510 865 2567 his
895 2480 1107 2567 num..7
1135 2526 1148 2563 :
1183 2504 1411 2562 ﬂoreret
1441 2504 1577 2560 enim
1619 2499 1992 2556 absolutionem
2023 2499 2171 2570 ejus,
2276 2496 2537 2570 iniectam
2571 2509 2696 2550 eum
2726 2490 2898 2548 Gallis
2937 2487 3275 2560 significasse
3310 2485 3542 2540 innuunt
3577 2480 3685 2535 haec
3709 2489 3837 2531 nuns

569 2614 704 2674 ctc.,
732 2617 855 2675 qua
877 2616 999 2658 cum
1023 2600 1091 2656 ad
1115 2597 1473 2655 Athanasium
1504 2594 1695 2651 referri
1724 2604 1955 2649 necesse
1982 2590 2073 2655 sit,
2118 2588 2175 2644 in
2277 2593 2314 2647 ἓ
2338 2609 2352 2646 :
2375 2589 2499 2647 Non
2526 2590 2802 2660 quisquam
2855 2592 3123 2656 perversae
3161 2591 3251 2636 aut
3296 2578 3504 2635 inuidus
3537 2575 3745 2646 maligna
3778 2570 3843 2626 lo-

573 2665 814 2753 anitnu-m
842 2693 1106 2750 inducunt
1130 2704 1437 2747 sermonem
1455 2688 1525 2744 de
1545 2696 1734 2746 sancto
1760 2683 1856 2740 illo
1871 2683 1990 2738 viro
2016 2682 2176 2737 antea
2274 2685 2465 2757 quam
2498 2699 2516 2738 :
2551 2682 2700 2738 nulla
2727 2678 2936 2752 quidem
2963 2677 3191 2747 suspicio
3218 2684 3317 2738 est,
3355 2686 3462 2729 non
3486 2669 3632 2725 modo
3660 2665 3842 2723 seditio-

574 2785 1173 2851 ltabitumrdesiderari.
1204 2783 1438 2838 Rursum
1472 2796 1621 2837 num.
1669 2780 1723 2847 8,
1771 2777 2005 2833 Nicaanze
2051 2772 2179 2830 ﬁdei
2279 2779 2395 2846 nis,
2450 2776 2542 2832 sed
2586 2791 2678 2830 nec
2732 2787 2930 2844 aspera’
2976 2766 3495 2824 abntttrmurationis.
3542 2761 3715 2828 Quieta
3742 2759 3846 2813 sunt

571 2882 776 2939 mentio
806 2878 916 2952 iam
960 2878 1100 2935 facta
1132 2883 1504 2938 memoratur;
1557 2871 1807 2943 Quamvis
1854 2867 2068 2924 nullum
2121 2866 2178 2921 in
2284 2870 2456 2926 omnia
2485 2879 2531 2924 et
2560 2866 2869 2923 uerecunda.
2902 2862 3055 2925 Hanc
3081 2860 3243 2931 igitur
3263 2854 3709 2929 opportunitatem
3735 2862 3846 2904 nac-

571 2939 947 3046 superioribus
975 2970 1045 3027 de
1077 2971 1192 3042 ipsa
1232 2966 1457 3023 verbum
1490 2939 1762 3021 occurrat.
1794 2960 1972 3031 Aliqui
2013 2958 2177 3014 etiam

2284 2976 2370 3022 tus
2401 2964 2656 3029 Hilarius,
2696 2959 2818 3029 plus
2846 2956 2916 3014 ab
2953 2952 3169 3010 Arianis
3202 2950 3503 3007 timendum
3541 2939 3795 3007 rescribit,
3818 2950 3842 2992 a

573 3029 912 3132 dubitarunt.
955 3079 1025 3120 an
1070 3029 1181 3119 H.011
1222 3059 1349 3117 huic
1378 3058 1560 3115 libello
1588 3055 1802 3114 aliunde
1833 3029 2022 3110 adsuta
2047 3050 2176 3117 Sint.
2285 3060 2482 3130 quibus
2504 3054 2891 3128 perturbantur
2915 3047 3099 3105 omnia
3134 3063 3147 3101 :
3182 3054 3237 3102 et
3263 3042 3335 3100 ab
3368 3041 3435 3100 iis
3466 3039 3606 3097 illata
3628 3029 3849 3092 Ecclesiis

574 3175 698 3233 quae
720 3174 747 3213 a
770 3172 921 3214 num.
948 3155 984 3211 4
1010 3163 1328 3226 supersunt.
1379 3151 1513 3208 Nam
1537 3164 1718 3221 neque
1737 3162 1860 3203 cum
1887 3142 2181 3219 superiori-
2205 3158 2253 3223 ρ
2285 3149 2423 3206 mala
2454 3149 2612 3204 enixe
2640 3145 2989 3216 deprecatur.

575 3216 699 3319 lius,
731 3264 911 3320 neque
953 3216 1099 3303 inter
1150 3260 1212 3301 se
1261 3244 1392 3300 satis
1411 3216 1691 3299 cohmrere
1720 3216 2008 3295 videntur:
2040 3249 2174 3291 nus-
2216 3216 2253 3223 —
2360 3242 2470 3299 vn,
2513 3239 2622 3296 cur
2658 3239 2856 3310 prima;
2896 3235 3122 3291 dicatur.
3156 3216 3356 3287 Hilarii
3401 3227 3463 3282 de
3498 3220 3615 3296 ﬁdei
3655 3216 3851 3275 libertate

574 3360 736 3417 quam
780 3345 848 3400 ab
898 3342 1024 3397 hinc
1069 3340 1138 3395 ad
1170 3340 1553 3411 imperatorem
1581 3334 1917 3392 convertitur
1962 3327 2178 3386 oratio:
2286 3336 2559 3393 sententia,
2584 3308 3043 3402 ...νιιίει-οιιγηιιιε
3070 3322 3237 3382 libelli
3264 3321 3427 3392 hujus
3459 3328 3561 3374 non
3590 3308 3839 3395 meminit:

577 3433 845 3493 tractandi
876 3441 1055 3487 autem
1086 3430 1226 3486 ratio
1248 3444 1495 3502 magnam
1525 3426 1843 3483 affinitatem
1875 3422 2039 3478 habet
2056 3434 2181 3475 cum
2288 3430 2381 3501 qui
2408 3428 2605 3498 primus
2658 3422 2997 3488 inscribitur,
3026 3434 3138 3474 non
3173 3414 3320 3487 quod
3347 3428 3473 3471 cum
3500 3404 3725 3466 secundo
3741 3413 3849 3456 con-

578 3531 645 3585 iis
670 3520 793 3600 quin
819 3526 873 3581 in
913 3524 1252 3595 Fragmentis
1291 3522 1533 3578 historiae
1569 3518 1931 3578 Ariminensis
1966 3510 2184 3571 concilii
2291 3494 2493 3592 ,ξεχίιςη
2527 3519 2623 3576 ς,εά
2654 3517 2796 3592 quod
2818 3516 2967 3588 ρι-ίοι-
2988 3513 3187 3570 εάίωε,
3215 3510 3375 3566 illum
3402 3494 3641 3578 epistola:
3666 3495 3854 3554 nomine

579 3620 945 3676 disseruntur.
982 3616 1247 3683 Quocirca
1285 3630 1393 3670 non
1441 3613 1573 3670 satis
1606 3619 1811 3669 certam
1854 3615 2048 3680 putant
2086 3605 2185 3660 Ba-

2292 3617 2524 3672 lihenter
2543 3614 2871 3670 donaremus
2892 3649 2908 3677 ,
2934 3608 2981 3663 si
3005 3622 3129 3664 cum
3156 3603 3485 3661 auctoritate
3505 3597 3703 3653 liceret.
3724 3581 3855 3657 Quod

579 3713 721 3770 ronii
769 3711 1098 3781 opinionem,
1152 3708 1297 3763 hunc
1344 3706 1541 3762 librum
1583 3720 1729 3760 anno
1759 3702 1865 3758 555
1921 3700 2185 3769 scriptum

2291 3718 2470 3765 autem
2494 3709 2549 3764 in
2578 3722 2644 3763 eo
2669 3704 2921 3762 edisserit
2947 3695 3385 3771 sapientissimus
3408 3690 3608 3749 Prmsul
3629 3686 3690 3740 ad
3715 3682 3853 3737 liber-

580 3822 688 3863 non
719 3772 938 3861 aliunde
980 3772 1283 3874 probantis,
1315 3816 1477 3872 quam
1508 3799 1652 3871 quod
1680 3797 1920 3854 Hilarius
1943 3810 2094 3850 num.
2128 3792 2183 3859 8,
2296 3812 2456 3857 larem
2503 3798 2631 3855 ﬁdei
2662 3792 3150 3852 commendandam
3170 3830 3184 3855 ,
3225 3803 3336 3843 non
3374 3788 3449 3842 ire
3482 3772 3859 3849 intelligendum

581 3899 652 3957 de
677 3897 898 3955 Eusebii
926 3892 1291 3951 Vercellensis
1313 3892 1506 3948 exsilio
1526 3890 1830 3956 locuturus,
1859 3903 1975 3944 rem
2012 3900 2188 3940 recens
2294 3907 2398 3965 est,
2444 3908 2500 3951 ιη
2542 3893 2829 3948 haereticos
2869 3886 2937 3944 ad
2978 3882 3337 3958 promenda",
3382 3878 3542 3934 τηιειιη
3577 3879 3749 3928 γει-πη
3773 3878 3860 3919 eo.

582 4002 790 4066 gestam
847 3987 1067 4061 aggredi
1117 4003 1179 4044 se
1224 3986 1500 4059 praedicet.
1551 3984 1661 4043 Sed
1711 3992 1767 4039 et
1810 3983 1861 4039 ei
1908 3983 2191 4052 opponunt

2293 4005 2424 4063 gere
2454 4000 2741 4058 numquam
2758 3983 2924 4039 licere
2949 3975 3295 4036 existimarit.
3326 3964 3464 4029 Nam
3498 3968 3591 4024 lib.
3622 3962 3685 4019 de
3711 3958 3860 4061 Syno-

585 4050 966 4156 i‘mgmetttii,
1000 4096 1151 4137 num.
1172 4050 1242 4146 6,-
1270 4079 1454 4142 verba,
1488 4079 1578 4134 ubi
1615 4072 1822 4150 Synodi
1857 4050 2190 4130 Arelatensis
2292 4050 2380 4140 ldis
2401 4050 2710 4139 οι-ίεηιξιοε
2738 4077 2940 4143 laedat,
2968 4071 3150 4145 quibus
3171 4067 3403 4136 suffecit,
3434 4071 3547 4136 post
3567 4050 3862 4129 Ηαερήεηιὶω

584 4186 704 4232 acta
734 4191 830 4232 sex
860 4182 1136 4244 septemve
1180 4181 1302 4243 post
1342 4172 1498 4228 annis
1550 4181 1895 4237 narraturus,
1922 4183 1983 4224 ea
2009 4176 2190 4222 tamen

2298 4179 2634 4242 uoluntatem,
2661 4180 2851 4228 coacta:
2877 4172 3059 4226 saltent
3085 4165 3209 4237 ﬁdei
3237 4158 3589 4231 subscriptio:
3618 4165 3728 4225 qua:
3754 4146 3861 4244 licet

586 4269 748 4347 dicat.
770 4267 999 4338 proxime
1040 4239 1215 4335 gesta.

2300 4271 2354 4325 in
2391 4269 2574 4325 multis
2595 4239 2844 4337 suspecta
2876 4261 2977 4335 ipsi
3008 4259 3204 4316 merito
3225 4256 3495 4319 videatur,
3520 4239 3860 4322 gratulandum

658 4337 960 4426 V.Quando
983 4357 1205 4426 scriptus
1224 4355 1602 4412 sia—Recens
1620 4368 1728 4408 non
1747 4362 1832 4408 est
1848 4351 2015 4408 libelli
2036 4350 2194 4420 hujus
2299 4373 2479 4418 tamen
2506 4369 2675 4432 ρυωι,
2702 4359 2892 4414 saltem
2914 4356 3133 4426 αιῑφιεηι
3154 4367 3219 4406 επ
3236 4348 3318 4404 [iis
3338 4346 3534 4418 suscipi
3556 4337 3861 4416 ραυῑιεηιεπι.

591 4453 767 4525 plaga,
800 4466 960 4523 quam
991 4464 1167 4518 neque
1193 4464 1262 4506 ex
1289 4450 1477 4505 codice
1507 4449 1566 4504 ὃ.
1599 4448 1748 4502 Petri
1792 4448 1862 4502 de
1906 4445 2054 4502 Urbe
2093 4459 2194 4500 sse-

2301 4454 2408 4511 Sed
2439 4453 2716 4509 dissuadet
2742 4450 3039 4513 licentiam,
3065 4459 3170 4516 qua
3200 4440 3442 4498 haeretici
3474 4431 3766 4493 Catholicos
3788 4434 3867 4477 co-

590 4549 713 4604 culo
736 4547 924 4618 quinto
953 4544 1174 4599 ineunte
1199 4553 1421 4600 exarato
1450 4542 1714 4597 resarcire
1767 4542 1936 4596 licuit.
1968 4542 2038 4594 At
2066 4555 2188 4595 cum
2219 4566 2272 4627 Β
2301 4557 2452 4622 gum,
2475 4554 2534 4602 υι
2556 4546 2703 4600 evita
2725 4540 3086 4614 eiapostolica
3104 4535 3460 4600 lidedeserta,
3484 4532 3766 4586 commenta
3784 4529 3871 4571 ηα-

590 4640 648 4695 in
676 4646 885 4695 vetusto
898 4637 998 4692 illo
1027 4635 1322 4705 exemplari
1350 4648 1458 4690 non
1479 4635 1652 4689 solum
1680 4634 1736 4688 in
1764 4632 1947 4689 fronte
1973 4640 2187 4687 exstet:
2219 4618 2265 4627 ’⁷
2302 4618 2400 4716 ᾖεν
2422 4642 2637 4698 inveni,
2666 4639 3080 4711 amplectamur,
3112 4631 3313 4706 cogent
3334 4643 3537 4696 nempe,
3556 4618 3864 4689 inquilnum-

587 4732 788 4803 Incipit
814 4728 1046 4803 ejusdem
1073 4728 1140 4782 ad
1162 4725 1554 4793 Constantium;
1577 4726 1670 4782 sed
1697 4735 1754 4782 et
1781 4725 1852 4781 ad
1873 4724 2073 4780 calcem
2099 4724 2167 4780 ad
2182 4752 2197 4759 α

2302 4713 2356 4809 li,
2376 4755 2476 4793 non
2490 4745 2545 4791 ut
2559 4733 2835 4791 Christiani
2847 4746 3020 4785 omnes
3035 4729 3157 4790 sint,
3177 4727 3267 4780 sed
3278 4731 3333 4778 ut
3347 4719 3547 4776 Ariani.
3569 4713 3867 4807 Quamquam

592 4824 865 4880 scribatur
898 4840 910 4875 :
946 4820 1178 4892 Explicit
1206 4821 1368 4875 libert
1399 4820 1461 4876 S.
1491 4818 1685 4875 Hilarii
1712 4819 1785 4873 ad
1813 4818 2187 4874 Constantium.
2303 4797 2662 4903 episcopalem
2676 4820 3297 4892 consideransanimum,
3311 4829 3473 4887 quem
3488 4797 3869 4864 adclementiam

587 4915 778 4985 Incipit
807 4915 845 4970 ι.
872 4930 907 4969 ιι
939 4914 1165 4985 ejusdem
1190 4914 1257 4966 ad
1285 4913 1549 4978 eumdem,
1577 4929 1724 4983 quem
1751 4922 1799 4966 et
1831 4911 2194 4965 Constantina-
2304 4890 2519 4994 θέητρρὲ
2532 4890 2913 4994 pmndmesse,
2933 4930 2996 4970 ac
3009 4928 3187 4969 veram
3203 4922 3376 4967 einen
3395 4907 3572 4962 ﬁctam
3587 4893 3868 4971 populorum

589 5010 695 5081 poli
714 5010 827 5079 ipse
847 5007 1057 5061 tradidit
1085 5023 1103 5060 :
1129 5022 1233 5061 non
1257 5005 1470 5063 videtur
1490 5005 1647 5061 facile
1688 5003 1948 5071 dandum,
1980 5001 2198 5058 aliunde
2308 4989 2469 5074 ﬁde,“
2497 4989 2742 5086 (ιὶιωτθτε
2776 5010 3008 5073 deceat;
3044 5006 3145 5076 ipsi
3175 4994 3745 5059 convenientissimum
3771 4989 3871 5035 esse

588 5100 878 5173 quidquam
915 5098 1167 5152 adsntutn
1203 5114 1345 5154 esse.
1396 5096 1561 5155 Certe
1591 5086 1950 5171 533—534
1974 5102 2201 5165 utraque
2310 5083 2596 5180 ρτωάίρέιι,
2640 5115 2697 5159 ui
2738 5118 2804 5158 ne
2834 5100 2901 5156 ad
2930 5112 3114 5155 veram
3151 5096 3369 5167 quidem
3397 5086 3559 5147 ﬁdem
3579 5127 3594 5151 ,
3620 5083 3720 5139 vim
3748 5084 3871 5135 eam.

589 5207 713 5265 pars
729 5189 946 5248 easdem
962 5187 1492 5255 defletcalamitates,
1507 5169 1698 5245 eadem
1714 5169 1924 5245 ratione
1938 5186 2201 5259 perstri‘n-
2308 5169 2468 5274 ξιυωη
2491 5197 2677 5256 Ariani
2700 5211 2796 5268 per
2816 5193 2962 5250 varia
2983 5196 3252 5249 tormenta
3274 5182 3560 5245 catholicis
3580 5169 3872 5235 inferam“:

582 5287 663 5357 git
693 5284 1016 5341 Arianorum
1046 5280 1385 5339 violentiam.
1417 5280 1490 5339 Et
1532 5289 1779 5339 neutram
1815 5278 2032 5353 quidem
2073 5285 2201 5335 ante
2308 5293 2556 5353 adhiberi
2581 5292 2832 5365 pariam...

586 5390 787 5438 annum
814 5375 920 5435 355
946 5372 1203 5449 scriptam
1231 5390 1352 5434 esse
1378 5374 1546 5448 liquet
1566 5393 1578 5432 :
1595 5386 1702 5434 non
1715 5385 2073 5447 postremam,
2094 5376 2198 5444 qua

1829 5670 2640 5718 Μ
