4106 6192
345 232 445 292 561

1198 237 1291 293 AD
1328 236 1820 295 CONSTANTIUM
1859 238 2242 299 AUGUSTUM
2280 239 2485 297 LIBER
2526 240 2806 299 PRIMUS.

3542 245 3650 305 562

338 350 670 408 sacerdotali
698 351 781 406 vel
804 350 1170 408 ecclesiastica
1195 352 1269 424 (a)
1295 352 1624 410 conscientia
1652 354 1944 421 contineri,
1975 358 2027 417 Α
2054 354 2396 425 pronuntiari
2446 366 2761 427 posceretur
2807 372 2965 425 reus;
3018 333 3359 430 qumreretur
3392 359 3444 414 in
3492 357 3652 417 ﬁdem

340 445 506 502 scribi
550 445 617 500 ad
670 461 849 516 regem
877 489 892 513 ,
935 430 1367 517 legationemque
1395 444 1589 501 instrui
1620 447 1943 515 Oportuerit.

340 536 449 595 Sed
481 537 610 609 quid
642 536 787 592 aliud
828 538 914 593 his
945 538 1137 592 litteris
1162 580 1176 603 ,
1210 554 1367 609 quam
1399 538 1703 595 libertatem
1746 537 1868 595 ﬁdei
1895 546 1952 595 et

339 634 721 705 contagionem
769 633 954 687 Ariani
987 632 1222 688 nominis
1251 632 1642 703 deprecantur,
1681 643 1949 706 orantque

338 726 581 791 vincula,
604 740 877 793 carceres,
901 725 1211 791 tribunalia,
1234 735 1283 780 et
1303 740 1523 782 omnem
1551 726 1703 782 illum
1725 727 1947 783 feralem

339 818 583 875 habitum
616 860 632 884 ,
679 832 849 873 novas
875 819 1038 874 etiam
1068 819 1121 873 in
1152 832 1276 875 reos
1315 819 1644 888 quaestiones
1672 818 1949 876 inhiberi?

336 913 480 969 Deus
502 911 870 983 cognitionem
898 911 980 965 sui
1006 910 1196 966 docuit
1222 910 1422 981 potius,
1452 927 1611 981 quam
1643 912 1825 973 exegit
1853 928 1866 965 :
1895 920 1951 967 et

338 1004 718 1073 Operationnm
761 1002 1064 1059 catlestium
1114 1001 1472 1059 admiratione
1518 1003 1802 1072 prteceptis
1836 1003 1949 1059 suis

339 1096 643 1154 concilians
690 1095 1105 1162 auctoritatem,
1153 1105 1396 1151 coactam
1425 1096 1715 1151 conﬁtendi
1761 1111 1820 1153 se
1849 1095 1947 1150 ad-

337 1197 632 1262 Spernatus
670 1196 757 1243 est
793 1187 1145 1243 voluntatem.
1198 1187 1257 1244 Si
1285 1188 1350 1241 ad
1380 1186 1539 1243 ﬁdem
1582 1192 1763 1244 veram
1795 1188 1950 1247 istius

347 1282 498 1341 modi
530 1280 617 1336 vis
646 1279 1025 1346 adhiberetur;
1059 1279 1379 1350 episcopalis
1403 1280 1568 1354 539
1595 1280 1838 1336 doctrina
1861 1280 1950 1337 ob-

338 1377 481 1432 viam
528 1383 782 1447 pergeret
807 1415 822 1441 ,
854 1374 1172 1443 diceretque
1219 1391 1231 1426 :
1283 1372 1427 1428 Deus
1459 1372 1825 1428 universitatis
1866 1382 1950 1429 est

343 1467 628 1533 Dominus,
665 1465 926 1536 obsequio
958 1478 1064 1521 non
1092 1474 1214 1537 eget
1243 1463 1556 1520 necessario
1575 1506 1588 1530 ,
1621 1479 1730 1520 non
1758 1464 1942 1536 requi-

339 1562 411 1619 rit
455 1571 698 1618 coactam
743 1558 1164 1616 confessionem.
1200 1557 1317 1614 Nou
1364 1556 1632 1613 fallendus
1677 1567 1801 1625 est,
1847 1557 1943 1613 sed

342 1652 759 1728 promerendus.
783 1651 976 1709 Nostra
1005 1652 1204 1722 potius,
1238 1665 1345 1706 non
1369 1666 1463 1707 sua
1488 1666 1650 1707 causa
1677 1666 1944 1707 veneran-

2055 447 2381 516 littcrarnm,
2407 449 2459 504 in
2485 448 2723 518 judicum
2754 450 2941 517 vitam,
2977 452 3029 506 in
3059 459 3434 508 accusatorum
3465 450 3650 519 ﬁdem,

2052 540 2105 597 in
2139 543 2306 612 ipsius
2336 559 2552 615 quoque
2595 543 2830 601 hominis
2860 561 3038 602 mores
3065 554 3232 618 atque
3261 556 3433 603 actus.
3467 548 3653 605 Move-

2052 641 2139 689 ret
2181 633 2323 690 enim
2356 635 2752 693 absolutionem
2781 638 2899 707 ejus
2932 640 3254 695 Arianorum
3285 640 3467 711 juncta
3498 641 3654 697 dam-

2055 729 2200 784 natio
2226 746 2239 783 :
2272 733 2558 802 magnique
2589 733 2815 805 periculi
2840 743 3014 800 esset,
3043 735 3305 806 judicium
3333 737 3495 794 simul
3524 754 3650 795 cum

2055 833 2238 877 reatus
2267 833 2323 880 et
2342 823 2670 882 innocentiae
2700 842 2804 882 non
2834 826 2908 899 (ε)
2930 840 3180 899 suscepta
3215 844 3431 885 rursum
3463 830 3641 903 inqui-

2052 915 2251 972 sitione
2295 917 2594 975 dissolvere
2639 937 2652 973 :
2702 928 2921 993 totaque
2957 922 3010 977 in
3055 924 3413 993 patrocinium
3458 939 3649 994 suum,

2054 1024 2177 1063 cum
2211 1009 2331 1065 fidei
2359 1011 2629 1080 doctrina,
2667 1012 2963 1070 auctoritas
2989 1016 3089 1071 sibi
3121 1017 3455 1088 antiquitatis
3484 1020 3651 1075 assis-

2054 1112 2210 1158 teret.
2241 1106 2311 1159 At
2334 1120 2455 1159 cum
2490 1106 2611 1175 ipsi,
2645 1107 2734 1178 qui
2765 1114 2893 1163 tunc
2923 1107 3105 1163 Ariani
3140 1110 3382 1166 haeretici
3408 1110 3649 1169 damnati

2052 1207 2199 1266 sunt,
2231 1214 2345 1254 rem
2368 1200 2660 1271 exagitent,
2694 1202 2913 1257 turbent
2932 1202 3095 1276 550
3118 1205 3323 1269 omnia,
3352 1220 3651 1278 omnesque

2051 1303 2118 1344 ex
2154 1298 2421 1357 potestate
2448 1301 2502 1346 et
2522 1291 2817 1347 ambitione
2846 1304 3216 1365 corrumpant,
3247 1307 3299 1349 ct
3320 1295 3652 1353 Athanasius

2051 1381 2096 1437 si
2130 1380 2250 1448 fuit,
2285 1396 2407 1438 esse
2435 1382 2610 1439 adhuc
2636 1399 2762 1440 reus
2786 1394 2995 1455 potest:
3029 1394 3196 1442 testes
3228 1387 3538 1457 loquantur,
3573 1390 3655 1444 vi-

2050 1473 2217 1530 deant
2256 1475 2470 1547 judices
2496 1519 2512 1544 ,
2547 1476 2671 1533 ﬁdei
2717 1478 2960 1535 doctrina
3007 1483 3290 1552 praeceptis
3330 1482 3657 1555 evangelicis

2054 1576 2216 1638 atque
2245 1569 2559 1638 apostolicis
2585 1570 2799 1626 eluceat
2832 1591 2843 1625 :
2879 1588 2998 1642 quae
3038 1572 3254 1629 obtusio
3285 1573 3657 1646 intelligentiae

2052 1659 2173 1717 est?
2200 1677 2320 1731 qua:
2346 1662 2527 1716 cordis
2560 1661 2873 1718 hebetudo?
2905 1678 3028 1735 qum
3054 1664 3254 1720 oblivio
3281 1666 3433 1737 spei?
3462 1665 3535 1738 (θ’)
3564 1682 3635 1737 qu

340 1747 444 1804 dus
494 1759 598 1804 e5t.
631 1746 749 1803 Non
793 1735 1009 1817 possum
1049 1746 1154 1801 nisi
1196 1745 1465 1801 volentem
1510 1745 1754 1815 recipere
1779 1787 1794 1812 ,
1842 1745 1944 1801 nisi
1975 1755 2025 1816 Β
2053 1766 2207 1807 amor
2231 1752 2534 1808 scelerum?
2572 1755 2715 1824 quod
2760 1754 2940 1809 odium
2973 1756 3258 1812 veritatis?
3286 1735 3341 1812 in
3369 1735 3652 1813 damnato-

349 1851 597 1898 orantem
634 1840 818 1895 audire
840 1881 855 1904 ,
900 1839 1001 1894 nisi
1031 1837 1369 1909 proﬁtentem
1401 1839 1635 1908 signare.
1669 1836 1940 1907 Simplici-

344 1941 457 1989 tate
485 1931 812 2004 quaerendus
827 1941 930 1997 est,
964 1929 1305 1986 confessione
1326 1928 1612 1985 discendus
1639 1940 1741 1993 est,
1763 1929 1946 1985 chari-

344 2036 457 2083 tate
484 2026 752 2083 amandus
780 2034 883 2091 est,
910 2025 1108 2081 timore
1136 2023 1476 2080 venerandus
1505 2034 1588 2079 est
1607 2065 1623 2091 ,
1652 2020 1949 2078 voluntatis

343 2120 612 2196 probitate
638 2117 954 2175 retinendus
975 2126 1078 2173 est.
1100 2115 1172 2172 At
1198 2131 1327 2172 vero
1354 2116 1480 2187 quid
1504 2115 1649 2171 istud
1674 2124 1779 2180 est,
1804 2114 1948 2186 quod

343 2212 663 2271 sacerdotes
713 2212 905 2267 timere
938 2212 1105 2266 Deum
1157 2208 1383 2264 vinculis
1424 2219 1723 2280 coguntur,
1775 2207 1950 2279 pmnis

344 2309 653 2384 iubentur?
679 2292 1005 2366 Sacerdotes
1049 2306 1362 2361 carceribus
1395 2304 1764 2371 continentur,
1795 2302 1950 2375 plebs

348 2405 406 2458 in
444 2400 690 2458 custodia
738 2399 972 2455 catenati
1009 2396 1216 2454 ordinis
1258 2396 1549 2453 constricta
1601 2395 1947 2467 disponitur,

344 2492 588 2564 virgines
637 2491 911 2548 nudantur
954 2489 1020 2546 ad
1052 2505 1269 2563 poenam
1297 2530 1312 2556 ,
1344 2497 1399 2545 et
1428 2500 1643 2544 sacrata
1670 2488 1783 2546 Deo
1823 2502 1949 2545 cor-

345 2603 482 2660 pora
508 2630 522 2653 ,
566 2586 641 2660 (lt)
674 2587 887 2655 publico
933 2585 1179 2656 exposita
1221 2586 1534 2656 conSpectui
1560 2625 1577 2652 ,
1620 2584 1687 2639 ad
1718 2584 1950 2641 fructum

348 2680 648 2750 spectaculi
675 2689 730 2734 et
750 2677 1063 2750 quaestionis
1084 2676 1575 2748 aptantunCogunt
1602 2692 1815 2748 nempe,
1845 2692 1952 2732 non

348 2784 410 2830 ut
434 2772 728 2829 Christiani
773 2785 962 2827 omnes
1008 2770 1151 2836 sint,
1182 2769 1277 2825 sed
1310 2779 1366 2825 ut
1392 2769 1577 2824 Ariani
1610 2785 1625 2823 :
1657 2777 1714 2825 et
1740 2768 1954 2826 confes-

350 2880 468 2922 sam
499 2866 552 2921 in
592 2865 702 2920 Deo
733 2864 894 2920 ﬁdem
934 2863 999 2919 ad
1044 2863 1378 2933 consortium
1417 2861 1610 2933 piaculi
1637 2862 1718 2917 sui
1744 2860 1812 2933 (c)
1838 2877 1956 2919 sce-

348 2958 467 3016 lere
507 2956 862 3027 compellunt.
904 2956 1241 3012 Auctoritate
1286 2956 1451 3011 etiam
1504 2957 1739 3012 nominis
1779 2959 1859 3012 sui
1899 2958 1953 3012 in

346 3064 598 3107 errorem
649 3048 1037 3122 Imperatorem
1089 3048 1443 3104 transducunt
1490 3067 1505 3106 :
1550 3058 1756 3105 rectum
1806 3052 1952 3107 afﬁr-

2048 1859 2168 1900 rum
2200 1844 2460 1913 favorem,
2495 1845 2588 1900 Dei
2615 1861 2852 1902 amorem
2884 1847 3258 1903 transducunt.

2120 1940 2173 1995 8.
2210 1938 2417 1995 Eusebii
2466 1938 2802 1996 Vercellcnsis
2831 1943 3025 2015 injusta
3066 1943 3351 1999 damnatio.
3378 1973 3451 1985 —
3484 1942 3654 2001 Venio

2047 2045 2194 2087 nunc
2218 2031 2283 2085 ad
2314 2031 2387 2099 id,
2417 2032 2558 2101 quod
2587 2048 2778 2090 recens
2805 2043 3015 2105 gestum
3046 2045 3147 2100 est,
3180 2034 3233 2090 in
3258 2050 3365 2107 quo
3389 2048 3450 2092 se
3479 2037 3645 2093 etiam

2049 2122 2314 2194 professio
2346 2124 2568 2180 sceleris
2602 2124 2675 2197 (g)
2712 2125 2762 2179 in
2796 2135 3009 2183 secreto
3038 2129 3171 2183 artis
3213 2142 3326 2185 sua:
3354 2129 3643 2201 dedignata

2049 2224 2136 2270 est
2176 2216 2477 2271 continere.
2523 2214 2793 2272 Eusebius
2837 2216 3199 2275 Vercellensis
3244 2220 3535 2292 episcopus
3570 2231 3656 2278 est

2049 2310 2133 2366 vir
2173 2312 2318 2367 omni
2354 2311 2462 2366 vita
2503 2310 2611 2367 Deo
2657 2312 2922 2369 serviens.
2969 2313 3065 2370 llic
3109 2325 3231 2383 post
3273 2316 3650 2372 Arelatensem

2050 2404 2361 2478 synodum,
2392 2420 2515 2461 cum
2563 2405 2820 2463 Paulinus
2864 2410 3154 2480 episcopus
3207 2411 3375 2467 tantis
3426 2412 3655 2468 istorum

2050 2499 2347 2556 sceleribus
2373 2503 2700 2557 contraisset
2724 2503 2967 2572 (Arelate
2998 2518 3086 2558 an.
3117 2504 3276 2575 553),
3323 2506 3507 2561 venire
3535 2505 3645 2561 Me-

2054 2593 2332 2649 diolanum
2357 2594 2669 2665 przecipitur
2691 2594 2804 2669 (an.
2832 2596 2981 2669 555).
3000 2596 3239 2653 Collecta
3257 2596 3368 2668 jam
3399 2596 3511 2654 illic
3537 2612 3655 2653 ma-

2056 2683 2379 2757 lignantium
2408 2701 2701 2758 synagoga,
2732 2687 2922 2744 decem
2946 2689 3135 2744 diebus
3156 2689 3223 2744 ad
3250 2688 3546 2745 Ecclesiam
3571 2699 3657 2747 est

2058 2778 2257 2832 vetitus
2283 2776 2581 2845 accedere,
2602 2777 2745 2861 Idum
2776 2779 3036 2836 adversus
3066 2789 3174 2835 tam
3204 2789 3451 2837 sanctum
3483 2782 3659 2837 virum

2060 2871 2139 2947 (h)
2172 2873 2378 2928 malitia
2410 2888 2468 2928 se
2500 2889 2754 2944 perversa
2787 2876 3074 2932 consumit.
3112 2876 3432 2947 Suppuratis
3460 2875 3658 2934 deinde

2058 2966 2302 3024 consiliis
2331 2967 2606 3032 omnibus,
2639 2968 2726 3023 ubi
2757 2968 2965 3023 libitum
3001 2976 3108 3035 est,
3134 2969 3454 3037 advocatur.
3488 2968 3660 3026 Adest

2059 3074 2165 3115 una
2190 3074 2313 3116 cum
2344 3059 2602 3115 Romanis
2634 3061 2850 3117 clericis
2880 3061 3113 3135 (Hilario
3149 3062 3293 3118 diae.
3338 3072 3394 3118 et
3419 3062 3661 3118 Pancra-

348 3152 593 3211 mantBS,
625 3149 686 3198 ut
720 3141 822 3198 sub
852 3141 1033 3213 speCie
1063 3141 1274 3197 limoris
1303 3142 1430 3207 Dei.
1466 3142 1520 3197 in
1555 3143 1654 3198 hac
1680 3144 1949 3215 perversi-
1976 3140 2021 3204 C
2057 3152 2156 3224 tio)
2182 3195 2196 3220 ,
2238 3163 2294 3208 et
2336 3152 2591 3210 Lucifero
2623 3153 2895 3210 Sardiniae
2924 3156 3202 3226 episcOpo.
3253 3154 3315 3230 (i)
3345 3153 3660 3211 Conventus

347 3247 461 3293 tate
486 3237 735 3293 subditos
763 3236 864 3293 sibi
899 3235 1132 3292 tradant.
1160 3236 1497 3306 Quarstioues
1526 3247 1775 3307 poscunt,
1803 3238 1951 3309 judi—

347 3332 561 3389 ciorum
590 3329 828 3387 subsidia
854 3329 1193 3393 desiderant,
1216 3331 1593 3385 auctoritatem
1625 3331 1826 3403 regiam
1852 3332 1953 3387 im-

349 3426 570 3497 plorant
610 3442 624 3479 :
670 3436 726 3481 et
755 3440 856 3480 nec
890 3424 972 3480 sic
1001 3424 1413 3496 perversitatem
1454 3424 1675 3481 sceleris
1704 3427 1786 3481 sui
1827 3441 1953 3482 eru-

346 3519 616 3583 bescunt,
643 3526 976 3589 extorquere
1022 3516 1528 3591 (d)couniventiam
1569 3517 1809 3589 plebium
1849 3533 1951 3575 nec

349 3612 583 3683 cogendi
599 3611 721 3683 jure
751 3618 1062 3682 potuerunt.

423 3707 479 3762 7.
516 3704 797 3772 Judicialis
827 3708 994 3778 forma
1031 3705 1087 3759 in
1112 3721 1267 3759 causa
1294 3704 1570 3760 Athanasii
1604 3721 1707 3760 non
1732 3714 1950 3761 servata.

346 3829 424 3843 -
451 3801 579 3857 ﬂazc
616 3800 665 3856 si
693 3801 760 3856 de
786 3799 1060 3857 veteribus
1095 3799 1355 3855 chartulis
1383 3800 1589 3870 prolata
1620 3801 1795 3856 aetatis
1831 3815 1958 3856 nos-

352 3904 454 3950 tra:
496 3906 711 3966 tempus
756 3895 1122 3960 instruerent;
1170 3892 1548 3965 ambigendum
1578 3935 1593 3960 ,
1626 3904 1683 3948 ut
1723 3896 1953 3964 opinor,

354 3990 528 4047 tantis
568 3990 639 4047 de
678 3990 841 4046 rebus
880 3989 1087 4047 fuisset.
1129 3988 1349 4045 Etcum
1380 3990 1446 4045 ah
1489 3988 1613 4044 aliis
1660 3990 1960 4060 quibusque

350 4144 474 4186 rum
504 4128 689 4183 statim
727 4142 828 4197 per
858 4126 1064 4182 litteras
1091 4128 1351 4180 certiores
1385 4124 1630 4181 fecerunt
1661 4125 1952 4197 Imperato-

352 4217 444 4257 res
482 4218 496 4254 :
536 4215 601 4252 ac
626 4194 809 4269 postea
844 4207 979 4269 teste
1006 4198 1369 4269 'I‘ltcotlnreto,
1402 4197 1493 4250 lib.
1529 4213 1584 4259 ιι,
1627 4213 1678 4251 c.
1712 4194 1774 4269 8f,
1807 4194 1953 4251 Con-

353 4282 509 4328 stans
539 4271 605 4324 ad
630 4268 867 4325 fratrem
898 4268 1272 4325 Constantium
1319 4268 1453 4323 duos
1472 4283 1542 4325 ex
1585 4269 1693 4324 illis
1718 4268 1957 4324 delectos

352 4358 481 4398 cum
512 4341 707 4398 litteris
737 4342 905 4411 misit.
952 4340 1034 4395 An
1080 4341 1132 4394 in
1172 4340 1286 4394 lucc
1322 4352 1468 4409 gesta
1506 4339 1592 4394 hic
1629 4341 1958 4411 respicitur?

356 4416 695 4485 Quamquam
745 4405 906 4485 etiim
965 4405 1422 4485 nont_mlla_miliis
1466 4405 1953 4485 ittcidit_suspicio,

357 4481 478 4541 haec
503 4481 571 4540 de
601 4484 815 4540 Arianis
837 4484 973 4539 actis
994 4498 1058 4539 ac
1082 4481 1278 4537 litteris
1295 4482 1363 4537 ab
1383 4483 1748 4539 ecclesiastica
1772 4483 1954 4539 indole

357 4567 414 4614 ct
441 4555 736 4628 episcopali
768 4554 1053 4628 clementia
1082 4553 1276 4628 alienis
1305 4555 1507 4608 irouice
1535 4554 1676 4609 dicta
1706 4569 1849 4613 esse.

432 4624 513 4698 (a)
542 4624 700 4692 Edi’ti,
736 4626 1048 4681 continentia
1077 4641 1096 4679 :
1123 4624 1468 4698 corriguntur
1497 4640 1559 4698 ex
1596 4639 1725 4680 IIISS.

430 4695 514 4774 (ὁ)
544 4698 902 4774 Miserandum
947 4696 1256 4774 huiusmodi
1287 4696 1655 4774 spectaculum
1680 4738 1694 4761 ,
1723 4695 1958 4774 Georgio

360 4774 403 4829 A
416 4767 788 4827 lexandrinam
805 4769 988 4825 sedem
1007 4767 1314 4835 invadente,
1331 4767 1681 4823 Sebastianus
1692 4768 1955 4834 exhibuit;

360 4859 488 4899 cum
504 4856 733 4897 accenso
752 4856 902 4912 rogo,
924 4841 997 4895 uti
1020 4849 1202 4895 narrat
1222 4837 1593 4912 Tlteodoretus
1606 4837 1700 4894 lib.
1718 4854 1778 4906 ιι,
1795 4854 1850 4912 c.
1866 4840 1958 4912 ιι,

359 4913 603 4978 virgines
648 4914 723 4968 illi
768 4909 1026 4975 admovit,
1058 4925 1122 4965 ac
1162 4910 1392 4965 nudatas
1435 4909 1665 4978 turpiter
1702 4910 1958 4966 concidit.

361 4981 477 5042 Sed
505 4996 663 5040 antea
708 4985 887 5040 simile
932 4983 1198 5054 flagitium,
1231 4982 1301 5037 ab
1324 4981 1560 5054 Arianis
1594 4989 1961 5051 perpetratum

362 5072 492 5115 esse
516 5065 666 5112 notat
683 5050 1026 5127 Sardicensis'
1034 5052 1227 5127 synodi
1248 5053 1499 5127 epistola,
1520 5050 1734 5123 Fragm.
1748 5068 1809 5121 ιι,
1825 5070 1879 5110 ιι.
1903 5054 1957 5111 5.

463 5127 514 5253 ξ)
545 5127 636 5185 Sic
666 5142 803 5182 mss.
830 5130 899 5182 At
918 5124 1082 5190 editi,
1098 5125 1179 5180 sui
1206 5124 1433 5179 sceleris.

505 5200 523 5253 l
554 5199 609 5253 ln
640 5199 841 5253 aliquot
872 5212 1024 5253 mss.
1056 5196 1433 5251 convenientian

463 5129 514 5253 ξ)
545 5129 636 5185 Sic
666 5142 803 5182 mss.
830 5130 899 5182 At
918 5129 1068 5190 editi,
1098 5129 1179 5180 sui
1206 5129 1433 5179 sceleris.

437 5129 465 5275 ξ
490 5200 523 5275 ί)
554 5199 609 5254 1η
640 5199 841 5270 aliquot
868 5212 1024 5275 mss.,
1043 5196 1454 5275 convenientiam
1483 5195 1724 5275 plebium.
1750 5195 1886 5251 Tum
1910 5197 1963 5252 in

367 5267 570 5334 editis,
620 5267 879 5340 nec'cogi
924 5268 988 5322 de
1023 5271 1149 5341 jure
1193 5285 1219 5341 :7
1265 5269 1355 5323 ubi
1410 5267 1461 5321 in
1519 5268 1770 5341 omnibus
1829 5285 1963 5341 mss.

366 5360 466 5401 nec
527 5342 741 5415 cogendi
799 5339 965 5415 jure,
1027 5339 1319 5415 'przemisso
1388 5339 1652 5415 vocabulo
1710 5341 1876 5415 quod“
1912 5339 1965 5415 in

370 5417 494 5474 solo
516 5410 861 5471 Carnutensi.
899 5411 1051 5467 Hanc
1077 5410 1398 5483 sententiam
1443 5410 1667 5481 perinde
1708 5411 1966 5483 intelligi-

372 5504 494 5545 mus
515 5529 530 5553 ,
562 5501 625 5541 ac
654 5486 699 5540 si
733 5487 1001 5555 legeretur
1030 5500 1045 5536 :
1072 5500 1164 5555 nec
1183 5482 1326 5555 sic...
1349 5485 1683 5555 erubescunt,
1706 5483 1841 5551 quod
1881 5482 1971 5538 ea:-

375 5570 612 5631 torquere
635 5553 1027 5631 _conniventiant_
1053 5554 1290 5631 plagiam
1331 5572 1422 5610 nec
1461 5553 1675 5631 cogendi
1711 5557 1837 5628 jure
1861 5571 1970 5631 ⁸ρο-

374 5624 601 5688 luerunt.
627 5627 728 5685 Jus
754 5628 980 5698 cogendi
1014 5624 1113 5698 hic
1128 5625 1208 5681 vis
1236 5626 1383 5681 illata
1419 5624 1726 5698 appellatur
1739 5641 1819 5698 ea
1855 5626 1970 5682 fere

376 5705 591 5761 ratione
618 5743 634 5769 ,
664 5717 769 5773 qua
814 5696 850 5754 l'.
887 5716 944 5756 Ix
978 5698 1045 5773 de
1071 5696 1225 5753 Trin.
1258 5715 1314 5773 ιι.
1348 5696 1692 5773 58,_tlicitur._
1711 5697 1792 5751 Ad
1818 5698 1970 5773 hujus

377 5791 472 5834 nos
514 5768 867 5843 intelligentia:
909 5772 1224 5842 impietatem
1270 5768 1623 5827 haereticorum
1662 5769 1811 5840 fat-ur
1847 5768 1971 5841 jure

2060 3258 2117 3305 ut
2157 3249 2210 3303 in
2241 3246 2599 3304 Athanasium
2631 3249 3036 3316 subscriberet,
3069 3249 3183 3315 ait,
3216 3249 3294 3305 De
3334 3249 3659 3305 sacerdotali

2060 3339 2166 3397 ﬁde
2198 3341 2345 3411 prius
2375 3340 2576 3397 debere
2606 3350 2896 3408 constare;
2921 3351 3231 3412 compertos
3260 3340 3366 3398 sibi
3396 3342 3660 3413 quosdam

2058 3449 2126 3490 ex
2144 3432 2248 3498 his,
2266 3434 2356 3503 qui
2375 3433 2651 3503 adessent,
2672 3433 2927 3490 haeretica
2942 3434 3061 3489 labe
3076 3434 3328 3504 pollutos.
3348 3433 3663 3504 Expositam

2060 3524 2219 3582 ﬁdem
2247 3525 2388 3597 apud
2417 3525 2674 3592 Nicaeam,
2707 3526 2862 3597 cujus
2888 3526 3139 3596 superius
3170 3526 3518 3582 meminimus
3555 3524 3662 3600 (j),

2058 3618 2240 3689 posuit
2287 3617 2342 3672 in
2373 3618 2553 3673 medio
2580 3636 2594 3674 :
2626 3618 2903 3690 spondeus
2930 3619 3112 3672 omnia
3142 3632 3203 3673 se
3224 3659 3241 3685 ,
3269 3632 3392 3689 qua:
3418 3617 3664 3689 postula-

2057 3718 2180 3766 rent
2208 3724 2340 3765 esse
2379 3707 2644 3764 facturum
2671 3751 2686 3774 ,
2720 3708 2795 3778 (It)
2825 3708 2871 3763 si
2903 3707 3027 3764 ﬁdei
3066 3707 3457 3779 professionem
3486 3709 3664 3779 scrip-

2061 3801 2283 3858 sissent.
2322 3801 2607 3873 Dionysius
2634 3800 3057 3856 Mediolanensis
3088 3800 3389 3870 Episcopus
3414 3798 3662 3854 chartam

2062 3897 2269 3967 primus
2286 3895 2498 3966 accepit
2523 3913 2533 3951 :
2561 3895 2649 3951 ubi
2676 3894 2918 3966 profiteri
2944 3892 3232 3949 scribendo
3251 3893 3439 3964 erepit,
3465 3891 3663 3946 Valens

2061 3989 2330 4045 calamum
2354 3997 2411 4044 et
2433 3988 2679 4044 chartam
2705 4003 2739 4043 e
2763 3985 3016 4043 manibus
3034 3985 3154 4057 ejus
3179 3985 3444 4043 violenter
3470 3993 3663 4040 extor-

2059 4127 2280 4195 quodam
2343 4128 2646 4183 necessaria:
2701 4126 3041 4197 confessionis
3103 4124 3383 4196 compellit.
3453 4125 3665 4182 Laudat

2059 4207 2238 4254 autem
2284 4198 2536 4266 Hilarius,
2590 4199 2903 4269 Fragment.
2953 4214 3025 4265 ιι,
3060 4213 3136 4269 ιι.
3176 4197 3280 4263 24,
3325 4197 3666 4254 Sardicensis

2059 4271 2254 4342 synodi
2290 4279 2443 4341 gesta
2467 4313 2482 4338 ,
2529 4270 2616 4324 ubi
2656 4268 2990 4325 insectatione
3034 4268 3344 4324 Arianorum
3392 4276 3566 4325 omnia
3607 4272 3663 4326 in

2062 4340 2400 4397 Athanasium
2435 4342 2654 4397 crimina
2690 4342 2909 4409 conﬁcta
2950 4358 3055 4396 esse
3095 4350 3463 4407 monstrantur,
3500 4352 3547 4398 et
3588 4344 3664 4397 vis

2063 4414 2293 4467 adhibita
2330 4413 2466 4482 plebi
2505 4413 2601 4468 Dei
2629 4454 2643 4474 .
2689 4423 2746 4468 ut
2791 4413 2845 4469 in
2876 4412 3170 4484 pestiferam
3200 4412 3369 4468 letalis
3414 4415 3664 4470 doctrina:

2063 4486 2443 4540 conniventiam
2473 4486 2766 4541 transirent.

1976 4545 2034 4606 D
2130 4559 2208 4628 (νε)
2243 4557 2371 4612 Mss.
2400 4567 2631 4626 excepto
2654 4555 2817 4613 Carn.
2849 4574 2953 4613 non
2979 4568 3237 4629 suspecta.
3267 4558 3524 4629 Proxime
3556 4572 3659 4629 an-

2064 4636 2149 4683 tea
2180 4627 2464 4684 mallemus
2490 4644 2608 4683 cum
2628 4639 2820 4693 reatus,
2845 4642 2953 4684 tum
2974 4627 3298 4685 innocentiae.
3332 4627 3664 4682 Athanasius

2062 4709 2190 4754 ante
2226 4700 2511 4754 concilium
2556 4699 2882 4756 Sardicense
2911 4714 3039 4754 reus
3065 4700 3371 4766 judicatus,
3403 4699 3458 4753 in
3490 4712 3556 4753 eo
3577 4700 3663 4753 in-

2065 4785 2267 4825 nocens
2286 4770 2593 4825 declaratus
2614 4782 2719 4837 est,
2748 4771 3078 4827 absolutioni
3099 4771 3270 4839 ipsius
3282 4770 3472 4840 juncta
3498 4770 3663 4826 Aria-

2066 4855 2258 4896 norum
2286 4840 2660 4897 damnatione.

2139 4909 2207 4984 (Γ)
2240 4911 2316 4984 ita
2348 4911 2519 4984 codex
2551 4910 2674 4967 Vat.
2705 4912 2820 4967 bas.
2852 4909 2957 4965 Alii
2989 4927 3118 4967 vero
3141 4927 3301 4984 ,_qute
3335 4928 3475 4967 mors
3507 4912 3665 4969 scele-

2065 4981 2203 5038 rum.
2230 4982 2403 5039 Antea
2432 4983 2484 5038 in
2517 4998 2673 5049 mss.,
2704 4983 2958 5049 obtunsio,
2989 4997 3096 5039 non
3129 4981 3345 5039 obtusio.

2166 5054 2218 5126 g)
2250 5055 2378 5126 Mss.
2411 5063 2460 5110 et
2483 5064 2696 5112 secreto.
2829 5111 2833 5116 .

2168 5125 2227 5199 lt)
2256 5125 2316 5181 In
2352 5140 2510 5194 mss.,
2540 5128 2792 5182 malitiose
2817 5141 3054 5199 perversa
3085 5127 3361 5183 consumit.
3390 5126 3537 5199 Tum
3568 5140 3671 5182 ex-

2072 5198 2217 5262 cusi,
2250 5200 2504 5270 saporatis
2543 5215 2563 5253 :
2603 5199 2693 5254 ubi
2721 5213 2785 5270 ex
2826 5211 2956 5270 mss.
3006 5199 3124 5255 Vat.
3166 5199 3283 5254 bas.
3332 5198 3670 5254 restituimus

2072 5270 2391 5343 suppuratis.
2421 5270 2512 5327 Sic
2533 5270 2626 5325 lib.
2656 5271 2724 5327 de
2749 5269 2954 5343 Synod.
2988 5287 3043 5326 ιι.
3071 5271 3162 5337 65,
3188 5270 3277 5325 ubi
3304 5286 3372 5324 ex
3399 5270 3668 5339 antiquio-

2075 5341 2223 5416 ribus
2252 5356 2384 5416 mss.
2409 5341 2896 5416 exstatsuppuratte
2921 5342 3197 5416 impietatis
3223 5342 3481 5410 doctrina,
3506 5343 3557 5396 in
3581 5357 3670 5399 re-

2071 5413 2406 5487 centioribus
2434 5412 2629 5487 legitur
2657 5412 2934 5486 soporatos.

2170 5485 2210 5555 ἱ)
2237 5481 2419 5541 Codex
2449 5481 2514 5541 Si
2550 5485 2693 5542 Petri
2719 5481 2864 5542 'cum
2896 5485 3017 5541 aliis
3047 5500 3180 5542 mss.
3223 5486 3485 5541 conventis
3515 5494 3569 5540 ut
3610 5485 3668 5541 in

2072 5555 2412 5611 Athanasium
2431 5558 2829 5616 subscriberent.

2187 5627 2223 5700 ἱ)
2264 5627 2614 5700 Desideratur
2651 5645 2776 5700 pars
2803 5643 2864 5684 ea
2884 5669 2899 5695 ,
2934 5630 2987 5684 in
3012 5644 3118 5700 qua
3147 5628 3351 5685 mentio
3378 5628 3496 5684 hrcc
3524 5638 3665 5685 erat.

2098 5764 2119 5777 _
2146 5698 2399 5784 (kilizlditi,
2422 5701 2573 5784 δίρηο
2587 5698 2707 5784 ﬁdei
2725 5698 3070 5784 professione:
3087 5701 3670 5784 ca‘stigantur‘exmssn
3702 5730 3707 5733 η

2074 5762 2129 5826 l‘n
2153 5762 2343 5842 quibus
2361 5762 2702 5842 scripsissent,
2720 5762 2942 5843 perinde
2954 5772 3037 5829 est
3053 5762 3213 5843 atqite
3224 5762 3670 5851 }ubscripslssentL
