4106 6192
426 203 531 257 563

422 318 518 385 sit,
544 317 784 375 clamans
811 332 916 373 non
944 332 1100 388 posse
1132 313 1246 371 ﬁeri
1273 357 1287 382 ,
1319 322 1378 369 ut
1409 312 1604 387 aliquid
1648 312 1771 373 inde
1799 327 2015 395 gerere-

428 422 537 469 tur.
587 409 697 475 Res
739 419 863 482 post
891 410 1183 471 clamorem
1231 406 1458 462 multum
1486 406 1715 465 deducta
1761 406 1815 469 in
1858 419 2024 465 Cons-

432 502 687 559 cientiam
747 502 920 574 plebis
972 510 1054 558 CH.
1106 500 1338 573 :gravis
1389 499 1626 553 omnium
1676 490 2029 559 dolor'ortus

430 602 559 661 est,
612 593 919 667 impugnata
948 602 1031 647 est
1076 605 1106 655 a
1147 589 1519 646 sacerdotibus
1566 589 1719 645 lidcs.
1768 587 2028 651 Verentes

1632 200 1871 261 SANLLTI
1916 198 2170 259 "NAR"
2221 197 2522 265 EPISCOPI

3627 193 3736 253 θαι

2049 350 2099 410 Δ
2128 312 2288 382 igitur
2328 312 2408 367 illi
2437 312 2619 382 populi
2646 310 2902 382 judicium
2931 350 2945 374 ,
2990 326 3022 364 e
3055 310 3337 367 Dominico
3377 309 3447 367 ad
3477 310 3737 379 palatium

2136 412 2434 460 transeunt.
2469 403 2787 474 Cuiusmodi
2814 403 3138 463 sententiam
3166 402 3219 457 in
3253 402 3545 469 Eusebium
3579 402 3743 475 longe

2133 506 2282 567 ante,
2312 512 2474 566 quam
2513 496 2801 557 ecclesiam
2833 495 2910 569 (a)
2939 495 3339 568 ingrederetur,
3367 495 3691 571 scripserint
3721 515 3737 555 ι

2136 588 2206 645 de
2245 604 2303 645 se
2334 590 2570 660 loquitur
2600 590 2713 663 ipsa
2740 590 3032 646 sententia.

499 731 579 805 (a)
607 731 737 788 Mss.
769 745 983 789 summo
1011 743 1279 787 consensu
1305 771 1320 795 ,
1351 729 1758 801 ingrederentur.
1792 726 1995 784 Deinde
2017 726 2071 783 in
2095 727 2214 783 solo
2240 726 2364 783 Vat.
2409 727 2527 783 bas.
2572 728 2636 782 de
2672 745 2727 784 se
2750 728 2988 799 loquatur
3027 729 3171 799 ipsa,
3214 728 3421 784 omisso
3461 728 3736 782 sententia.

426 847 867 959 ΞῖῖὶῗὲιιΤ

896 989 1007 1061 ΙΝ
1064 986 1640 1061 LIBELLUM
1679 984 2550 1074 SUBSEQUENT-EM
2579 984 3239 1061 ADMONITIO.

501 1230 759 1295 Hilarius,
829 1229 1147 1299 Hieronyme
1191 1234 1338 1290 teste,
1409 1240 1525 1278 cum
1585 1219 2033 1293 Constantinam“

428 1334 749 1390 versaretur,
818 1321 1044 1378 libellum
1113 1318 1413 1375 Constantio
1463 1318 1572 1390 ipse
1620 1314 1855 1371 tradidit.
1910 1313 2032 1368 Huc

442 1416 579 1471 enim
611 1413 851 1470 Seleucia
875 1412 1059 1485 synodi
1091 1410 1286 1483 legatos
1312 1418 1537 1477 secutus,
1569 1418 1623 1462 ut
1652 1424 1768 1473 cum
1799 1405 2039 1477 Sulpicio

427 1508 621 1567 Severo
653 1507 944 1578 loquamur,
977 1505 1063 1558 ubi
1084 1512 1368 1559 extremum
1398 1501 1519 1571 ﬁdei
1551 1499 1836 1572 periculum
1868 1499 2032 1553 anim-

425 1602 662 1667 advertit,
710 1598 1027 1653 audientiam
1067 1597 1201 1666 regis
1232 1595 1482 1667 poposcit,
1530 1601 1586 1645 ut
1619 1591 1682 1645 de
1727 1590 1831 1659 ﬁde
1858 1603 2035 1643 coram

422 1693 734 1765 disputaret.
768 1690 917 1758 Quod
961 1690 1013 1743 in
1064 1690 1203 1742 hunc
1228 1685 1460 1741 libellum
1488 1683 1711 1738 maxime
1740 1682 2028 1749 convenire,

430 1789 511 1842 vel
553 1804 616 1842 ex
662 1786 811 1841 titulo
854 1786 907 1839 in
950 1784 1184 1838 onmibus
1224 1797 1349 1835 mss.
1393 1787 1677 1851 pra'notato
1710 1776 2036 1848 perspicuum

428 1892 525 1936 est.
581 1879 800 1934 Oblatas
823 1888 896 1932 est
924 1886 1095 1931 autem
1122 1874 1223 1931 sub
1249 1875 1346 1929 lite
1370 1858 1593 1939 famosa,
1629 1871 1753 1924 dum
1779 1869 1870 1923 alii
1916 1869 2035 1923 sub-

428 1975 633 2028 stantia:
680 1986 863 2025 nomen
890 1966 1235 2034 retinentium,
1270 1964 1362 2019 alii
1400 1962 1737 2035 rejiciendum
1764 1976 1873 2017 esse
1916 1976 2039 2013 con-

436 2066 731 2129 tenderent;
753 2062 853 2119 sub
881 2060 1090 2134 synodo
1120 2057 1427 2125 dissidenti,
1462 2055 2038 2127 Constantinopolitana

432 2158 649 2223 scilicet,
704 2171 818 2227 qua:
866 2170 968 2208 non
994 2152 1163 2207 minus
1192 2149 1317 2220 ﬁde,
1364 2165 1520 2219 quam
1567 2147 1780 2219 privatis
1819 2146 2037 2219 jurgiis,

433 2249 603 2304 varias
649 2247 703 2301 in
753 2255 922 2315 partes
969 2242 1293 2298 scindebatur
1324 2255 1343 2294 :
1383 2240 1696 2311 proindeque
1740 2254 1876 2291 anno
1935 2235 2042 2292 560

433 2344 666 2409 ineunte,
699 2355 798 2410 quo
824 2340 933 2394 [nec
963 2337 1192 2409 synodus
1232 2335 1479 2390 celebrata
1509 2342 1601 2388 est.
1652 2333 1782 2400 Quae
1825 2348 1940 2386 cuin
1968 2331 2042 2386 ita

434 2434 560 2501 sint,
601 2438 710 2487 tum
754 2449 785 2485 a
834 2429 1108 2485 Ferrando
1145 2428 1363 2482 diacono
1409 2428 1555 2498 epist.
1599 2426 1666 2479 ad
1694 2422 1964 2496 Pelagium
1994 2431 2043 2477 et

441 2528 651 2595 Anatol.
701 2541 846 2581 num.
879 2525 934 2591 2,
968 2534 1073 2576 tum
1104 2525 1155 2576 in
1186 2522 1449 2576 ueterrimo
1491 2519 1730 2575 Basilica
1779 2518 2045 2573 Vaticame

437 2618 725 2690 exemplari
747 2635 849 2673 non
874 2616 990 2672 ideo
1032 2617 1329 2671 inscribitur
1375 2616 1512 2671 liber
1553 2615 1618 2669 ad
1668 2614 2043 2669 Constantium

437 2712 732 2778 secundus,
784 2711 926 2782 quod
976 2726 1091 2764 cum
1136 2709 1400 2779 superiore
1448 2712 1725 2776 coltwreat,
1774 2711 1864 2762 sed
1909 2706 2045 2778 quod

437 2814 665 2877 tempore
695 2805 952 2874 posterior
979 2803 1066 2857 sit.
1097 2802 1226 2857 Aliis
1254 2801 1339 2857 hic
1373 2802 1749 2872 suspiciendam
1798 2802 2048 2871 relinqui-

439 2914 553 2952 mus
619 2896 973 2951 incredibilem
1030 2897 1343 2951 sanctissimi
1409 2898 1646 2970 prazsulis
1703 2897 2044 2969 vigilantiam,

2131 1219 2221 1277 Ita
2266 1222 2419 1278 etiam
2471 1222 2569 1283 hac
2618 1224 2777 1287 animi
2828 1227 2907 1280 sui
2954 1224 3336 1299 signiﬁcatione
3372 1226 3517 1299 apud
3563 1243 3742 1284 omnes

2134 1316 2335 1387 paravit
2378 1314 2475 1371 sibi
2526 1316 2703 1397 ﬁdem,
2755 1326 2811 1372 ut
2858 1333 2977 1372 cum
3025 1316 3185 1388 paulo
3228 1328 3339 1391 post
3388 1319 3656 1390 asperiora
3688 1320 3743 1387 in

2135 1404 2495 1463 Constantium
2542 1410 2847 1480 scripturus,
2899 1410 3046 1464 nulla
3090 1426 3143 1465 se
3190 1411 3536 1480 impatientia,
3585 1413 3749 1481 nullis

2136 1500 2375 1555 humanis
2417 1500 2691 1569 affectibus
2737 1503 2805 1556 ad
2852 1504 2908 1559 id
2937 1502 3134 1575 impelli
3161 1505 3373 1571 diceret,
3423 1506 3740 1571 crederetur.

2138 1590 2359 1647 Erasmo
2389 1594 2485 1648 etsi
2515 1595 2738 1649 minutus
2776 1595 2916 1651 visus
2958 1605 3033 1650 est
3062 1596 3144 1650 hic
3181 1597 3309 1652 liber
3350 1613 3370 1651 :
3417 1598 3547 1663 nihil
3593 1598 3649 1651 in
3688 1615 3749 1652 eo

2140 1694 2308 1741 tamen
2337 1702 2551 1759 prorsus
2580 1687 2981 1745 desiderandum
3006 1697 3100 1742 est.
3132 1687 3271 1742 Nam
3298 1706 3569 1760 operosum
3611 1688 3749 1745 illud

2139 1788 2189 1833 et
2234 1790 2491 1847 exactum,
2544 1781 2685 1850 quod
2739 1797 2853 1834 eum
2898 1781 3128 1853 polliceri
3171 1799 3262 1836 nec
3301 1792 3547 1853 praestare
3576 1792 3749 1849 notat,

2143 1886 2247 1926 non
2299 1872 2369 1925 ad
2409 1872 2542 1926 ltunc
2592 1871 2821 1930 libellum
2868 1874 3105 1946 pertinet,
3153 1874 3243 1929 sed
3278 1873 3347 1929 ad
3376 1873 3639 1945 publicam
3685 1875 3754 1947 de

2144 1965 2248 2036 ﬁde
2293 1965 2714 2038 disputationem,
2766 1966 2917 2031 cuius
2966 1975 3190 2038 potestas
3233 1967 3328 2022 hoc
3357 1966 3532 2027 libello
3571 1978 3754 2038 postu-

2143 2057 2302 2123 latur.
2683 2114 2689 2121 ,

2213 2151 2495 2226 Synopsis.
2519 2149 2682 2206 —In
2720 2155 2836 2226 ejus
2884 2151 3099 2209 exordio
3138 2150 3377 2211 Hilarius
3421 2168 3477 2208 se
3517 2152 3757 2209 malens

2145 2248 2434 2319 confessus,
2484 2247 2608 2318 petit
2656 2255 2713 2299 ut
2755 2244 3099 2305 Saturninum
3145 2255 3445 2318 prtesentem
3491 2262 3649 2315 usque
3685 2245 3757 2311 ad

2146 2339 2519 2410 confessionem
2549 2337 2801 2413 falsorum
2826 2353 2938 2409 qua:
2967 2339 3022 2395 in
3050 2355 3110 2392 ea
3132 2355 3288 2393 causa
3318 2338 3475 2410 gessit
3499 2336 3752 2392 adducat.

2148 2431 2286 2487 Tum
2336 2448 2452 2506 qua:
2498 2448 2597 2485 sua
2624 2441 2742 2486 sunt
2769 2432 2981 2499 oblitus,
3026 2416 3331 2502 imperatori
3366 2433 3489 2502 ﬁdei
3535 2448 3759 2509 cognos—

2144 2524 2322 2579 cenda:
2349 2524 2541 2596 cupido
2571 2525 2802 2596 exponit,
2834 2526 2924 2599 qui
2969 2541 3033 2580 ea:
3060 2526 3313 2597 frequenti
3355 2524 3638 2595 mutatione
3665 2541 3763 2579 ac-

2148 2618 2330 2672 ciderit
2360 2616 2668 2686 evangelica:
2691 2618 2813 2687 ﬁdei
2842 2618 3106 2688 corruptio
3130 2632 3149 2672 :
3171 2616 3407 2689 adeoque
3428 2620 3496 2695 ad
3518 2617 3763 2691 baptismi

2147 2711 2305 2795 ﬁdem
2332 2710 2651 2768 redeundum
2680 2709 2880 2772 suadet.
2914 2709 3248 2795 Imperatoris
3298 2709 3485 2769 deinde
3526 2711 3763 2775 studium

2148 2794 2348 2871 laudat,
2391 2806 2547 2881 ﬁdem
2590 2813 2789 2864 tantum
2820 2803 3103 2877 secundum
3150 2821 3209 2858 ea
3247 2819 3359 2877 qua:
3402 2807 3593 2875 scripta
3637 2811 3769 2857 sunt

2151 2900 2517 2956 desiderantis.
2566 2899 2860 2955 Commonet
2904 2909 3095 2971 tamen,
3144 2897 3346 2967 nullum
3389 2913 3496 2951 esse
3543 2896 3762 2952 hcet-eti-

437 2989 813 3058 fortitudinem,
862 2990 1188 3059 prudentium
1219 3006 1279 3043 ac
1308 2990 1484 3060 ﬁdem,
1531 3008 1633 3061 qua
1660 3009 1794 3046 unus
1821 2994 2049 3061 quamvis
2076 3016 2123 3081 ο
2156 3012 2293 3060 cum,
2326 2996 2411 3067 qui
2444 3005 2732 3049 commenta
2774 3009 2865 3049 sua
2911 3009 2975 3046 ea:
3003 2990 3290 3077 Scripturis
3335 3006 3436 3063 non
3467 2989 3763 3071 conﬁrmet.

444 3079 612 3146 exsul,
669 3081 923 3135 Ita'reticis
946 3082 1270 3157 imperatoris
1318 3093 1562 3153 potestate
1592 3085 1824 3150 armatis,
1853 3086 1905 3138 in
1936 3086 2049 3153 ipsa

438 3173 585 3242 regia
632 3173 833 3227 civitate
859 3191 969 3228 sese
1013 3192 1115 3229 non
1149 3177 1317 3247 timuit
1371 3194 1642 3248 apponere,
1703 3179 1804 3233 into
1840 3179 1919 3232 sui
1949 3189 2050 3231 ter-

437 3279 607 3319 rorem
656 3266 882 3319 incutere
929 3268 1106 3320 valuit.
1168 3266 1348 3337 Neque
1394 3269 1525 3321 enim
1575 3269 1720 3339 inani
1766 3281 1952 3323 conatu
1998 3286 2050 3323 se

442 3355 696 3409 haereticis
723 3358 983 3426 opposuit,
1024 3359 1113 3426 qui
1153 3359 1267 3413 licet
1310 3377 1413 3413 non
1451 3360 1726 3415 obtinuerit
1770 3363 1906 3433 quod
1952 3363 2048 3416 hoc

444 3445 618 3500 libello
664 3449 924 3516 poscebat.
975 3466 1060 3503 eos
1111 3460 1243 3504 certe
1292 3451 1607 3521 inﬁrmitatis
1655 3468 1763 3507 sua:
1802 3455 2040 3510 convicit.

441 3575 925 3598 —.———_

442 3655 805 3750 δίε-544

2156 3090 2378 3145 Densum
2401 3087 2666 3161 pollicitus
2693 3087 2823 3143 nihil
2848 3103 2903 3155 se
2928 3102 3030 3139 non
3057 3100 3119 3141 ex
3147 3084 3454 3161 Scripturis,
3501 3080 3631 3155 nihil
3655 3098 3764 3136 non

2153 3184 2222 3253 ad
2255 3158 2484 3253 Orientis
2515 3191 2563 3237 et
2597 3179 2887 3236 Occidentis
2910 3195 3109 3255 pacem,
3142 3158 3279 3231 nihil
3303 3192 3404 3261 non
3428 3192 3541 3229 cum
3567 3175 3770 3229 honore

2152 3278 2295 3354 regni
2324 3294 2384 3332 ac
2411 3278 2566 3348 regia:
2586 3277 2709 3351 ﬁdei
2739 3258 3019 3349 dicturum,
3067 3258 3621 3359 quoddanttsermonis
3672 3274 3765 3341 fn-

2150 3374 2255 3439 turi
2288 3373 2472 3447 pignus
2498 3370 2781 3441 praemittit.

1299 3677 2018 3844 SANCTI
2128 3685 2910 3841 HILARII

882 3940 1091 4044 Al)
1219 3936 2330 4048 CONSTANTIUM
2461 3906 3303 4049 AUGUSTUM

1729 4137 1972 4201 LIBER
2038 4137 2473 4219 SECUNDUS;

1399 4275 1546 4326 αυκι
1575 4277 1645 4318 ΕΤ
1679 4276 2174 4321 ωκετικτιηοιιοιι
2203 4278 2367 4319 ΕΙΒΕΙ
2389 4278 2503 4320 IPSE
2530 4278 2803 4321 TRADIDI‘I‘.

1825 4376 1845 4443 (
1871 4375 2095 4445 Scriptus
2115 4389 2244 4427 anno
2266 4376 2403 4441 560.)

520 4484 575 4540 i.
628 4482 868 4555 Hilarius
914 4484 968 4538 in
1018 4484 1153 4555 regis
1206 4485 1495 4557 praesentia.
1524 4515 1597 4527 —
1631 4486 1748 4541 Non
1800 4501 1918 4542 sum
1967 4487 2438 4571 ne-Dreligiosa,
2484 4486 2766 4571 dijudicet.
2816 4489 2884 4546 Et
2930 4491 3053 4561 quia
3080 4491 3211 4549 milii
3242 4507 3272 4548 a
3314 4493 3431 4550 Deo
3458 4494 3768 4566 prtesentiaz

442 4575 610 4645 scius,
646 4575 882 4647 piissime
912 4575 1227 4647 imperator,
1253 4592 1312 4633 ea
1331 4592 1451 4649 qua:
1477 4577 1633 4649 (a)de
1659 4580 1936 4639 nonnullis
1964 4595 2059 4637 ne-

446 4669 608 4741 gotiis
630 4669 694 4724 ad
713 4668 1062 4741 conscientiae
1086 4670 1313 4743 publica:
1338 4671 1671 4740 audientiam
1690 4672 2054 4744 proferantur,

451 4776 550 4831 pro
578 4760 840 4831 dignitate
856 4778 1047 4817 eorum
1069 4764 1158 4832 qui
1178 4764 1525 4834 eloquuntur,
1542 4765 1627 4820 vel
1649 4768 1833 4836 gravia
1874 4767 2059 4822 existi-

449 4851 587 4907 mari
636 4852 845 4921 solere,
895 4854 980 4910 vel
1011 4854 1152 4911 levia
1182 4874 1195 4909 :
1231 4854 1304 4928 (ὁ)
1332 4856 1457 4912 dum
1491 4855 1813 4931 distantibus
1841 4858 2057 4929 opinio-

453 4942 637 5010 nibus,
663 4945 967 5019 ambiguam
991 4947 1314 5027 sententiam
1338 4948 1402 5003 ad
1429 4947 1663 5019 studium
1688 4949 2057 5021 intelligentia:

442 5050 728 5107 promovet
757 5038 992 5095 hominis
1019 5051 1385 5113 contemptus,
1429 5053 1525 5100 aut
1557 5045 1754 5113 gratia.
1783 5045 1889 5100 Sed
1920 5044 2052 5100 mihi

450 5128 592 5200 apud
642 5139 694 5186 te
738 5131 808 5188 de
855 5132 1037 5189 divina
1088 5149 1146 5189 re
1184 5134 1281 5206 .pia
1327 5134 1561 5201 dicturo,
1609 5137 1785 5211 nullus
1813 5136 2051 5208 vulgatae

451 5225 857 5293 consuetudinis
901 5237 1074 5289 metus
1120 5240 1204 5299 est
1253 5247 1265 5284 :
1313 5227 1459 5301 quia,
1510 5243 1632 5291 cum
1680 5230 1756 5295 sis
1783 5229 1960 5301 bonus
1990 5246 2053 5303 ac

454 5316 769 5387 religiosus,
824 5336 925 5381 nec
973 5319 1159 5381 vitium
1199 5320 1384 5390 iudicii
1431 5321 1572 5391 apud
1599 5320 1893 5393 prudentes
1925 5323 2046 5379 relio

458 5411 701 5486 gionum,
729 5412 857 5486 quid
885 5429 915 5468 a
957 5428 1066 5486 quo
1105 5414 1308 5489 audiat,
1337 5413 1433 5470 sed
1470 5427 1538 5470 an
1568 5430 1689 5486 quae
1718 5414 1899 5481 audiat
1944 5413 2055 5471 sint

520 5570 596 5644 (a)
626 5571 808 5652 Codex
837 5572 960 5652 Ἶρι.
992 5574 1248 5652 basilicae,
1273 5575 1342 5652 de
1382 5573 1636 5652 plerisque
1664 5576 1727 5634 de
1754 5576 2042 5635 nonnullis.

454 5638 697 5717 Ferieta
721 5644 974 5717 plerisque
998 5646 1061 5703 de
1087 5638 1369 5703 nonnullis.

523 5710 598 5783 (ὁ)
626 5710 903 5791 ⁷1η’ῃιεε.’
931 5716 1055 5785 dum
1093 5717 1175 5778 Itis
1220 5719 1376 5789 tantis
1416 5720 1785 5811 opinionibus:
1809 5733 1866 5787 et
1909 5737 2036 5795 mox

2162 4568 2275 4635 tuae
2308 4568 2682 4652 Opportunitas
2712 4583 2949 4654 praesuta
2974 4593 3079 4653 est,
3114 4599 3213 4655 nec
3238 4600 3365 4657 erga
3400 4587 3515 4641 haec
3540 4587 3767 4656 quidtm

2160 4675 2506 4735 conscientias
2532 4690 2668 4735 metu
2697 4680 2931 4733 cessavit
2957 4676 3197 4737 cilicium
3224 4697 3237 4733 :
3270 4679 3403 4737 utin
3429 4695 3576 4746 cinia,
3601 4695 3767 4750 quem

2160 4767 2302 4851 apud
2354 4778 2403 4823 te
2445 4767 2622 4838 habeo
2668 4768 2736 4823 de
2783 4769 3048 4841 religione
3095 4787 3425 4841 sermonem,
3472 4774 3774 4844 indignitas

2161 4858 2299 4915 forte
2327 4859 2501 4930 aliqua
2535 4871 2706 4921 tecum
2738 4861 3009 4933 loquentis
3037 4865 3295 4935 offendat.

2229 4951 2283 5007 2.
2337 4950 2525 5013 Gallia:
2550 4950 2799 5013 Ecclesiis
2846 4959 3210 5023 communicat.
3261 4958 3485 5017 Exsulat
3511 4962 3769 5032 factione.

2156 5042 2238 5098 De
2265 5060 2359 5099 sua
2384 5045 2681 5101 innocentia
2710 5063 2941 5102 securus.
2967 5079 3036 5090 —
3069 5050 3372 5120 EpiscOpus
3414 5067 3516 5122 ego
3556 5069 3676 5107 sum
3712 5056 3771 5112 in

2156 5137 2394 5195 omnium
2421 5136 2496 5214 (ο)
2548 5137 2873 5199 Gallicarum
2921 5143 3277 5200 ecclesiarum
3328 5155 3488 5228 atque
3551 5148 3772 5219 episco-

2162 5242 2351 5299 porum
2380 5233 2786 5303 communione,
2840 5234 2969 5291 licet
2999 5236 3055 5295 in
3086 5237 3303 5306 exsilio,
3332 5253 3680 5309 permanens,
3712 5252 3774 5307 et

2124 5350 2130 5355 υ
2157 5320 2417 5379 Ecclesiae
2437 5322 2613 5379 adhuc
2639 5340 2734 5395 per
2776 5328 3124 5402 presbyteros
3147 5347 3299 5399 meos
3324 5336 3769 5393 communionem

2155 5414 2502 5471 distribuens.
2539 5416 2745 5473 Exsulo
2773 5428 2954 5476 autem
2986 5437 3092 5478 non
3123 5425 3372 5493 crimine,
3422 5425 3522 5482 sed
3569 5425 3771 5482 factio-

2146 5588 2574 5729 ggnéqqutémon
2604 5592 2865 5655 promovet
2886 5601 2906 5642 :
2932 5600 2997 5651 ac
3024 5596 3209 5663 postea
3243 5589 3296 5656 in
3320 5588 3531 5665 dugbus
3567 5591 3761 5673 gloria,

2211 5724 2293 5806 (cf
2313 5724 2438 5796 Mss.
2471 5724 2779 5811 Galliarum.
