4106 6192
330 228 443 293 565

1246 208 1253 221 ’
1292 235 1385 294 AD
1423 235 1907 301 consum-nun
1944 241 2330 313 sucusruu
2366 246 2575 317 LIBER
2612 251 2678 312 ιι.

3541 269 3649 337 566

335 362 435 417 ne;
465 356 523 407 et
729 348 931 423 muniis
962 349 1174 459 synodi
1196 350 1261 410 ad
1289 359 1341 411 te
1365 354 1746 428 imperatorem
1768 356 1938 439 plum,
1971 363 2025 426 Α
2049 363 2377 439 praedicant;
2410 367 2600 433 urbem
2630 377 2892 431 aeternum
2922 375 3126 451 erroris
3169 385 3225 435 et
3266 380 3548 459 redeuntis
3597 390 3649 445 in

340 459 447 502 non
515 443 593 521 ob
612 444 849 519 aliquam
899 447 1184 511 criminum
1236 464 1485 521 meorum
1531 452 1943 522 conscientiam,

338 551 444 609 per
471 534 672 610 impios
719 536 969 605 homines
991 538 1066 613 (a)
1110 539 1346 599 delatus.
1387 541 1497 600 Nec
1545 544 1719 601 levem
1769 544 1945 602 habeo

338 632 575 703 querela:
601 646 736 690 mea:
764 639 955 691 testem
985 633 1265 697 dominum
1297 651 1477 692 meum
1506 637 1813 715 religiosum
1828 637 1946 698 Cte-

338 737 517 780 sarem
545 730 698 780 tuum
723 723 996 783 Iulianum
1026 744 1040 780 :
1072 727 1163 798 qui
1194 726 1315 799 plus
1346 728 1397 784 in
1439 729 1635 786 exsilio
1664 746 1786 787 meo
1811 746 1941 788 cono

339 817 576 875 tumelize
629 831 661 873 a
709 817 886 887 malis,
940 832 1102 891 quam
1154 835 1256 892 ego
1306 820 1542 893 injurias,
1593 823 1831 894 pertulit.
1884 824 1942 881 In

337 920 591 983 promptu
616 909 763 967 enim
786 921 912 967 sunt
940 910 1157 983 pietatis
1183 922 1379 969 vesme
1410 914 1603 971 litterae
1631 934 1645 971 :
1675 914 1814 971 falsa
1847 930 1944 973 au-

338 1013 445 1061 tem
474 1018 665 1059 eorum
697 1004 903 1067 omnia.
940 1003 1013 1077 (ὁ)
1041 1019 1161 1074 quae
1191 1005 1245 1060 in
1292 1006 1543 1062 exsilium
1590 1022 1769 1063 meum
1815 1024 1943 1080 pro-

337 1106 686 1167 curaverant,
737 1110 847 1153 non
893 1096 947 1153 in
992 1096 1225 1155 obscuro
1253 1109 1397 1155 sunt.
1431 1098 1550 1171 ipse
1571 1116 1785 1173 quoque
1816 1101 1939 1176 (Sa-

335 1190 609 1259 turninus,
642 1188 746 1253 uid.
795 1189 889 1246 lib.
922 1189 987 1247 de
1025 1190 1229 1263 Synod.
1273 1208 1326 1245 η.
1354 1190 1410 1263 2)
1433 1193 1517 1249 vel
1540 1193 1802 1261 minister,
1850 1194 1940 1251 vel

334 1293 524 1341 auctor
569 1293 845 1357 gestorum
888 1282 1153 1353 omnium,
1213 1285 1353 1341 intra
1409 1286 1549 1342 hanc
1595 1287 1783 1344 urbem
1831 1295 1933 1345 est.

336 1374 782 1443 Circuntventum
856 1384 910 1433 te
966 1375 1307 1448 Augustum,
1366 1377 1693 1450 illusumqne
1759 1381 1939 1436 Caesa-

334 1485 453 1529 rem
500 1476 652 1541 tuum
709 1484 774 1529 ea
830 1470 1110 1529 conlidens
1178 1473 1524 1529 conscientiae
1571 1489 1705 1530 meae
1747 1475 1937 1531 condi-

330 1565 478 1619 tione
509 1561 851 1639 patel’aciam,
877 1572 937 1619 ut
966 1564 1011 1619 si
1042 1562 1320 1639 indignum
1371 1566 1570 1637 aliquid
1618 1584 1729 1623 non
1774 1567 1935 1624 modo

330 1656 571 1728 episcopi
603 1656 911 1725 sanctitate,
955 1657 1050 1713 sed
1091 1659 1255 1714 etiam
1296 1657 1418 1713 laici
1464 1657 1768 1731 integritate
1812 1676 1936 1732 ges-

2050 470 2378 555 se_semper
2423 461 2739 522 certaminis
2789 466 3258 545 circumtulerunt.
3327 470 3655 555 Oportuerat

2048 549 2217 651 enim,
2253 551 2504 651 bumante
2555 553 2884 616 infirmitatis
2927 562 3221 634 modestia,
3261 549 3426 643 omne
3458 549 3653 651 positi-

2048 643 2210 701 tionis
2238 644 2435 701 divinae
2456 660 2855 708 sacramentum
2890 653 2995 710 illis
3044 664 3252 713 tantum
3302 643 3652 721 conscientia:

2047 751 2161 792 sure
2208 736 2406 795 ﬁnibus
2448 742 2717 798 contineri
2768 744 2965 816 quibus
3014 748 3271 825 credidit,
3313 767 3490 825 neque
3532 768 3650 827 post

2046 830 2352 889 confessam
2376 843 2429 888 et
2453 832 2687 905 juratam
2721 838 2773 893 in
2826 837 3093 910 baptismo
3143 842 3302 899 ﬁdem
3345 846 3402 901 in
3449 851 3654 904 nomine

2047 921 2227 978 Patris
2257 934 2303 978 et
2328 925 2426 993 ﬁlii
2449 937 2497 982 et
2527 926 2756 1002 Spiritus
2821 933 3007 999 sancti,
3043 935 3340 1009 quidquam
3373 938 3521 1005 aliud
3556 943 3647 998 Vel

2044 1015 2341 1088 ambigere,
2373 1017 2458 1074 vel
2486 1019 2766 1077 innovare.
2802 1021 2910 1095 Sed
2962 1026 3319 1096 quorumdam
3366 1039 3461 1087 aut
3504 1048 3648 1105 prm-

2043 1110 2303 1179 sumptio,
2336 1120 2428 1166 aut
2454 1110 2529 1182 (ε)
2556 1112 2810 1183 facilitas,
2840 1125 2933 1171 aut
2958 1132 3134 1186 error,
3163 1123 3477 1193 apostolicae
3519 1126 3647 1185 doc-

2044 1200 2200 1256 trina:
2248 1202 2688 1261 indemutabilem
2736 1206 2898 1283 555
2942 1211 3390 1270 constitutionem
3440 1219 3638 1288 partim

2043 1290 2412 1349 fraudulenter
2436 1295 2689 1351 confessa
2718 1309 2823 1366 est,
2870 1301 3066 1369 partim
3097 1303 3356 1362 audacter
3382 1322 3601 1379 egressa
3630 1329 3644 1366 :

2042 1384 2171 1441 dum
2194 1386 2247 1441 in
2276 1386 2622 1447 confessione
2650 1390 2829 1449 Patris
2860 1399 2916 1448 et
2945 1393 3064 1449 Filii
3091 1405 3146 1455 et
3190 1396 3422 1468 Spiritus
3475 1404 3647 1458 sancti

2040 1480 2327 1536 veritatem
2370 1484 2631 1539 naturalis
2674 1484 3082 1555 signiﬁcationis
3125 1489 3312 1557 eludit,
3359 1491 3430 1565 (ί)
3485 1509 3553 1549 ne
3594 1495 3644 1550 id

2040 1581 2287 1628 maneret
2316 1572 2371 1628 in
2395 1589 2581 1642 sensu,
2611 1576 2753 1646 quod
2779 1576 2829 1630 in
2855 1578 3283 1650 regenerationis
3306 1595 3648 1641 sacramento

2038 1673 2122 1722 est
2166 1666 2559 1722 conﬁtendum.
2610 1668 2693 1724 0b
2735 1668 2839 1725 hoc
2887 1686 3052 1742 penes
3099 1675 3456 1744 quorumdam
3512 1693 3645 1745 con-

328 1749 468 1809 sisse
494 1748 714 1819 docear,
746 1765 853 1807 non
879 1748 995 1822 jam
1025 1751 1391 1811 sacerdotium
1425 1767 1522 1825 per
1570 1755 1783 1810 veniam
1833 1771 1927 1811 ex-
1956 1763 2007 1827 Β
2034 1760 2313 1815 scientiam
2367 1775 2469 1816 nec
2514 1760 2675 1817 Pater
2720 1771 2897 1833 pater.
2945 1778 3046 1821 nec
3091 1764 3259 1821 Filius
3304 1766 3468 1837 ﬁlius,
3540 1787 3641 1827 nec

326 1851 617 1917 spectem,
682 1842 779 1903 sed
835 1844 980 1902 intra
1030 1844 1405 1917 paenitentiam
1460 1848 1580 1903 laici
1637 1863 1930 1917 consenes-

326 1951 469 1993 cam.

394 2028 451 2086 ὅ.
482 2028 671 2093 Audiri
712 2036 862 2102 rogat
886 2030 1055 2089 exsilii
1099 2031 1183 2101 sui
1207 2039 1415 2088 auctore
1442 2043 1709 2105 prtescnte.
1736 2034 1924 2092 Libelli

324 2121 485 2194 hujus
536 2135 725 2177 cause.
775 2150 846 2162 —
887 2120 1017 2179 Haec
1069 2132 1249 2185 autem
1299 2138 1474 2189 nunc,
1522 2124 1932 2198 dignantissime

325 2213 645 2284 imperator,
679 2212 906 2283 arbitrio
937 2222 1029 2271 tuo
1058 2213 1402 2287 derelinquo,
1436 2226 1706 2287 quatenus
1727 2230 1781 2275 et
1803 2234 1929 2290 quo.

322 2302 488 2365 modo
517 2318 607 2360 me
629 2304 793 2375 jubes
824 2305 990 2379 loqui,
1038 2314 1094 2364 et
1120 2320 1184 2371 ea
1224 2322 1345 2379 quae
1370 2308 1615 2381 maxime
1662 2317 1843 2385 tecum
1871 2310 1928 2369 in

325 2407 571 2468 tempore
593 2396 699 2471 hoc
726 2397 931 2469 agenda
960 2409 1086 2455 sunt
1131 2412 1449 2471 prosequor.
1504 2399 1665 2456 Dabis
1710 2404 1926 2474 quidem

322 2489 377 2547 id
410 2491 464 2546 in
493 2505 738 2565 praesens
768 2491 1140 2555 instructionis
1163 2492 1229 2548 ad
1251 2507 1497 2577 causam,
1520 2504 1578 2549 ut
1603 2505 1927 2566 praesentem

321 2598 471 2651 eum,
492 2582 649 2655 cujus
673 2583 974 2640 ministerio
1003 2585 1210 2655 exsnlo,
1247 2599 1417 2658 usque
1438 2586 1503 2641 ad
1528 2588 1927 2645 confessionem

322 2658 586 2732 falsorum
617 2692 737 2748 qua;
766 2679 937 2751 gessit
956 2676 1242 2747 adducam.
1279 2676 1384 2734 Sed
1414 2678 1546 2751 nihil
1572 2679 1641 2735 de
1683 2695 1770 2749 eo,
1820 2681 1925 2741 nisi

319 2781 446 2845 eum
491 2752 1010 2849 jusseri3,'loquar.
1062 2768 1214 2823 Nunc
1258 2777 1440 2824 autem
1474 2769 1572 2841 (c),
1620 2771 1744 2842 quia
1792 2771 1925 2827 mihi

320 2869 503 2917 metus
522 2869 607 2916 est
633 2859 702 2925 de
728 2861 913 2916 mundi
942 2862 1209 2933 periculo,
1237 2862 1306 2919 de
1353 2862 1555 2937 silentii
1600 2866 1705 2941 mei
1747 2875 1922 2943 reatu,

319 2953 388 3025 de
408 2953 620 3024 judicio
644 2951 765 3022 Dei,
789 2969 917 3010 cura
948 2965 1128 3012 autem
1174 2966 1261 3012 est
1302 2956 1369 3012 de
1412 2972 1529 3028 spe,
1576 2957 1644 3019 de
1681 2957 1811 3025 vita,
1856 2959 1925 3015 de

320 3045 736 3115 immortalitate
765 3062 872 3102 non
914 3057 1020 3103 tam
1071 3064 1210 3119 mea,
1263 3066 1423 3121 quam
1474 3059 1587 3119 tua,
1640 3051 1924 3108 universo-

2033 1850 2266 1922 Spiritus
2294 1860 2514 1925 sanctus
2558 1851 2779 1925 spiritus
2829 1864 3049 1910 Sanetus
3078 1864 3181 1912 est.
3209 1857 3323 1914 Sub
3350 1859 3505 1933 cujus
3544 1877 3641 1919 ne-

2031 1942 2303 1999 cessitatis
2332 1941 2411 2018 (g)
2457 1953 2730 2017 tamquam
2778 1943 3123 2015 improbabili
3170 1949 3480 2018 occasione,
3508 1953 3643 2007 scri-

2034 2033 2223 2107 bendae
2271 2044 2433 2123 atque
2473 2036 2798 2092 innovanda:
2826 2037 2948 2093 lidei
2972 2039 3169 2095 exinde
3215 2055 3347 2097 usus
3394 2041 3636 2100 inolevit.

2032 2125 2134 2195 Qui
2184 2134 2309 2198 post
2354 2143 2515 2205 quam
2560 2142 2698 2185 nova
2737 2128 2917 2200 potius
2962 2132 3128 2201 etrapit
3168 2132 3423 2201 condere,
3475 2151 3635 2206 quam

2032 2229 2253 2292 accepta
2277 2221 2547 2299 retinere;
2577 2236 2677 2303 nec
2700 2230 2943 2279 veterata
2972 2222 3235 2291 defendit,
3255 2240 3357 2282 nec
3375 2227 3632 2284 innovata

2032 2313 2269 2370 firmavit
2298 2331 2313 2368 :
2343 2322 2399 2370 et
2422 2312 2564 2371 facta
2611 2323 2695 2371 est
2735 2314 2871 2391 fides
2912 2323 3217 2388 temporum
3262 2320 3444 2390 potius
3472 2337 3633 2393 quant

2036 2408 2478 2481 Evangeliorum,
2506 2407 2634 2465 dum
2664 2416 2721 2465 et
2744 2408 3041 2466 secundum
3072 2425 3244 2468 annos
3270 2391 3632 2484 'describitui',

2035 2508 2094 2575 et
2140 2500 2434 2557 secundum
2484 2500 2881 2558 confessionem
2925 2490 3176 2573 baptismi
3236 2518 3344 2561 non
3393 2513 3630 2564 tenetur.

2032 2592 2403 2650 Periculosum
2435 2594 2592 2648 nobis
2618 2593 2908 2648 admodum
2935 2603 3098 2665 atque
3126 2595 3289 2673 etiam
3320 2580 3634 2673 miserabile

2030 2693 2135 2752 est,
2180 2693 2259 2740 tot
2306 2698 2449 2751 nunc
2495 2684 2630 2740 fides
2674 2684 2959 2751 exsistere,
3013 2694 3149 2757 quot
3188 2672 3527 2767 voluntates;
3578 2674 3635 2747 et

2029 2785 2112 2832 tot
2164 2776 2318 2833 nobis
2364 2776 2641 2847 doctrinas
2670 2791 2815 2845 esse,
2847 2786 2980 2848 quot
3007 2791 3216 2847 mores;
3247 2788 3303 2835 et
3334 2788 3413 2835 tot
3440 2770 3635 2838 causas

2030 2867 2488 2943 blasphemiarum
2516 2869 2803 2941 pullulare,
2833 2880 2964 2941 quot
2990 2870 3116 2925 vitia
3164 2879 3292 2949 sunt
3320 2887 3337 2949 ξ
3367 2855 3499 2928 dum
3539 2884 3633 2949 aut

2028 2965 2097 3020 ita
2126 2964 2262 3019 ﬁdes
2291 2964 2600 3019 scribuntur
2630 2971 2687 3041 ut
2714 2960 2991 3026 volumus,
3021 2972 3116 3019 aut
3142 2963 3217 3020 ita
3240 2946 3424 3038 Aut‘(h)'
3468 2948 3629 3022 nolu-

2028 3070 2149 3112 mus
2180 3055 2572 3126 intelliguntur.
2604 3053 2677 3133 Et
2716 3069 2863 3121 cum,
2910 3055 3207 3133 secundum
3246 3072 3412 3112 unum
3456 3056 3628 3113 Deum

317 3153 568 3210 rumque.
594 3140 723 3207 Quae
750 3141 870 3210 quia
899 3142 1032 3196 mihi
1060 3158 1184 3201 cum
1218 3143 1461 3215 plurimis
1482 3146 1785 3202 communis
1815 3156 1918 3215 est,
1948 3147 1993 3213 C
2029 3158 2083 3206 et
2110 3164 2274 3203 unum
2304 3146 2591 3225 Dominum
2616 3132 2679 3219 (i)
2709 3156 2764 3202 et
2791 3162 2956 3202 unum
2983 3132 3269 3225 baptisma,
3297 3151 3459 3205 etiam
3491 3150 3630 3208 ﬁdes

316 3233 435 3289 haec
461 3250 491 3288 a
517 3249 605 3289 me
627 3234 932 3290 communis
961 3238 1076 3307 Spei
1106 3239 1442 3308 exspectatio
1467 3251 1570 3295 est.

385 3324 442 3399 ἂ.
472 3326 809 3391 Constantius
844 3338 985 3400 aptat
1033 3329 1192 3399 ﬁdem
1240 3332 1424 3387 audire
1465 3332 1530 3386 ab
1575 3333 1826 3405 episcOpis
1874 3340 1921 3387 et

309 3435 421 3476 non
449 3420 620 3487 audit.
666 3418 825 3487 Fides
867 3422 921 3476 in
958 3421 1212 3493 baptistna
1245 3427 1451 3497 jurata.
1497 3422 1658 3481 Fides
1706 3426 1921 3482 subinde

310 3529 447 3569 nova
476 3523 526 3568 et
550 3513 670 3568 ideo
699 3514 942 3571 nulla.-
961 3514 1312 3587 Recognosce
1353 3517 1536 3584 ﬁdem,
1568 3532 1731 3589 quam
1762 3518 1914 3584 olim,

310 3612 517 3685 optime
544 3628 610 3669 ac
638 3614 1043 3685 religiosissime
1077 3615 1393 3685 imperator,
1416 3616 1484 3670 ab
1526 3615 1796 3687 episcOpis
1820 3629 1919 3689 op—

311 3718 401 3766 tas
445 3709 658 3777 audire,
712 3719 769 3769 et
813 3725 923 3767 non
971 3709 1148 3769 audis.
1200 3709 1339 3771 Dum
1366 3712 1516 3773 enim
1542 3725 1576 3771 a
1617 3712 1814 3783 quibus
1850 3726 1913 3767 ea

308 3800 630 3873 requiritur,
677 3816 773 3859 sua
822 3802 1085 3872 scribunt,
1113 3803 1209 3875 (d)'
1243 3814 1299 3860 et
1327 3818 1433 3860 non
1480 3820 1601 3876 quae
1644 3804 1743 3861 Dei
1789 3813 1914 3862 sunt

387 3987 467 4059 (a)
498 3986 622 4047 Vat.
654 3986 774 4045 bas.
806 4002 911 4049 ms.
958 3986 1159 4045 delatis.
1205 3987 1283 4046 Ex
1311 3988 1568 4047 subnexis
1608 3987 1910 4055 conﬁcitur.

308 4058 586 4116 Iulianum
614 4059 958 4132 aut_l_iiterris
986 4058 1315 4132 interfuisse,
1340 4070 1434 4117 aut
1461 4076 1567 4117 non
1600 4061 1787 4132 procul
1819 4060 1912 4116 ab-

310 4133 503 4197 fuisse,
553 4146 675 4189 cum
721 4129 957 4203 Hilarius
1006 4130 1131 4203 inde
1179 4134 1232 4187 in
1279 4132 1526 4187 exsilium
1577 4129 1775 4203 missus
1805 4140 1911 4203 est.

312 4196 512 4267 Porro,
566 4212 624 4259 ut
666 4217 733 4258 ex
773 4196 1084 4271 Ammiano,
1108 4201 1203 4259 lib.
1238 4218 1348 4271 xvt,
1379 4212 1610 4265 constat,
1644 4200 1911 4270 lulianus,

309 4288 456 4329 anno
485 4274 595 4330 555
632 4281 865 4327 exeunte
900 4270 1084 4328 Caesar
1126 4270 1360 4337 creatus.
1419 4273 1599 4329 statim
1633 4274 1685 4328 in
1714 4273 1915 4334 Gallias

312 4344 579 4409 Viennam
624 4345 873 4417 secessit,
906 4345 1102 4413 ibique
1152 4347 1373 4417 mansit,
1416 4347 1591 4417 donec
1639 4346 1762 4417 inde
1812 4346 1911 4403 tui-

306 4415 988 4489 grarettugustodunum,
1019 4432 1125 4489 quo
1151 4415 1293 4473 Junii
1330 4414 1398 4472 ‘24
1433 4414 1518 4489 die
1550 4415 1809 4485 pervenit.

409 4478 466 4557 ὁ)
504 4478 722 4560 ltajres
747 4478 878 4543 mss.
925 4478 1051 4544 ΔΙιῖ
1078 4503 1203 4555 vere
1228 4503 1350 4560 cum
1383 4478 1629 4560 vulgatis,
1669 4489 1778 4560 qui.
1813 4488 1911 4544 Hic

311 4552 524 4625 indicat
548 4552 785 4631 Hilarius
810 4573 893 4623 se,
925 4552 1248 4627 quamvis'in
1286 4552 1646 4622 odiutn'lidci,
1677 4552 1776 4614 sub
1804 4561 1912 4619 alio

309 4640 497 4691 tamen
544 4630 769 4687 obtentu
812 4631 1005 4699 exsilio
1046 4646 1165 4687 esse
1196 4630 1477 4685 multatum
1506 4648 1518 4683 :
1547 4632 1696 4699 quasi
1747 4632 1908 4686 nimi-

306 4718 433 4761 rum
482 4700 718 4760 fecisset.
770 4696 913 4770 (μιύά
964 4705 1074 4772 ipse
1105 4698 1302 4774 fatetur
1330 4696 1597 4771 indignum
1628 4700 1911 4774 nouimodo
1938 4714 1991 4774 Ῑ)

305 4774 539 4843 episcopi
564 4774 856 4839 amictitate,
895 4774 985 4827 sed
1025 4774 1172 4843 etiam
1204 4773 1325 4828 laici
1375 4774 1682 4843 integritate.
1731 4773 1914 4829 Facile

304 4842 495 4911 autem
527 4846 770 4915 veritatis
799 4844 1028 4899 inimicis
1060 4842 1178 4911 fuit,
1208 4861 1331 4900 eum
1364 4842 1503 4913 apud
1526 4846 1910 4912 imperatorem

303 4916 480 4988 animi
510 4916 734 4988 inquieti
760 4923 821 4988 et
845 4916 911 4969 ad
939 4915 1261 4988 seditionem
1290 4917 1461 4988 parati
1511 4930 1789 4980 accusare,
1818 4932 1913 4972 cu-

299 4986 421 5061 jus
449 4988 526 5061 rei
564 4985 678 5061 jam
725 4986 793 5042 ab
841 5001 985 5061 anno
1016 4985 1121 5043 555
1171 4985 1412 5061 suspicio
1442 4987 1635 5057 injecta
1672 4998 1811 5052 erat,
1857 4998 1914 5043 ut

305 5057 550 5129 Vidimus
581 5058 721 5114 libro
744 5057 1048 5128 superiore,
1084 5076 1135 5112 ιι.
1170 5057 1224 5113 5.

387 5130 465 5203 (c)
512 5129 739 5203 supple,
785 5129 985 5203 loquor.
1037 5129 1170 5184 Tum
1217 5130 1271 5186 in
1317 5130 1551 5195 excusis,
1604 5131 1722 5200 quia
1748 5138 1914 5203 metus

305 5201 411 5267 est,
440 5201 644 5272 omisso
670 5201 797 5255 mihi
826 5201 854 5255 :'
873 5210 929 5256 et
960 5215 1104 5268 mox,
1132 5216 1230 5272 pro
1256 5219 1382 5256 cura
1411 5213 1580 5255 autem
1609 5214 1679 5256 eat
1721 5202 1783 5256 de
1807 5218 1913 5272 spe,

308 5268 487 5349 prave
518 5268 796 5349 legebatur
822 5290 914 5328 cur
945 5283 1114 5327 autem
1132 5268 1214 5326 ’ρει
1242 5274 1641 5349 desperandum.

392 5334 474 5417 (tl)
520 5334 853 5417 ltt'omnibus
884 5360 1039 5417 mss.,
1083 5352 1128 5397 et
1154 5360 1257 5398 non
1279 5334 1379 5399 Dei
1401 5346 1702 5417 prtrdicaut.

387 5414 464 5500 (ε)
496 5416 781 5487 Exemplar
805 5414 928 5487 Vat.
978 5415 1118 5485 bas.,
1167 5425 1257 5471 aut
1304 5414 1543 5490 facultas.
1598 5414 1781 5483 Forte,
1833 5424 1923 5470 aut

337 5497 554 5544 'atut'tas.

309 5492 554 5563 (utilitas.

390 5557 459 5631 (ι’)
504 5554 624 5613 Vat.
652 5557 771 5614 bas.
803 5571 908 5613 ms.
946 5574 1107 5631 neque
1144 5568 1200 5613 ut
1237 5569 1485 5616 maneret.
1520 5559 1662 5627 Alii,
1715 5574 1778 5613 ne
1804 5558 1928 5630 quid

314 5641 564 5687 maneret.

430 5699 487 5774 ῃ)
525 5696 740 5774 Voces,
785 5702 1103 5757 necessitatis
1134 5710 1390 5774 tamquam
1410 5745 1425 5769 ,
1459 5704 1511 5757 in
1544 5717 1635 5756 sex
1667 5715 1797 5755 mss.
1828 5700 1926 5756 de-

337 5772 674 5843 siderantur.
708 5772 1018 5848 Legendum
1048 5772 1289 5843 videtur,
1320 5776 1413 5831 sub
1436 5778 1587 5851 cujus
1614 5774 1929 5827 necessitatis

2023 3257 2128 3298 una
2172 3241 2273 3308 sit,
2303 3238 2371 3315 (j)
2419 3239 2732 3295 excedimus
2779 3238 2847 3295 ab
2890 3254 2953 3295 ea
2996 3238 3105 3297 ﬁde
3131 3255 3255 3312 quae
3277 3240 3391 3297 sola
3419 3247 3630 3299 canet

2022 3339 2150 3396 dum
2184 3338 2365 3413 plures
2391 3337 2545 3405 ﬁunt,
2574 3336 2642 3391 ad
2673 3335 2726 3391 id
2752 3343 3037 3404 coeperunt
3061 3351 3205 3401 esse,
3243 3351 3312 3392 ne
3336 3336 3447 3391 ulla
3474 3337 3565 3393 sit.

2093 3431 2148 3488 5.
2194 3428 2343 3487 Unde
2368 3434 2441 3484 tot
2464 3427 2593 3499 ﬁdes
2623 3428 2935 3492 scribantur.
2986 3424 3147 3485 Fides
3174 3437 3355 3505 quater
3394 3436 3613 3509 mutata.

2007 3554 2099 3618 ⁸--
2124 3523 2341 3579 Conscii
2370 3523 2517 3579 enim
2546 3520 2704 3585 nobis
2741 3520 2974 3587 invicem
3014 3535 3201 3581 sumus
3221 3564 3239 3591 ,
3268 3531 3393 3594 post
3419 3522 3625 3603 Nicauti

2024 3614 2325 3674 conventus
2349 3615 2651 3689 synodum,
2684 3614 2820 3699 nihil
2850 3614 2998 3693 aliud
3024 3630 3189 3688 quam
3227 3615 3393 3673 ﬁdem
3433 3616 3623 3678 scribi.

2024 3711 2161 3771 Dum
2188 3712 2242 3767 in
2272 3710 2448 3766 verbis
2479 3724 2654 3781 pugna
2685 3719 2769 3765 est
2793 3751 2809 3779 ,
2836 3708 2964 3763 dum
2994 3710 3065 3764 de
3086 3707 3417 3787 novitatibus
3446 3723 3628 3793 quas-

2010 3807 2098 3877 tio
2128 3813 2229 3872 est,
2257 3803 2386 3860 dum
2417 3801 2770 3873 deambiguis
2795 3802 3011 3859 occasio
3036 3800 3112 3875 (Ιί)
3146 3806 3252 3868 est,
3282 3798 3413 3857 dum
3460 3800 3525 3885 (ι)
3554 3799 3627 3857 de

2019 3996 2278 4059 tamquam
2306 3986 2787 4067 non_isuprobabili,
2817 3985 2905 4043 vel
2933 3999 3057 4043 cum
3087 3999 3193 4045 ms.
3221 3985 3460 4059 Bemig.,
3485 3997 3621 4067 tam-

2018 4078 2171 4132 quam
2198 4060 2470 4131 probabili.
2511 4130 2517 4132 ,
2640 4128 2676 4132 __
2708 4128 2718 4132 Α
2947 4128 2957 4132 _
3167 4128 3215 4132 -λ
3292 4128 3351 4132 _‘
3390 4072 3399 4089 ·

2089 4133 2169 4204 (It)
2198 4128 2286 4204 illa
2317 4145 2449 4186 mss.
2492 4130 2572 4204 At
2589 4128 2722 4204 editi
2743 4169 2761 4197 ,
2789 4138 2847 4184 ut
2873 4128 3131 4204 uolumus.
3161 4128 3254 4188 Sic
3289 4128 3624 4204 Hieronymo

2019 4199 2163 4288 teste
2186 4203 2315 4288 dial.
2339 4199 2726 4288 contra‘lfucif.
2754 4210 2882 4288 post
2908 4202 3325 4285 Ariminensem
3344 4199 3619 4288 synodum

2016 4276 2265 4347 ingemuit
2296 4284 2431 4327 totus
2455 4273 2633 4340 Orbis,
2664 4281 2713 4327 et
2739 4275 2988 4328 Arianum
3015 4288 3069 4329 se
3101 4288 3212 4327 esse
3251 4273 3471 4335 miratus
3499 4285 3572 4337 est
3598 4290 3619 4329 :

2018 4346 2147 4401 dum
2181 4340 2438 4400 nimirum
2466 4342 2617 4401 recte
2643 4344 2907 4411 sentiens,
2935 4358 3002 4401 eo
3021 4359 3131 4414 quo
3155 4344 3330 4403 noluit
3351 4345 3512 4409 modo
3540 4346 3624 4413 in-

2020 4418 2265 4473 tellectus
2293 4428 2398 4473 est.

2091 4488 2156 4562 (i)
2193 4489 2253 4543 In
2296 4490 2533 4559 quinque
2561 4502 2697 4543 mss.
2730 4486 3101 4562 biciadjicitur
3136 4494 3372 4562 clunem
3409 4487 3566 4562 ﬁdem
3598 4503 3621 4543 :

2015 4559 2157 4632 quod
2193 4574 2653 4631 supervacaneum
2684 4567 2788 4615 est.
2825 4561 2936 4615 lloc
2973 4561 3119 4632 enim
3155 4560 3257 4617 sibi
3286 4559 3400 4632 vu|_t
3434 4578 3448 4614 :
3479 4559 3620 4621 sicut

2016 4629 2086 4687 ab
2115 4629 2381 4702 Apostolo
2408 4633 2607 4699 Ephes.
2650 4648 2724 4697 ιν,
2747 4633 2802 4698 5,
2828 4646 2966 4686 unus
2995 4630 3161 4702 Deus,
3186 4645 3324 4687 unus
3355 4629 3618 4702 Dotninus

2016 4716 2071 4759 et
2094 4701 2259 4758 unum
2308 4705 2569 4772 baptisma
2597 4745 2612 4769 ,
2643 4704 2712 4759 ita
2742 4705 2900 4757 etiam
2948 4717 3056 4756 una
3084 4701 3219 4756 ﬁdes
3269 4701 3614 4772 praedicatus.

2020 4777 2099 4829 Ex
2129 4775 2321 4829 eodem
2356 4771 2598 4837 Apostoli
2649 4773 2768 4829 loco
2799 4772 3037 4827 Hilarius
3087 4771 3244 4827 initio
3294 4771 3416 4825 libri
3447 4772 3510 4835 Η
3541 4772 3612 4837 de

2018 4845 2188 4901 Trinit
2235 4855 2291 4900 et
2321 4846 2371 4899 in
2398 4840 2683 4901 Constant.
2709 4860 2762 4899 ιι.
2786 4843 2891 4910 24‘,
2926 4844 3125 4909 instat,
3155 4841 3299 4911 apud
3325 4840 3614 4905 haereticos

2022 4918 2177 4973 tidem
2210 4932 2313 4971 non
2342 4931 2486 4972 esse.

2093 4989 2169 5063 (j)
2208 4988 2355 5061 Lips.
2388 5001 2441 5043 et
2472 4988 2620 5053 Par.,
2653 4986 2960 5041 excidimus.
2987 4982 3317 5040 Concinnius
3337 4982 3430 5042 alii
3455 4983 3611 5051 libri,

2093 5061 2333 5114 redimus.
2368 5059 2485 5113 scil.
2517 5058 2584 5114 ab
2611 5073 2715 5113 una
2745 5058 2851 5113 ﬁde
2877 5055 2947 5111 ad
2978 5057 3180 5114 plures.

2017 5073 2333 5125 exceatmus,
2368 5073 2485 5113 SCII.
2517 5073 2584 5114 an
2611 5073 2715 5113 una
2745 5073 2851 5113 "de
2877 5073 2947 5111 ad
2978 5073 3180 5125 plures.

2048 5070 2333 5125 xcedtmus,
2368 5070 2485 5113 seu.
2517 5070 2584 5114 ab
2611 5073 2715 5113 una
2745 5070 2851 5113 uae
2877 5070 2947 5111 ad
2978 5070 3180 5126 plures.

2048 5134 2051 5139 ’
2091 5131 2165 5203 (lt)
2208 5131 2441 5201 Supple,
2470 5129 2776 5203 diSptttandi
2798 5170 2814 5197 ,
2840 5126 3245 5184 contradicendi
3283 5134 3342 5185 et
3378 5126 3519 5191 male
3543 5127 3615 5191 de

2020 5217 2080 5258 se
2104 5201 2342 5258 invicem
2366 5201 2697 5272 suspicandi.

2094 5273 2159 5344 (ι)
2202 5268 2508 5328 Ferrandtis
2553 5274 2693 5329 diae.
2740 5270 2827 5327 his
2852 5271 3037 5328 verbis
3079 5274 3142 5344 in
3168 5284 3321 5327 suam
3349 5271 3416 5327 ad
3454 5268 3613 5344 Pela-

2025 5341 2171 5415 gium
2201 5355 2257 5400 et
2277 5346 2583 5400 Anatolium
2607 5344 2892 5410 epistolam
2925 5343 3202 5415 translatis
3222 5384 3238 5407 ,
3268 5341 3615 5415 postmodum

2029 5412 2213 5472 monet
2243 5431 2304 5472 ea
2337 5431 2442 5471 non
2469 5431 2566 5472 sua
2595 5431 2716 5472 esse
2740 5456 2755 5479 ,
2799 5415 2887 5473 sed
2932 5415 3063 5471 beati
3090 5412 3285 5469 Hilarii
3311 5414 3365 5469 in
3394 5412 3619 5469 secundo

2030 5489 2159 5544 libro
2187 5505 2333 5550 quem
2379 5490 2447 5556 ad
2477 5489 2827 5543 Constantium
2872 5488 3067 5540 scribit.
3119 5487 3175 5540 In
3218 5500 3322 5553 qua
3351 5480 3619 5541 Ferraudi

2029 5562 2260 5627 epistola
2285 5560 2478 5615 Petrus
2507 5558 2596 5615 Fr.
2620 5559 2941 5624 Chitlletius,
2977 5572 3076 5628 pro
3095 5557 3218 5611 dum
3239 5557 3304 5611 de
3322 5556 3621 5615 auctoribus

2032 5632 2238 5699 querela
2259 5641 2333 5685 est
2358 5674 2372 5695 ,
2401 5648 2466 5686 ex
2495 5646 2626 5686 mss.
2651 5630 2866 5685 Jurensi
2893 5639 3053 5699 atque
3074 5629 3404 5684 Arvernensi
3426 5628 3620 5696 edidit,

2034 5702 2157 5755 dum
2210 5703 2272 5756 de
2325 5701 2536 5757 auribus
2582 5702 2789 5770 querela
2832 5702 3351 5770 est:cxistimatque
3378 5709 3623 5770 apertam

2037 5772 2138 5829 hac
2178 5774 2413 5832 lectione
2448 5773 2566 5832 ﬁeri
2595 5769 2781 5830 Hilarii
2820 5781 3093 5842 mentem,
3130 5769 3279 5843 quasi
3299 5769 3471 5839 dicat,
3499 5769 3623 5831 dum
