  <div class='ocr_page' id='page_1' title='image "/cluster/home/n/w/nwhite01/storage/ocr_20150623/10/hvd.32044096580394/289.png"; bbox 0 0 4106 6192; ppageno 0'>
   <div class='ocr_carea' id='block_1_1' title="bbox 505 238 614 295">
    <p class='ocr_par' dir='ltr' id='par_1_1' title="bbox 505 238 614 295">
     <span class='ocr_line' id='line_1_1' title="bbox 505 238 614 295; baseline -0.009 0"><span class='ocrx_word' id='word_1_1' title='bbox 505 238 614 295; x_wconf 80' lang='grc'><strong>567</strong></span> 
     </span>
    </p>
   </div>
   <div class='ocr_carea' id='block_1_2' title="bbox 1712 233 2603 294">
    <p class='ocr_par' dir='ltr' id='par_1_2' title="bbox 1712 233 2603 294">
     <span class='ocr_line' id='line_1_2' title="bbox 1712 233 2603 294; baseline 0.001 -2"><span class='ocrx_word' id='word_1_2' title='bbox 1712 234 1959 292; x_wconf 75' lang='lat' dir='ltr'><strong>SANCTI</strong></span> <span class='ocrx_word' id='word_1_3' title='bbox 1998 233 2256 292; x_wconf 76' lang='lat' dir='ltr'><strong>lIlLARll</strong></span> <span class='ocrx_word' id='word_1_4' title='bbox 2297 234 2603 294; x_wconf 73' lang='lat' dir='ltr'><strong>EI&#39;ISCOPI</strong></span> 
     </span>
    </p>
   </div>
   <div class='ocr_carea' id='block_1_3' title="bbox 3714 238 3825 297">
    <p class='ocr_par' dir='ltr' id='par_1_3' title="bbox 3714 238 3825 297">
     <span class='ocr_line' id='line_1_3' title="bbox 3714 238 3825 297; baseline 0.018 -4"><span class='ocrx_word' id='word_1_5' title='bbox 3714 238 3825 297; x_wconf 80' lang='lat'><strong>568</strong></span> 
     </span>
    </p>
   </div>
   <div class='ocr_carea' id='block_1_4' title="bbox 504 348 3826 427">
    <p class='ocr_par' dir='ltr' id='par_1_4' title="bbox 504 348 3826 427">
     <span class='ocr_line' id='line_1_4' title="bbox 504 348 3826 427; baseline 0 -17"><span class='ocrx_word' id='word_1_6' title='bbox 504 355 817 413; x_wconf 74' lang='lat' dir='ltr'><strong>auctoribus</strong></span> <span class='ocrx_word' id='word_1_7' title='bbox 869 354 1088 427; x_wconf 90' lang='lat' dir='ltr'><strong>querela</strong></span> <span class='ocrx_word' id='word_1_8' title='bbox 1124 361 1236 419; x_wconf 88' lang='lat' dir='ltr'><strong>est,</strong></span> <span class='ocrx_word' id='word_1_9' title='bbox 1291 351 1421 407; x_wconf 90' lang='lat' dir='ltr'><strong>dum</strong></span> <span class='ocrx_word' id='word_1_10' title='bbox 1462 350 1531 407; x_wconf 92' lang='lat' dir='ltr'><strong>de</strong></span> <span class='ocrx_word' id='word_1_11' title='bbox 1584 350 1781 407; x_wconf 88' lang='lat' dir='ltr'><strong>studiis</strong></span> <span class='ocrx_word' id='word_1_12' title='bbox 1830 359 2103 407; x_wconf 75' lang='lat' dir='ltr'><strong>certamen</strong></span> <span class='ocrx_word' id='word_1_13' title='bbox 2134 348 2412 415; x_wconf 76' lang='lat' dir='ltr'><strong>AChristi</strong></span> <span class='ocrx_word' id='word_1_14' title='bbox 2462 352 2588 410; x_wconf 91' lang='lat' dir='ltr'><strong>ﬁde.</strong></span> <span class='ocrx_word' id='word_1_15' title='bbox 2643 352 3009 410; x_wconf 86' lang='lat' dir='ltr'><strong>Emendamus</strong></span> <span class='ocrx_word' id='word_1_16' title='bbox 3040 394 3056 421; x_wconf 91' lang='lat'><strong>,</strong></span> <span class='ocrx_word' id='word_1_17' title='bbox 3109 353 3260 425; x_wconf 85' lang='lat' dir='ltr'><strong>quasi</strong></span> <span class='ocrx_word' id='word_1_18' title='bbox 3311 352 3385 427; x_wconf 78' lang='grc' dir='ltr'><strong>(ε)</strong></span> <span class='ocrx_word' id='word_1_19' title='bbox 3450 354 3503 409; x_wconf 88' lang='lat' dir='ltr'><strong>in</strong></span> <span class='ocrx_word' id='word_1_20' title='bbox 3558 351 3826 423; x_wconf 74' lang='lat' dir='ltr'><strong>Spiritum</strong></span> 
     </span>
    </p>
   </div>
   <div class='ocr_carea' id='block_1_5' title="bbox 486 443 2109 524">
    <p class='ocr_par' dir='ltr' id='par_1_5' title="bbox 486 443 2109 524">
     <span class='ocr_line' id='line_1_5' title="bbox 486 443 2109 524; baseline -0.004 -18"><span class='ocrx_word' id='word_1_21' title='bbox 486 452 624 517; x_wconf 77' lang='lat' dir='ltr'><strong>&#39;est,</strong></span> <span class='ocrx_word' id='word_1_22' title='bbox 656 450 784 506; x_wconf 92' lang='lat' dir='ltr'><strong>dum</strong></span> <span class='ocrx_word' id='word_1_23' title='bbox 812 450 890 524; x_wconf 82' lang='grc' dir='ltr'><strong>(α)</strong></span> <span class='ocrx_word' id='word_1_24' title='bbox 919 449 976 504; x_wconf 92' lang='lat' dir='ltr'><strong>in</strong></span> <span class='ocrx_word' id='word_1_25' title='bbox 1019 461 1292 507; x_wconf 87' lang='lat' dir='ltr'><strong>consensu</strong></span> <span class='ocrx_word' id='word_1_26' title='bbox 1316 443 1608 502; x_wconf 75' lang='lat' dir='ltr'><strong>difﬁcultas</strong></span> <span class='ocrx_word' id='word_1_27' title='bbox 1635 454 1754 514; x_wconf 89' lang='lat' dir='ltr'><strong>est,</strong></span> <span class='ocrx_word' id='word_1_28' title='bbox 1802 445 1930 501; x_wconf 93' lang='lat' dir='ltr'><strong>dum</strong></span> <span class='ocrx_word' id='word_1_29' title='bbox 1969 445 2109 501; x_wconf 90' lang='lat' dir='ltr'><strong>alter</strong></span> 
     </span>
    </p>
   </div>
   <div class='ocr_carea' id='block_1_6' title="bbox 506 540 2108 619">
    <p class='ocr_par' dir='ltr' id='par_1_6' title="bbox 506 540 2108 619">
     <span class='ocr_line' id='line_1_6' title="bbox 506 540 2108 619; baseline -0.005 -18"><span class='ocrx_word' id='word_1_30' title='bbox 506 544 674 619; x_wconf 60' lang='lat'><strong>55,6</strong></span> <span class='ocrx_word' id='word_1_31' title='bbox 693 544 848 600; x_wconf 91' lang='lat' dir='ltr'><strong>alteri</strong></span> <span class='ocrx_word' id='word_1_32' title='bbox 876 542 1162 599; x_wconf 90' lang='lat' dir='ltr'><strong>anathema</strong></span> <span class='ocrx_word' id='word_1_33' title='bbox 1195 556 1317 599; x_wconf 89' lang='lat' dir='ltr'><strong>esse</strong></span> <span class='ocrx_word' id='word_1_34' title='bbox 1338 540 1506 611; x_wconf 73' lang='lat' dir='ltr'><strong>erepit</strong></span> <span class='ocrx_word' id='word_1_35' title='bbox 1538 558 1550 594; x_wconf 89' lang='lat'><strong>:</strong></span> <span class='ocrx_word' id='word_1_36' title='bbox 1581 555 1748 613; x_wconf 87' lang='lat' dir='ltr'><strong>prope</strong></span> <span class='ocrx_word' id='word_1_37' title='bbox 1787 540 1899 611; x_wconf 85' lang='lat' dir='ltr'><strong>jam</strong></span> <span class='ocrx_word' id='word_1_38' title='bbox 1946 555 2108 597; x_wconf 90' lang='lat' dir='ltr'><strong>nemo</strong></span> 
     </span>
    </p>
   </div>
   <div class='ocr_carea' id='block_1_7' title="bbox 504 633 2108 704">
    <p class='ocr_par' dir='ltr' id='par_1_7' title="bbox 504 633 2108 704">
     <span class='ocr_line' id='line_1_7' title="bbox 504 633 2108 704; baseline -0.004 -10"><span class='ocrx_word' id='word_1_39' title='bbox 504 638 703 694; x_wconf 84' lang='lat' dir='ltr'><strong>Christi</strong></span> <span class='ocrx_word' id='word_1_40' title='bbox 744 645 845 694; x_wconf 87' lang='lat' dir='ltr'><strong>est.</strong></span> <span class='ocrx_word' id='word_1_41' title='bbox 899 637 1109 692; x_wconf 88' lang='lat' dir='ltr'><strong>Incerto</strong></span> <span class='ocrx_word' id='word_1_42' title='bbox 1150 634 1294 690; x_wconf 90' lang='lat' dir='ltr'><strong>enim</strong></span> <span class='ocrx_word' id='word_1_43' title='bbox 1339 633 1709 691; x_wconf 86' lang='lat' dir='ltr'><strong>doctrinarum</strong></span> <span class='ocrx_word' id='word_1_44' title='bbox 1753 641 1914 689; x_wconf 87' lang='lat' dir='ltr'><strong>vento</strong></span> <span class='ocrx_word' id='word_1_45' title='bbox 1942 648 2108 704; x_wconf 83' lang='lat' dir='ltr'><strong>vaga-</strong></span> 
     </span>
    </p>
   </div>
   <div class='ocr_carea' id='block_1_8' title="bbox 510 727 2107 799">
    <p class='ocr_par' dir='ltr' id='par_1_8' title="bbox 510 727 2107 799">
     <span class='ocr_line' id='line_1_8' title="bbox 510 727 2107 799; baseline -0.004 -12"><span class='ocrx_word' id='word_1_46' title='bbox 510 748 631 787; x_wconf 88' lang='lat' dir='ltr'><strong>mur</strong></span> <span class='ocrx_word' id='word_1_47' title='bbox 662 748 676 788; x_wconf 88' lang='lat'><strong>:</strong></span> <span class='ocrx_word' id='word_1_48' title='bbox 706 739 759 787; x_wconf 90' lang='lat' dir='ltr'><strong>et</strong></span> <span class='ocrx_word' id='word_1_49' title='bbox 787 739 881 786; x_wconf 89' lang='lat' dir='ltr'><strong>aut</strong></span> <span class='ocrx_word' id='word_1_50' title='bbox 922 730 1067 786; x_wconf 89' lang='lat' dir='ltr'><strong>dum</strong></span> <span class='ocrx_word' id='word_1_51' title='bbox 1090 729 1382 795; x_wconf 88' lang='lat' dir='ltr'><strong>docemus,</strong></span> <span class='ocrx_word' id='word_1_52' title='bbox 1426 728 1832 799; x_wconf 80' lang='lat' dir='ltr'><strong>perturbamus;</strong></span> <span class='ocrx_word' id='word_1_53' title='bbox 1860 737 1951 782; x_wconf 90' lang='lat' dir='ltr'><strong>aut</strong></span> <span class='ocrx_word' id='word_1_54' title='bbox 1978 727 2107 783; x_wconf 92' lang='lat' dir='ltr'><strong>dum</strong></span> 
     </span>
    </p>
   </div>
   <div class='ocr_carea' id='block_1_9' title="bbox 501 820 2105 893">
    <p class='ocr_par' dir='ltr' id='par_1_9' title="bbox 501 820 2105 893">
     <span class='ocr_line' id='line_1_9' title="bbox 501 820 2105 893; baseline -0.001 -14"><span class='ocrx_word' id='word_1_55' title='bbox 501 824 801 890; x_wconf 82' lang='lat' dir='ltr'><strong>docemur,</strong></span> <span class='ocrx_word' id='word_1_56' title='bbox 830 839 1097 880; x_wconf 90' lang='lat' dir='ltr'><strong>erramus.</strong></span> <span class='ocrx_word' id='word_1_57' title='bbox 1129 823 1250 879; x_wconf 79' lang='lat' dir='ltr'><strong>Jam</strong></span> <span class='ocrx_word' id='word_1_58' title='bbox 1294 837 1427 878; x_wconf 89' lang='lat' dir='ltr'><strong>vero</strong></span> <span class='ocrx_word' id='word_1_59' title='bbox 1477 822 1712 893; x_wconf 82' lang='lat' dir='ltr'><strong>proximi</strong></span> <span class='ocrx_word' id='word_1_60' title='bbox 1754 821 1881 876; x_wconf 90' lang='lat' dir='ltr'><strong>anni</strong></span> <span class='ocrx_word' id='word_1_61' title='bbox 1934 820 2105 889; x_wconf 89' lang='lat' dir='ltr'><strong>ﬁdes,</strong></span> 
     </span>
    </p>
   </div>
   <div class='ocr_carea' id='block_1_10' title="bbox 498 912 2106 986">
    <p class='ocr_par' dir='ltr' id='par_1_10' title="bbox 498 912 2106 986">
     <span class='ocr_line' id='line_1_10' title="bbox 498 912 2106 986; baseline -0.001 -17"><span class='ocrx_word' id='word_1_62' title='bbox 498 914 753 986; x_wconf 86' lang='lat' dir='ltr'><strong>quidjam</strong></span> <span class='ocrx_word' id='word_1_63' title='bbox 784 915 853 971; x_wconf 92' lang='lat' dir='ltr'><strong>de</strong></span> <span class='ocrx_word' id='word_1_64' title='bbox 885 915 1259 971; x_wconf 84' lang='lat' dir='ltr'><strong>immutatione</strong></span> <span class='ocrx_word' id='word_1_65' title='bbox 1281 914 1334 969; x_wconf 91' lang='lat' dir='ltr'><strong>in</strong></span> <span class='ocrx_word' id='word_1_66' title='bbox 1361 929 1422 970; x_wconf 91' lang='lat' dir='ltr'><strong>se</strong></span> <span class='ocrx_word' id='word_1_67' title='bbox 1444 913 1647 969; x_wconf 82' lang='lat' dir='ltr'><strong>habet?</strong></span> <span class='ocrx_word' id='word_1_68' title='bbox 1675 912 1914 970; x_wconf 88' lang='lat' dir='ltr'><strong>Primum</strong></span> <span class='ocrx_word' id='word_1_69' title='bbox 1934 954 1950 981; x_wconf 93' lang='lat'><strong>,</strong></span> <span class='ocrx_word' id='word_1_70' title='bbox 1984 928 2106 982; x_wconf 72' lang='lat' dir='ltr'><strong>qua:</strong></span> 
     </span>
    </p>
   </div>
   <div class='ocr_carea' id='block_1_11' title="bbox 498 1002 2107 1077">
    <p class='ocr_par' dir='ltr' id='par_1_11' title="bbox 498 1002 2107 1077">
     <span class='ocr_line' id='line_1_11' title="bbox 498 1002 2107 1077; baseline -0.002 -16"><span class='ocrx_word' id='word_1_71' title='bbox 498 1007 823 1063; x_wconf 72' lang='lat' dir='ltr'><strong>homousion</strong></span> <span class='ocrx_word' id='word_1_72' title='bbox 850 1006 1094 1062; x_wconf 83' lang='lat' dir='ltr'><strong>decernit</strong></span> <span class='ocrx_word' id='word_1_73' title='bbox 1120 1007 1285 1061; x_wconf 89' lang='lat' dir='ltr'><strong>taceri</strong></span> <span class='ocrx_word' id='word_1_74' title='bbox 1312 1024 1327 1060; x_wconf 90' lang='lat'><strong>:</strong></span> <span class='ocrx_word' id='word_1_75' title='bbox 1352 1020 1588 1076; x_wconf 90' lang='lat' dir='ltr'><strong>sequens</strong></span> <span class='ocrx_word' id='word_1_76' title='bbox 1618 1019 1857 1069; x_wconf 87' lang='lat' dir='ltr'><strong>rursum,</strong></span> <span class='ocrx_word' id='word_1_77' title='bbox 1886 1019 2006 1074; x_wconf 88' lang='lat' dir='ltr'><strong>quae</strong></span> <span class='ocrx_word' id='word_1_78' title='bbox 2030 1002 2107 1077; x_wconf 90' lang='lat' dir='ltr'><strong>(b)</strong></span> 
     </span>
    </p>
   </div>
   <div class='ocr_carea' id='block_1_12' title="bbox 510 1095 2103 1168">
    <p class='ocr_par' dir='ltr' id='par_1_12' title="bbox 510 1095 2103 1168">
     <span class='ocr_line' id='line_1_12' title="bbox 510 1095 2103 1168; baseline -0.001 -16"><span class='ocrx_word' id='word_1_79' title='bbox 510 1098 834 1154; x_wconf 90' lang='lat' dir='ltr'><strong>homousion</strong></span> <span class='ocrx_word' id='word_1_80' title='bbox 862 1097 1108 1154; x_wconf 86' lang='lat' dir='ltr'><strong>decernit</strong></span> <span class='ocrx_word' id='word_1_81' title='bbox 1138 1106 1193 1153; x_wconf 90' lang='lat' dir='ltr'><strong>et</strong></span> <span class='ocrx_word' id='word_1_82' title='bbox 1218 1098 1478 1168; x_wconf 78' lang='lat' dir='ltr'><strong>praedicat</strong></span> <span class='ocrx_word' id='word_1_83' title='bbox 1508 1116 1520 1153; x_wconf 89' lang='lat'>:</span> <span class='ocrx_word' id='word_1_84' title='bbox 1556 1097 1774 1154; x_wconf 89' lang='lat' dir='ltr'><strong>tertium</strong></span> <span class='ocrx_word' id='word_1_85' title='bbox 1804 1095 2060 1167; x_wconf 88' lang='lat' dir='ltr'><strong>deinceps</strong></span> <span class='ocrx_word' id='word_1_86' title='bbox 2086 1137 2103 1164; x_wconf 93' lang='lat'><strong>,</strong></span> 
     </span>
    </p>
   </div>
   <div class='ocr_carea' id='block_1_13' title="bbox 415 1191 2108 1275">
    <p class='ocr_par' dir='ltr' id='par_1_13' title="bbox 415 1191 2108 1275">
     <span class='ocr_line' id='line_1_13' title="bbox 415 1191 2108 1275; baseline 0 -30"><span class='ocrx_word' id='word_1_87' title='bbox 415 1262 425 1275; x_wconf 26' lang='grc' dir='ltr'><em>θ</em></span> <span class='ocrx_word' id='word_1_88' title='bbox 509 1206 632 1265; x_wconf 69' lang='lat' dir='ltr'><strong>quae</strong></span> <span class='ocrx_word' id='word_1_89' title='bbox 661 1191 832 1247; x_wconf 88' lang='lat' dir='ltr'><strong>usiam</strong></span> <span class='ocrx_word' id='word_1_90' title='bbox 864 1191 1182 1262; x_wconf 83' lang='lat' dir='ltr'><strong>simpliciter</strong></span> <span class='ocrx_word' id='word_1_91' title='bbox 1211 1206 1241 1246; x_wconf 92' lang='lat' dir='ltr'><strong>a</strong></span> <span class='ocrx_word' id='word_1_92' title='bbox 1273 1191 1515 1261; x_wconf 89' lang='lat' dir='ltr'><strong>patribus</strong></span> <span class='ocrx_word' id='word_1_93' title='bbox 1542 1198 1925 1262; x_wconf 79' lang='lat' dir='ltr'><strong>praesumptam</strong></span> <span class='ocrx_word' id='word_1_94' title='bbox 1955 1231 1969 1256; x_wconf 89' lang='lat'><strong>,</strong></span> <span class='ocrx_word' id='word_1_95' title='bbox 2009 1205 2108 1262; x_wconf 89' lang='lat' dir='ltr'><strong>per</strong></span> 
     </span>
    </p>
   </div>
   <div class='ocr_carea' id='block_1_14' title="bbox 506 1286 2107 1357">
    <p class='ocr_par' dir='ltr' id='par_1_14' title="bbox 506 1286 2107 1357">
     <span class='ocr_line' id='line_1_14' title="bbox 506 1286 2107 1357; baseline -0.002 -15"><span class='ocrx_word' id='word_1_96' title='bbox 506 1286 899 1357; x_wconf 79' lang='lat' dir='ltr'><strong>indulgentiam</strong></span> <span class='ocrx_word' id='word_1_97' title='bbox 942 1294 1172 1341; x_wconf 78' lang='lat' dir='ltr'><strong>excusat</strong></span> <span class='ocrx_word' id='word_1_98' title='bbox 1214 1293 1589 1357; x_wconf 89' lang='lat' dir='ltr'><strong>:postremum</strong></span> <span class='ocrx_word' id='word_1_99' title='bbox 1638 1292 1889 1355; x_wconf 89' lang='lat' dir='ltr'><strong>quartum</strong></span> <span class='ocrx_word' id='word_1_100' title='bbox 1920 1325 1934 1351; x_wconf 92' lang='lat'><strong>,</strong></span> <span class='ocrx_word' id='word_1_101' title='bbox 1986 1299 2107 1355; x_wconf 81' lang='lat' dir='ltr'><strong>quae</strong></span> 
     </span>
    </p>
   </div>
   <div class='ocr_carea' id='block_1_15' title="bbox 504 1376 2106 1448">
    <p class='ocr_par' dir='ltr' id='par_1_15' title="bbox 504 1376 2106 1448">
     <span class='ocr_line' id='line_1_15' title="bbox 504 1376 2106 1448; baseline -0.002 -15"><span class='ocrx_word' id='word_1_102' title='bbox 504 1393 613 1433; x_wconf 91' lang='lat' dir='ltr'><strong>non</strong></span> <span class='ocrx_word' id='word_1_103' title='bbox 645 1388 903 1444; x_wconf 83' lang='lat' dir='ltr'><strong>excusat,</strong></span> <span class='ocrx_word' id='word_1_104' title='bbox 936 1377 1035 1434; x_wconf 90' lang='lat' dir='ltr'><strong>sed</strong></span> <span class='ocrx_word' id='word_1_105' title='bbox 1063 1378 1412 1434; x_wconf 89' lang='lat' dir='ltr'><strong>condemnat.</strong></span> <span class='ocrx_word' id='word_1_106' title='bbox 1455 1376 1526 1432; x_wconf 89' lang='lat' dir='ltr'><strong>Et</strong></span> <span class='ocrx_word' id='word_1_107' title='bbox 1567 1392 1673 1448; x_wconf 91' lang='lat' dir='ltr'><strong>quo</strong></span> <span class='ocrx_word' id='word_1_108' title='bbox 1729 1376 1941 1432; x_wconf 88' lang='lat' dir='ltr'><strong>tandem</strong></span> <span class='ocrx_word' id='word_1_109' title='bbox 1975 1390 2106 1446; x_wconf 90' lang='lat' dir='ltr'><strong>pro-</strong></span> 
     </span>
    </p>
   </div>
   <div class='ocr_carea' id='block_1_16' title="bbox 505 1470 2107 1541">
    <p class='ocr_par' dir='ltr' id='par_1_16' title="bbox 505 1470 2107 1541">
     <span class='ocr_line' id='line_1_16' title="bbox 505 1470 2107 1541; baseline -0.001 -15"><span class='ocrx_word' id='word_1_110' title='bbox 505 1485 719 1527; x_wconf 88' lang='lat' dir='ltr'><strong>cessum</strong></span> <span class='ocrx_word' id='word_1_111' title='bbox 773 1470 907 1525; x_wconf 89' lang='lat' dir='ltr'><strong>est?</strong></span> <span class='ocrx_word' id='word_1_112' title='bbox 952 1477 1011 1525; x_wconf 90' lang='lat' dir='ltr'><strong>ut</strong></span> <span class='ocrx_word' id='word_1_113' title='bbox 1058 1485 1235 1541; x_wconf 91' lang='lat' dir='ltr'><strong>neque</strong></span> <span class='ocrx_word' id='word_1_114' title='bbox 1288 1484 1456 1541; x_wconf 89' lang='lat' dir='ltr'><strong>penes</strong></span> <span class='ocrx_word' id='word_1_115' title='bbox 1522 1483 1656 1534; x_wconf 89' lang='lat' dir='ltr'><strong>nos,</strong></span> <span class='ocrx_word' id='word_1_116' title='bbox 1713 1483 1887 1540; x_wconf 90' lang='lat' dir='ltr'><strong>neque</strong></span> <span class='ocrx_word' id='word_1_117' title='bbox 1940 1482 2107 1539; x_wconf 90' lang='lat' dir='ltr'><strong>penes</strong></span> 
     </span>
    </p>
   </div>
   <div class='ocr_carea' id='block_1_17' title="bbox 500 1560 2106 1634">
    <p class='ocr_par' dir='ltr' id='par_1_17' title="bbox 500 1560 2106 1634">
     <span class='ocr_line' id='line_1_17' title="bbox 500 1560 2106 1634; baseline -0.001 -16"><span class='ocrx_word' id='word_1_118' title='bbox 500 1577 825 1634; x_wconf 79' lang='lat' dir='ltr'><strong>quemquam</strong></span> <span class='ocrx_word' id='word_1_119' title='bbox 870 1568 997 1616; x_wconf 86' lang='lat' dir='ltr'><strong>ante</strong></span> <span class='ocrx_word' id='word_1_120' title='bbox 1045 1577 1167 1627; x_wconf 91' lang='lat' dir='ltr'><strong>nos,</strong></span> <span class='ocrx_word' id='word_1_121' title='bbox 1210 1571 1454 1617; x_wconf 87' lang='lat' dir='ltr'><strong>sanctum</strong></span> <span class='ocrx_word' id='word_1_122' title='bbox 1486 1560 1682 1618; x_wconf 83' lang='lat' dir='ltr'><strong>exinde</strong></span> <span class='ocrx_word' id='word_1_123' title='bbox 1712 1561 1913 1632; x_wconf 90' lang='lat' dir='ltr'><strong>aliquid</strong></span> <span class='ocrx_word' id='word_1_124' title='bbox 1944 1570 2106 1632; x_wconf 87' lang='lat' dir='ltr'><strong>atque</strong></span> 
     </span>
    </p>
   </div>
   <div class='ocr_carea' id='block_1_18' title="bbox 499 1651 2103 1726">
    <p class='ocr_par' dir='ltr' id='par_1_18' title="bbox 499 1651 2103 1726">
     <span class='ocr_line' id='line_1_18' title="bbox 499 1651 2103 1726; baseline -0.002 -15"><span class='ocrx_word' id='word_1_125' title='bbox 499 1654 812 1711; x_wconf 84' lang='lat' dir='ltr'><strong>inviolabile</strong></span> <span class='ocrx_word' id='word_1_126' title='bbox 833 1664 1165 1726; x_wconf 72' lang='lat' dir='ltr'><strong>perseveret.</strong></span> <span class='ocrx_word' id='word_1_127' title='bbox 1199 1653 1276 1710; x_wconf 91' lang='lat' dir='ltr'><strong>De</strong></span> <span class='ocrx_word' id='word_1_128' title='bbox 1303 1653 1657 1710; x_wconf 90' lang='lat' dir='ltr'><strong>similitudine</strong></span> <span class='ocrx_word' id='word_1_129' title='bbox 1686 1662 1863 1708; x_wconf 88' lang='lat' dir='ltr'><strong>autem</strong></span> <span class='ocrx_word' id='word_1_130' title='bbox 1890 1653 1981 1708; x_wconf 86' lang='lat' dir='ltr'><strong>Dei</strong></span> <span class='ocrx_word' id='word_1_131' title='bbox 2010 1651 2103 1708; x_wconf 87' lang='lat' dir='ltr'><strong>ﬁlii</strong></span> 
     </span>
    </p>
   </div>
   <div class='ocr_carea' id='block_1_19' title="bbox 2211 445 3822 520">
    <p class='ocr_par' dir='ltr' id='par_1_19' title="bbox 2211 445 3822 520">
     <span class='ocr_line' id='line_1_19' title="bbox 2211 445 3822 520; baseline 0.001 -19"><span class='ocrx_word' id='word_1_132' title='bbox 2211 458 2456 502; x_wconf 86' lang='lat' dir='ltr'><strong>sanctum</strong></span> <span class='ocrx_word' id='word_1_133' title='bbox 2487 461 2743 519; x_wconf 89' lang='lat' dir='ltr'><strong>peccasse</strong></span> <span class='ocrx_word' id='word_1_134' title='bbox 2768 449 2839 503; x_wconf 87' lang='lat' dir='ltr'><strong>sit</strong></span> <span class='ocrx_word' id='word_1_135' title='bbox 2859 449 3038 504; x_wconf 86' lang='lat' dir='ltr'><strong>venia.</strong></span> <span class='ocrx_word' id='word_1_136' title='bbox 3075 447 3184 504; x_wconf 92' lang='lat' dir='ltr'><strong>Sed</strong></span> <span class='ocrx_word' id='word_1_137' title='bbox 3224 446 3512 519; x_wconf 84' lang='lat' dir='ltr'><strong>impietatis</strong></span> <span class='ocrx_word' id='word_1_138' title='bbox 3538 445 3704 520; x_wconf 64' lang='grc'><strong>547</strong></span> <span class='ocrx_word' id='word_1_139' title='bbox 3734 447 3822 519; x_wconf 81' lang='lat' dir='ltr'><strong>ip—</strong></span> 
     </span>
    </p>
   </div>
   <div class='ocr_carea' id='block_1_20' title="bbox 2210 538 3824 613">
    <p class='ocr_par' dir='ltr' id='par_1_20' title="bbox 2210 538 3824 613">
     <span class='ocr_line' id='line_1_20' title="bbox 2210 538 3824 613; baseline 0.001 -20"><span class='ocrx_word' id='word_1_140' title='bbox 2210 538 2322 593; x_wconf 80' lang='lat' dir='ltr'><strong>sius</strong></span> <span class='ocrx_word' id='word_1_141' title='bbox 2342 539 2467 595; x_wconf 91' lang='lat' dir='ltr'><strong>hinc</strong></span> <span class='ocrx_word' id='word_1_142' title='bbox 2490 541 2571 596; x_wconf 84' lang='lat' dir='ltr'><strong>vel</strong></span> <span class='ocrx_word' id='word_1_143' title='bbox 2598 539 2868 613; x_wconf 59' lang='lat' dir='ltr'><strong>praecipue</strong></span> <span class='ocrx_word' id='word_1_144' title='bbox 2895 555 3056 596; x_wconf 89' lang='lat' dir='ltr'><strong>causa</strong></span> <span class='ocrx_word' id='word_1_145' title='bbox 3078 550 3333 612; x_wconf 87' lang='lat' dir='ltr'><strong>perpetua</strong></span> <span class='ocrx_word' id='word_1_146' title='bbox 3358 549 3464 606; x_wconf 90' lang='lat' dir='ltr'><strong>est,</strong></span> <span class='ocrx_word' id='word_1_147' title='bbox 3492 540 3638 611; x_wconf 90' lang='lat' dir='ltr'><strong>quod</strong></span> <span class='ocrx_word' id='word_1_148' title='bbox 3663 540 3735 613; x_wconf 72' lang='lat' dir='ltr'><strong>(f)</strong></span> <span class='ocrx_word' id='word_1_149' title='bbox 3759 540 3824 595; x_wconf 84' lang='lat' dir='ltr'><strong>ﬁ-</strong></span> 
     </span>
    </p>
   </div>
   <div class='ocr_carea' id='block_1_21' title="bbox 2208 631 3820 703">
    <p class='ocr_par' dir='ltr' id='par_1_21' title="bbox 2208 631 3820 703">
     <span class='ocr_line' id='line_1_21' title="bbox 2208 631 3820 703; baseline 0.002 -17"><span class='ocrx_word' id='word_1_150' title='bbox 2208 631 2332 686; x_wconf 90' lang='lat' dir='ltr'><strong>dem</strong></span> <span class='ocrx_word' id='word_1_151' title='bbox 2378 632 2734 702; x_wconf 86' lang='lat' dir='ltr'><strong>apostolicam</strong></span> <span class='ocrx_word' id='word_1_152' title='bbox 2784 634 3035 703; x_wconf 86' lang='lat' dir='ltr'><strong>septuplo</strong></span> <span class='ocrx_word' id='word_1_153' title='bbox 3083 632 3451 703; x_wconf 86' lang='lat' dir='ltr'><strong>proferentes,</strong></span> <span class='ocrx_word' id='word_1_154' title='bbox 3499 631 3605 702; x_wconf 84' lang='lat' dir='ltr'><strong>ipsi</strong></span> <span class='ocrx_word' id='word_1_155' title='bbox 3633 639 3820 689; x_wconf 83' lang='lat' dir='ltr'><strong>tamen</strong></span> 
     </span>
    </p>
   </div>
   <div class='ocr_carea' id='block_1_22' title="bbox 2213 724 3822 797">
    <p class='ocr_par' dir='ltr' id='par_1_22' title="bbox 2213 724 3822 797">
     <span class='ocr_line' id='line_1_22' title="bbox 2213 724 3822 797; baseline 0.001 -18"><span class='ocrx_word' id='word_1_156' title='bbox 2213 724 2371 781; x_wconf 91' lang='lat' dir='ltr'><strong>ﬁdem</strong></span> <span class='ocrx_word' id='word_1_157' title='bbox 2419 726 2786 797; x_wconf 74' lang='lat' dir='ltr'><strong>evangelicum</strong></span> <span class='ocrx_word' id='word_1_158' title='bbox 2823 726 3073 781; x_wconf 89' lang='lat' dir='ltr'><strong>nolumus</strong></span> <span class='ocrx_word' id='word_1_159' title='bbox 3122 725 3370 780; x_wconf 90' lang='lat' dir='ltr'><strong>conﬁteri</strong></span> <span class='ocrx_word' id='word_1_160' title='bbox 3406 724 3574 782; x_wconf 86' lang='lat' dir='ltr'><strong>:dum</strong></span> <span class='ocrx_word' id='word_1_161' title='bbox 3625 724 3822 794; x_wconf 84' lang='lat' dir='ltr'><strong>impie-</strong></span> 
     </span>
    </p>
   </div>
   <div class='ocr_carea' id='block_1_23' title="bbox 2213 815 3820 888">
    <p class='ocr_par' dir='ltr' id='par_1_23' title="bbox 2213 815 3820 888">
     <span class='ocr_line' id='line_1_23' title="bbox 2213 815 3820 888; baseline 0.002 -18"><span class='ocrx_word' id='word_1_162' title='bbox 2213 824 2351 871; x_wconf 79' lang='lat' dir='ltr'><strong>tatcs</strong></span> <span class='ocrx_word' id='word_1_163' title='bbox 2383 825 2595 873; x_wconf 87' lang='lat' dir='ltr'><strong>nostras</strong></span> <span class='ocrx_word' id='word_1_164' title='bbox 2627 819 2783 874; x_wconf 89' lang='lat' dir='ltr'><strong>nobis</strong></span> <span class='ocrx_word' id='word_1_165' title='bbox 2810 820 2861 873; x_wconf 92' lang='lat' dir='ltr'><strong>iu</strong></span> <span class='ocrx_word' id='word_1_166' title='bbox 2898 818 3111 888; x_wconf 85' lang='lat' dir='ltr'><strong>populis</strong></span> <span class='ocrx_word' id='word_1_167' title='bbox 3162 816 3517 888; x_wconf 80' lang='lat' dir='ltr'><strong>niultiloquiis</strong></span> <span class='ocrx_word' id='word_1_168' title='bbox 3564 815 3820 873; x_wconf 84' lang='lat' dir='ltr'><strong>defendi-</strong></span> 
     </span>
    </p>
   </div>
   <div class='ocr_carea' id='block_1_24' title="bbox 2210 910 3820 982">
    <p class='ocr_par' dir='ltr' id='par_1_24' title="bbox 2210 910 3820 982">
     <span class='ocr_line' id='line_1_24' title="bbox 2210 910 3820 982; baseline 0.002 -20"><span class='ocrx_word' id='word_1_169' title='bbox 2210 923 2349 972; x_wconf 89' lang='lat' dir='ltr'><strong>mus,</strong></span> <span class='ocrx_word' id='word_1_170' title='bbox 2408 919 2462 964; x_wconf 93' lang='lat' dir='ltr'><strong>et</strong></span> <span class='ocrx_word' id='word_1_171' title='bbox 2491 910 2969 982; x_wconf 63' lang='lat' dir='ltr'><strong>magniloquentiae</strong></span> <span class='ocrx_word' id='word_1_172' title='bbox 2999 910 3236 965; x_wconf 86' lang='lat' dir='ltr'><strong>vanitate</strong></span> <span class='ocrx_word' id='word_1_173' title='bbox 3289 923 3449 964; x_wconf 88' lang='lat' dir='ltr'><strong>aures</strong></span> <span class='ocrx_word' id='word_1_174' title='bbox 3486 911 3820 982; x_wconf 84' lang='lat' dir='ltr'><strong>simplicium</strong></span> 
     </span>
    </p>
   </div>
   <div class='ocr_carea' id='block_1_25' title="bbox 2210 1000 3821 1069">
    <p class='ocr_par' dir='ltr' id='par_1_25' title="bbox 2210 1000 3821 1069">
     <span class='ocr_line' id='line_1_25' title="bbox 2210 1000 3821 1069; baseline 0.004 -14"><span class='ocrx_word' id='word_1_175' title='bbox 2210 1000 2389 1057; x_wconf 83' lang='lat' dir='ltr'><strong>verbis</strong></span> <span class='ocrx_word' id='word_1_176' title='bbox 2419 1000 2729 1057; x_wconf 86' lang='lat' dir='ltr'><strong>fallentibus</strong></span> <span class='ocrx_word' id='word_1_177' title='bbox 2778 1001 3091 1069; x_wconf 83' lang='lat' dir='ltr'><strong>illuditnus;</strong></span> <span class='ocrx_word' id='word_1_178' title='bbox 3119 1003 3247 1059; x_wconf 88' lang='lat' dir='ltr'><strong>dum</strong></span> <span class='ocrx_word' id='word_1_179' title='bbox 3276 1002 3543 1059; x_wconf 84' lang='lat' dir='ltr'><strong>evitamus</strong></span> <span class='ocrx_word' id='word_1_180' title='bbox 3586 1004 3657 1061; x_wconf 91' lang='lat' dir='ltr'><strong>de</strong></span> <span class='ocrx_word' id='word_1_181' title='bbox 3704 1004 3821 1060; x_wconf 84' lang='lat' dir='ltr'><strong>Do-</strong></span> 
     </span>
    </p>
   </div>
   <div class='ocr_carea' id='block_1_26' title="bbox 2208 1090 3820 1165">
    <p class='ocr_par' dir='ltr' id='par_1_26' title="bbox 2208 1090 3820 1165">
     <span class='ocr_line' id='line_1_26' title="bbox 2208 1090 3820 1165; baseline 0.002 -19"><span class='ocrx_word' id='word_1_182' title='bbox 2208 1091 2356 1147; x_wconf 89' lang='lat' dir='ltr'><strong>mino</strong></span> <span class='ocrx_word' id='word_1_183' title='bbox 2376 1090 2593 1149; x_wconf 89' lang='lat' dir='ltr'><strong>Christo</strong></span> <span class='ocrx_word' id='word_1_184' title='bbox 2621 1108 2683 1149; x_wconf 84' lang='lat' dir='ltr'><strong>ea</strong></span> <span class='ocrx_word' id='word_1_185' title='bbox 2705 1093 2950 1162; x_wconf 86' lang='lat' dir='ltr'><strong>credere,</strong></span> <span class='ocrx_word' id='word_1_186' title='bbox 2980 1110 3100 1165; x_wconf 71' lang='lat' dir='ltr'><strong>qua)</strong></span> <span class='ocrx_word' id='word_1_187' title='bbox 3128 1094 3195 1149; x_wconf 91' lang='lat' dir='ltr'><strong>de</strong></span> <span class='ocrx_word' id='word_1_188' title='bbox 3216 1109 3275 1150; x_wconf 92' lang='lat' dir='ltr'><strong>se</strong></span> <span class='ocrx_word' id='word_1_189' title='bbox 3305 1093 3490 1150; x_wconf 89' lang='lat' dir='ltr'><strong>docuit</strong></span> <span class='ocrx_word' id='word_1_190' title='bbox 3513 1094 3820 1164; x_wconf 88' lang='lat' dir='ltr'><strong>credenda,</strong></span> 
     </span>
    </p>
   </div>
   <div class='ocr_carea' id='block_1_27' title="bbox 2209 1185 3818 1259">
    <p class='ocr_par' dir='ltr' id='par_1_27' title="bbox 2209 1185 3818 1259">
     <span class='ocr_line' id='line_1_27' title="bbox 2209 1185 3818 1259; baseline 0.003 -21"><span class='ocrx_word' id='word_1_191' title='bbox 2209 1192 2264 1239; x_wconf 91' lang='lat' dir='ltr'><strong>et</strong></span> <span class='ocrx_word' id='word_1_192' title='bbox 2286 1198 2381 1254; x_wconf 91' lang='lat' dir='ltr'><strong>per</strong></span> <span class='ocrx_word' id='word_1_193' title='bbox 2402 1186 2705 1256; x_wconf 90' lang='lat' dir='ltr'><strong>speciosum</strong></span> <span class='ocrx_word' id='word_1_194' title='bbox 2758 1186 2906 1257; x_wconf 87' lang='lat' dir='ltr'><strong>pacis</strong></span> <span class='ocrx_word' id='word_1_195' title='bbox 2948 1201 3144 1242; x_wconf 91' lang='lat' dir='ltr'><strong>nomen</strong></span> <span class='ocrx_word' id='word_1_196' title='bbox 3192 1185 3246 1240; x_wconf 91' lang='lat' dir='ltr'><strong>in</strong></span> <span class='ocrx_word' id='word_1_197' title='bbox 3279 1187 3540 1243; x_wconf 89' lang='lat' dir='ltr'><strong>unitatem</strong></span> <span class='ocrx_word' id='word_1_198' title='bbox 3572 1186 3818 1259; x_wconf 78' lang='lat' dir='ltr'><strong>perﬁdia:</strong></span> 
     </span>
    </p>
   </div>
   <div class='ocr_carea' id='block_1_28' title="bbox 2208 1278 3820 1349">
    <p class='ocr_par' dir='ltr' id='par_1_28' title="bbox 2208 1278 3820 1349">
     <span class='ocr_line' id='line_1_28' title="bbox 2208 1278 3820 1349; baseline -0.001 -12"><span class='ocrx_word' id='word_1_199' title='bbox 2208 1279 2582 1349; x_wconf 87' lang='lat' dir='ltr'><strong>subrepimus,</strong></span> <span class='ocrx_word' id='word_1_200' title='bbox 2635 1288 2691 1334; x_wconf 91' lang='lat' dir='ltr'><strong>et</strong></span> <span class='ocrx_word' id='word_1_201' title='bbox 2735 1279 2836 1333; x_wconf 89' lang='lat' dir='ltr'><strong>sub</strong></span> <span class='ocrx_word' id='word_1_202' title='bbox 2864 1278 3177 1348; x_wconf 88' lang='lat' dir='ltr'><strong>rejiciendis</strong></span> <span class='ocrx_word' id='word_1_203' title='bbox 3222 1278 3554 1334; x_wconf 75' lang='lat' dir='ltr'><strong>novitatibus</strong></span> <span class='ocrx_word' id='word_1_204' title='bbox 3593 1295 3820 1335; x_wconf 87' lang='lat' dir='ltr'><strong>rursum</strong></span> 
     </span>
    </p>
   </div>
   <div class='ocr_carea' id='block_1_29' title="bbox 2211 1370 3820 1444">
    <p class='ocr_par' dir='ltr' id='par_1_29' title="bbox 2211 1370 3820 1444">
     <span class='ocr_line' id='line_1_29' title="bbox 2211 1370 3820 1444; baseline -0.001 -16"><span class='ocrx_word' id='word_1_205' title='bbox 2211 1374 2309 1444; x_wconf 88' lang='lat' dir='ltr'><strong>ipsi</strong></span> <span class='ocrx_word' id='word_1_206' title='bbox 2340 1373 2493 1428; x_wconf 89' lang='lat' dir='ltr'><strong>novis</strong></span> <span class='ocrx_word' id='word_1_207' title='bbox 2518 1371 2589 1427; x_wconf 90' lang='lat' dir='ltr'><strong>ad</strong></span> <span class='ocrx_word' id='word_1_208' title='bbox 2616 1371 2786 1428; x_wconf 93' lang='lat' dir='ltr'><strong>Deum</strong></span> <span class='ocrx_word' id='word_1_209' title='bbox 2814 1370 3037 1426; x_wconf 83' lang='lat' dir='ltr'><strong>vocibus</strong></span> <span class='ocrx_word' id='word_1_210' title='bbox 3066 1370 3415 1437; x_wconf 87' lang='lat' dir='ltr'><strong>rebellamus,</strong></span> <span class='ocrx_word' id='word_1_211' title='bbox 3433 1379 3490 1427; x_wconf 91' lang='lat' dir='ltr'><strong>et</strong></span> <span class='ocrx_word' id='word_1_212' title='bbox 3515 1370 3820 1442; x_wconf 86' lang='lat' dir='ltr'><strong>subScrip-</strong></span> 
     </span>
    </p>
   </div>
   <div class='ocr_carea' id='block_1_30' title="bbox 2207 1464 3816 1537">
    <p class='ocr_par' dir='ltr' id='par_1_30' title="bbox 2207 1464 3816 1537">
     <span class='ocr_line' id='line_1_30' title="bbox 2207 1464 3816 1537; baseline -0.002 -14"><span class='ocrx_word' id='word_1_213' title='bbox 2207 1475 2451 1523; x_wconf 87' lang='lat' dir='ltr'><strong>turarum</strong></span> <span class='ocrx_word' id='word_1_214' title='bbox 2504 1466 2769 1523; x_wconf 87' lang='lat' dir='ltr'><strong>vocabulo</strong></span> <span class='ocrx_word' id='word_1_215' title='bbox 2825 1481 2932 1521; x_wconf 92' lang='lat' dir='ltr'><strong>non</strong></span> <span class='ocrx_word' id='word_1_216' title='bbox 2979 1466 3178 1536; x_wconf 88' lang='lat' dir='ltr'><strong>scripta</strong></span> <span class='ocrx_word' id='word_1_217' title='bbox 3249 1464 3544 1521; x_wconf 89' lang='lat' dir='ltr'><strong>mentimur</strong></span> <span class='ocrx_word' id='word_1_218' title='bbox 3595 1484 3612 1520; x_wconf 90' lang='lat'><strong>:</strong></span> <span class='ocrx_word' id='word_1_219' title='bbox 3666 1464 3816 1537; x_wconf 78' lang='lat' dir='ltr'><strong>vagi,</strong></span> 
     </span>
    </p>
   </div>
   <div class='ocr_carea' id='block_1_31' title="bbox 2212 1558 3826 1631">
    <p class='ocr_par' dir='ltr' id='par_1_31' title="bbox 2212 1558 3826 1631">
     <span class='ocr_line' id='line_1_31' title="bbox 2212 1558 3826 1631; baseline 0.002 -17"><span class='ocrx_word' id='word_1_220' title='bbox 2212 1558 2450 1631; x_wconf 77' lang='lat' dir='ltr'><strong>predigi,</strong></span> <span class='ocrx_word' id='word_1_221' title='bbox 2480 1559 2666 1629; x_wconf 90' lang='lat' dir='ltr'><strong>impii,</strong></span> <span class='ocrx_word' id='word_1_222' title='bbox 2698 1559 2825 1614; x_wconf 91' lang='lat' dir='ltr'><strong>dum</strong></span> <span class='ocrx_word' id='word_1_223' title='bbox 2856 1569 2911 1614; x_wconf 91' lang='lat' dir='ltr'><strong>et</strong></span> <span class='ocrx_word' id='word_1_224' title='bbox 2940 1561 3210 1615; x_wconf 85' lang='lat' dir='ltr'><strong>manentia</strong></span> <span class='ocrx_word' id='word_1_225' title='bbox 3241 1559 3607 1628; x_wconf 86' lang='lat' dir='ltr'><strong>demutamus,</strong></span> <span class='ocrx_word' id='word_1_226' title='bbox 3645 1568 3701 1616; x_wconf 92' lang='lat' dir='ltr'><strong>et</strong></span> <span class='ocrx_word' id='word_1_227' title='bbox 3729 1574 3826 1617; x_wconf 88' lang='lat' dir='ltr'><strong>ac-</strong></span> 
     </span>
    </p>
   </div>
   <div class='ocr_carea' id='block_1_32' title="bbox 2209 1652 3530 1725">
    <p class='ocr_par' dir='ltr' id='par_1_32' title="bbox 2209 1652 3530 1725">
     <span class='ocr_line' id='line_1_32' title="bbox 2209 1652 3530 1725; baseline -0.001 -15"><span class='ocrx_word' id='word_1_228' title='bbox 2209 1663 2364 1723; x_wconf 91' lang='lat' dir='ltr'><strong>cepta</strong></span> <span class='ocrx_word' id='word_1_229' title='bbox 2396 1652 2693 1724; x_wconf 89' lang='lat' dir='ltr'><strong>perdimus,</strong></span> <span class='ocrx_word' id='word_1_230' title='bbox 2723 1663 2779 1709; x_wconf 89' lang='lat' dir='ltr'><strong>et</strong></span> <span class='ocrx_word' id='word_1_231' title='bbox 2800 1653 3104 1725; x_wconf 85' lang='lat' dir='ltr'><strong>irreligiosa</strong></span> <span class='ocrx_word' id='word_1_232' title='bbox 3134 1653 3530 1725; x_wconf 73' lang='lat' dir='ltr'><strong>prresumimus.</strong></span> 
     </span>
    </p>
   </div>
   <div class='ocr_carea' id='block_1_33' title="bbox 492 1745 3823 1821">
    <p class='ocr_par' dir='ltr' id='par_1_33' title="bbox 492 1745 3823 1821">
     <span class='ocr_line' id='line_1_33' title="bbox 492 1745 3823 1821; baseline -0.001 -16"><span class='ocrx_word' id='word_1_233' title='bbox 492 1750 563 1805; x_wconf 90' lang='lat' dir='ltr'><strong>ad</strong></span> <span class='ocrx_word' id='word_1_234' title='bbox 593 1750 761 1805; x_wconf 85' lang='lat' dir='ltr'><strong>Deum</strong></span> <span class='ocrx_word' id='word_1_235' title='bbox 791 1759 999 1820; x_wconf 87' lang='lat' dir='ltr'><strong>patrem</strong></span> <span class='ocrx_word' id='word_1_236' title='bbox 1031 1747 1175 1819; x_wconf 86' lang='lat' dir='ltr'><strong>quod</strong></span> <span class='ocrx_word' id='word_1_237' title='bbox 1210 1746 1281 1821; x_wconf 89' lang='lat' dir='ltr'><strong>(c)</strong></span> <span class='ocrx_word' id='word_1_238' title='bbox 1308 1748 1353 1803; x_wconf 90' lang='lat' dir='ltr'><strong>si</strong></span> <span class='ocrx_word' id='word_1_239' title='bbox 1390 1747 1715 1804; x_wconf 87' lang='lat' dir='ltr'><strong>miserabilis</strong></span> <span class='ocrx_word' id='word_1_240' title='bbox 1757 1747 1931 1802; x_wconf 90' lang='lat' dir='ltr'><strong>nostri</strong></span> <span class='ocrx_word' id='word_1_241' title='bbox 1965 1755 2099 1802; x_wconf 92' lang='lat' dir='ltr'><strong>tem-</strong></span> <span class='ocrx_word' id='word_1_242' title='bbox 2130 1746 2179 1807; x_wconf 90' lang='lat' dir='ltr'><strong>B</strong></span> <span class='ocrx_word' id='word_1_243' title='bbox 2279 1748 2333 1802; x_wconf 86' lang='lat'><strong>7.</strong></span> <span class='ocrx_word' id='word_1_244' title='bbox 2376 1748 2457 1801; x_wconf 80' lang='lat' dir='ltr'><strong>Ad</strong></span> <span class='ocrx_word' id='word_1_245' title='bbox 2493 1748 2649 1817; x_wconf 86' lang='lat' dir='ltr'><strong>ﬁdem</strong></span> <span class='ocrx_word' id='word_1_246' title='bbox 2675 1748 2727 1802; x_wconf 89' lang='lat' dir='ltr'><strong>in</strong></span> <span class='ocrx_word' id='word_1_247' title='bbox 2757 1745 3009 1818; x_wconf 81' lang='lat' dir='ltr'><strong>baptismo</strong></span> <span class='ocrx_word' id='word_1_248' title='bbox 3034 1751 3323 1820; x_wconf 77' lang='lat' dir='ltr'><strong>confessam</strong></span> <span class='ocrx_word' id='word_1_249' title='bbox 3359 1747 3700 1803; x_wconf 84' lang='lat' dir='ltr'><strong>redeundum.</strong></span> <span class='ocrx_word' id='word_1_250' title='bbox 3745 1777 3823 1791; x_wconf 88' lang='lat'><strong>—-</strong></span> 
     </span>
    </p>
   </div>
   <div class='ocr_carea' id='block_1_34' title="bbox 497 1841 2104 1914">
    <p class='ocr_par' dir='ltr' id='par_1_34' title="bbox 497 1841 2104 1914">
     <span class='ocr_line' id='line_1_34' title="bbox 497 1841 2104 1914; baseline -0.002 -15"><span class='ocrx_word' id='word_1_251' title='bbox 497 1843 647 1914; x_wconf 87' lang='lat' dir='ltr'><strong>poris</strong></span> <span class='ocrx_word' id='word_1_252' title='bbox 686 1841 821 1899; x_wconf 90' lang='lat' dir='ltr'><strong>ﬁdes</strong></span> <span class='ocrx_word' id='word_1_253' title='bbox 865 1850 980 1907; x_wconf 90' lang='lat' dir='ltr'><strong>est,</strong></span> <span class='ocrx_word' id='word_1_254' title='bbox 1033 1857 1100 1897; x_wconf 94' lang='lat' dir='ltr'><strong>ne</strong></span> <span class='ocrx_word' id='word_1_255' title='bbox 1132 1856 1239 1897; x_wconf 85' lang='lat' dir='ltr'><strong>non</strong></span> <span class='ocrx_word' id='word_1_256' title='bbox 1268 1849 1361 1896; x_wconf 89' lang='lat' dir='ltr'><strong>aut</strong></span> <span class='ocrx_word' id='word_1_257' title='bbox 1382 1858 1448 1897; x_wconf 81' lang='lat' dir='ltr'><strong>ex</strong></span> <span class='ocrx_word' id='word_1_258' title='bbox 1479 1850 1593 1897; x_wconf 91' lang='lat' dir='ltr'><strong>toto</strong></span> <span class='ocrx_word' id='word_1_259' title='bbox 1616 1883 1631 1908; x_wconf 92' lang='lat'><strong>,</strong></span> <span class='ocrx_word' id='word_1_260' title='bbox 1666 1850 1759 1896; x_wconf 89' lang='lat' dir='ltr'><strong>aut</strong></span> <span class='ocrx_word' id='word_1_261' title='bbox 1797 1847 2003 1895; x_wconf 86' lang='lat' dir='ltr'><strong>tantum</strong></span> <span class='ocrx_word' id='word_1_262' title='bbox 2034 1854 2104 1896; x_wconf 86' lang='lat' dir='ltr'><strong>ex</strong></span> 
     </span>
    </p>
   </div>
   <div class='ocr_carea' id='block_1_35' title="bbox 492 1932 2101 2007">
    <p class='ocr_par' dir='ltr' id='par_1_35' title="bbox 492 1932 2101 2007">
     <span class='ocr_line' id='line_1_35' title="bbox 492 1932 2101 2007; baseline -0.002 -15"><span class='ocrx_word' id='word_1_263' title='bbox 492 1936 741 2007; x_wconf 87' lang='lat' dir='ltr'><strong>portione</strong></span> <span class='ocrx_word' id='word_1_264' title='bbox 771 1936 844 1992; x_wconf 86' lang='lat' dir='ltr'><strong>sit</strong></span> <span class='ocrx_word' id='word_1_265' title='bbox 867 1934 1089 2001; x_wconf 89' lang='lat' dir='ltr'><strong>similis;</strong></span> <span class='ocrx_word' id='word_1_266' title='bbox 1118 1935 1322 2006; x_wconf 77' lang='lat' dir='ltr'><strong>egregii</strong></span> <span class='ocrx_word' id='word_1_267' title='bbox 1352 1935 1559 1991; x_wconf 90' lang='lat' dir='ltr'><strong>scilicet</strong></span> <span class='ocrx_word' id='word_1_268' title='bbox 1586 1934 1777 1990; x_wconf 89' lang='lat' dir='ltr'><strong>arbitri</strong></span> <span class='ocrx_word' id='word_1_269' title='bbox 1799 1932 2101 1990; x_wconf 67' lang='lat' dir='ltr'><strong>caelestium</strong></span> 
     </span>
    </p>
   </div>
   <div class='ocr_carea' id='block_1_36' title="bbox 498 2026 2102 2100">
    <p class='ocr_par' dir='ltr' id='par_1_36' title="bbox 498 2026 2102 2100">
     <span class='ocr_line' id='line_1_36' title="bbox 498 2026 2102 2100; baseline -0.004 -12"><span class='ocrx_word' id='word_1_270' title='bbox 498 2038 1004 2095; x_wconf 88' lang='lat' dir='ltr'><strong>sacramentorum,</strong></span> <span class='ocrx_word' id='word_1_271' title='bbox 1056 2029 1453 2100; x_wconf 87' lang='lat' dir='ltr'><strong>conquisitores</strong></span> <span class='ocrx_word' id='word_1_272' title='bbox 1500 2026 1854 2084; x_wconf 86' lang='lat' dir='ltr'><strong>invisibilium</strong></span> <span class='ocrx_word' id='word_1_273' title='bbox 1902 2035 2102 2099; x_wconf 86' lang='lat' dir='ltr'><strong>myste-</strong></span> 
     </span>
    </p>
   </div>
   <div class='ocr_carea' id='block_1_37' title="bbox 494 2120 2097 2195">
    <p class='ocr_par' dir='ltr' id='par_1_37' title="bbox 494 2120 2097 2195">
     <span class='ocr_line' id='line_1_37' title="bbox 494 2120 2097 2195; baseline -0.006 -13"><span class='ocrx_word' id='word_1_274' title='bbox 494 2126 746 2193; x_wconf 87' lang='lat' dir='ltr'><strong>riorum,</strong></span> <span class='ocrx_word' id='word_1_275' title='bbox 780 2121 1211 2195; x_wconf 85' lang='lat' dir='ltr'><strong>professionibus</strong></span> <span class='ocrx_word' id='word_1_276' title='bbox 1258 2121 1327 2177; x_wconf 90' lang='lat' dir='ltr'><strong>de</strong></span> <span class='ocrx_word' id='word_1_277' title='bbox 1379 2120 1487 2177; x_wconf 87' lang='lat' dir='ltr'><strong>ﬁde</strong></span> <span class='ocrx_word' id='word_1_278' title='bbox 1539 2120 1633 2178; x_wconf 89' lang='lat' dir='ltr'><strong>Dei</strong></span> <span class='ocrx_word' id='word_1_279' title='bbox 1679 2120 2097 2175; x_wconf 89' lang='lat' dir='ltr'><strong>calumniamur.</strong></span> 
     </span>
    </p>
   </div>
   <div class='ocr_carea' id='block_1_38' title="bbox 493 2212 2098 2284">
    <p class='ocr_par' dir='ltr' id='par_1_38' title="bbox 493 2212 2098 2284">
     <span class='ocr_line' id='line_1_38' title="bbox 493 2212 2098 2284; baseline -0.004 -10"><span class='ocrx_word' id='word_1_280' title='bbox 493 2220 720 2274; x_wconf 83' lang='lat' dir='ltr'><strong>Annuas</strong></span> <span class='ocrx_word' id='word_1_281' title='bbox 765 2224 930 2284; x_wconf 87' lang='lat' dir='ltr'><strong>atque</strong></span> <span class='ocrx_word' id='word_1_282' title='bbox 965 2224 1273 2272; x_wconf 90' lang='lat' dir='ltr'><strong>menstruas</strong></span> <span class='ocrx_word' id='word_1_283' title='bbox 1300 2213 1514 2269; x_wconf 54' lang='lat' dir='ltr'><strong>de‘Deo</strong></span> <span class='ocrx_word' id='word_1_284' title='bbox 1542 2212 1675 2269; x_wconf 85' lang='lat' dir='ltr'><strong>fides</strong></span> <span class='ocrx_word' id='word_1_285' title='bbox 1711 2212 2056 2269; x_wconf 88' lang='lat' dir='ltr'><strong>decernimus</strong></span> <span class='ocrx_word' id='word_1_286' title='bbox 2082 2254 2098 2280; x_wconf 89' lang='lat'><strong>,</strong></span> 
     </span>
    </p>
   </div>
   <div class='ocr_carea' id='block_1_39' title="bbox 491 2305 2099 2382">
    <p class='ocr_par' dir='ltr' id='par_1_39' title="bbox 491 2305 2099 2382">
     <span class='ocr_line' id='line_1_39' title="bbox 491 2305 2099 2382; baseline -0.003 -15"><span class='ocrx_word' id='word_1_287' title='bbox 491 2311 729 2371; x_wconf 84' lang='lat' dir='ltr'><strong>decretis</strong></span> <span class='ocrx_word' id='word_1_288' title='bbox 752 2310 1081 2382; x_wconf 73' lang='lat' dir='ltr'><strong>pmnitemus</strong></span> <span class='ocrx_word' id='word_1_289' title='bbox 1100 2351 1117 2377; x_wconf 92' lang='lat'><strong>,</strong></span> <span class='ocrx_word' id='word_1_290' title='bbox 1147 2309 1479 2380; x_wconf 85' lang='lat' dir='ltr'><strong>puenitentes</strong></span> <span class='ocrx_word' id='word_1_291' title='bbox 1500 2305 1845 2364; x_wconf 75' lang='lat' dir='ltr'><strong>defendimus</strong></span> <span class='ocrx_word' id='word_1_292' title='bbox 1870 2348 1884 2375; x_wconf 90' lang='lat'><strong>,</strong></span> <span class='ocrx_word' id='word_1_293' title='bbox 1910 2307 2099 2362; x_wconf 65' lang='lat' dir='ltr'><strong>defeno</strong></span> 
     </span>
    </p>
   </div>
   <div class='ocr_carea' id='block_1_40' title="bbox 495 2400 2097 2483">
    <p class='ocr_par' dir='ltr' id='par_1_40' title="bbox 495 2400 2097 2483">
     <span class='ocr_line' id='line_1_40' title="bbox 495 2400 2097 2483; baseline -0.004 -21"><span class='ocrx_word' id='word_1_294' title='bbox 495 2422 586 2462; x_wconf 90' lang='lat' dir='ltr'><strong>sos</strong></span> <span class='ocrx_word' id='word_1_295' title='bbox 609 2404 1170 2468; x_wconf 79' lang='lat' dir='ltr'><strong>anathematizamus;</strong></span> <span class='ocrx_word' id='word_1_296' title='bbox 1207 2402 1380 2483; x_wconf 83' lang='lat' dir='ltr'><strong>autin</strong></span> <span class='ocrx_word' id='word_1_297' title='bbox 1416 2401 1617 2457; x_wconf 89' lang='lat' dir='ltr'><strong>nostris</strong></span> <span class='ocrx_word' id='word_1_298' title='bbox 1659 2400 1832 2456; x_wconf 89' lang='lat' dir='ltr'><strong>aliena</strong></span> <span class='ocrx_word' id='word_1_299' title='bbox 1857 2441 1873 2468; x_wconf 93' lang='lat'><strong>,</strong></span> <span class='ocrx_word' id='word_1_300' title='bbox 1907 2408 1999 2454; x_wconf 89' lang='lat' dir='ltr'><strong>aut</strong></span> <span class='ocrx_word' id='word_1_301' title='bbox 2044 2400 2097 2455; x_wconf 93' lang='lat' dir='ltr'><strong>in</strong></span> 
     </span>
    </p>
   </div>
   <div class='ocr_carea' id='block_1_41' title="bbox 488 2495 2094 2567">
    <p class='ocr_par' dir='ltr' id='par_1_41' title="bbox 488 2495 2094 2567">
     <span class='ocr_line' id='line_1_41' title="bbox 488 2495 2094 2567; baseline -0.002 -13"><span class='ocrx_word' id='word_1_302' title='bbox 488 2499 685 2555; x_wconf 88' lang='lat' dir='ltr'><strong>alienis</strong></span> <span class='ocrx_word' id='word_1_303' title='bbox 706 2505 892 2554; x_wconf 91' lang='lat' dir='ltr'><strong>nostra</strong></span> <span class='ocrx_word' id='word_1_304' title='bbox 921 2496 1275 2564; x_wconf 86' lang='lat' dir='ltr'><strong>damnamus;</strong></span> <span class='ocrx_word' id='word_1_305' title='bbox 1309 2503 1365 2551; x_wconf 87' lang='lat' dir='ltr'><strong>et</strong></span> <span class='ocrx_word' id='word_1_306' title='bbox 1391 2495 1473 2567; x_wconf 81' lang='grc' dir='ltr'><strong>(ά)</strong></span> <span class='ocrx_word' id='word_1_307' title='bbox 1502 2495 1817 2552; x_wconf 89' lang='lat' dir='ltr'><strong>mordentes</strong></span> <span class='ocrx_word' id='word_1_308' title='bbox 1842 2495 2094 2563; x_wconf 87' lang='lat' dir='ltr'><strong>invicem,</strong></span> 
     </span>
    </p>
   </div>
   <div class='ocr_carea' id='block_1_42' title="bbox 480 2592 1862 2666">
    <p class='ocr_par' dir='ltr' id='par_1_42' title="bbox 480 2592 1862 2666">
     <span class='ocr_line' id='line_1_42' title="bbox 480 2592 1862 2666; baseline 0 -17"><span class='ocrx_word' id='word_1_309' title='bbox 480 2594 593 2664; x_wconf 80' lang='lat' dir='ltr'><strong>jam</strong></span> <span class='ocrx_word' id='word_1_310' title='bbox 621 2593 894 2666; x_wconf 85' lang='lat' dir='ltr'><strong>absumpti</strong></span> <span class='ocrx_word' id='word_1_311' title='bbox 922 2606 1109 2649; x_wconf 91' lang='lat' dir='ltr'><strong>sumus</strong></span> <span class='ocrx_word' id='word_1_312' title='bbox 1137 2594 1206 2650; x_wconf 88' lang='lat' dir='ltr'><strong>ab</strong></span> <span class='ocrx_word' id='word_1_313' title='bbox 1234 2592 1463 2649; x_wconf 90' lang='lat' dir='ltr'><strong>invicem</strong></span> <span class='ocrx_word' id='word_1_314' title='bbox 1497 2592 1640 2666; x_wconf 85' lang='lat' dir='ltr'><strong>(Gal.</strong></span> <span class='ocrx_word' id='word_1_315' title='bbox 1667 2609 1721 2658; x_wconf 81' lang='grc' dir='ltr'><strong>ν,</strong></span> <span class='ocrx_word' id='word_1_316' title='bbox 1752 2593 1862 2665; x_wconf 75' lang='grc'><strong>15).</strong></span> 
     </span>
    </p>
   </div>
   <div class='ocr_carea' id='block_1_43' title="bbox 570 2685 2095 2758">
    <p class='ocr_par' dir='ltr' id='par_1_43' title="bbox 570 2685 2095 2758">
     <span class='ocr_line' id='line_1_43' title="bbox 570 2685 2095 2758; baseline 0 -16"><span class='ocrx_word' id='word_1_317' title='bbox 570 2686 625 2742; x_wconf 82' lang='lat'><strong>6.</strong></span> <span class='ocrx_word' id='word_1_318' title='bbox 668 2685 831 2742; x_wconf 83' lang='lat' dir='ltr'><strong>Fides</strong></span> <span class='ocrx_word' id='word_1_319' title='bbox 872 2686 1166 2758; x_wconf 80' lang='lat' dir='ltr'><strong>evangelica</strong></span> <span class='ocrx_word' id='word_1_320' title='bbox 1204 2687 1574 2758; x_wconf 80' lang='lat' dir='ltr'><strong>corrumpitur.</strong></span> <span class='ocrx_word' id='word_1_321' title='bbox 1604 2716 1675 2726; x_wconf 90' lang='lat'><strong>—-</strong></span> <span class='ocrx_word' id='word_1_322' title='bbox 1699 2685 1861 2742; x_wconf 88' lang='lat' dir='ltr'><strong>Fides</strong></span> <span class='ocrx_word' id='word_1_323' title='bbox 1898 2686 2095 2743; x_wconf 89' lang='lat' dir='ltr'><strong>deinde</strong></span> 
     </span>
    </p>
   </div>
   <div class='ocr_carea' id='block_1_44' title="bbox 485 2777 2096 2850">
    <p class='ocr_par' dir='ltr' id='par_1_44' title="bbox 485 2777 2096 2850">
     <span class='ocr_line' id='line_1_44' title="bbox 485 2777 2096 2850; baseline 0.002 -16"><span class='ocrx_word' id='word_1_324' title='bbox 485 2779 751 2848; x_wconf 85' lang='lat' dir='ltr'><strong>quaeritur</strong></span> <span class='ocrx_word' id='word_1_325' title='bbox 782 2798 796 2834; x_wconf 90' lang='lat'><strong>:</strong></span> <span class='ocrx_word' id='word_1_326' title='bbox 822 2778 977 2850; x_wconf 88' lang='lat' dir='ltr'><strong>quasi</strong></span> <span class='ocrx_word' id='word_1_327' title='bbox 1007 2777 1147 2835; x_wconf 88' lang='lat' dir='ltr'><strong>ﬁdes</strong></span> <span class='ocrx_word' id='word_1_328' title='bbox 1175 2778 1323 2835; x_wconf 89' lang='lat' dir='ltr'><strong>nulla</strong></span> <span class='ocrx_word' id='word_1_329' title='bbox 1368 2779 1459 2834; x_wconf 92' lang='lat' dir='ltr'><strong>sit.</strong></span> <span class='ocrx_word' id='word_1_330' title='bbox 1508 2778 1670 2836; x_wconf 88' lang='lat' dir='ltr'><strong>Fides</strong></span> <span class='ocrx_word' id='word_1_331' title='bbox 1695 2779 1981 2837; x_wconf 90' lang='lat' dir='ltr'><strong>scribenda</strong></span> <span class='ocrx_word' id='word_1_332' title='bbox 2012 2790 2096 2837; x_wconf 85' lang='lat' dir='ltr'><strong>est</strong></span> 
     </span>
    </p>
   </div>
   <div class='ocr_carea' id='block_1_45' title="bbox 481 2870 2092 2949">
    <p class='ocr_par' dir='ltr' id='par_1_45' title="bbox 481 2870 2092 2949">
     <span class='ocr_line' id='line_1_45' title="bbox 481 2870 2092 2949; baseline 0.002 -22"><span class='ocrx_word' id='word_1_333' title='bbox 481 2872 634 2949; x_wconf 86' lang='lat' dir='ltr'><strong>(Vid.</strong></span> <span class='ocrx_word' id='word_1_334' title='bbox 671 2873 709 2927; x_wconf 90' lang='grc' dir='ltr'><strong>ι.</strong></span> <span class='ocrx_word' id='word_1_335' title='bbox 734 2872 800 2927; x_wconf 83' lang='lat' dir='ltr'><strong>de</strong></span> <span class='ocrx_word' id='word_1_336' title='bbox 830 2871 965 2944; x_wconf 78' lang='lat' dir='ltr'><strong>Syn.</strong></span> <span class='ocrx_word' id='word_1_337' title='bbox 996 2889 1050 2927; x_wconf 82' lang='grc' dir='ltr'><strong>η.</strong></span> <span class='ocrx_word' id='word_1_338' title='bbox 1083 2870 1179 2944; x_wconf 78' lang='lat'><strong>65)</strong></span> <span class='ocrx_word' id='word_1_339' title='bbox 1211 2891 1225 2927; x_wconf 89' lang='lat'><strong>:</strong></span> <span class='ocrx_word' id='word_1_340' title='bbox 1253 2873 1405 2944; x_wconf 90' lang='lat' dir='ltr'><strong>quasi</strong></span> <span class='ocrx_word' id='word_1_341' title='bbox 1437 2872 1490 2928; x_wconf 91' lang='lat' dir='ltr'><strong>in</strong></span> <span class='ocrx_word' id='word_1_342' title='bbox 1514 2871 1679 2928; x_wconf 92' lang='lat' dir='ltr'><strong>corde</strong></span> <span class='ocrx_word' id='word_1_343' title='bbox 1706 2888 1813 2928; x_wconf 92' lang='lat' dir='ltr'><strong>nou</strong></span> <span class='ocrx_word' id='word_1_344' title='bbox 1843 2873 1932 2929; x_wconf 90' lang='lat' dir='ltr'><strong>sit.</strong></span> <span class='ocrx_word' id='word_1_345' title='bbox 1981 2874 2092 2932; x_wconf 83' lang='lat' dir='ltr'><strong>Re-</strong></span> 
     </span>
    </p>
   </div>
   <div class='ocr_carea' id='block_1_46' title="bbox 487 2963 2091 3039">
    <p class='ocr_par' dir='ltr' id='par_1_46' title="bbox 487 2963 2091 3039">
     <span class='ocr_line' id='line_1_46' title="bbox 487 2963 2091 3039; baseline 0.002 -18"><span class='ocrx_word' id='word_1_346' title='bbox 487 2964 735 3037; x_wconf 84' lang='lat' dir='ltr'><strong>generati</strong></span> <span class='ocrx_word' id='word_1_347' title='bbox 775 2979 873 3036; x_wconf 90' lang='lat' dir='ltr'><strong>per</strong></span> <span class='ocrx_word' id='word_1_348' title='bbox 899 2963 1061 3021; x_wconf 85' lang='lat' dir='ltr'><strong>ﬁdem</strong></span> <span class='ocrx_word' id='word_1_349' title='bbox 1086 3006 1104 3033; x_wconf 90' lang='lat'><strong>,</strong></span> <span class='ocrx_word' id='word_1_350' title='bbox 1145 2979 1289 3020; x_wconf 90' lang='lat' dir='ltr'><strong>nunc</strong></span> <span class='ocrx_word' id='word_1_351' title='bbox 1317 2964 1382 3020; x_wconf 91' lang='lat' dir='ltr'><strong>ad</strong></span> <span class='ocrx_word' id='word_1_352' title='bbox 1412 2964 1577 3020; x_wconf 87' lang='lat' dir='ltr'><strong>ﬁdem</strong></span> <span class='ocrx_word' id='word_1_353' title='bbox 1605 2965 1867 3023; x_wconf 90' lang='lat' dir='ltr'><strong>docemur</strong></span> <span class='ocrx_word' id='word_1_354' title='bbox 1889 3008 1905 3033; x_wconf 90' lang='lat'><strong>,</strong></span> <span class='ocrx_word' id='word_1_355' title='bbox 1938 2967 2091 3039; x_wconf 92' lang='lat' dir='ltr'><strong>quasi</strong></span> 
     </span>
    </p>
   </div>
   <div class='ocr_carea' id='block_1_47' title="bbox 488 3054 2088 3129">
    <p class='ocr_par' dir='ltr' id='par_1_47' title="bbox 488 3054 2088 3129">
     <span class='ocr_line' id='line_1_47' title="bbox 488 3054 2088 3129; baseline 0.001 -16"><span class='ocrx_word' id='word_1_356' title='bbox 488 3058 836 3129; x_wconf 85' lang='lat' dir='ltr'><strong>regeneratio</strong></span> <span class='ocrx_word' id='word_1_357' title='bbox 864 3057 954 3113; x_wconf 92' lang='lat' dir='ltr'><strong>illa</strong></span> <span class='ocrx_word' id='word_1_358' title='bbox 983 3057 1102 3114; x_wconf 89' lang='lat' dir='ltr'><strong>sine</strong></span> <span class='ocrx_word' id='word_1_359' title='bbox 1120 3056 1230 3113; x_wconf 85' lang='lat' dir='ltr'><strong>ﬁde</strong></span> <span class='ocrx_word' id='word_1_360' title='bbox 1254 3056 1346 3112; x_wconf 90' lang='lat' dir='ltr'><strong>sit.</strong></span> <span class='ocrx_word' id='word_1_361' title='bbox 1369 3054 1647 3113; x_wconf 81' lang='lat' dir='ltr'><strong>Christum</strong></span> <span class='ocrx_word' id='word_1_362' title='bbox 1671 3066 1793 3127; x_wconf 85' lang='lat' dir='ltr'><strong>post</strong></span> <span class='ocrx_word' id='word_1_363' title='bbox 1823 3057 2088 3129; x_wconf 88' lang='lat' dir='ltr'><strong>baptisma</strong></span> 
     </span>
    </p>
   </div>
   <div class='ocr_carea' id='block_1_48' title="bbox 2208 1839 3821 1911">
    <p class='ocr_par' dir='ltr' id='par_1_48' title="bbox 2208 1839 3821 1911">
     <span class='ocr_line' id='line_1_48' title="bbox 2208 1839 3821 1911; baseline 0 -14"><span class='ocrx_word' id='word_1_364' title='bbox 2208 1840 2360 1910; x_wconf 86' lang='lat' dir='ltr'><strong>Quod</strong></span> <span class='ocrx_word' id='word_1_365' title='bbox 2387 1841 2568 1897; x_wconf 87' lang='lat' dir='ltr'><strong>hieme</strong></span> <span class='ocrx_word' id='word_1_366' title='bbox 2609 1840 2819 1897; x_wconf 80' lang='lat' dir='ltr'><strong>undoso</strong></span> <span class='ocrx_word' id='word_1_367' title='bbox 2864 1839 2999 1895; x_wconf 91' lang='lat' dir='ltr'><strong>mari</strong></span> <span class='ocrx_word' id='word_1_368' title='bbox 3045 1839 3320 1897; x_wconf 81' lang='lat' dir='ltr'><strong>observari</strong></span> <span class='ocrx_word' id='word_1_369' title='bbox 3364 1856 3393 1895; x_wconf 90' lang='lat' dir='ltr'><strong>a</strong></span> <span class='ocrx_word' id='word_1_370' title='bbox 3432 1840 3821 1911; x_wconf 84' lang='lat' dir='ltr'><strong>navigantibus</strong></span> 
     </span>
    </p>
   </div>
   <div class='ocr_carea' id='block_1_49' title="bbox 2207 1933 3820 2007">
    <p class='ocr_par' dir='ltr' id='par_1_49' title="bbox 2207 1933 3820 2007">
     <span class='ocr_line' id='line_1_49' title="bbox 2207 1933 3820 2007; baseline 0.001 -18"><span class='ocrx_word' id='word_1_371' title='bbox 2207 1934 2440 1989; x_wconf 85' lang='lat' dir='ltr'><strong>maxime</strong></span> <span class='ocrx_word' id='word_1_372' title='bbox 2469 1945 2641 1989; x_wconf 89' lang='lat' dir='ltr'><strong>tutum</strong></span> <span class='ocrx_word' id='word_1_373' title='bbox 2665 1942 2749 1989; x_wconf 91' lang='lat' dir='ltr'><strong>est</strong></span> <span class='ocrx_word' id='word_1_374' title='bbox 2774 1976 2788 1999; x_wconf 93' lang='lat'><strong>,</strong></span> <span class='ocrx_word' id='word_1_375' title='bbox 2818 1941 2876 1988; x_wconf 92' lang='lat' dir='ltr'><strong>ut</strong></span> <span class='ocrx_word' id='word_1_376' title='bbox 2902 1933 3181 2005; x_wconf 86' lang='lat' dir='ltr'><strong>naufragio</strong></span> <span class='ocrx_word' id='word_1_377' title='bbox 3211 1934 3562 2001; x_wconf 67' lang='lat' dir='ltr'><strong>desaevicnte,</strong></span> <span class='ocrx_word' id='word_1_378' title='bbox 3594 1935 3649 1989; x_wconf 94' lang='lat' dir='ltr'><strong>in</strong></span> <span class='ocrx_word' id='word_1_379' title='bbox 3677 1950 3820 2007; x_wconf 88' lang='lat' dir='ltr'><strong>por-</strong></span> 
     </span>
    </p>
   </div>
   <div class='ocr_carea' id='block_1_50' title="bbox 2206 2027 3817 2097">
    <p class='ocr_par' dir='ltr' id='par_1_50' title="bbox 2206 2027 3817 2097">
     <span class='ocr_line' id='line_1_50' title="bbox 2206 2027 3817 2097; baseline 0.002 -17"><span class='ocrx_word' id='word_1_380' title='bbox 2206 2034 2320 2081; x_wconf 88' lang='lat' dir='ltr'><strong>tmn</strong></span> <span class='ocrx_word' id='word_1_381' title='bbox 2352 2041 2420 2082; x_wconf 84' lang='lat' dir='ltr'><strong>ex</strong></span> <span class='ocrx_word' id='word_1_382' title='bbox 2450 2042 2556 2097; x_wconf 90' lang='lat' dir='ltr'><strong>quo</strong></span> <span class='ocrx_word' id='word_1_383' title='bbox 2577 2027 2852 2082; x_wconf 88' lang='lat' dir='ltr'><strong>solverant</strong></span> <span class='ocrx_word' id='word_1_384' title='bbox 2881 2035 3262 2094; x_wconf 89' lang='lat' dir='ltr'><strong>revertantur;</strong></span> <span class='ocrx_word' id='word_1_385' title='bbox 3290 2028 3381 2083; x_wconf 89' lang='lat' dir='ltr'><strong>vel</strong></span> <span class='ocrx_word' id='word_1_386' title='bbox 3412 2028 3645 2084; x_wconf 88' lang='lat' dir='ltr'><strong>incautis</strong></span> <span class='ocrx_word' id='word_1_387' title='bbox 3673 2028 3817 2085; x_wconf 79' lang='lat' dir='ltr'><strong>ado-</strong></span> 
     </span>
    </p>
   </div>
   <div class='ocr_carea' id='block_1_51' title="bbox 2205 2119 3820 2195">
    <p class='ocr_par' dir='ltr' id='par_1_51' title="bbox 2205 2119 3820 2195">
     <span class='ocr_line' id='line_1_51' title="bbox 2205 2119 3820 2195; baseline 0.002 -20"><span class='ocrx_word' id='word_1_388' title='bbox 2205 2120 2537 2177; x_wconf 89' lang='lat' dir='ltr'><strong>lescentibus</strong></span> <span class='ocrx_word' id='word_1_389' title='bbox 2584 2120 2870 2188; x_wconf 88' lang='lat' dir='ltr'><strong>convenit,</strong></span> <span class='ocrx_word' id='word_1_390' title='bbox 2928 2128 2988 2175; x_wconf 90' lang='lat' dir='ltr'><strong>ut</strong></span> <span class='ocrx_word' id='word_1_391' title='bbox 3013 2136 3139 2177; x_wconf 89' lang='lat' dir='ltr'><strong>eum</strong></span> <span class='ocrx_word' id='word_1_392' title='bbox 3183 2119 3465 2176; x_wconf 89' lang='lat' dir='ltr'><strong>intuenda</strong></span> <span class='ocrx_word' id='word_1_393' title='bbox 3517 2120 3594 2195; x_wconf 88' lang='lat' dir='ltr'><strong>(g)</strong></span> <span class='ocrx_word' id='word_1_394' title='bbox 3649 2121 3820 2179; x_wconf 86' lang='lat' dir='ltr'><strong>domo</strong></span> 
     </span>
    </p>
   </div>
   <div class='ocr_carea' id='block_1_52' title="bbox 2203 2214 3817 2285">
    <p class='ocr_par' dir='ltr' id='par_1_52' title="bbox 2203 2214 3817 2285">
     <span class='ocr_line' id='line_1_52' title="bbox 2203 2214 3817 2285; baseline 0.003 -16"><span class='ocrx_word' id='word_1_395' title='bbox 2203 2226 2322 2280; x_wconf 91' lang='lat' dir='ltr'><strong>sua,</strong></span> <span class='ocrx_word' id='word_1_396' title='bbox 2355 2228 2538 2277; x_wconf 82' lang='lat' dir='ltr'><strong>mores</strong></span> <span class='ocrx_word' id='word_1_397' title='bbox 2568 2222 2807 2284; x_wconf 59' lang='lat' dir='ltr'><strong>paternae</strong></span> <span class='ocrx_word' id='word_1_398' title='bbox 2834 2214 3204 2271; x_wconf 83' lang='lat' dir='ltr'><strong>observantiae</strong></span> <span class='ocrx_word' id='word_1_399' title='bbox 3231 2215 3559 2285; x_wconf 84' lang='lat' dir='ltr'><strong>trangressi,</strong></span> <span class='ocrx_word' id='word_1_400' title='bbox 3587 2215 3817 2285; x_wconf 87' lang='lat' dir='ltr'><strong>profusa</strong></span> 
     </span>
    </p>
   </div>
   <div class='ocr_carea' id='block_1_53' title="bbox 2202 2307 3819 2385">
    <p class='ocr_par' dir='ltr' id='par_1_53' title="bbox 2202 2307 3819 2385">
     <span class='ocr_line' id='line_1_53' title="bbox 2202 2307 3819 2385; baseline 0.004 -22"><span class='ocrx_word' id='word_1_401' title='bbox 2202 2307 2457 2365; x_wconf 90' lang='lat' dir='ltr'><strong>libertate</strong></span> <span class='ocrx_word' id='word_1_402' title='bbox 2484 2323 2582 2366; x_wconf 88' lang='lat' dir='ltr'><strong>sua</strong></span> <span class='ocrx_word' id='word_1_403' title='bbox 2610 2311 2694 2364; x_wconf 85' lang='lat' dir='ltr'><strong>usi</strong></span> <span class='ocrx_word' id='word_1_404' title='bbox 2724 2321 2883 2377; x_wconf 88' lang='lat' dir='ltr'><strong>sunt,</strong></span> <span class='ocrx_word' id='word_1_405' title='bbox 2904 2311 3015 2382; x_wconf 87' lang='lat' dir='ltr'><strong>jam</strong></span> <span class='ocrx_word' id='word_1_406' title='bbox 3045 2311 3146 2367; x_wconf 88' lang='lat' dir='ltr'><strong>sub</strong></span> <span class='ocrx_word' id='word_1_407' title='bbox 3171 2312 3289 2384; x_wconf 91' lang='lat' dir='ltr'><strong>ipso</strong></span> <span class='ocrx_word' id='word_1_408' title='bbox 3314 2313 3600 2369; x_wconf 89' lang='lat' dir='ltr'><strong>amittendi</strong></span> <span class='ocrx_word' id='word_1_409' title='bbox 3638 2313 3819 2385; x_wconf 87' lang='lat' dir='ltr'><strong>patri-</strong></span> 
     </span>
    </p>
   </div>
   <div class='ocr_carea' id='block_1_54' title="bbox 2203 2402 3816 2475">
    <p class='ocr_par' dir='ltr' id='par_1_54' title="bbox 2203 2402 3816 2475">
     <span class='ocr_line' id='line_1_54' title="bbox 2203 2402 3816 2475; baseline 0.003 -17"><span class='ocrx_word' id='word_1_410' title='bbox 2203 2402 2369 2458; x_wconf 91' lang='lat' dir='ltr'><strong>monii</strong></span> <span class='ocrx_word' id='word_1_411' title='bbox 2401 2410 2548 2458; x_wconf 90' lang='lat' dir='ltr'><strong>metu</strong></span> <span class='ocrx_word' id='word_1_412' title='bbox 2593 2403 2742 2457; x_wconf 91' lang='lat' dir='ltr'><strong>solus</strong></span> <span class='ocrx_word' id='word_1_413' title='bbox 2781 2403 2888 2459; x_wconf 90' lang='lat' dir='ltr'><strong>illis</strong></span> <span class='ocrx_word' id='word_1_414' title='bbox 2919 2402 2985 2459; x_wconf 87' lang='lat' dir='ltr'><strong>ad</strong></span> <span class='ocrx_word' id='word_1_415' title='bbox 3026 2413 3304 2475; x_wconf 86' lang='lat' dir='ltr'><strong>paternam</strong></span> <span class='ocrx_word' id='word_1_416' title='bbox 3353 2406 3816 2463; x_wconf 90' lang='lat' dir='ltr'><strong>consuetudinem</strong></span> 
     </span>
    </p>
   </div>
   <div class='ocr_carea' id='block_1_55' title="bbox 2201 2496 3816 2556">
    <p class='ocr_par' dir='ltr' id='par_1_55' title="bbox 2201 2496 3816 2556">
     <span class='ocr_line' id='line_1_55' title="bbox 2201 2496 3816 2556; baseline 0.004 -6"><span class='ocrx_word' id='word_1_417' title='bbox 2201 2496 2540 2552; x_wconf 85' lang='lat' dir='ltr'><strong>necessarius</strong></span> <span class='ocrx_word' id='word_1_418' title='bbox 2571 2505 2625 2552; x_wconf 90' lang='lat' dir='ltr'><strong>et</strong></span> <span class='ocrx_word' id='word_1_419' title='bbox 2662 2504 2809 2552; x_wconf 91' lang='lat' dir='ltr'><strong>tutus</strong></span> <span class='ocrx_word' id='word_1_420' title='bbox 2850 2512 3109 2555; x_wconf 87' lang='lat' dir='ltr'><strong>recursus</strong></span> <span class='ocrx_word' id='word_1_421' title='bbox 3138 2498 3203 2553; x_wconf 87' lang='lat' dir='ltr'><strong>sit</strong></span> <span class='ocrx_word' id='word_1_422' title='bbox 3231 2517 3245 2554; x_wconf 92' lang='lat'><strong>:</strong></span> <span class='ocrx_word' id='word_1_423' title='bbox 3273 2498 3343 2554; x_wconf 91' lang='lat' dir='ltr'><strong>ita</strong></span> <span class='ocrx_word' id='word_1_424' title='bbox 3372 2498 3516 2555; x_wconf 91' lang='lat' dir='ltr'><strong>inter</strong></span> <span class='ocrx_word' id='word_1_425' title='bbox 3540 2499 3658 2555; x_wconf 66' lang='lat' dir='ltr'><strong>haec</strong></span> <span class='ocrx_word' id='word_1_426' title='bbox 3680 2500 3816 2556; x_wconf 91' lang='lat' dir='ltr'><strong>ﬁdei</strong></span> 
     </span>
    </p>
   </div>
   <div class='ocr_carea' id='block_1_56' title="bbox 2203 2591 3816 2669">
    <p class='ocr_par' dir='ltr' id='par_1_56' title="bbox 2203 2591 3816 2669">
     <span class='ocr_line' id='line_1_56' title="bbox 2203 2591 3816 2669; baseline 0.002 -21"><span class='ocrx_word' id='word_1_427' title='bbox 2203 2591 2509 2664; x_wconf 84' lang='lat' dir='ltr'><strong>naufragia,</strong></span> <span class='ocrx_word' id='word_1_428' title='bbox 2559 2592 2800 2649; x_wconf 64' lang='lat' dir='ltr'><strong>caelestis</strong></span> <span class='ocrx_word' id='word_1_429' title='bbox 2828 2592 3139 2662; x_wconf 89' lang='lat' dir='ltr'><strong>patrimonii</strong></span> <span class='ocrx_word' id='word_1_430' title='bbox 3180 2592 3292 2669; x_wconf 87' lang='lat' dir='ltr'><strong>jam</strong></span> <span class='ocrx_word' id='word_1_431' title='bbox 3341 2607 3481 2664; x_wconf 90' lang='lat' dir='ltr'><strong>pene</strong></span> <span class='ocrx_word' id='word_1_432' title='bbox 3523 2592 3816 2666; x_wconf 77' lang='lat' dir='ltr'><strong>proﬂigata</strong></span> 
     </span>
    </p>
   </div>
   <div class='ocr_carea' id='block_1_57' title="bbox 2200 2684 3814 2759">
    <p class='ocr_par' dir='ltr' id='par_1_57' title="bbox 2200 2684 3814 2759">
     <span class='ocr_line' id='line_1_57' title="bbox 2200 2684 3814 2759; baseline 0.001 -18"><span class='ocrx_word' id='word_1_433' title='bbox 2200 2685 2546 2753; x_wconf 67' lang='lat' dir='ltr'><strong>hazreditate,</strong></span> <span class='ocrx_word' id='word_1_434' title='bbox 2591 2684 2921 2741; x_wconf 87' lang='lat' dir='ltr'><strong>tutissimum</strong></span> <span class='ocrx_word' id='word_1_435' title='bbox 2950 2685 3108 2742; x_wconf 92' lang='lat' dir='ltr'><strong>nobis</strong></span> <span class='ocrx_word' id='word_1_436' title='bbox 3136 2695 3251 2754; x_wconf 90' lang='lat' dir='ltr'><strong>est,</strong></span> <span class='ocrx_word' id='word_1_437' title='bbox 3287 2686 3518 2759; x_wconf 90' lang='lat' dir='ltr'><strong>primam</strong></span> <span class='ocrx_word' id='word_1_438' title='bbox 3543 2697 3600 2743; x_wconf 87' lang='lat' dir='ltr'><strong>et</strong></span> <span class='ocrx_word' id='word_1_439' title='bbox 3630 2686 3814 2743; x_wconf 86' lang='lat' dir='ltr'><strong>solam</strong></span> 
     </span>
    </p>
   </div>
   <div class='ocr_carea' id='block_1_58' title="bbox 2198 2777 3817 2853">
    <p class='ocr_par' dir='ltr' id='par_1_58' title="bbox 2198 2777 3817 2853">
     <span class='ocr_line' id='line_1_58' title="bbox 2198 2777 3817 2853; baseline -0.001 -15"><span class='ocrx_word' id='word_1_440' title='bbox 2198 2779 2563 2853; x_wconf 78' lang='lat' dir='ltr'><strong>evangelicam</strong></span> <span class='ocrx_word' id='word_1_441' title='bbox 2615 2778 2775 2833; x_wconf 84' lang='lat' dir='ltr'><strong>fidem</strong></span> <span class='ocrx_word' id='word_1_442' title='bbox 2804 2777 3110 2833; x_wconf 82' lang='lat' dir='ltr'><strong>confessam</strong></span> <span class='ocrx_word' id='word_1_443' title='bbox 3160 2777 3215 2833; x_wconf 94' lang='lat' dir='ltr'><strong>in</strong></span> <span class='ocrx_word' id='word_1_444' title='bbox 3258 2778 3530 2849; x_wconf 88' lang='lat' dir='ltr'><strong>baptismo</strong></span> <span class='ocrx_word' id='word_1_445' title='bbox 3559 2778 3817 2836; x_wconf 79' lang='lat' dir='ltr'><strong>intellec-</strong></span> 
     </span>
    </p>
   </div>
   <div class='ocr_carea' id='block_1_59' title="bbox 2198 2870 3812 2944">
    <p class='ocr_par' dir='ltr' id='par_1_59' title="bbox 2198 2870 3812 2944">
     <span class='ocr_line' id='line_1_59' title="bbox 2198 2870 3812 2944; baseline 0 -15"><span class='ocrx_word' id='word_1_446' title='bbox 2198 2882 2416 2943; x_wconf 90' lang='lat' dir='ltr'><strong>tamque</strong></span> <span class='ocrx_word' id='word_1_447' title='bbox 2432 2872 2691 2939; x_wconf 90' lang='lat' dir='ltr'><strong>retinere,</strong></span> <span class='ocrx_word' id='word_1_448' title='bbox 2720 2885 2820 2929; x_wconf 90' lang='lat' dir='ltr'><strong>nec</strong></span> <span class='ocrx_word' id='word_1_449' title='bbox 2849 2870 3133 2928; x_wconf 89' lang='lat' dir='ltr'><strong>demutare</strong></span> <span class='ocrx_word' id='word_1_450' title='bbox 3163 2870 3308 2941; x_wconf 89' lang='lat' dir='ltr'><strong>quod</strong></span> <span class='ocrx_word' id='word_1_451' title='bbox 3329 2872 3503 2928; x_wconf 91' lang='lat' dir='ltr'><strong>solum</strong></span> <span class='ocrx_word' id='word_1_452' title='bbox 3523 2881 3812 2944; x_wconf 73' lang='lat' dir='ltr'><strong>acceptum</strong></span> 
     </span>
    </p>
   </div>
   <div class='ocr_carea' id='block_1_60' title="bbox 2195 2966 3813 3041">
    <p class='ocr_par' dir='ltr' id='par_1_60' title="bbox 2195 2966 3813 3041">
     <span class='ocr_line' id='line_1_60' title="bbox 2195 2966 3813 3041; baseline 0 -16"><span class='ocrx_word' id='word_1_453' title='bbox 2195 2977 2358 3038; x_wconf 87' lang='lat' dir='ltr'><strong>atque</strong></span> <span class='ocrx_word' id='word_1_454' title='bbox 2382 2966 2624 3022; x_wconf 90' lang='lat' dir='ltr'><strong>auditum</strong></span> <span class='ocrx_word' id='word_1_455' title='bbox 2652 2966 2825 3023; x_wconf 85' lang='lat' dir='ltr'><strong>habeo</strong></span> <span class='ocrx_word' id='word_1_456' title='bbox 2857 2966 2996 3022; x_wconf 90' lang='lat' dir='ltr'><strong>bene</strong></span> <span class='ocrx_word' id='word_1_457' title='bbox 3025 2966 3255 3023; x_wconf 86' lang='lat' dir='ltr'><strong>credere</strong></span> <span class='ocrx_word' id='word_1_458' title='bbox 3287 2987 3302 3024; x_wconf 92' lang='lat'><strong>:</strong></span> <span class='ocrx_word' id='word_1_459' title='bbox 3328 2983 3432 3024; x_wconf 90' lang='lat' dir='ltr'><strong>non</strong></span> <span class='ocrx_word' id='word_1_460' title='bbox 3467 2977 3523 3024; x_wconf 88' lang='lat' dir='ltr'><strong>ut</strong></span> <span class='ocrx_word' id='word_1_461' title='bbox 3559 2984 3656 3038; x_wconf 87' lang='lat' dir='ltr'><strong>ea,</strong></span> <span class='ocrx_word' id='word_1_462' title='bbox 3682 2984 3813 3041; x_wconf 76' lang='lat' dir='ltr'><strong>qua:</strong></span> 
     </span>
    </p>
   </div>
   <div class='ocr_carea' id='block_1_61' title="bbox 2195 3043 3817 3135">
    <p class='ocr_par' dir='ltr' id='par_1_61' title="bbox 2195 3043 3817 3135">
     <span class='ocr_line' id='line_1_61' title="bbox 2195 3043 3817 3135; baseline 0.002 -20"><span class='ocrx_word' id='word_1_463' title='bbox 2195 3059 2409 3133; x_wconf 87' lang='lat' dir='ltr'><strong>synodo</strong></span> <span class='ocrx_word' id='word_1_464' title='bbox 2436 3067 2651 3131; x_wconf 88' lang='lat' dir='ltr'><strong>patrum</strong></span> <span class='ocrx_word' id='word_1_465' title='bbox 2687 3068 2995 3116; x_wconf 90' lang='lat' dir='ltr'><strong>nostrorum</strong></span> <span class='ocrx_word' id='word_1_466' title='bbox 3020 3043 3392 3128; x_wconf 84' lang='lat' dir='ltr'><strong>continentur,</strong></span> <span class='ocrx_word' id='word_1_467' title='bbox 3422 3069 3702 3135; x_wconf 87' lang='lat' dir='ltr'><strong>tamquam</strong></span> <span class='ocrx_word' id='word_1_468' title='bbox 3732 3065 3817 3118; x_wconf 85' lang='lat' dir='ltr'><strong>ir-</strong></span> 
     </span>
    </p>
   </div>
   <div class='ocr_carea' id='block_1_62' title="bbox 477 3142 3810 3228">
    <p class='ocr_par' dir='ltr' id='par_1_62' title="bbox 477 3142 3810 3228">
     <span class='ocr_line' id='line_1_62' title="bbox 477 3142 3810 3228; baseline 0.002 -21"><span class='ocrx_word' id='word_1_469' title='bbox 477 3150 775 3219; x_wconf 86' lang='lat' dir='ltr'><strong>discimus;</strong></span> <span class='ocrx_word' id='word_1_470' title='bbox 816 3151 971 3223; x_wconf 88' lang='lat' dir='ltr'><strong>quasi</strong></span> <span class='ocrx_word' id='word_1_471' title='bbox 1019 3150 1288 3222; x_wconf 87' lang='lat' dir='ltr'><strong>baptisma</strong></span> <span class='ocrx_word' id='word_1_472' title='bbox 1316 3148 1537 3222; x_wconf 88' lang='lat' dir='ltr'><strong>aliquod</strong></span> <span class='ocrx_word' id='word_1_473' title='bbox 1588 3163 1712 3206; x_wconf 89' lang='lat' dir='ltr'><strong>esse</strong></span> <span class='ocrx_word' id='word_1_474' title='bbox 1743 3149 1915 3221; x_wconf 90' lang='lat' dir='ltr'><strong>possit</strong></span> <span class='ocrx_word' id='word_1_475' title='bbox 1966 3152 2086 3208; x_wconf 89' lang='lat' dir='ltr'><strong>sine</strong></span> <span class='ocrx_word' id='word_1_476' title='bbox 2113 3142 2158 3208; x_wconf 88' lang='lat' dir='ltr'><strong>C</strong></span> <span class='ocrx_word' id='word_1_477' title='bbox 2190 3152 2444 3224; x_wconf 83' lang='lat' dir='ltr'><strong>religiose</strong></span> <span class='ocrx_word' id='word_1_478' title='bbox 2489 3160 2544 3207; x_wconf 91' lang='lat' dir='ltr'><strong>et</strong></span> <span class='ocrx_word' id='word_1_479' title='bbox 2572 3151 2740 3224; x_wconf 89' lang='lat' dir='ltr'><strong>impie</strong></span> <span class='ocrx_word' id='word_1_480' title='bbox 2770 3152 2969 3224; x_wconf 89' lang='lat' dir='ltr'><strong>scripta</strong></span> <span class='ocrx_word' id='word_1_481' title='bbox 3019 3152 3324 3209; x_wconf 89' lang='lat' dir='ltr'><strong>damnanda</strong></span> <span class='ocrx_word' id='word_1_482' title='bbox 3356 3154 3500 3222; x_wconf 91' lang='lat' dir='ltr'><strong>sint,</strong></span> <span class='ocrx_word' id='word_1_483' title='bbox 3547 3155 3644 3212; x_wconf 91' lang='lat' dir='ltr'><strong>sed</strong></span> <span class='ocrx_word' id='word_1_484' title='bbox 3675 3156 3810 3228; x_wconf 86' lang='lat' dir='ltr'><strong>quia</strong></span> 
     </span>
    </p>
   </div>
   <div class='ocr_carea' id='block_1_63' title="bbox 477 3334 2080 3407">
    <p class='ocr_par' dir='ltr' id='par_1_63' title="bbox 477 3334 2080 3407">
     <span class='ocr_line' id='line_1_63' title="bbox 477 3334 2080 3407; baseline -0.004 -12"><span class='ocrx_word' id='word_1_485' title='bbox 477 3354 583 3395; x_wconf 84' lang='lat' dir='ltr'><strong>non</strong></span> <span class='ocrx_word' id='word_1_486' title='bbox 608 3337 793 3391; x_wconf 80' lang='lat' dir='ltr'><strong>desunt</strong></span> <span class='ocrx_word' id='word_1_487' title='bbox 817 3378 832 3403; x_wconf 89' lang='lat'><strong>,</strong></span> <span class='ocrx_word' id='word_1_488' title='bbox 851 3336 941 3407; x_wconf 80' lang='lat' dir='ltr'><strong>qui</strong></span> <span class='ocrx_word' id='word_1_489' title='bbox 966 3351 1022 3407; x_wconf 82' lang='lat' dir='ltr'><strong>se</strong></span> <span class='ocrx_word' id='word_1_490' title='bbox 1048 3334 1222 3390; x_wconf 77' lang='lat' dir='ltr'><strong>surdis</strong></span> <span class='ocrx_word' id='word_1_491' title='bbox 1248 3342 1533 3407; x_wconf 77' lang='lat' dir='ltr'><strong>querantur</strong></span> <span class='ocrx_word' id='word_1_492' title='bbox 1557 3334 1823 3407; x_wconf 73' lang='lat' dir='ltr'><strong>cecinisse,</strong></span> <span class='ocrx_word' id='word_1_493' title='bbox 1850 3335 2080 3405; x_wconf 78' lang='lat' dir='ltr'><strong>adeoque</strong></span> 
     </span>
    </p>
   </div>
   <div class='ocr_carea' id='block_1_64' title="bbox 476 3404 2079 3477">
    <p class='ocr_par' dir='ltr' id='par_1_64' title="bbox 476 3404 2079 3477">
     <span class='ocr_line' id='line_1_64' title="bbox 476 3404 2079 3477; baseline -0.003 -12"><span class='ocrx_word' id='word_1_494' title='bbox 476 3409 575 3465; x_wconf 83' lang='lat' dir='ltr'><strong>sibi</strong></span> <span class='ocrx_word' id='word_1_495' title='bbox 602 3407 755 3462; x_wconf 85' lang='lat' dir='ltr'><strong>tribui</strong></span> <span class='ocrx_word' id='word_1_496' title='bbox 782 3404 896 3477; x_wconf 74' lang='lat' dir='ltr'><strong>quae</strong></span> <span class='ocrx_word' id='word_1_497' title='bbox 924 3406 987 3461; x_wconf 91' lang='lat' dir='ltr'><strong>ab</strong></span> <span class='ocrx_word' id='word_1_498' title='bbox 1028 3407 1133 3461; x_wconf 84' lang='lat' dir='ltr'><strong>illis</strong></span> <span class='ocrx_word' id='word_1_499' title='bbox 1161 3422 1225 3460; x_wconf 86' lang='lat' dir='ltr'><strong>ne</strong></span> <span class='ocrx_word' id='word_1_500' title='bbox 1251 3416 1385 3477; x_wconf 73' lang='lat' dir='ltr'><strong>recte</strong></span> <span class='ocrx_word' id='word_1_501' title='bbox 1410 3404 1825 3477; x_wconf 12' lang='lat' dir='ltr'><strong>auditaiquidem</strong></span> <span class='ocrx_word' id='word_1_502' title='bbox 1845 3448 1860 3472; x_wconf 93' lang='lat'><strong>,</strong></span> <span class='ocrx_word' id='word_1_503' title='bbox 1893 3404 2079 3461; x_wconf 86' lang='lat' dir='ltr'><strong>nedum</strong></span> 
     </span>
    </p>
   </div>
   <div class='ocr_carea' id='block_1_65' title="bbox 476 3475 2081 3536">
    <p class='ocr_par' dir='ltr' id='par_1_65' title="bbox 476 3475 2081 3536">
     <span class='ocr_line' id='line_1_65' title="bbox 476 3475 2081 3536; baseline -0.002 0"><span class='ocrx_word' id='word_1_504' title='bbox 476 3479 735 3536; x_wconf 82' lang='lat' dir='ltr'><strong>intellecta</strong></span> <span class='ocrx_word' id='word_1_505' title='bbox 766 3475 889 3532; x_wconf 79' lang='lat' dir='ltr'><strong>sint.</strong></span> <span class='ocrx_word' id='word_1_506' title='bbox 929 3477 1001 3534; x_wconf 85' lang='lat' dir='ltr'><strong>At</strong></span> <span class='ocrx_word' id='word_1_507' title='bbox 1023 3493 1145 3532; x_wconf 94' lang='lat' dir='ltr'><strong>cum</strong></span> <span class='ocrx_word' id='word_1_508' title='bbox 1177 3476 1508 3532; x_wconf 89' lang='lat' dir='ltr'><strong>editionibus</strong></span> <span class='ocrx_word' id='word_1_509' title='bbox 1534 3475 1826 3532; x_wconf 82' lang='lat' dir='ltr'><strong>Hilarianis</strong></span> <span class='ocrx_word' id='word_1_510' title='bbox 1850 3492 2081 3534; x_wconf 83' lang='lat' dir='ltr'><strong>consen-</strong></span> 
     </span>
    </p>
   </div>
   <div class='ocr_carea' id='block_1_66' title="bbox 479 3549 2081 3619">
    <p class='ocr_par' dir='ltr' id='par_1_66' title="bbox 479 3549 2081 3619">
     <span class='ocr_line' id='line_1_66' title="bbox 479 3549 2081 3619; baseline -0.001 -13"><span class='ocrx_word' id='word_1_511' title='bbox 479 3550 741 3608; x_wconf 89' lang='lat' dir='ltr'><strong>tientibus</strong></span> <span class='ocrx_word' id='word_1_512' title='bbox 760 3549 1012 3604; x_wconf 88' lang='lat' dir='ltr'><strong>omnibus</strong></span> <span class='ocrx_word' id='word_1_513' title='bbox 1042 3549 1243 3619; x_wconf 82' lang='lat' dir='ltr'><strong>nostris</strong></span> <span class='ocrx_word' id='word_1_514' title='bbox 1272 3561 1406 3619; x_wconf 84' lang='lat' dir='ltr'><strong>mss.</strong></span> <span class='ocrx_word' id='word_1_515' title='bbox 1431 3556 1604 3619; x_wconf 83' lang='lat' dir='ltr'><strong>tutum</strong></span> <span class='ocrx_word' id='word_1_516' title='bbox 1625 3564 1734 3603; x_wconf 91' lang='lat' dir='ltr'><strong>non</strong></span> <span class='ocrx_word' id='word_1_517' title='bbox 1759 3557 1844 3603; x_wconf 89' lang='lat' dir='ltr'><strong>est</strong></span> <span class='ocrx_word' id='word_1_518' title='bbox 1869 3550 1937 3605; x_wconf 89' lang='lat' dir='ltr'><strong>ab</strong></span> <span class='ocrx_word' id='word_1_519' title='bbox 1963 3550 2081 3619; x_wconf 87' lang='lat' dir='ltr'><strong>ipso</strong></span> 
     </span>
    </p>
   </div>
   <div class='ocr_carea' id='block_1_67' title="bbox 477 3618 2082 3690">
    <p class='ocr_par' dir='ltr' id='par_1_67' title="bbox 477 3618 2082 3690">
     <span class='ocr_line' id='line_1_67' title="bbox 477 3618 2082 3690; baseline -0.003 -10"><span class='ocrx_word' id='word_1_520' title='bbox 477 3623 632 3680; x_wconf 81' lang='lat' dir='ltr'><strong>fonte</strong></span> <span class='ocrx_word' id='word_1_521' title='bbox 660 3620 729 3677; x_wconf 91' lang='lat' dir='ltr'><strong>ad</strong></span> <span class='ocrx_word' id='word_1_522' title='bbox 752 3620 983 3676; x_wconf 89' lang='lat' dir='ltr'><strong>rivulutn</strong></span> <span class='ocrx_word' id='word_1_523' title='bbox 1009 3618 1305 3690; x_wconf 81' lang='lat' dir='ltr'><strong>declinare.</strong></span> <span class='ocrx_word' id='word_1_524' title='bbox 1337 3618 1597 3675; x_wconf 82' lang='lat' dir='ltr'><strong>Proxime</strong></span> <span class='ocrx_word' id='word_1_525' title='bbox 1621 3627 1745 3675; x_wconf 90' lang='lat' dir='ltr'><strong>ante</strong></span> <span class='ocrx_word' id='word_1_526' title='bbox 1766 3636 1924 3690; x_wconf 88' lang='lat' dir='ltr'><strong>quam</strong></span> <span class='ocrx_word' id='word_1_527' title='bbox 1964 3618 2082 3675; x_wconf 64' lang='lat' dir='ltr'><strong>haec</strong></span> 
     </span>
    </p>
   </div>
   <div class='ocr_carea' id='block_1_68' title="bbox 478 3689 2080 3762">
    <p class='ocr_par' dir='ltr' id='par_1_68' title="bbox 478 3689 2080 3762">
     <span class='ocr_line' id='line_1_68' title="bbox 478 3689 2080 3762; baseline -0.003 -10"><span class='ocrx_word' id='word_1_528' title='bbox 478 3694 745 3752; x_wconf 88' lang='lat' dir='ltr'><strong>scriberet</strong></span> <span class='ocrx_word' id='word_1_529' title='bbox 766 3691 1001 3748; x_wconf 83' lang='lat' dir='ltr'><strong>Hilarius</strong></span> <span class='ocrx_word' id='word_1_530' title='bbox 1032 3692 1253 3762; x_wconf 90' lang='lat' dir='ltr'><strong>querela</strong></span> <span class='ocrx_word' id='word_1_531' title='bbox 1277 3689 1453 3746; x_wconf 83' lang='lat' dir='ltr'><strong>fuerat</strong></span> <span class='ocrx_word' id='word_1_532' title='bbox 1475 3690 1541 3746; x_wconf 90' lang='lat' dir='ltr'><strong>de</strong></span> <span class='ocrx_word' id='word_1_533' title='bbox 1571 3689 1793 3746; x_wconf 86' lang='lat' dir='ltr'><strong>auctore</strong></span> <span class='ocrx_word' id='word_1_534' title='bbox 1822 3692 2080 3762; x_wconf 90' lang='lat' dir='ltr'><strong>blasphe-</strong></span> 
     </span>
    </p>
   </div>
   <div class='ocr_carea' id='block_1_69' title="bbox 481 3762 2085 3833">
    <p class='ocr_par' dir='ltr' id='par_1_69' title="bbox 481 3762 2085 3833">
     <span class='ocr_line' id='line_1_69' title="bbox 481 3762 2085 3833; baseline -0.002 -11"><span class='ocrx_word' id='word_1_535' title='bbox 481 3768 750 3831; x_wconf 90' lang='lat' dir='ltr'><strong>miarum,</strong></span> <span class='ocrx_word' id='word_1_536' title='bbox 802 3779 937 3833; x_wconf 90' lang='lat' dir='ltr'><strong>quas</strong></span> <span class='ocrx_word' id='word_1_537' title='bbox 986 3762 1352 3819; x_wconf 88' lang='lat' dir='ltr'><strong>Seleuciensis</strong></span> <span class='ocrx_word' id='word_1_538' title='bbox 1393 3762 1587 3833; x_wconf 88' lang='lat' dir='ltr'><strong>synodi</strong></span> <span class='ocrx_word' id='word_1_539' title='bbox 1637 3763 1801 3831; x_wconf 86' lang='lat' dir='ltr'><strong>legati</strong></span> <span class='ocrx_word' id='word_1_540' title='bbox 1836 3763 2085 3819; x_wconf 77' lang='lat' dir='ltr'><strong>Eudoxio</strong></span> 
     </span>
    </p>
   </div>
   <div class='ocr_carea' id='block_1_70' title="bbox 485 3833 2008 3905">
    <p class='ocr_par' dir='ltr' id='par_1_70' title="bbox 485 3833 2008 3905">
     <span class='ocr_line' id='line_1_70' title="bbox 485 3833 2008 3905; baseline -0.003 -12"><span class='ocrx_word' id='word_1_541' title='bbox 485 3836 872 3893; x_wconf 87' lang='lat' dir='ltr'><strong>adscribebant</strong></span> <span class='ocrx_word' id='word_1_542' title='bbox 892 3877 906 3901; x_wconf 91' lang='lat'><strong>,</strong></span> <span class='ocrx_word' id='word_1_543' title='bbox 942 3833 1217 3890; x_wconf 85' lang='lat' dir='ltr'><strong>Eudoxius</strong></span> <span class='ocrx_word' id='word_1_544' title='bbox 1263 3842 1441 3889; x_wconf 90' lang='lat' dir='ltr'><strong>autem</strong></span> <span class='ocrx_word' id='word_1_545' title='bbox 1474 3833 1527 3888; x_wconf 92' lang='lat' dir='ltr'><strong>in</strong></span> <span class='ocrx_word' id='word_1_546' title='bbox 1559 3835 1775 3889; x_wconf 83' lang='lat' dir='ltr'><strong>Aetium</strong></span> <span class='ocrx_word' id='word_1_547' title='bbox 1800 3836 2008 3905; x_wconf 90' lang='lat' dir='ltr'><strong>rejecit.</strong></span> 
     </span>
    </p>
   </div>
   <div class='ocr_carea' id='block_1_71' title="bbox 554 3925 2081 4003">
    <p class='ocr_par' dir='ltr' id='par_1_71' title="bbox 554 3925 2081 4003">
     <span class='ocr_line' id='line_1_71' title="bbox 554 3925 2081 4003; baseline 0.003 -22"><span class='ocrx_word' id='word_1_548' title='bbox 554 3927 634 4003; x_wconf 88' lang='lat' dir='ltr'><strong>(a)</strong></span> <span class='ocrx_word' id='word_1_549' title='bbox 674 3926 832 4003; x_wconf 59' lang='lat' dir='ltr'><strong>Apud</strong></span> <span class='ocrx_word' id='word_1_550' title='bbox 886 3925 1224 3983; x_wconf 86' lang='lat' dir='ltr'><strong>Ferrandum</strong></span> <span class='ocrx_word' id='word_1_551' title='bbox 1248 3968 1265 3995; x_wconf 91' lang='lat'><strong>,</strong></span> <span class='ocrx_word' id='word_1_552' title='bbox 1320 3926 1385 3981; x_wconf 87' lang='lat' dir='ltr'><strong>de</strong></span> <span class='ocrx_word' id='word_1_553' title='bbox 1429 3942 1698 3982; x_wconf 86' lang='lat' dir='ltr'><strong>consensu.</strong></span> <span class='ocrx_word' id='word_1_554' title='bbox 1731 3926 1788 3982; x_wconf 88' lang='lat' dir='ltr'><strong>In</strong></span> <span class='ocrx_word' id='word_1_555' title='bbox 1819 3942 1923 3984; x_wconf 88' lang='lat' dir='ltr'><strong>ms.</strong></span> <span class='ocrx_word' id='word_1_556' title='bbox 1957 3928 2081 3986; x_wconf 83' lang='lat' dir='ltr'><strong>Vat.</strong></span> 
     </span>
    </p>
   </div>
   <div class='ocr_carea' id='block_1_72' title="bbox 478 3999 1003 4067">
    <p class='ocr_par' dir='ltr' id='par_1_72' title="bbox 478 3999 1003 4067">
     <span class='ocr_line' id='line_1_72' title="bbox 478 3999 1003 4067; baseline -0.011 -9"><span class='ocrx_word' id='word_1_557' title='bbox 478 3999 624 4067; x_wconf 77' lang='lat' dir='ltr'><strong>bas.,</strong></span> <span class='ocrx_word' id='word_1_558' title='bbox 658 3999 722 4054; x_wconf 86' lang='lat' dir='ltr'><strong>de</strong></span> <span class='ocrx_word' id='word_1_559' title='bbox 742 4015 1003 4053; x_wconf 80' lang='lat' dir='ltr'><strong>consessu.</strong></span> 
     </span>
    </p>
   </div>
   <div class='ocr_carea' id='block_1_73' title="bbox 552 4067 2083 4146">
    <p class='ocr_par' dir='ltr' id='par_1_73' title="bbox 552 4067 2083 4146">
     <span class='ocr_line' id='line_1_73' title="bbox 552 4067 2083 4146; baseline -0.001 -19"><span class='ocrx_word' id='word_1_560' title='bbox 552 4069 823 4146; x_wconf 77' lang='lat' dir='ltr'><strong>(b)_Nulla</strong></span> <span class='ocrx_word' id='word_1_561' title='bbox 844 4080 928 4124; x_wconf 87' lang='lat' dir='ltr'><strong>est</strong></span> <span class='ocrx_word' id='word_1_562' title='bbox 971 4069 1299 4146; x_wconf 71' lang='lat' dir='ltr'><strong>Arianorum</strong></span> <span class='ocrx_word' id='word_1_563' title='bbox 1325 4067 1755 4146; x_wconf 87' lang='lat' dir='ltr'><strong>ﬁdei_confes_sio</strong></span> <span class='ocrx_word' id='word_1_564' title='bbox 1774 4112 1789 4137; x_wconf 91' lang='lat'><strong>,</strong></span> <span class='ocrx_word' id='word_1_565' title='bbox 1808 4071 2083 4146; x_wconf 47' lang='lat' dir='ltr'><strong>_qua_3_ho¢</strong></span> 
     </span>
    </p>
   </div>
   <div class='ocr_carea' id='block_1_74' title="bbox 481 4139 2076 4210">
    <p class='ocr_par' dir='ltr' id='par_1_74' title="bbox 481 4139 2076 4210">
     <span class='ocr_line' id='line_1_74' title="bbox 481 4139 2076 4210; baseline 0 -12"><span class='ocrx_word' id='word_1_566' title='bbox 481 4139 727 4198; x_wconf 73' lang='lat' dir='ltr'><strong>mo&#39;uSion</strong></span> <span class='ocrx_word' id='word_1_567' title='bbox 756 4142 1018 4196; x_wconf 89' lang='lat' dir='ltr'><strong>decernat</strong></span> <span class='ocrx_word' id='word_1_568' title='bbox 1050 4154 1115 4195; x_wconf 91' lang='lat' dir='ltr'><strong>ac</strong></span> <span class='ocrx_word' id='word_1_569' title='bbox 1136 4139 1427 4210; x_wconf 68' lang='lat' dir='ltr'><strong>praedicet;</strong></span> <span class='ocrx_word' id='word_1_570' title='bbox 1456 4139 1561 4196; x_wconf 88' lang='lat' dir='ltr'><strong>hoc</strong></span> <span class='ocrx_word' id='word_1_571' title='bbox 1585 4141 1734 4197; x_wconf 89' lang='lat' dir='ltr'><strong>enim</strong></span> <span class='ocrx_word' id='word_1_572' title='bbox 1775 4139 1861 4198; x_wconf 89' lang='lat' dir='ltr'><strong>ab</strong></span> <span class='ocrx_word' id='word_1_573' title='bbox 1884 4141 2076 4198; x_wconf 84' lang='lat' dir='ltr'><strong>Hilarii</strong></span> 
     </span>
    </p>
   </div>
   <div class='ocr_carea' id='block_1_75' title="bbox 477 4211 2079 4282">
    <p class='ocr_par' dir='ltr' id='par_1_75' title="bbox 477 4211 2079 4282">
     <span class='ocr_line' id='line_1_75' title="bbox 477 4211 2079 4282; baseline 0 -13"><span class='ocrx_word' id='word_1_574' title='bbox 477 4227 647 4282; x_wconf 69' lang='grc' dir='ltr'><strong>θεοβο</strong></span> <span class='ocrx_word' id='word_1_575' title='bbox 678 4212 894 4269; x_wconf 76' lang='lat' dir='ltr'><strong>videtur</strong></span> <span class='ocrx_word' id='word_1_576' title='bbox 918 4211 1156 4267; x_wconf 88' lang='lat' dir='ltr'><strong>alienum</strong></span> <span class='ocrx_word' id='word_1_577' title='bbox 1180 4252 1194 4275; x_wconf 96' lang='lat'><strong>,</strong></span> <span class='ocrx_word' id='word_1_578' title='bbox 1224 4220 1284 4266; x_wconf 93' lang='lat' dir='ltr'><strong>ut</strong></span> <span class='ocrx_word' id='word_1_579' title='bbox 1308 4213 1629 4267; x_wconf 86' lang='lat' dir='ltr'><strong>humousion</strong></span> <span class='ocrx_word' id='word_1_580' title='bbox 1661 4213 1716 4267; x_wconf 88' lang='lat' dir='ltr'><strong>in</strong></span> <span class='ocrx_word' id='word_1_581' title='bbox 1741 4212 2079 4271; x_wconf 85' lang='lat' dir='ltr'><strong>Ariminensi</strong></span> 
     </span>
    </p>
   </div>
   <div class='ocr_carea' id='block_1_76' title="bbox 475 4282 2076 4352">
    <p class='ocr_par' dir='ltr' id='par_1_76' title="bbox 475 4282 2076 4352">
     <span class='ocr_line' id='line_1_76' title="bbox 475 4282 2076 4352; baseline 0.001 -11"><span class='ocrx_word' id='word_1_582' title='bbox 475 4284 711 4341; x_wconf 89' lang='lat' dir='ltr'><strong>concilio</strong></span> <span class='ocrx_word' id='word_1_583' title='bbox 756 4283 990 4352; x_wconf 89' lang='lat' dir='ltr'><strong>primum</strong></span> <span class='ocrx_word' id='word_1_584' title='bbox 1033 4282 1105 4337; x_wconf 90' lang='lat' dir='ltr'><strong>ab</strong></span> <span class='ocrx_word' id='word_1_585' title='bbox 1139 4282 1207 4352; x_wconf 87' lang='lat' dir='ltr'><strong>iis</strong></span> <span class='ocrx_word' id='word_1_586' title='bbox 1231 4283 1470 4350; x_wconf 87' lang='lat' dir='ltr'><strong>quicum</strong></span> <span class='ocrx_word' id='word_1_587' title='bbox 1495 4282 1723 4339; x_wconf 77' lang='lat' dir='ltr'><strong>Valente</strong></span> <span class='ocrx_word' id='word_1_588' title='bbox 1762 4294 1819 4340; x_wconf 93' lang='lat' dir='ltr'><strong>et</strong></span> <span class='ocrx_word' id='word_1_589' title='bbox 1848 4283 2076 4342; x_wconf 89' lang='lat' dir='ltr'><strong>Ursacio</strong></span> 
     </span>
    </p>
   </div>
   <div class='ocr_carea' id='block_1_77' title="bbox 480 4351 2076 4425">
    <p class='ocr_par' dir='ltr' id='par_1_77' title="bbox 480 4351 2076 4425">
     <span class='ocr_line' id='line_1_77' title="bbox 480 4351 2076 4425; baseline 0.001 -15"><span class='ocrx_word' id='word_1_590' title='bbox 480 4356 702 4411; x_wconf 86' lang='lat' dir='ltr'><strong>stabant</strong></span> <span class='ocrx_word' id='word_1_591' title='bbox 721 4353 1009 4425; x_wconf 76' lang='lat' dir='ltr'><strong>reiectum,</strong></span> <span class='ocrx_word' id='word_1_592' title='bbox 1038 4368 1069 4406; x_wconf 90' lang='lat' dir='ltr'><strong>a</strong></span> <span class='ocrx_word' id='word_1_593' title='bbox 1096 4351 1383 4425; x_wconf 81' lang='lat' dir='ltr'><strong>catholicis</strong></span> <span class='ocrx_word' id='word_1_594' title='bbox 1414 4352 1619 4425; x_wconf 76' lang='lat' dir='ltr'><strong>deinde</strong></span> <span class='ocrx_word' id='word_1_595' title='bbox 1635 4356 1993 4425; x_wconf 90' lang='lat' dir='ltr'><strong>approbatum</strong></span> <span class='ocrx_word' id='word_1_596' title='bbox 2019 4366 2076 4412; x_wconf 86' lang='lat' dir='ltr'><strong>et</strong></span> 
     </span>
    </p>
   </div>
   <div class='ocr_carea' id='block_1_78' title="bbox 469 4421 2070 4498">
    <p class='ocr_par' dir='ltr' id='par_1_78' title="bbox 469 4421 2070 4498">
     <span class='ocr_line' id='line_1_78' title="bbox 469 4421 2070 4498; baseline 0.001 -16"><span class='ocrx_word' id='word_1_597' title='bbox 469 4426 827 4498; x_wconf 67' lang='lat' dir='ltr'><strong>praedicatum</strong></span> <span class='ocrx_word' id='word_1_598' title='bbox 864 4421 1040 4498; x_wconf 79' lang='lat' dir='ltr'><strong>fuisse</strong></span> <span class='ocrx_word' id='word_1_599' title='bbox 1077 4422 1245 4498; x_wconf 63' lang='lat' dir='ltr'><strong>dicat.</strong></span> <span class='ocrx_word' id='word_1_600' title='bbox 1275 4423 1537 4498; x_wconf 80' lang='lat' dir='ltr'><strong>Quocirca</strong></span> <span class='ocrx_word' id='word_1_601' title='bbox 1571 4421 1864 4498; x_wconf 64' lang='lat' dir='ltr'><strong>hic,&#39;forte</strong></span> <span class='ocrx_word' id='word_1_602' title='bbox 1907 4428 2070 4483; x_wconf 90' lang='lat' dir='ltr'><strong>etiam</strong></span> 
     </span>
    </p>
   </div>
   <div class='ocr_carea' id='block_1_79' title="bbox 470 4492 2072 4563">
    <p class='ocr_par' dir='ltr' id='par_1_79' title="bbox 470 4492 2072 4563">
     <span class='ocr_line' id='line_1_79' title="bbox 470 4492 2072 4563; baseline 0.001 -11"><span class='ocrx_word' id='word_1_603' title='bbox 470 4492 649 4563; x_wconf 74' lang='lat' dir='ltr'><strong>antea,</strong></span> <span class='ocrx_word' id='word_1_604' title='bbox 679 4510 778 4563; x_wconf 91' lang='lat' dir='ltr'><strong>pro</strong></span> <span class='ocrx_word' id='word_1_605' title='bbox 805 4494 1133 4559; x_wconf 84' lang='lat' dir='ltr'><strong>homousion,</strong></span> <span class='ocrx_word' id='word_1_606' title='bbox 1159 4492 1594 4550; x_wconf 86' lang='lat' dir='ltr'><strong>substituendum</strong></span> <span class='ocrx_word' id='word_1_607' title='bbox 1610 4493 1824 4550; x_wconf 86' lang='lat' dir='ltr'><strong>videtur</strong></span> <span class='ocrx_word' id='word_1_608' title='bbox 1844 4498 2072 4553; x_wconf 76' lang='lat' dir='ltr'><strong>Immacu-</strong></span> 
     </span>
    </p>
   </div>
   <div class='ocr_carea' id='block_1_80' title="bbox 468 4547 2082 4642">
    <p class='ocr_par' dir='ltr' id='par_1_80' title="bbox 468 4547 2074 4642">
     <span class='ocr_line' id='line_1_80' title="bbox 468 4547 2074 4642; baseline 0 -19"><span class='ocrx_word' id='word_1_609' title='bbox 468 4547 832 4642; x_wconf 50' lang='lat' dir='ltr'><strong>iibh&#39;iivéghe</strong></span> <span class='ocrx_word' id='word_1_610' title='bbox 853 4564 991 4642; x_wconf 71' lang='lat' dir='ltr'><strong>satis</strong></span> <span class='ocrx_word' id='word_1_611' title='bbox 1006 4547 1256 4642; x_wconf 59' lang='lat' dir='ltr'><strong>apertum</strong></span> <span class='ocrx_word' id='word_1_612' title='bbox 1268 4547 1383 4621; x_wconf 9' lang='lat' dir='ltr'><strong>best</strong></span> <span class='ocrx_word' id='word_1_613' title='bbox 1444 4547 1593 4633; x_wconf 65' lang='lat' dir='ltr'><strong>quas</strong></span> <span class='ocrx_word' id='word_1_614' title='bbox 1626 4547 1725 4622; x_wconf 71' lang='lat' dir='ltr'><strong>hic</strong></span> <span class='ocrx_word' id='word_1_615' title='bbox 1742 4547 1901 4642; x_wconf 68' lang='lat' dir='ltr'><strong>notet</strong></span> <span class='ocrx_word' id='word_1_616' title='bbox 1915 4547 2074 4642; x_wconf 57' lang='lat' dir='ltr'><strong>Dila-</strong></span> 
     </span>
    </p>
   </div>
   <div class='ocr_carea' id='block_1_81' title="bbox 2192 4547 3655 4642">
    <p class='ocr_par' dir='ltr' id='par_1_81' title="bbox 2192 4547 3655 4642">
     <span class='ocr_line' id='line_1_81' title="bbox 2192 4547 3655 4642; baseline 0.005 -41"><span class='ocrx_word' id='word_1_617' title='bbox 2192 4547 2361 4642; x_wconf 43' lang='lat' dir='ltr'><strong>Liz,</strong></span> <span class='ocrx_word' id='word_1_618' title='bbox 2392 4548 2803 4642; x_wconf 51' lang='lat' dir='ltr'><strong>iiLnieiporiam</strong></span> <span class='ocrx_word' id='word_1_619' title='bbox 2826 4547 3113 4642; x_wconf 65' lang='lat' dir='ltr'><strong>revocare1</strong></span> <span class='ocrx_word' id='word_1_620' title='bbox 3137 4550 3239 4642; x_wconf 52' lang='lat' dir='ltr'><strong>ligo</strong></span> <span class='ocrx_word' id='word_1_621' title='bbox 3268 4547 3474 4642; x_wconf 43' lang='lat' dir='ltr'><strong>{lilii-io.</strong></span> 
     </span>
    </p>
   </div>
   <div class='ocr_carea' id='block_1_82' title="bbox 414 4632 2067 4707">
    <p class='ocr_par' dir='ltr' id='par_1_82' title="bbox 414 4632 2067 4707">
     <span class='ocr_line' id='line_1_82' title="bbox 414 4632 2067 4707; baseline 0.002 -14"><span class='ocrx_word' id='word_1_622' title='bbox 414 4632 420 4639; x_wconf 79' lang='grc'><em>’</em></span> <span class='ocrx_word' id='word_1_623' title='bbox 468 4641 586 4696; x_wconf 86' lang='lat' dir='ltr'><strong>rius</strong></span> <span class='ocrx_word' id='word_1_624' title='bbox 611 4632 1155 4696; x_wconf 64' lang='lat' dir='ltr'><strong>ﬁdei&#39;cout‘essiones.</strong></span> <span class='ocrx_word' id='word_1_625' title='bbox 1183 4636 1320 4695; x_wconf 90' lang='lat' dir='ltr'><strong>Sunt</strong></span> <span class='ocrx_word' id='word_1_626' title='bbox 1342 4637 1432 4707; x_wconf 92' lang='lat' dir='ltr'><strong>qui</strong></span> <span class='ocrx_word' id='word_1_627' title='bbox 1462 4632 1682 4707; x_wconf 88' lang='lat' dir='ltr'><strong>putent,</strong></span> <span class='ocrx_word' id='word_1_628' title='bbox 1711 4639 1942 4707; x_wconf 89' lang='lat' dir='ltr'><strong>primum</strong></span> <span class='ocrx_word' id='word_1_629' title='bbox 1971 4639 2067 4696; x_wconf 89' lang='lat' dir='ltr'><strong>de-</strong></span> 
     </span>
    </p>
   </div>
   <div class='ocr_carea' id='block_1_83' title="bbox 468 4706 2059 4783">
    <p class='ocr_par' dir='ltr' id='par_1_83' title="bbox 468 4706 2059 4783">
     <span class='ocr_line' id='line_1_83' title="bbox 468 4706 2059 4783; baseline 0.001 -17"><span class='ocrx_word' id='word_1_630' title='bbox 468 4711 674 4783; x_wconf 82' lang='lat' dir='ltr'><strong>signari</strong></span> <span class='ocrx_word' id='word_1_631' title='bbox 704 4707 1060 4783; x_wconf 83' lang='lat' dir='ltr'><strong>Sirmiensem</strong></span> <span class='ocrx_word' id='word_1_632' title='bbox 1098 4709 1321 4783; x_wconf 55' lang='lat' dir='ltr'><strong>an._&#39;5_58</strong></span> <span class='ocrx_word' id='word_1_633' title='bbox 1344 4706 1463 4783; x_wconf 33' lang='grc' dir='ltr'><strong>,ξλιᾲ</strong></span> <span class='ocrx_word' id='word_1_634' title='bbox 1514 4706 1620 4783; x_wconf 81' lang='lat' dir='ltr'><strong>kal.</strong></span> <span class='ocrx_word' id='word_1_635' title='bbox 1647 4706 1794 4783; x_wconf 84' lang='lat' dir='ltr'><strong>Junii</strong></span> <span class='ocrx_word' id='word_1_636' title='bbox 1820 4710 2021 4783; x_wconf 79' lang='lat' dir='ltr'><strong>editam</strong></span> <span class='ocrx_word' id='word_1_637' title='bbox 2043 4755 2059 4779; x_wconf 89' lang='lat'><strong>,</strong></span> 
     </span>
    </p>
   </div>
   <div class='ocr_carea' id='block_1_84' title="bbox 466 4778 2057 4855">
    <p class='ocr_par' dir='ltr' id='par_1_84' title="bbox 466 4778 2057 4855">
     <span class='ocr_line' id='line_1_84' title="bbox 466 4778 2057 4855; baseline 0 -18"><span class='ocrx_word' id='word_1_638' title='bbox 466 4778 582 4838; x_wconf 75' lang='lat' dir='ltr'><strong>tuin</strong></span> <span class='ocrx_word' id='word_1_639' title='bbox 632 4780 1030 4855; x_wconf 78' lang='lat' dir='ltr'><strong>Antiochenam</strong></span> <span class='ocrx_word' id='word_1_640' title='bbox 1070 4794 1160 4855; x_wconf 63' lang='lat' dir='ltr'><strong>an.</strong></span> <span class='ocrx_word' id='word_1_641' title='bbox 1190 4779 1290 4836; x_wconf 74' lang='grc'><strong>541</strong></span> <span class='ocrx_word' id='word_1_642' title='bbox 1321 4819 1336 4842; x_wconf 85' lang='grc'><strong>.</strong></span> <span class='ocrx_word' id='word_1_643' title='bbox 1369 4778 1634 4855; x_wconf 61' lang='lat' dir='ltr'><strong>Seleuciae</strong></span> <span class='ocrx_word' id='word_1_644' title='bbox 1660 4780 2018 4855; x_wconf 84' lang='lat' dir='ltr'><strong>subscriptam</strong></span> <span class='ocrx_word' id='word_1_645' title='bbox 2044 4778 2057 4851; x_wconf 80' lang='lat'><strong>,</strong></span> 
     </span>
    </p>
   </div>
   <div class='ocr_carea' id='block_1_85' title="bbox 466 4849 2064 4923">
    <p class='ocr_par' dir='ltr' id='par_1_85' title="bbox 466 4849 2064 4923">
     <span class='ocr_line' id='line_1_85' title="bbox 466 4849 2064 4923; baseline 0.001 -15"><span class='ocrx_word' id='word_1_646' title='bbox 466 4862 658 4923; x_wconf 89' lang='lat' dir='ltr'><strong>postea</strong></span> <span class='ocrx_word' id='word_1_647' title='bbox 672 4852 1112 4923; x_wconf 74' lang='lat' dir='ltr'><strong>Ariminensem,</strong></span> <span class='ocrx_word' id='word_1_648' title='bbox 1130 4851 1357 4923; x_wconf 82' lang='lat' dir='ltr'><strong>demum</strong></span> <span class='ocrx_word' id='word_1_649' title='bbox 1379 4849 1784 4923; x_wconf 85' lang='lat' dir='ltr'><strong>Seleuciensem</strong></span> <span class='ocrx_word' id='word_1_650' title='bbox 1812 4849 1893 4906; x_wconf 69' lang='lat' dir='ltr'><strong>ab&#39;</strong></span> <span class='ocrx_word' id='word_1_651' title='bbox 1928 4849 2064 4909; x_wconf 47' lang='lat' dir='ltr'><strong>Aea;-</strong></span> 
     </span>
    </p>
   </div>
   <div class='ocr_carea' id='block_1_86' title="bbox 465 4921 2058 4994">
    <p class='ocr_par' dir='ltr' id='par_1_86' title="bbox 465 4921 2058 4994">
     <span class='ocr_line' id='line_1_86' title="bbox 465 4921 2058 4994; baseline 0.001 -15"><span class='ocrx_word' id='word_1_652' title='bbox 465 4921 643 4980; x_wconf 77' lang='lat' dir='ltr'><strong>cianis</strong></span> <span class='ocrx_word' id='word_1_653' title='bbox 681 4924 971 4994; x_wconf 82' lang='lat' dir='ltr'><strong>vulgatam.</strong></span> <span class='ocrx_word' id='word_1_654' title='bbox 1010 4921 1117 4994; x_wconf 78' lang='lat' dir='ltr'><strong>Sed</strong></span> <span class='ocrx_word' id='word_1_655' title='bbox 1141 4938 1250 4977; x_wconf 94' lang='lat' dir='ltr'><strong>non</strong></span> <span class='ocrx_word' id='word_1_656' title='bbox 1291 4921 1394 4977; x_wconf 89' lang='lat' dir='ltr'><strong>alia</strong></span> <span class='ocrx_word' id='word_1_657' title='bbox 1428 4921 1637 4994; x_wconf 89' lang='lat' dir='ltr'><strong>videtur</strong></span> <span class='ocrx_word' id='word_1_658' title='bbox 1673 4924 1808 4978; x_wconf 81' lang='lat' dir='ltr'><strong>fides</strong></span> <span class='ocrx_word' id='word_1_659' title='bbox 1834 4923 2058 4992; x_wconf 91' lang='lat' dir='ltr'><strong>Sirmii,</strong></span> 
     </span>
    </p>
   </div>
   <div class='ocr_carea' id='block_1_87' title="bbox 464 4992 2062 5061">
    <p class='ocr_par' dir='ltr' id='par_1_87' title="bbox 464 4992 2062 5061">
     <span class='ocr_line' id='line_1_87' title="bbox 464 4992 2062 5061; baseline 0.002 -13"><span class='ocrx_word' id='word_1_660' title='bbox 464 4996 571 5051; x_wconf 85' lang='lat' dir='ltr'><strong>alia</strong></span> <span class='ocrx_word' id='word_1_661' title='bbox 594 4992 823 5051; x_wconf 85' lang='lat' dir='ltr'><strong>Arimini</strong></span> <span class='ocrx_word' id='word_1_662' title='bbox 851 4992 1019 5048; x_wconf 86' lang='lat' dir='ltr'><strong>edita.</strong></span> <span class='ocrx_word' id='word_1_663' title='bbox 1046 4993 1252 5049; x_wconf 87' lang='lat' dir='ltr'><strong>Deinde</strong></span> <span class='ocrx_word' id='word_1_664' title='bbox 1274 4994 1362 5048; x_wconf 85' lang='lat' dir='ltr'><strong>vix</strong></span> <span class='ocrx_word' id='word_1_665' title='bbox 1387 4993 1613 5048; x_wconf 88' lang='lat' dir='ltr'><strong>credere</strong></span> <span class='ocrx_word' id='word_1_666' title='bbox 1633 5004 1715 5049; x_wconf 90' lang='lat' dir='ltr'><strong>est</strong></span> <span class='ocrx_word' id='word_1_667' title='bbox 1734 5035 1749 5061; x_wconf 93' lang='lat'><strong>,</strong></span> <span class='ocrx_word' id='word_1_668' title='bbox 1779 4996 2062 5051; x_wconf 69' lang='lat' dir='ltr'><strong>Enczenio-</strong></span> 
     </span>
    </p>
   </div>
   <div class='ocr_carea' id='block_1_88' title="bbox 464 5064 2055 5133">
    <p class='ocr_par' dir='ltr' id='par_1_88' title="bbox 464 5064 2055 5133">
     <span class='ocr_line' id='line_1_88' title="bbox 464 5064 2055 5133; baseline 0.002 -12"><span class='ocrx_word' id='word_1_669' title='bbox 464 5081 586 5122; x_wconf 86' lang='lat' dir='ltr'><strong>rum</strong></span> <span class='ocrx_word' id='word_1_670' title='bbox 614 5066 775 5122; x_wconf 86' lang='lat' dir='ltr'><strong>ﬁdem</strong></span> <span class='ocrx_word' id='word_1_671' title='bbox 802 5064 984 5121; x_wconf 89' lang='lat' dir='ltr'><strong>denuo</strong></span> <span class='ocrx_word' id='word_1_672' title='bbox 1009 5064 1367 5133; x_wconf 86' lang='lat' dir='ltr'><strong>subscriptam</strong></span> <span class='ocrx_word' id='word_1_673' title='bbox 1395 5064 1449 5120; x_wconf 93' lang='lat' dir='ltr'><strong>in</strong></span> <span class='ocrx_word' id='word_1_674' title='bbox 1478 5080 1630 5133; x_wconf 63' lang='lat' dir='ltr'><strong>novae</strong></span> <span class='ocrx_word' id='word_1_675' title='bbox 1670 5065 2055 5123; x_wconf 87' lang='lat' dir='ltr'><strong>demutationls</strong></span> 
     </span>
    </p>
   </div>
   <div class='ocr_carea' id='block_1_89' title="bbox 464 5134 2053 5211">
    <p class='ocr_par' dir='ltr' id='par_1_89' title="bbox 464 5134 2053 5211">
     <span class='ocr_line' id='line_1_89' title="bbox 464 5134 2053 5211; baseline 0.001 -17"><span class='ocrx_word' id='word_1_676' title='bbox 464 5139 774 5211; x_wconf 75' lang='lat' dir='ltr'><strong>exemplum</strong></span> <span class='ocrx_word' id='word_1_677' title='bbox 816 5137 883 5190; x_wconf 88' lang='lat' dir='ltr'><strong>ab</strong></span> <span class='ocrx_word' id='word_1_678' title='bbox 898 5135 1128 5211; x_wconf 28' lang='lat' dir='ltr'><strong>‘Hilario</strong></span> <span class='ocrx_word' id='word_1_679' title='bbox 1163 5134 1330 5191; x_wconf 87' lang='lat' dir='ltr'><strong>fuisse</strong></span> <span class='ocrx_word' id='word_1_680' title='bbox 1358 5135 1711 5211; x_wconf 77' lang='lat' dir='ltr'><strong>alferendam.</strong></span> <span class='ocrx_word' id='word_1_681' title='bbox 1742 5137 1862 5211; x_wconf 84' lang='lat' dir='ltr'><strong>Sed</strong></span> <span class='ocrx_word' id='word_1_682' title='bbox 1880 5154 2053 5209; x_wconf 86' lang='lat' dir='ltr'><strong>neque</strong></span> 
     </span>
    </p>
   </div>
   <div class='ocr_carea' id='block_1_90' title="bbox 457 5206 2054 5277">
    <p class='ocr_par' dir='ltr' id='par_1_90' title="bbox 457 5206 2054 5277">
     <span class='ocr_line' id='line_1_90' title="bbox 457 5206 2054 5277; baseline 0.002 -15"><span class='ocrx_word' id='word_1_683' title='bbox 457 5206 516 5262; x_wconf 90' lang='lat' dir='ltr'><strong>in</strong></span> <span class='ocrx_word' id='word_1_684' title='bbox 541 5206 643 5264; x_wconf 80' lang='lat' dir='ltr'><strong>hac</strong></span> <span class='ocrx_word' id='word_1_685' title='bbox 669 5206 984 5263; x_wconf 87' lang='lat' dir='ltr'><strong>homousion</strong></span> <span class='ocrx_word' id='word_1_686' title='bbox 1004 5216 1099 5261; x_wconf 88' lang='lat' dir='ltr'><strong>aut</strong></span> <span class='ocrx_word' id='word_1_687' title='bbox 1116 5206 1455 5264; x_wconf 72' lang='lat' dir='ltr'><strong>hommusion</strong></span> <span class='ocrx_word' id='word_1_688' title='bbox 1479 5207 1819 5277; x_wconf 68' lang='lat' dir='ltr'><strong>praedicatur.</strong></span> <span class='ocrx_word' id='word_1_689' title='bbox 1836 5209 1910 5265; x_wconf 80' lang='lat' dir='ltr'><strong>At</strong></span> <span class='ocrx_word' id='word_1_690' title='bbox 1926 5206 2054 5267; x_wconf 82' lang='lat' dir='ltr'><strong>vero</strong></span> 
     </span>
    </p>
   </div>
   <div class='ocr_carea' id='block_1_91' title="bbox 461 5278 2051 5349">
    <p class='ocr_par' dir='ltr' id='par_1_91' title="bbox 461 5278 2051 5349">
     <span class='ocr_line' id='line_1_91' title="bbox 461 5278 2051 5349; baseline 0.003 -15"><span class='ocrx_word' id='word_1_691' title='bbox 461 5279 510 5334; x_wconf 87' lang='lat' dir='ltr'><strong>si</strong></span> <span class='ocrx_word' id='word_1_692' title='bbox 537 5294 699 5336; x_wconf 90' lang='lat' dir='ltr'><strong>voces</strong></span> <span class='ocrx_word' id='word_1_693' title='bbox 727 5278 951 5349; x_wconf 76' lang='lat' dir='ltr'><strong>proximi</strong></span> <span class='ocrx_word' id='word_1_694' title='bbox 979 5278 1104 5332; x_wconf 85' lang='lat' dir='ltr'><strong>anni</strong></span> <span class='ocrx_word' id='word_1_695' title='bbox 1130 5293 1236 5335; x_wconf 92' lang='lat' dir='ltr'><strong>non</strong></span> <span class='ocrx_word' id='word_1_696' title='bbox 1265 5280 1338 5333; x_wconf 90' lang='lat' dir='ltr'><strong>ita</strong></span> <span class='ocrx_word' id='word_1_697' title='bbox 1360 5279 1550 5335; x_wconf 87' lang='lat' dir='ltr'><strong>stricte</strong></span> <span class='ocrx_word' id='word_1_698' title='bbox 1595 5287 1652 5333; x_wconf 92' lang='lat' dir='ltr'><strong>ut</strong></span> <span class='ocrx_word' id='word_1_699' title='bbox 1678 5288 1875 5335; x_wconf 89' lang='lat' dir='ltr'><strong>sonant</strong></span> <span class='ocrx_word' id='word_1_700' title='bbox 1892 5321 1908 5345; x_wconf 90' lang='lat'><strong>,</strong></span> <span class='ocrx_word' id='word_1_701' title='bbox 1955 5284 2051 5338; x_wconf 87' lang='lat' dir='ltr'><strong>sed</strong></span> 
     </span>
    </p>
   </div>
   <div class='ocr_carea' id='block_1_92' title="bbox 459 5349 2055 5477">
    <p class='ocr_par' dir='ltr' id='par_1_92' title="bbox 459 5349 2055 5477">
     <span class='ocr_line' id='line_1_92' title="bbox 501 5349 2055 5420; baseline 0.002 -15"><span class='ocrx_word' id='word_1_702' title='bbox 501 5354 625 5405; x_wconf 88' lang='lat' dir='ltr'><strong>aulo</strong></span> <span class='ocrx_word' id='word_1_703' title='bbox 672 5349 831 5405; x_wconf 88' lang='lat' dir='ltr'><strong>latius</strong></span> <span class='ocrx_word' id='word_1_704' title='bbox 882 5351 1185 5419; x_wconf 88' lang='lat' dir='ltr'><strong>acceperis,</strong></span> <span class='ocrx_word' id='word_1_705' title='bbox 1242 5351 1468 5420; x_wconf 87' lang='lat' dir='ltr'><strong>primam</strong></span> <span class='ocrx_word' id='word_1_706' title='bbox 1518 5349 1691 5405; x_wconf 91' lang='lat' dir='ltr'><strong>intelli</strong></span> <span class='ocrx_word' id='word_1_707' title='bbox 1731 5366 1827 5407; x_wconf 90' lang='lat' dir='ltr'><strong>ere</strong></span> <span class='ocrx_word' id='word_1_708' title='bbox 1874 5352 2055 5409; x_wconf 89' lang='lat' dir='ltr'><strong>licebit</strong></span> 
     </span>
     <span class='ocr_line' id='line_1_93' title="bbox 459 5364 2053 5477; baseline 0 0"><span class='ocrx_word' id='word_1_709' title='bbox 459 5364 816 5477; x_wconf 59' lang='lat' dir='ltr'><strong>girmiensem</strong></span> <span class='ocrx_word' id='word_1_710' title='bbox 864 5418 981 5474; x_wconf 84' lang='lat' dir='ltr'><strong>Osii</strong></span> <span class='ocrx_word' id='word_1_711' title='bbox 1010 5430 1065 5474; x_wconf 89' lang='lat' dir='ltr'><strong>et</strong></span> <span class='ocrx_word' id='word_1_712' title='bbox 1111 5420 1341 5476; x_wconf 86' lang='lat' dir='ltr'><strong>Potamii</strong></span> <span class='ocrx_word' id='word_1_713' title='bbox 1395 5421 1612 5475; x_wconf 86' lang='lat' dir='ltr'><strong>nomine</strong></span> <span class='ocrx_word' id='word_1_714' title='bbox 1653 5366 1891 5477; x_wconf 42' lang='lat' dir='ltr'><strong>editam.</strong></span> <span class='ocrx_word' id='word_1_715' title='bbox 1932 5439 2053 5477; x_wconf 68' lang='lat' dir='ltr'><strong>cum</strong></span> 
     </span>
    </p>
   </div>
   <div class='ocr_carea' id='block_1_93' title="bbox 505 5418 2053 5494">
    <p class='ocr_par' dir='ltr' id='par_1_93' title="bbox 505 5418 2053 5494">
     <span class='ocr_line' id='line_1_94' title="bbox 505 5418 2053 5494; baseline 0.002 -17"><span class='ocrx_word' id='word_1_716' title='bbox 505 5422 816 5494; x_wconf 81' lang='lat' dir='ltr'><strong>irmiensem</strong></span> <span class='ocrx_word' id='word_1_717' title='bbox 864 5418 981 5474; x_wconf 85' lang='lat' dir='ltr'><strong>Osii</strong></span> <span class='ocrx_word' id='word_1_718' title='bbox 1010 5418 1065 5494; x_wconf 78' lang='lat' dir='ltr'><strong>et</strong></span> <span class='ocrx_word' id='word_1_719' title='bbox 1111 5418 1341 5494; x_wconf 78' lang='lat' dir='ltr'><strong>Potamii</strong></span> <span class='ocrx_word' id='word_1_720' title='bbox 1395 5421 1612 5475; x_wconf 86' lang='lat' dir='ltr'><strong>nomine</strong></span> <span class='ocrx_word' id='word_1_721' title='bbox 1653 5418 1891 5494; x_wconf 86' lang='lat' dir='ltr'><strong>editam,</strong></span> <span class='ocrx_word' id='word_1_722' title='bbox 1932 5439 2053 5494; x_wconf 65' lang='lat' dir='ltr'><strong>quae</strong></span> 
     </span>
    </p>
   </div>
   <div class='ocr_carea' id='block_1_94' title="bbox 458 5491 2053 5558">
    <p class='ocr_par' dir='ltr' id='par_1_94' title="bbox 458 5491 2053 5558">
     <span class='ocr_line' id='line_1_95' title="bbox 458 5491 2053 5558; baseline 0.003 -12"><span class='ocrx_word' id='word_1_723' title='bbox 458 5507 568 5547; x_wconf 88' lang='lat' dir='ltr'><strong>non</strong></span> <span class='ocrx_word' id='word_1_724' title='bbox 602 5492 763 5548; x_wconf 91' lang='lat' dir='ltr'><strong>modo</strong></span> <span class='ocrx_word' id='word_1_725' title='bbox 790 5491 1108 5546; x_wconf 89' lang='lat' dir='ltr'><strong>homousion</strong></span> <span class='ocrx_word' id='word_1_726' title='bbox 1132 5533 1146 5558; x_wconf 97' lang='lat'><strong>,</strong></span> <span class='ocrx_word' id='word_1_727' title='bbox 1177 5492 1273 5547; x_wconf 89' lang='lat' dir='ltr'><strong>sed</strong></span> <span class='ocrx_word' id='word_1_728' title='bbox 1319 5499 1373 5547; x_wconf 91' lang='lat' dir='ltr'><strong>et</strong></span> <span class='ocrx_word' id='word_1_729' title='bbox 1419 5492 1756 5549; x_wconf 86' lang='lat' dir='ltr'><strong>homoeusion</strong></span> <span class='ocrx_word' id='word_1_730' title='bbox 1807 5491 2053 5551; x_wconf 81' lang='lat' dir='ltr'><strong>decernit</strong></span> 
     </span>
    </p>
   </div>
   <div class='ocr_carea' id='block_1_95' title="bbox 457 5563 2051 5633">
    <p class='ocr_par' dir='ltr' id='par_1_95' title="bbox 457 5563 2051 5633">
     <span class='ocr_line' id='line_1_96' title="bbox 457 5563 2051 5633; baseline 0.004 -18"><span class='ocrx_word' id='word_1_731' title='bbox 457 5565 659 5633; x_wconf 82' lang='lat' dir='ltr'><strong>taceri;</strong></span> <span class='ocrx_word' id='word_1_732' title='bbox 686 5563 909 5618; x_wconf 88' lang='lat' dir='ltr'><strong>alteram</strong></span> <span class='ocrx_word' id='word_1_733' title='bbox 939 5563 1271 5633; x_wconf 78' lang='lat' dir='ltr'><strong>Ancyranam</strong></span> <span class='ocrx_word' id='word_1_734' title='bbox 1297 5604 1310 5628; x_wconf 95' lang='lat'><strong>,</strong></span> <span class='ocrx_word' id='word_1_735' title='bbox 1337 5578 1458 5633; x_wconf 68' lang='lat' dir='ltr'><strong>quae</strong></span> <span class='ocrx_word' id='word_1_736' title='bbox 1491 5563 1829 5621; x_wconf 71' lang='lat' dir='ltr'><strong>hommusion</strong></span> <span class='ocrx_word' id='word_1_737' title='bbox 1859 5565 2051 5623; x_wconf 86' lang='lat' dir='ltr'><strong>deﬁni-</strong></span> 
     </span>
    </p>
   </div>
   <div class='ocr_carea' id='block_1_96' title="bbox 456 5632 2043 5705">
    <p class='ocr_par' dir='ltr' id='par_1_96' title="bbox 456 5632 2043 5705">
     <span class='ocr_line' id='line_1_97' title="bbox 456 5632 2043 5705; baseline 0.006 -20"><span class='ocrx_word' id='word_1_738' title='bbox 456 5632 691 5705; x_wconf 82' lang='lat' dir='ltr'><strong>tionibus</strong></span> <span class='ocrx_word' id='word_1_739' title='bbox 713 5635 769 5699; x_wconf 77' lang='grc'><strong>5,</strong></span> <span class='ocrx_word' id='word_1_740' title='bbox 795 5633 851 5697; x_wconf 72' lang='grc'><strong>4,</strong></span> <span class='ocrx_word' id='word_1_741' title='bbox 883 5632 1099 5705; x_wconf 76' lang='lat' dir='ltr'><strong>5._etc._.</strong></span> <span class='ocrx_word' id='word_1_742' title='bbox 1129 5632 1373 5705; x_wconf 79' lang='lat' dir='ltr'><strong>decernit</strong></span> <span class='ocrx_word' id='word_1_743' title='bbox 1411 5643 1468 5690; x_wconf 92' lang='lat' dir='ltr'><strong>et</strong></span> <span class='ocrx_word' id='word_1_744' title='bbox 1501 5635 1794 5705; x_wconf 67' lang='lat' dir='ltr'><strong>praedicat;</strong></span> <span class='ocrx_word' id='word_1_745' title='bbox 1831 5643 2043 5695; x_wconf 89' lang='lat' dir='ltr'><strong>tertiam</strong></span> 
     </span>
    </p>
   </div>
   <div class='ocr_carea' id='block_1_97' title="bbox 459 5702 2041 5780">
    <p class='ocr_par' dir='ltr' id='par_1_97' title="bbox 459 5702 2041 5780">
     <span class='ocr_line' id='line_1_98' title="bbox 459 5702 2041 5780; baseline 0.006 -25"><span class='ocrx_word' id='word_1_746' title='bbox 459 5702 688 5780; x_wconf 40' lang='lat' dir='ltr'><strong>erimini</strong></span> <span class='ocrx_word' id='word_1_747' title='bbox 719 5720 785 5780; x_wconf 57' lang='lat' dir='ltr'><strong>ac</strong></span> <span class='ocrx_word' id='word_1_748' title='bbox 807 5702 1004 5780; x_wconf 79' lang='lat' dir='ltr'><strong>deinde</strong></span> <span class='ocrx_word' id='word_1_749' title='bbox 1039 5703 1308 5780; x_wconf 59' lang='lat' dir='ltr'><strong>maciem</strong></span> <span class='ocrx_word' id='word_1_750' title='bbox 1335 5702 1565 5764; x_wconf 79' lang='lat' dir='ltr'><strong>Thracia</strong></span> <span class='ocrx_word' id='word_1_751' title='bbox 1587 5702 1822 5774; x_wconf 78' lang='lat' dir='ltr'><strong>lectam,</strong></span> <span class='ocrx_word' id='word_1_752' title='bbox 1852 5709 1906 5763; x_wconf 90' lang='lat' dir='ltr'><strong>in</strong></span> <span class='ocrx_word' id='word_1_753' title='bbox 1937 5725 2041 5780; x_wconf 82' lang='lat' dir='ltr'><strong>qua</strong></span> 
     </span>
    </p>
   </div>
   <div class='ocr_carea' id='block_1_98' title="bbox 2184 3333 3810 3409">
    <p class='ocr_par' dir='ltr' id='par_1_98' title="bbox 2184 3333 3810 3409">
     <span class='ocr_line' id='line_1_99' title="bbox 2184 3333 3810 3409; baseline 0.003 -20"><span class='ocrx_word' id='word_1_754' title='bbox 2184 3333 2677 3409; x_wconf 64' lang='lat' dir='ltr'><strong>praedicatio,apn_d</strong></span> <span class='ocrx_word' id='word_1_755' title='bbox 2695 3333 2983 3409; x_wconf 65' lang='lat' dir='ltr'><strong>Athanas._,</strong></span> <span class='ocrx_word' id='word_1_756' title='bbox 3009 3334 3077 3409; x_wconf 89' lang='lat' dir='ltr'><strong>de</strong></span> <span class='ocrx_word' id='word_1_757' title='bbox 3104 3334 3311 3409; x_wconf 87' lang='lat' dir='ltr'><strong>Synod.</strong></span> <span class='ocrx_word' id='word_1_758' title='bbox 3347 3352 3399 3409; x_wconf 17' lang='lat' dir='ltr'><strong>p7.</strong></span> <span class='ocrx_word' id='word_1_759' title='bbox 3424 3335 3552 3404; x_wconf 85' lang='lat'><strong>875,</strong></span> <span class='ocrx_word' id='word_1_760' title='bbox 3582 3347 3810 3409; x_wconf 77' lang='lat' dir='ltr'><strong>postre-</strong></span> 
     </span>
    </p>
   </div>
   <div class='ocr_carea' id='block_1_99' title="bbox 2187 3405 3811 3481">
    <p class='ocr_par' dir='ltr' id='par_1_99' title="bbox 2187 3405 3811 3481">
     <span class='ocr_line' id='line_1_100' title="bbox 2187 3405 3811 3481; baseline 0.005 -22"><span class='ocrx_word' id='word_1_761' title='bbox 2187 3407 2591 3481; x_wconf 85' lang='lat' dir='ltr'><strong>mam_deni_que</strong></span> <span class='ocrx_word' id='word_1_762' title='bbox 2620 3405 2999 3481; x_wconf 76' lang='lat' dir='ltr'><strong>Seleucim_ab</strong></span> <span class='ocrx_word' id='word_1_763' title='bbox 3051 3407 3251 3463; x_wconf 84' lang='lat' dir='ltr'><strong>Acacio</strong></span> <span class='ocrx_word' id='word_1_764' title='bbox 3301 3405 3599 3481; x_wconf 67' lang='lat' dir='ltr'><strong>vulgatam;</strong></span> <span class='ocrx_word' id='word_1_765' title='bbox 3652 3410 3811 3481; x_wconf 82' lang='lat' dir='ltr'><strong>apud</strong></span> 
     </span>
    </p>
   </div>
   <div class='ocr_carea' id='block_1_100' title="bbox 2183 3477 3811 3548">
    <p class='ocr_par' dir='ltr' id='par_1_100' title="bbox 2183 3477 3811 3548">
     <span class='ocr_line' id='line_1_101' title="bbox 2183 3477 3811 3548; baseline 0.004 -15"><span class='ocrx_word' id='word_1_766' title='bbox 2183 3478 2438 3533; x_wconf 85' lang='lat' dir='ltr'><strong>eumdem</strong></span> <span class='ocrx_word' id='word_1_767' title='bbox 2467 3479 2755 3544; x_wconf 68' lang='lat' dir='ltr'><strong>Athanas,</strong></span> <span class='ocrx_word' id='word_1_768' title='bbox 2787 3494 2841 3547; x_wconf 88' lang='lat' dir='ltr'><strong>p.</strong></span> <span class='ocrx_word' id='word_1_769' title='bbox 2889 3477 2994 3534; x_wconf 76' lang='grc'><strong>904</strong></span> <span class='ocrx_word' id='word_1_770' title='bbox 3020 3519 3034 3542; x_wconf 84' lang='grc'>,</span> <span class='ocrx_word' id='word_1_771' title='bbox 3065 3494 3188 3548; x_wconf 86' lang='lat' dir='ltr'><strong>quae</strong></span> <span class='ocrx_word' id='word_1_772' title='bbox 3234 3479 3553 3535; x_wconf 68' lang='lat' dir='ltr'><strong>substantia:</strong></span> <span class='ocrx_word' id='word_1_773' title='bbox 3594 3477 3811 3539; x_wconf 84' lang='lat' dir='ltr'><strong>nomen</strong></span> 
     </span>
    </p>
   </div>
   <div class='ocr_carea' id='block_1_101' title="bbox 2186 3548 3810 3675">
    <p class='ocr_par' dir='ltr' id='par_1_101' title="bbox 2186 3548 3810 3675">
     <span class='ocr_line' id='line_1_102' title="bbox 2186 3548 3810 3675; baseline 0.003 -70"><span class='ocrx_word' id='word_1_774' title='bbox 2186 3548 2428 3675; x_wconf 58' lang='lat' dir='ltr'><strong>gonjam</strong></span> <span class='ocrx_word' id='word_1_775' title='bbox 2457 3557 2718 3617; x_wconf 81' lang='lat' dir='ltr'><strong>excusat,</strong></span> <span class='ocrx_word' id='word_1_776' title='bbox 2768 3549 2864 3606; x_wconf 91' lang='lat' dir='ltr'><strong>sed</strong></span> <span class='ocrx_word' id='word_1_777' title='bbox 2909 3550 3229 3620; x_wconf 89' lang='lat' dir='ltr'><strong>simpliciter</strong></span> <span class='ocrx_word' id='word_1_778' title='bbox 3267 3560 3323 3606; x_wconf 88' lang='lat' dir='ltr'><strong>et</strong></span> <span class='ocrx_word' id='word_1_779' title='bbox 3367 3550 3612 3608; x_wconf 86' lang='lat' dir='ltr'><strong>absolute</strong></span> <span class='ocrx_word' id='word_1_780' title='bbox 3662 3566 3810 3610; x_wconf 84' lang='lat' dir='ltr'><strong>con-</strong></span> 
     </span>
     <span class='ocr_line' id='line_1_103' title="bbox 2226 3630 2424 3675; baseline 0 -1"><span class='ocrx_word' id='word_1_781' title='bbox 2226 3630 2424 3675; x_wconf 87' lang='lat' dir='ltr'><strong>emnat.</strong></span> 
     </span>
    </p>
   </div>
   <div class='ocr_carea' id='block_1_102' title="bbox 2226 3630 2424 3675">
    <p class='ocr_par' dir='ltr' id='par_1_102' title="bbox 2226 3630 2424 3675">
     <span class='ocr_line' id='line_1_104' title="bbox 2226 3630 2424 3675; baseline 0 -1"><span class='ocrx_word' id='word_1_782' title='bbox 2226 3630 2424 3675; x_wconf 88' lang='lat' dir='ltr'><strong>emnat.</strong></span> 
     </span>
    </p>
   </div>
   <div class='ocr_carea' id='block_1_103' title="bbox 2264 3691 3810 3764">
    <p class='ocr_par' dir='ltr' id='par_1_103' title="bbox 2264 3691 3810 3764">
     <span class='ocr_line' id='line_1_105' title="bbox 2264 3691 3810 3764; baseline 0.006 -19"><span class='ocrx_word' id='word_1_783' title='bbox 2264 3691 2339 3764; x_wconf 92' lang='lat' dir='ltr'><strong>(c)</strong></span> <span class='ocrx_word' id='word_1_784' title='bbox 2380 3691 2653 3747; x_wconf 85' lang='lat' dir='ltr'><strong>Particula</strong></span> <span class='ocrx_word' id='word_1_785' title='bbox 2701 3693 2746 3764; x_wconf 83' lang='lat' dir='ltr'><strong>si</strong></span> <span class='ocrx_word' id='word_1_786' title='bbox 2791 3707 2858 3747; x_wconf 81' lang='lat' dir='ltr'><strong>ex</strong></span> <span class='ocrx_word' id='word_1_787' title='bbox 2887 3691 3075 3764; x_wconf 89' lang='lat' dir='ltr'><strong>codice</strong></span> <span class='ocrx_word' id='word_1_788' title='bbox 3101 3692 3378 3748; x_wconf 63' lang='lat' dir='ltr'><strong>Vaticana:</strong></span> <span class='ocrx_word' id='word_1_789' title='bbox 3405 3692 3646 3751; x_wconf 70' lang='lat' dir='ltr'><strong>basilicae</strong></span> <span class='ocrx_word' id='word_1_790' title='bbox 3686 3694 3810 3755; x_wconf 84' lang='lat' dir='ltr'><strong>huc</strong></span> 
     </span>
    </p>
   </div>
   <div class='ocr_carea' id='block_1_104' title="bbox 2192 3763 3805 3834">
    <p class='ocr_par' dir='ltr' id='par_1_104' title="bbox 2192 3763 3805 3834">
     <span class='ocr_line' id='line_1_106' title="bbox 2192 3763 3805 3834; baseline 0.006 -17"><span class='ocrx_word' id='word_1_791' title='bbox 2192 3763 2499 3834; x_wconf 80' lang='lat' dir='ltr'><strong>revocatur,</strong></span> <span class='ocrx_word' id='word_1_792' title='bbox 2532 3779 2636 3834; x_wconf 86' lang='lat' dir='ltr'><strong>qua</strong></span> <span class='ocrx_word' id='word_1_793' title='bbox 2666 3763 2897 3819; x_wconf 89' lang='lat' dir='ltr'><strong>efﬁcitur</strong></span> <span class='ocrx_word' id='word_1_794' title='bbox 2939 3763 3026 3819; x_wconf 93' lang='lat' dir='ltr'><strong>hic</strong></span> <span class='ocrx_word' id='word_1_795' title='bbox 3067 3779 3259 3820; x_wconf 87' lang='lat' dir='ltr'><strong>sensus</strong></span> <span class='ocrx_word' id='word_1_796' title='bbox 3305 3766 3394 3821; x_wconf 89' lang='lat' dir='ltr'><strong>:si</strong></span> <span class='ocrx_word' id='word_1_797' title='bbox 3420 3764 3490 3820; x_wconf 89' lang='lat' dir='ltr'><strong>de</strong></span> <span class='ocrx_word' id='word_1_798' title='bbox 3528 3765 3805 3826; x_wconf 83' lang='lat' dir='ltr'><strong>similitu-</strong></span> 
     </span>
    </p>
   </div>
   <div class='ocr_carea' id='block_1_105' title="bbox 2191 3833 3804 3907">
    <p class='ocr_par' dir='ltr' id='par_1_105' title="bbox 2191 3833 3804 3907">
     <span class='ocr_line' id='line_1_107' title="bbox 2191 3833 3804 3907; baseline 0.004 -19"><span class='ocrx_word' id='word_1_799' title='bbox 2191 3833 2319 3907; x_wconf 70' lang='lat' dir='ltr'><strong>din_e</strong></span> <span class='ocrx_word' id='word_1_800' title='bbox 2346 3833 2468 3907; x_wconf 70' lang='lat' dir='ltr'><strong>Filii</strong></span> <span class='ocrx_word' id='word_1_801' title='bbox 2489 3833 2561 3889; x_wconf 87' lang='lat' dir='ltr'><strong>ad</strong></span> <span class='ocrx_word' id='word_1_802' title='bbox 2585 3835 2800 3890; x_wconf 87' lang='lat' dir='ltr'><strong>Patrem</strong></span> <span class='ocrx_word' id='word_1_803' title='bbox 2830 3836 2882 3890; x_wconf 91' lang='lat' dir='ltr'><strong>id</strong></span> <span class='ocrx_word' id='word_1_804' title='bbox 2911 3850 3051 3891; x_wconf 90' lang='lat' dir='ltr'><strong>nunc</strong></span> <span class='ocrx_word' id='word_1_805' title='bbox 3072 3836 3368 3891; x_wconf 88' lang='lat' dir='ltr'><strong>sentiamus</strong></span> <span class='ocrx_word' id='word_1_806' title='bbox 3391 3850 3456 3891; x_wconf 88' lang='lat' dir='ltr'><strong>ac</strong></span> <span class='ocrx_word' id='word_1_807' title='bbox 3478 3836 3804 3907; x_wconf 84' lang='lat' dir='ltr'><strong>credamus,</strong></span> 
     </span>
    </p>
   </div>
   <div class='ocr_carea' id='block_1_106' title="bbox 2189 3904 3810 3978">
    <p class='ocr_par' dir='ltr' id='par_1_106' title="bbox 2189 3904 3810 3978">
     <span class='ocr_line' id='line_1_108' title="bbox 2189 3904 3810 3978; baseline 0.005 -19"><span class='ocrx_word' id='word_1_808' title='bbox 2189 3916 2253 3978; x_wconf 86' lang='lat' dir='ltr'><strong>ut</strong></span> <span class='ocrx_word' id='word_1_809' title='bbox 2279 3904 2450 3978; x_wconf 82' lang='lat' dir='ltr'><strong>Filius</strong></span> <span class='ocrx_word' id='word_1_810' title='bbox 2475 3921 2581 3961; x_wconf 91' lang='lat' dir='ltr'><strong>non</strong></span> <span class='ocrx_word' id='word_1_811' title='bbox 2607 3922 2673 3961; x_wconf 87' lang='lat' dir='ltr'><strong>ex</strong></span> <span class='ocrx_word' id='word_1_812' title='bbox 2704 3915 2841 3969; x_wconf 91' lang='lat' dir='ltr'><strong>toto,</strong></span> <span class='ocrx_word' id='word_1_813' title='bbox 2873 3922 2971 3978; x_wconf 81' lang='lat' dir='ltr'><strong>sex</strong></span> <span class='ocrx_word' id='word_1_814' title='bbox 2998 3923 3062 3962; x_wconf 83' lang='lat' dir='ltr'><strong>ex</strong></span> <span class='ocrx_word' id='word_1_815' title='bbox 3085 3907 3335 3978; x_wconf 90' lang='lat' dir='ltr'><strong>portione</strong></span> <span class='ocrx_word' id='word_1_816' title='bbox 3363 3907 3436 3963; x_wconf 90' lang='lat' dir='ltr'><strong>sit</strong></span> <span class='ocrx_word' id='word_1_817' title='bbox 3464 3909 3658 3965; x_wconf 88' lang='lat' dir='ltr'><strong>similis</strong></span> <span class='ocrx_word' id='word_1_818' title='bbox 3688 3904 3810 3967; x_wconf 53' lang='lat' dir='ltr'><strong>Pa;</strong></span> 
     </span>
    </p>
   </div>
   <div class='ocr_carea' id='block_1_107' title="bbox 2189 3976 3801 4055">
    <p class='ocr_par' dir='ltr' id='par_1_107' title="bbox 2189 3976 3801 4055">
     <span class='ocr_line' id='line_1_109' title="bbox 2189 3976 3801 4055; baseline 0.006 -25"><span class='ocrx_word' id='word_1_819' title='bbox 2189 3976 2293 4041; x_wconf 90' lang='lat' dir='ltr'><strong>tri;</strong></span> <span class='ocrx_word' id='word_1_820' title='bbox 2326 3976 2756 4055; x_wconf 71' lang='lat' dir='ltr'><strong>professionibus</strong></span> <span class='ocrx_word' id='word_1_821' title='bbox 2788 3978 2855 4032; x_wconf 92' lang='lat' dir='ltr'><strong>de</strong></span> <span class='ocrx_word' id='word_1_822' title='bbox 2896 3976 3125 4055; x_wconf 77' lang='lat' dir='ltr'><strong>ﬁde_(vel</strong></span> <span class='ocrx_word' id='word_1_823' title='bbox 3148 3978 3214 4034; x_wconf 91' lang='lat' dir='ltr'><strong>de</strong></span> <span class='ocrx_word' id='word_1_824' title='bbox 3244 3979 3326 4051; x_wconf 87' lang='lat' dir='ltr'><strong>se)</strong></span> <span class='ocrx_word' id='word_1_825' title='bbox 3356 3979 3453 4035; x_wconf 88' lang='lat' dir='ltr'><strong>Dei</strong></span> <span class='ocrx_word' id='word_1_826' title='bbox 3483 3981 3801 4055; x_wconf 77' lang='lat' dir='ltr'><strong>calumpia-</strong></span> 
     </span>
    </p>
   </div>
   <div class='ocr_carea' id='block_1_108' title="bbox 2189 4048 3196 4119">
    <p class='ocr_par' dir='ltr' id='par_1_108' title="bbox 2189 4048 3196 4119">
     <span class='ocr_line' id='line_1_110' title="bbox 2189 4048 3196 4119; baseline 0.003 -18"><span class='ocrx_word' id='word_1_827' title='bbox 2189 4063 2356 4119; x_wconf 86' lang='lat' dir='ltr'><strong>mur:</strong></span> <span class='ocrx_word' id='word_1_828' title='bbox 2379 4049 2579 4119; x_wconf 84' lang='lat' dir='ltr'><strong>egregii</strong></span> <span class='ocrx_word' id='word_1_829' title='bbox 2610 4049 2813 4104; x_wconf 88' lang='lat' dir='ltr'><strong>scilicet</strong></span> <span class='ocrx_word' id='word_1_830' title='bbox 2838 4048 3064 4116; x_wconf 87' lang='lat' dir='ltr'><strong>arbitri,</strong></span> <span class='ocrx_word' id='word_1_831' title='bbox 3091 4058 3196 4105; x_wconf 81' lang='lat' dir='ltr'><strong>etc.</strong></span> 
     </span>
    </p>
   </div>
   <div class='ocr_carea' id='block_1_109' title="bbox 2261 4118 3798 4192">
    <p class='ocr_par' dir='ltr' id='par_1_109' title="bbox 2261 4118 3798 4192">
     <span class='ocr_line' id='line_1_111' title="bbox 2261 4118 3798 4192; baseline 0.006 -20"><span class='ocrx_word' id='word_1_832' title='bbox 2261 4118 2342 4192; x_wconf 86' lang='grc' dir='ltr'><strong>(ιι)</strong></span> <span class='ocrx_word' id='word_1_833' title='bbox 2383 4118 2554 4184; x_wconf 65' lang='grc' dir='ltr'><strong>Βαάξ,</strong></span> <span class='ocrx_word' id='word_1_834' title='bbox 2581 4119 2675 4174; x_wconf 89' lang='lat' dir='ltr'><strong>Er.</strong></span> <span class='ocrx_word' id='word_1_835' title='bbox 2707 4130 2758 4174; x_wconf 77' lang='lat' dir='ltr'><strong>et</strong></span> <span class='ocrx_word' id='word_1_836' title='bbox 2781 4122 2926 4186; x_wconf 65' lang='lat' dir='ltr'><strong>Min,</strong></span> <span class='ocrx_word' id='word_1_837' title='bbox 2950 4122 3220 4175; x_wconf 86' lang='lat' dir='ltr'><strong>morientes</strong></span> <span class='ocrx_word' id='word_1_838' title='bbox 3242 4137 3441 4176; x_wconf 84' lang='lat' dir='ltr'><strong>morum</strong></span> <span class='ocrx_word' id='word_1_839' title='bbox 3463 4124 3588 4179; x_wconf 81' lang='lat' dir='ltr'><strong>vice.</strong></span> <span class='ocrx_word' id='word_1_840' title='bbox 3617 4124 3753 4180; x_wconf 75' lang='lat' dir='ltr'><strong>Mss.</strong></span> <span class='ocrx_word' id='word_1_841' title='bbox 3779 4168 3798 4191; x_wconf 88' lang='lat'><strong>,</strong></span> 
     </span>
    </p>
   </div>
   <div class='ocr_carea' id='block_1_110' title="bbox 2182 4192 3797 4259">
    <p class='ocr_par' dir='ltr' id='par_1_110' title="bbox 2182 4192 3797 4259">
     <span class='ocr_line' id='line_1_112' title="bbox 2182 4192 3797 4259; baseline 0.006 -17"><span class='ocrx_word' id='word_1_842' title='bbox 2182 4192 2455 4246; x_wconf 82' lang='lat' dir='ltr'><strong>morientes</strong></span> <span class='ocrx_word' id='word_1_843' title='bbox 2504 4193 2634 4246; x_wconf 86' lang='lat' dir='ltr'><strong>mori</strong></span> <span class='ocrx_word' id='word_1_844' title='bbox 2681 4192 2917 4248; x_wconf 83' lang='lat' dir='ltr'><strong>invicem.</strong></span> <span class='ocrx_word' id='word_1_845' title='bbox 2952 4192 3114 4249; x_wconf 81' lang='lat' dir='ltr'><strong>Forte</strong></span> <span class='ocrx_word' id='word_1_846' title='bbox 3140 4235 3154 4259; x_wconf 93' lang='lat'><strong>,</strong></span> <span class='ocrx_word' id='word_1_847' title='bbox 3184 4194 3474 4250; x_wconf 81' lang='lat' dir='ltr'><strong>mordentes</strong></span> <span class='ocrx_word' id='word_1_848' title='bbox 3514 4211 3606 4251; x_wconf 85' lang='lat' dir='ltr'><strong>nos</strong></span> <span class='ocrx_word' id='word_1_849' title='bbox 3648 4197 3797 4252; x_wconf 62' lang='lat' dir='ltr'><strong>invio</strong></span> 
     </span>
    </p>
   </div>
   <div class='ocr_carea' id='block_1_111' title="bbox 2178 4276 2308 4315">
    <p class='ocr_par' dir='ltr' id='par_1_111' title="bbox 2178 4276 2308 4315">
     <span class='ocr_line' id='line_1_113' title="bbox 2178 4276 2308 4315; baseline 0 0"><span class='ocrx_word' id='word_1_850' title='bbox 2178 4276 2308 4315; x_wconf 82' lang='lat' dir='ltr'><strong>cem.</strong></span> 
     </span>
    </p>
   </div>
   <div class='ocr_carea' id='block_1_112' title="bbox 2250 4333 3020 4405">
    <p class='ocr_par' dir='ltr' id='par_1_112' title="bbox 2250 4333 3020 4405">
     <span class='ocr_line' id='line_1_114' title="bbox 2250 4333 3020 4405; baseline 0.005 -18"><span class='ocrx_word' id='word_1_851' title='bbox 2250 4333 2320 4405; x_wconf 80' lang='grc' dir='ltr'><strong>(ε)</strong></span> <span class='ocrx_word' id='word_1_852' title='bbox 2367 4333 2656 4403; x_wconf 82' lang='lat' dir='ltr'><strong>Exemplar</strong></span> <span class='ocrx_word' id='word_1_853' title='bbox 2690 4334 2805 4389; x_wconf 82' lang='lat' dir='ltr'><strong>Vat.</strong></span> <span class='ocrx_word' id='word_1_854' title='bbox 2862 4335 2975 4391; x_wconf 91' lang='lat' dir='ltr'><strong>bas.</strong></span> <span class='ocrx_word' id='word_1_855' title='bbox 3005 4378 3020 4401; x_wconf 95' lang='lat'><strong>,</strong></span> 
     </span>
    </p>
   </div>
   <div class='ocr_carea' id='block_1_113' title="bbox 2178 4405 3794 4478">
    <p class='ocr_par' dir='ltr' id='par_1_113' title="bbox 2178 4405 3794 4478">
     <span class='ocr_line' id='line_1_115' title="bbox 2178 4405 3794 4478; baseline 0.008 -21"><span class='ocrx_word' id='word_1_856' title='bbox 2178 4418 2399 4478; x_wconf 83' lang='lat' dir='ltr'><strong>casuum</strong></span> <span class='ocrx_word' id='word_1_857' title='bbox 2430 4405 2658 4478; x_wconf 81' lang='lat' dir='ltr'><strong>mutatio</strong></span> <span class='ocrx_word' id='word_1_858' title='bbox 2688 4405 2938 4478; x_wconf 83' lang='lat' dir='ltr'><strong>frequens</strong></span> <span class='ocrx_word' id='word_1_859' title='bbox 2979 4417 3061 4461; x_wconf 91' lang='lat' dir='ltr'><strong>est</strong></span> <span class='ocrx_word' id='word_1_860' title='bbox 3104 4408 3157 4463; x_wconf 90' lang='lat' dir='ltr'><strong>in</strong></span> <span class='ocrx_word' id='word_1_861' title='bbox 3186 4405 3460 4465; x_wconf 83' lang='lat' dir='ltr'><strong>veteribus</strong></span> <span class='ocrx_word' id='word_1_862' title='bbox 3491 4406 3659 4467; x_wconf 86' lang='lat' dir='ltr'><strong>libris.</strong></span> <span class='ocrx_word' id='word_1_863' title='bbox 3698 4414 3794 4470; x_wconf 78' lang='lat' dir='ltr'><strong>Ad</strong></span> 
     </span>
    </p>
   </div>
   <div class='ocr_carea' id='block_1_114' title="bbox 2177 4475 3788 4553">
    <p class='ocr_par' dir='ltr' id='par_1_114' title="bbox 2177 4475 3788 4553">
     <span class='ocr_line' id='line_1_116' title="bbox 2177 4475 3788 4553; baseline 0.006 -24"><span class='ocrx_word' id='word_1_864' title='bbox 2177 4475 2586 4553; x_wconf 65' lang='lat' dir='ltr'><strong>intelligentiam</strong></span> <span class='ocrx_word' id='word_1_865' title='bbox 2616 4475 2903 4553; x_wconf 67' lang='lat' dir='ltr'><strong>hujus&#39;loci</strong></span> <span class='ocrx_word' id='word_1_866' title='bbox 2923 4477 3148 4553; x_wconf 12' lang='lat' dir='ltr'><strong>jnverit’g</strong></span> <span class='ocrx_word' id='word_1_867' title='bbox 3167 4494 3233 4535; x_wconf 83' lang='lat' dir='ltr'><strong>ex</strong></span> <span class='ocrx_word' id='word_1_868' title='bbox 3255 4494 3375 4553; x_wconf 79' lang='lat' dir='ltr'><strong>cap.</strong></span> <span class='ocrx_word' id='word_1_869' title='bbox 3409 4495 3481 4536; x_wconf 78' lang='lat' dir='ltr'><strong>xu</strong></span> <span class='ocrx_word' id='word_1_870' title='bbox 3508 4481 3563 4536; x_wconf 91' lang='lat' dir='ltr'><strong>in</strong></span> <span class='ocrx_word' id='word_1_871' title='bbox 3586 4479 3788 4553; x_wconf 65' lang='lat' dir='ltr'><strong>Matth.</strong></span> 
     </span>
    </p>
   </div>
   <div class='ocr_carea' id='block_1_115' title="bbox 3663 4564 3788 4612">
    <p class='ocr_par' dir='ltr' id='par_1_115' title="bbox 3663 4564 3788 4612">
     <span class='ocr_line' id='line_1_117' title="bbox 3663 4564 3788 4612; baseline 0.032 -4"><span class='ocrx_word' id='word_1_872' title='bbox 3663 4564 3788 4612; x_wconf 86' lang='lat' dir='ltr'><strong>tum</strong></span> 
     </span>
    </p>
   </div>
   <div class='ocr_carea' id='block_1_116' title="bbox 2175 4618 3793 4698">
    <p class='ocr_par' dir='ltr' id='par_1_116' title="bbox 2175 4618 3793 4698">
     <span class='ocr_line' id='line_1_118' title="bbox 2175 4618 3793 4698; baseline 0.007 -26"><span class='ocrx_word' id='word_1_873' title='bbox 2175 4631 2309 4698; x_wconf 41' lang='lat' dir='ltr'><strong>esse.</strong></span> <span class='ocrx_word' id='word_1_874' title='bbox 2338 4619 2389 4698; x_wconf 62' lang='lat' dir='ltr'><strong>ip</strong></span> <span class='ocrx_word' id='word_1_875' title='bbox 2436 4618 2696 4698; x_wconf 79' lang='lat' dir='ltr'><strong>Spiritum</strong></span> <span class='ocrx_word' id='word_1_876' title='bbox 2750 4630 3037 4698; x_wconf 78' lang='lat' dir='ltr'><strong>sanctum,</strong></span> <span class='ocrx_word' id='word_1_877' title='bbox 3090 4618 3793 4698; x_wconf 63' lang='lat' dir='ltr'><strong>scilicet_CItrisio_negare</strong></span> 
     </span>
    </p>
   </div>
   <div class='ocr_carea' id='block_1_117' title="bbox 2169 4688 3789 4767">
    <p class='ocr_par' dir='ltr' id='par_1_117' title="bbox 2169 4688 3789 4767">
     <span class='ocr_line' id='line_1_119' title="bbox 2169 4688 3789 4767; baseline 0.007 -26"><span class='ocrx_word' id='word_1_878' title='bbox 2169 4688 2309 4767; x_wconf 80' lang='lat' dir='ltr'><strong>quod</strong></span> <span class='ocrx_word' id='word_1_879' title='bbox 2336 4688 2476 4767; x_wconf 75' lang='lat' dir='ltr'><strong>Deus</strong></span> <span class='ocrx_word' id='word_1_880' title='bbox 2506 4692 2572 4744; x_wconf 85' lang='lat' dir='ltr'><strong>sit</strong></span> <span class='ocrx_word' id='word_1_881' title='bbox 2594 4700 2690 4767; x_wconf 34' lang='grc' dir='ltr'><em>,μοι</em></span> <span class='ocrx_word' id='word_1_882' title='bbox 2721 4693 3080 4767; x_wconf 62' lang='lat' dir='ltr'><strong>consistentem</strong></span> <span class='ocrx_word' id='word_1_883' title='bbox 3108 4694 3163 4767; x_wconf 84' lang='lat' dir='ltr'><strong>in</strong></span> <span class='ocrx_word' id='word_1_884' title='bbox 3196 4710 3254 4749; x_wconf 92' lang='lat' dir='ltr'><strong>eo</strong></span> <span class='ocrx_word' id='word_1_885' title='bbox 3296 4692 3512 4749; x_wconf 86' lang='lat' dir='ltr'><strong>Paterni</strong></span> <span class='ocrx_word' id='word_1_886' title='bbox 3544 4688 3789 4767; x_wconf 68' lang='lat' dir='ltr'><strong>Spiritus</strong></span> 
     </span>
    </p>
   </div>
   <div class='ocr_carea' id='block_1_118' title="bbox 2170 4760 3781 4837">
    <p class='ocr_par' dir='ltr' id='par_1_118' title="bbox 2170 4760 3781 4837">
     <span class='ocr_line' id='line_1_120' title="bbox 2170 4760 3781 4837; baseline 0.009 -23"><span class='ocrx_word' id='word_1_887' title='bbox 2170 4760 2507 4837; x_wconf 63' lang='lat' dir='ltr'><strong>substantiam</strong></span> <span class='ocrx_word' id='word_1_888' title='bbox 2550 4763 2795 4817; x_wconf 79' lang='lat' dir='ltr'><strong>adimere.</strong></span> <span class='ocrx_word' id='word_1_889' title='bbox 2851 4763 3056 4837; x_wconf 82' lang='lat' dir='ltr'><strong>Similia</strong></span> <span class='ocrx_word' id='word_1_890' title='bbox 3107 4764 3270 4821; x_wconf 82' lang='lat' dir='ltr'><strong>habet</strong></span> <span class='ocrx_word' id='word_1_891' title='bbox 3317 4780 3436 4837; x_wconf 86' lang='lat' dir='ltr'><strong>cap.</strong></span> <span class='ocrx_word' id='word_1_892' title='bbox 3471 4782 3544 4831; x_wconf 74' lang='grc' dir='ltr'><strong>ν,</strong></span> <span class='ocrx_word' id='word_1_893' title='bbox 3590 4760 3645 4823; x_wconf 70' lang='lat' dir='ltr'><strong>tt.</strong></span> <span class='ocrx_word' id='word_1_894' title='bbox 3678 4770 3781 4830; x_wconf 71' lang='grc'><strong>15.</strong></span> 
     </span>
    </p>
   </div>
   <div class='ocr_carea' id='block_1_119' title="bbox 2168 4832 3779 4905">
    <p class='ocr_par' dir='ltr' id='par_1_119' title="bbox 2168 4832 3779 4905">
     <span class='ocr_line' id='line_1_121' title="bbox 2168 4832 3779 4905; baseline 0.008 -20"><span class='ocrx_word' id='word_1_895' title='bbox 2168 4832 2373 4899; x_wconf 82' lang='lat' dir='ltr'><strong>Quibus</strong></span> <span class='ocrx_word' id='word_1_896' title='bbox 2424 4843 2788 4905; x_wconf 82' lang='lat' dir='ltr'><strong>consentanea</strong></span> <span class='ocrx_word' id='word_1_897' title='bbox 2841 4844 2967 4890; x_wconf 89' lang='lat' dir='ltr'><strong>sunt</strong></span> <span class='ocrx_word' id='word_1_898' title='bbox 3025 4835 3141 4891; x_wconf 86' lang='lat' dir='ltr'><strong>haec</strong></span> <span class='ocrx_word' id='word_1_899' title='bbox 3216 4832 3779 4905; x_wconf 61' lang='lat' dir='ltr'><strong>apud&#39;Athanasium</strong></span> 
     </span>
    </p>
   </div>
   <div class='ocr_carea' id='block_1_120' title="bbox 2169 4904 3783 4983">
    <p class='ocr_par' dir='ltr' id='par_1_120' title="bbox 2169 4904 3783 4983">
     <span class='ocr_line' id='line_1_122' title="bbox 2169 4904 3783 4983; baseline 0.007 -26"><span class='ocrx_word' id='word_1_900' title='bbox 2169 4912 2393 4983; x_wconf 43' lang='grc' dir='ltr'><strong>Ψιηηι,</strong></span> <span class='ocrx_word' id='word_1_901' title='bbox 2432 4919 2487 4975; x_wconf 90' lang='lat' dir='ltr'><strong>p.</strong></span> <span class='ocrx_word' id='word_1_902' title='bbox 2517 4904 2622 4960; x_wconf 71' lang='lat'><strong>257</strong></span> <span class='ocrx_word' id='word_1_903' title='bbox 2665 4923 2677 4960; x_wconf 92' lang='lat'><strong>:</strong></span> <span class='ocrx_word' id='word_1_904' title='bbox 2713 4905 2965 4983; x_wconf 74' lang='lat' dir='ltr'><strong>Deitatem</strong></span> <span class='ocrx_word' id='word_1_905' title='bbox 2992 4923 3112 4980; x_wconf 85' lang='lat' dir='ltr'><strong>ergo</strong></span> <span class='ocrx_word' id='word_1_906' title='bbox 3168 4904 3325 4983; x_wconf 79' lang='lat' dir='ltr'><strong>Verbi</strong></span> <span class='ocrx_word' id='word_1_907' title='bbox 3377 4910 3488 4983; x_wconf 82' lang='lat' dir='ltr'><strong>ipse</strong></span> <span class='ocrx_word' id='word_1_908' title='bbox 3537 4910 3783 4983; x_wconf 75' lang='lat' dir='ltr'><strong>Christus</strong></span> 
     </span>
    </p>
   </div>
   <div class='ocr_carea' id='block_1_121' title="bbox 2169 4973 3781 5051">
    <p class='ocr_par' dir='ltr' id='par_1_121' title="bbox 2169 4973 3781 5051">
     <span class='ocr_line' id='line_1_123' title="bbox 2169 4973 3781 5051; baseline 0.004 -21"><span class='ocrx_word' id='word_1_909' title='bbox 2169 4973 2424 5051; x_wconf 77' lang='lat' dir='ltr'><strong>Spiritum</strong></span> <span class='ocrx_word' id='word_1_910' title='bbox 2436 4973 2939 5051; x_wconf 41' lang='lat' dir='ltr'><strong>sanctunrappellat</strong></span> <span class='ocrx_word' id='word_1_911' title='bbox 2961 4995 2980 5032; x_wconf 88' lang='lat'><strong><em>:</em></strong></span> <span class='ocrx_word' id='word_1_912' title='bbox 3009 4973 3067 5033; x_wconf 75' lang='lat' dir='ltr'><strong>et</strong></span> <span class='ocrx_word' id='word_1_913' title='bbox 3087 4981 3273 5048; x_wconf 87' lang='lat' dir='ltr'><strong>paucis</strong></span> <span class='ocrx_word' id='word_1_914' title='bbox 3300 4973 3618 5051; x_wconf 71' lang='lat' dir='ltr'><strong>interiectis,</strong></span> <span class='ocrx_word' id='word_1_915' title='bbox 3645 4983 3781 5039; x_wconf 85' lang='lat' dir='ltr'><strong>Sic-</strong></span> 
     </span>
    </p>
   </div>
   <div class='ocr_carea' id='block_1_122' title="bbox 2165 5047 3773 5126">
    <p class='ocr_par' dir='ltr' id='par_1_122' title="bbox 2165 5047 3773 5126">
     <span class='ocr_line' id='line_1_124' title="bbox 2165 5047 3773 5126; baseline 0.007 -28"><span class='ocrx_word' id='word_1_916' title='bbox 2165 5056 2223 5126; x_wconf 66' lang='lat' dir='ltr'><strong>ut</strong></span> <span class='ocrx_word' id='word_1_917' title='bbox 2266 5047 2402 5126; x_wconf 52' lang='lat' dir='ltr'><strong>alii,</strong></span> <span class='ocrx_word' id='word_1_918' title='bbox 2441 5048 2532 5126; x_wconf 73' lang='lat' dir='ltr'><strong>qui</strong></span> <span class='ocrx_word' id='word_1_919' title='bbox 2653 5047 3218 5126; x_wconf 75' lang='lat' dir='ltr'><strong>_Spiritum_s_anct_um_</strong></span> <span class='ocrx_word' id='word_1_920' title='bbox 3241 5047 3538 5126; x_wconf 66' lang='lat' dir='ltr'><strong>impingunt</strong></span> <span class='ocrx_word' id='word_1_921' title='bbox 3564 5069 3583 5108; x_wconf 92' lang='lat'><strong><em>:</em></strong></span> <span class='ocrx_word' id='word_1_922' title='bbox 3612 5067 3773 5125; x_wconf 78' lang='lat' dir='ltr'><strong>atque</strong></span> 
     </span>
    </p>
   </div>
   <div class='ocr_carea' id='block_1_123' title="bbox 2159 5115 3666 5194">
    <p class='ocr_par' dir='ltr' id='par_1_123' title="bbox 2159 5115 3666 5194">
     <span class='ocr_line' id='line_1_125' title="bbox 2159 5115 3666 5194; baseline 0.009 -25"><span class='ocrx_word' id='word_1_923' title='bbox 2159 5117 2234 5171; x_wconf 84' lang='lat' dir='ltr'><strong>ita</strong></span> <span class='ocrx_word' id='word_1_924' title='bbox 2262 5118 2316 5172; x_wconf 86' lang='lat' dir='ltr'><strong>in</strong></span> <span class='ocrx_word' id='word_1_925' title='bbox 2343 5115 2532 5172; x_wconf 83' lang='lat' dir='ltr'><strong>Christi</strong></span> <span class='ocrx_word' id='word_1_926' title='bbox 2560 5115 2900 5188; x_wconf 86' lang='lat' dir='ltr'><strong>divinitatem,</strong></span> <span class='ocrx_word' id='word_1_927' title='bbox 2933 5120 3282 5194; x_wconf 73' lang='lat' dir='ltr'><strong>blasphemiae</strong></span> <span class='ocrx_word' id='word_1_928' title='bbox 3305 5115 3488 5178; x_wconf 61' lang='lat' dir='ltr'><strong>dicint</strong></span> <span class='ocrx_word' id='word_1_929' title='bbox 3508 5167 3522 5192; x_wconf 94' lang='lat'><strong>,</strong></span> <span class='ocrx_word' id='word_1_930' title='bbox 3556 5134 3666 5183; x_wconf 79' lang='lat' dir='ltr'><strong>etc.</strong></span> 
     </span>
    </p>
   </div>
   <div class='ocr_carea' id='block_1_124' title="bbox 2231 5210 3768 5288">
    <p class='ocr_par' dir='ltr' id='par_1_124' title="bbox 2231 5210 3768 5288">
     <span class='ocr_line' id='line_1_126' title="bbox 2231 5210 3768 5288; baseline 0.008 -24"><span class='ocrx_word' id='word_1_931' title='bbox 2231 5211 2303 5288; x_wconf 57' lang='lat' dir='ltr'><strong>(fl</strong></span> <span class='ocrx_word' id='word_1_932' title='bbox 2347 5210 2531 5288; x_wconf 66' lang='lat' dir='ltr'><strong>Fidem</strong></span> <span class='ocrx_word' id='word_1_933' title='bbox 2560 5214 2899 5288; x_wconf 81' lang='lat' dir='ltr'><strong>apostolicam</strong></span> <span class='ocrx_word' id='word_1_934' title='bbox 2932 5224 3098 5288; x_wconf 18' lang='lat' dir='ltr'><strong>Avocat</strong></span> <span class='ocrx_word' id='word_1_935' title='bbox 3126 5216 3361 5272; x_wconf 83' lang='lat' dir='ltr'><strong>Hilarius</strong></span> <span class='ocrx_word' id='word_1_936' title='bbox 3390 5218 3768 5288; x_wconf 88' lang='lat' dir='ltr'><strong>apostolorum</strong></span> 
     </span>
    </p>
   </div>
   <div class='ocr_carea' id='block_1_125' title="bbox 2156 5281 3772 5356">
    <p class='ocr_par' dir='ltr' id='par_1_125' title="bbox 2156 5281 3772 5356">
     <span class='ocr_line' id='line_1_127' title="bbox 2156 5281 3772 5356; baseline 0.006 -18"><span class='ocrx_word' id='word_1_937' title='bbox 2156 5281 2495 5356; x_wconf 83' lang='lat' dir='ltr'><strong>Symbolum,</strong></span> <span class='ocrx_word' id='word_1_938' title='bbox 2520 5299 2627 5355; x_wconf 91' lang='lat' dir='ltr'><strong>quo</strong></span> <span class='ocrx_word' id='word_1_939' title='bbox 2653 5285 2813 5356; x_wconf 83' lang='lat' dir='ltr'><strong>longe</strong></span> <span class='ocrx_word' id='word_1_940' title='bbox 2841 5285 3074 5341; x_wconf 86' lang='lat' dir='ltr'><strong>fusiores</strong></span> <span class='ocrx_word' id='word_1_941' title='bbox 3105 5287 3396 5343; x_wconf 80' lang='lat' dir='ltr'><strong>ediderunt</strong></span> <span class='ocrx_word' id='word_1_942' title='bbox 3425 5281 3610 5344; x_wconf 53' lang='lat' dir='ltr'><strong>Ariani</strong></span> <span class='ocrx_word' id='word_1_943' title='bbox 3638 5291 3772 5349; x_wconf 85' lang='lat' dir='ltr'><strong>ﬁdei</strong></span> 
     </span>
    </p>
   </div>
   <div class='ocr_carea' id='block_1_126' title="bbox 2157 5354 3768 5433">
    <p class='ocr_par' dir='ltr' id='par_1_126' title="bbox 2157 5354 3768 5433">
     <span class='ocr_line' id='line_1_128' title="bbox 2157 5354 3768 5433; baseline 0.006 -26"><span class='ocrx_word' id='word_1_944' title='bbox 2157 5354 2523 5433; x_wconf 78' lang='lat' dir='ltr'><strong>confessiones</strong></span> <span class='ocrx_word' id='word_1_945' title='bbox 2544 5354 2890 5433; x_wconf 27' lang='lat' dir='ltr'><strong>;‘ncc_ta_men</strong></span> <span class='ocrx_word' id='word_1_946' title='bbox 2911 5358 3186 5433; x_wconf 79' lang='lat' dir='ltr'><strong>retinuere</strong></span> <span class='ocrx_word' id='word_1_947' title='bbox 3209 5359 3363 5433; x_wconf 76' lang='lat' dir='ltr'><strong>ﬁdem</strong></span> <span class='ocrx_word' id='word_1_948' title='bbox 3390 5361 3768 5433; x_wconf 71' lang='lat' dir='ltr'><strong>evangelicum,</strong></span> 
     </span>
    </p>
   </div>
   <div class='ocr_carea' id='block_1_127' title="bbox 2158 5424 3771 5496">
    <p class='ocr_par' dir='ltr' id='par_1_127' title="bbox 2158 5424 3771 5496">
     <span class='ocr_line' id='line_1_129' title="bbox 2158 5424 3771 5496; baseline 0.007 -18"><span class='ocrx_word' id='word_1_949' title='bbox 2158 5424 2209 5479; x_wconf 88' lang='lat' dir='ltr'><strong>id</strong></span> <span class='ocrx_word' id='word_1_950' title='bbox 2238 5435 2351 5491; x_wconf 91' lang='lat' dir='ltr'><strong>est,</strong></span> <span class='ocrx_word' id='word_1_951' title='bbox 2405 5440 2528 5496; x_wconf 65' lang='lat' dir='ltr'><strong>quae</strong></span> <span class='ocrx_word' id='word_1_952' title='bbox 2569 5428 2815 5496; x_wconf 85' lang='lat' dir='ltr'><strong>baptismi</strong></span> <span class='ocrx_word' id='word_1_953' title='bbox 2846 5428 3027 5484; x_wconf 89' lang='lat' dir='ltr'><strong>verbis</strong></span> <span class='ocrx_word' id='word_1_954' title='bbox 3075 5424 3407 5486; x_wconf 81' lang='lat' dir='ltr'><strong>enuntiatur.</strong></span> <span class='ocrx_word' id='word_1_955' title='bbox 3439 5424 3551 5488; x_wconf 67' lang='lat' dir='ltr'><strong>Hoc</strong></span> <span class='ocrx_word' id='word_1_956' title='bbox 3578 5435 3651 5488; x_wconf 88' lang='lat' dir='ltr'><strong>ita</strong></span> <span class='ocrx_word' id='word_1_957' title='bbox 3678 5424 3771 5490; x_wconf 56' lang='lat' dir='ltr'><strong>in;</strong></span> 
     </span>
    </p>
   </div>
   <div class='ocr_carea' id='block_1_128' title="bbox 2155 5496 3765 5624">
    <p class='ocr_par' dir='ltr' id='par_1_128' title="bbox 2155 5496 3765 5624">
     <span class='ocr_line' id='line_1_130' title="bbox 2155 5496 3765 5624; baseline 0.008 -73"><span class='ocrx_word' id='word_1_958' title='bbox 2155 5496 2502 5624; x_wconf 50' lang='lat' dir='ltr'><strong>:elngendum</strong></span> <span class='ocrx_word' id='word_1_959' title='bbox 2530 5512 2652 5554; x_wconf 86' lang='lat' dir='ltr'><strong>esse</strong></span> <span class='ocrx_word' id='word_1_960' title='bbox 2674 5501 2846 5571; x_wconf 85' lang='lat' dir='ltr'><strong>magis</strong></span> <span class='ocrx_word' id='word_1_961' title='bbox 2865 5500 3034 5571; x_wconf 88' lang='lat' dir='ltr'><strong>liquet</strong></span> <span class='ocrx_word' id='word_1_962' title='bbox 3054 5516 3123 5557; x_wconf 88' lang='lat' dir='ltr'><strong>ex</strong></span> <span class='ocrx_word' id='word_1_963' title='bbox 3144 5504 3433 5573; x_wconf 87' lang='lat' dir='ltr'><strong>postremis</strong></span> <span class='ocrx_word' id='word_1_964' title='bbox 3457 5502 3614 5575; x_wconf 86' lang='lat' dir='ltr'><strong>hujus</strong></span> <span class='ocrx_word' id='word_1_965' title='bbox 3636 5505 3765 5564; x_wconf 85' lang='lat' dir='ltr'><strong>libri</strong></span> 
     </span>
     <span class='ocr_line' id='line_1_131' title="bbox 2189 5583 2353 5624; baseline 0.006 -1"><span class='ocrx_word' id='word_1_966' title='bbox 2189 5583 2249 5623; x_wconf 92' lang='lat' dir='ltr'><strong>er</strong></span> <span class='ocrx_word' id='word_1_967' title='bbox 2291 5585 2353 5624; x_wconf 85' lang='lat' dir='ltr'><strong>IS.</strong></span> 
     </span>
    </p>
   </div>
   <div class='ocr_carea' id='block_1_129' title="bbox 2152 5582 2353 5625">
    <p class='ocr_par' dir='ltr' id='par_1_129' title="bbox 2152 5582 2353 5625">
     <span class='ocr_line' id='line_1_132' title="bbox 2152 5582 2353 5625; baseline 0.01 -2"><span class='ocrx_word' id='word_1_968' title='bbox 2152 5582 2353 5625; x_wconf 80' lang='lat' dir='ltr'><strong>verbis.</strong></span> 
     </span>
    </p>
   </div>
   <div class='ocr_carea' id='block_1_130' title="bbox 2231 5640 3766 5715">
    <p class='ocr_par' dir='ltr' id='par_1_130' title="bbox 2231 5640 3766 5715">
     <span class='ocr_line' id='line_1_133' title="bbox 2231 5640 3766 5715; baseline 0.007 -21"><span class='ocrx_word' id='word_1_969' title='bbox 2231 5640 2304 5712; x_wconf 82' lang='lat' dir='ltr'><strong>(g)</strong></span> <span class='ocrx_word' id='word_1_970' title='bbox 2342 5640 2582 5715; x_wconf 83' lang='lat' dir='ltr'><strong>Quatuor</strong></span> <span class='ocrx_word' id='word_1_971' title='bbox 2607 5656 2738 5715; x_wconf 90' lang='lat' dir='ltr'><strong>mss.</strong></span> <span class='ocrx_word' id='word_1_972' title='bbox 2766 5682 2781 5707; x_wconf 89' lang='lat'><strong>,</strong></span> <span class='ocrx_word' id='word_1_973' title='bbox 2822 5642 2979 5699; x_wconf 84' lang='lat' dir='ltr'><strong>Immo</strong></span> <span class='ocrx_word' id='word_1_974' title='bbox 2999 5660 3116 5698; x_wconf 87' lang='lat' dir='ltr'><strong>sua.</strong></span> <span class='ocrx_word' id='word_1_975' title='bbox 3154 5644 3275 5701; x_wconf 81' lang='lat' dir='ltr'><strong>Vat.</strong></span> <span class='ocrx_word' id='word_1_976' title='bbox 3309 5644 3424 5702; x_wconf 89' lang='lat' dir='ltr'><strong>bas.</strong></span> <span class='ocrx_word' id='word_1_977' title='bbox 3447 5691 3465 5715; x_wconf 91' lang='lat'><strong>,</strong></span> <span class='ocrx_word' id='word_1_978' title='bbox 3488 5648 3542 5702; x_wconf 82' lang='lat' dir='ltr'><strong>in</strong></span> <span class='ocrx_word' id='word_1_979' title='bbox 3568 5647 3766 5705; x_wconf 80' lang='lat' dir='ltr'><strong>tuenda</strong></span> 
     </span>
    </p>
   </div>
   <div class='ocr_carea' id='block_1_131' title="bbox 3061 4333 3793 4408">
    <p class='ocr_par' dir='ltr' id='par_1_131' title="bbox 3061 4333 3793 4408">
     <span class='ocr_line' id='line_1_134' title="bbox 3061 4333 3793 4408; baseline 0.011 -19"><span class='ocrx_word' id='word_1_980' title='bbox 3061 4336 3116 4390; x_wconf 88' lang='lat' dir='ltr'><strong>in</strong></span> <span class='ocrx_word' id='word_1_981' title='bbox 3162 4333 3363 4408; x_wconf 81' lang='lat' dir='ltr'><strong>Spiritu</strong></span> <span class='ocrx_word' id='word_1_982' title='bbox 3407 4346 3582 4408; x_wconf 82' lang='lat' dir='ltr'><strong>sancto</strong></span> <span class='ocrx_word' id='word_1_983' title='bbox 3610 4338 3793 4397; x_wconf 55' lang='lat' dir='ltr'><strong>almae</strong></span> 
     </span>
    </p>
   </div>
   <div class='ocr_carea' id='block_1_132' title="bbox 2147 5712 3758 5793">
    <p class='ocr_par' dir='ltr' id='par_1_132' title="bbox 2147 5712 3758 5793">
     <span class='ocr_line' id='line_1_135' title="bbox 2147 5712 3758 5793; baseline 0.008 -28"><span class='ocrx_word' id='word_1_984' title='bbox 2147 5712 2329 5793; x_wconf 59' lang='lat' dir='ltr'><strong>delirus</strong></span> <span class='ocrx_word' id='word_1_985' title='bbox 2356 5713 2549 5767; x_wconf 81' lang='lat' dir='ltr'><strong>amoris</strong></span> <span class='ocrx_word' id='word_1_986' title='bbox 2578 5714 2777 5793; x_wconf 62' lang='lat' dir='ltr'><strong>paterni</strong></span> <span class='ocrx_word' id='word_1_987' title='bbox 2808 5715 3151 5773; x_wconf 69' lang='lat' dir='ltr'><strong>observantia</strong></span> <span class='ocrx_word' id='word_1_988' title='bbox 3172 5712 3581 5793; x_wconf 63' lang='lat' dir='ltr'><strong>transgresiores</strong></span> <span class='ocrx_word' id='word_1_989' title='bbox 3608 5736 3720 5777; x_wconf 78' lang='lat' dir='ltr'><strong>sua:</strong></span> <span class='ocrx_word' id='word_1_990' title='bbox 3736 5761 3758 5790; x_wconf 89' lang='lat'><strong>,</strong></span> 
     </span>
    </p>
   </div>
   <div class='ocr_carea' id='block_1_133' title="bbox 452 5768 2853 5855">
    <p class='ocr_par' dir='ltr' id='par_1_133' title="bbox 452 5768 2853 5855">
     <span class='ocr_line' id='line_1_136' title="bbox 452 5768 2853 5855; baseline 0.005 -24"><span class='ocrx_word' id='word_1_991' title='bbox 452 5768 587 5833; x_wconf 77' lang='lat' dir='ltr'><strong>usi-.e</strong></span> <span class='ocrx_word' id='word_1_992' title='bbox 645 5790 675 5831; x_wconf 90' lang='lat' dir='ltr'><strong>a</strong></span> <span class='ocrx_word' id='word_1_993' title='bbox 720 5774 971 5831; x_wconf 81' lang='lat' dir='ltr'><strong>Patribus</strong></span> <span class='ocrx_word' id='word_1_994' title='bbox 1014 5768 1327 5847; x_wconf 81' lang='lat' dir='ltr'><strong>simpliciter</strong></span> <span class='ocrx_word' id='word_1_995' title='bbox 1369 5768 1709 5849; x_wconf 71' lang='lat' dir='ltr'><strong>praesumpta:</strong></span> <span class='ocrx_word' id='word_1_996' title='bbox 1757 5768 2045 5839; x_wconf 63' lang='lat' dir='ltr'><strong>cicusainr</strong></span> <span class='ocrx_word' id='word_1_997' title='bbox 2145 5788 2380 5855; x_wconf 83' lang='lat' dir='ltr'><strong>pro/usa,</strong></span> <span class='ocrx_word' id='word_1_998' title='bbox 2408 5793 2539 5853; x_wconf 79' lang='lat' dir='ltr'><strong>etc.;</strong></span> <span class='ocrx_word' id='word_1_999' title='bbox 2573 5768 2853 5843; x_wconf 63' lang='lat' dir='ltr'><strong>mendose.</strong></span> 
     </span>
    </p>
   </div>
  </div>
