4106 6192
341 282 450 338 369

1313 278 1405 335 AD
1441 275 1928 336 CONSTANTIUM
1963 275 2340 335 AUGUSTUM
2375 273 2578 331 LIBER
2613 274 2676 331 Π.

3539 271 3651 334 570

341 416 440 471 per
475 401 836 458 temeritatem
866 399 1157 456 humanam
1187 409 1514 472 usurpantur
1541 398 1608 455 ad
1639 397 1948 454 contradic-
1973 405 2022 465 Α
2051 398 2246 469 quibus
2272 395 2643 469 blaspltemat,
2673 395 2989 453 mentiatur.
3017 395 3156 452 Hinc
3185 395 3334 452 enim
3367 394 3652 453 Marcellus

341 493 546 551 tionem
577 537 593 562 ,
621 493 765 565 quod
813 493 886 548 ob
911 493 1013 549 hoc
1041 493 1142 549 sub
1169 492 1388 548 nomine
1413 491 1669 548 novitatis
1698 489 1945 562 Evange-

337 585 470 644 lium
524 595 841 658 negaretur,
897 583 974 658 (a)
1029 593 1088 641 ut
1136 584 1436 654 periculose
1501 592 1776 655 tamquam
1843 581 1944 638 sub

335 679 722 736 emendatione
750 679 1061 734 inuovetur.
1095 675 1249 746 Quod
1282 675 1632 733 emendatum
1663 683 1768 740 est,
1793 689 1940 730 sem-

334 787 435 842 per
463 771 713 842 prolicit,
770 780 825 826 ut
881 769 1008 826 dum
1060 770 1239 825 omnis
1289 767 1602 826 emendatio
1655 767 1940 838 displicet,

333 865 776 921 emendationem
799 878 1015 920 omnem
1042 862 1351 920 emendatio
1371 869 1661 919 consecuta
1686 859 1954 923 condem-,

331 969 428 1016 net
464 977 478 1013 :
509 974 575 1016 ac
606 959 649 1013 si
675 959 786 1030 jam
809 999 826 1027 ,
855 955 1113 1028 quidquid
1145 955 1276 1012 illud
1324 965 1440 1023 est,
1486 971 1596 1011 non
1637 953 1944 1011 emendatio

331 1051 515 1122 aliqua
545 1052 618 1107 sit
642 1048 1061 1116 emendationis,
1100 1048 1195 1104 sed
1215 1050 1449 1119 coeperit
1477 1061 1602 1104 esse
1638 1045 1938 1102 damnatio.

400 1143 456 1202 8.
513 1144 842 1200 Audientiam
889 1151 1038 1215 rogat
1068 1141 1346 1210 Hilarius,
1378 1141 1534 1212 ﬁdem
1579 1156 1607 1196 e
1651 1137 1941 1209 Scripturis

329 1249 652 1294 ostensurus.
678 1267 751 1278 —-
780 1237 834 1292 In
859 1246 1118 1308 quantum
1149 1249 1251 1307 ego
1274 1250 1418 1290 nunc
1441 1235 1614 1290 beata:
1643 1233 1941 1304 religiosa:—

326 1347 436 1404 que
465 1331 762 1386 voluntatis
803 1328 882 1400 (b)
922 1345 1052 1386 vere
1079 1337 1132 1386 te
1153 1370 1168 1395 ,
1205 1328 1427 1384 domine
1456 1327 1740 1384 Constanti
1763 1325 1940 1397 Impe-

329 1435 524 1490 rator.
573 1424 855 1490 admiror,
913 1422 1074 1479 ﬁdem
1121 1432 1325 1478 tantum
1356 1421 1653 1478 secundum
1701 1435 1764 1476 ea
1817 1434 1938 1490 qua:

329 1517 536 1589 scripta
564 1525 690 1572 sunt
734 1515 1135 1572 desiderantem
1185 1534 1197 1570 :
1229 1524 1284 1572 et
1326 1514 1519 1570 merito
1563 1514 1723 1584 plane
1753 1512 1819 1568 ad
1848 1512 1938 1568 illa

328 1615 448 1686 ipsa
479 1611 740 1684 unigeniti
772 1610 869 1666 Dei
923 1609 1140 1680 eloquia
1171 1608 1336 1684 548
1371 1608 1494 1679 quia
1542 1606 1808 1664 festinans
1829 1649 1844 1673 ,
1880 1615 1938 1663 ut

325 1707 698 1779 imperatorize
723 1702 1104 1760 sollicitudinis
1149 1718 1319 1774 capax
1369 1711 1560 1772 pectus
1589 1699 1753 1758 etiam
1793 1699 1933 1755 divi-

2048 491 2287 550 Verbum
2312 491 2410 548 Dei
2439 505 2562 548 cum
2605 491 2738 563 legit
2785 492 2980 548 nescit.
3013 491 3150 548 Hinc
3174 490 3442 548 Photinus
3471 490 3652 548 homi-

2049 599 2172 640 nem
2203 584 2389 640 Jesum
2420 581 2701 641 Christum
2733 599 2857 640 cum
2890 584 3131 656 loquitur
3161 585 3396 655 ignorat.
3423 584 3562 642 Hine
3589 592 3650 641 et

2047 675 2316 732 Sabellius
2333 719 2348 742 ,
2377 677 2504 733 dum
2531 676 2672 748 quod
2699 693 2790 748 ego
2814 684 2862 730 et
2883 674 3044 731 Pater
3069 692 3227 731 unum
3249 691 3430 731 sumus
3462 674 3648 748 (Joan.

2046 785 2104 836 x,
2131 768 2227 842 50)
2257 783 2364 824 non
2391 769 2674 840 intelligit,
2710 770 2830 824 sine
2854 767 2967 823 Deo
2992 775 3144 838 patre
3171 775 3228 822 et
3247 767 3368 824 sine
3398 767 3512 824 Deo
3534 767 3650 824 filio

2045 870 2150 918 est.
2187 863 2324 918 llinc
2353 870 2410 918 et
2435 861 2722 917 Montanus
2768 875 2864 932 per
2895 862 3113 916 insanas
3138 846 3375 917 feminas
3406 874 3534 916 suas
3565 858 3646 935 (ά)

2045 953 2378 1026 paracletum
2421 954 2587 1010 alium
2632 951 2895 1009 defendit.
2949 951 3088 1008 Hinc
3136 961 3194 1008 et
3239 951 3565 1008 Manichqu
3591 962 3649 1010 et

2043 1051 2280 1108 Marcion
2313 1051 2487 1123 legem
2510 1051 2627 1108 odit
2659 1067 2672 1104 :
2699 1049 2822 1120 quia
2846 1048 3024 1104 littera
3057 1047 3257 1103 occidit
3287 1045 3355 1118 (11
3386 1045 3508 1103 Cor.
3543 1062 3602 1104 nt
3624 1087 3642 1116 ,

2042 1143 2123 1219 6),
2146 1155 2201 1200 et
2221 1144 2409 1201 mundi
2435 1143 2684 1216 princeps
2711 1142 2964 1198 diabolus
2983 1147 3088 1197 est.
3110 1138 3316 1196 Omnes
3334 1139 3644 1211 Scripturas

2040 1237 2160 1292 sine
2187 1233 2256 1309 (e)
2285 1234 2585 1307 Scriptura:
2605 1248 2770 1291 sensu
2793 1233 3107 1304 loquuntur,
3131 1241 3184 1287 et
3211 1230 3371 1288 fidem
3393 1232 3508 1288 sine
3533 1231 3644 1290 fide

2038 1328 2404 1400 praetendunt.
2439 1327 2739 1396 Scriptum
2784 1325 2929 1381 enim
2966 1338 3073 1380 non
3112 1323 3166 1378 in
3201 1323 3430 1396 legendo
3474 1332 3641 1391 sunt,

2041 1424 2137 1482 sed
2167 1424 2220 1480 in
2251 1424 2633 1496 intelligendo;
2667 1437 2845 1496 neque
2885 1422 2939 1478 in
2983 1421 3430 1496 prrevarieatione
3469 1431 3640 1490 sunt,

2039 1519 2135 1576 sed
2165 1519 2216 1574 in
2247 1518 2534 1578 cbaritate.

2113 1615 2199 1672 {0.
2235 1615 2524 1683 Sermonis,
2551 1617 2702 1690 cujus
2729 1615 2879 1686 copia
2907 1623 3139 1687 rogatur,
3171 1611 3637 1682 modum—Audi,

2037 1723 2168 1780 rogo
2188 1749 2204 1776 ,
2230 1723 2292 1765 ea
2323 1725 2444 1780 qum
2473 1708 2541 1764 de
2569 1707 2788 1792 Christo
2815 1717 2942 1762 sunt
2970 1707 3173 1778 scripta
3204 1721 3314 1762 :ne
3343 1705 3444 1762 sub
3472 1709 3554 1762 eis
3573 1719 3638 1762 ea

324 1812 526 1854 norum
552 1797 824 1852 dictorum
853 1794 1186 1851 conscientia
1213 1793 1434 1866 plenum
1472 1793 1562 1848 sit.
1591 1791 1703 1847 lloc
1734 1791 1826 1862 qui
1853 1806 1918 1847 re

2016 1841 2017 1846 η
2042 1817 2164 1873 quae
2189 1815 2296 1857 non
2325 1803 2525 1872 scripta
2567 1810 2690 1856 sunt
2720 1791 3104 1872 prtedicentur.
3142 1799 3412 1856 Submitte
3435 1797 3502 1856 ad
3530 1813 3594 1856 ea
3615 1839 3636 1868 ,

322 1893 551 1965 pudiat,
583 1889 934 1946 antichristus
964 1897 1048 1945 est
1073 1931 1087 1955 ,
1139 1896 1194 1945 et
1223 1887 1313 1958 qui
1361 1886 1576 1942 simulat
1603 1927 1617 1952 ,
1648 1885 1932 1941 anathema

319 1993 430 2042 est.
462 1983 568 2041 Sed
601 1999 764 2038 unmn
799 1981 904 2037 hoc
949 1996 1050 2052 ego
1105 1995 1206 2053 per
1257 1981 1394 2034 hanc
1441 1977 1768 2046 dignationis
1823 1985 1930 2031 tute

321 2079 597 2136 sinceram
626 2075 954 2132 audientiam
982 2090 1132 2147 rogo,
1157 2085 1214 2130 ut
1243 2082 1510 2146 praesente
1531 2071 1740 2146 synodo
1767 2071 1936 2140 (Con-

319 2169 776 2243 Stantinopolit.),
806 2185 927 2242 quae
956 2183 1101 2226 nunc
1129 2169 1198 2225 de
1229 2169 1334 2224 fide
1375 2169 1582 2240 litigat,
1627 2181 1795 2238 pauca
1846 2180 1934 2222 me

323 2269 396 2325 de
425 2267 725 2339 Scripturis
752 2265 1087 2337 evangelicis
1117 2264 1360 2336 digneris
1408 2262 1594 2318 audire
1613 2302 1629 2330 ,
1663 2270 1717 2316 et
1741 2260 1934 2332 loquar

321 2372 510 2418 tecum
568 2359 750 2416 verbis
803 2358 1016 2413 Domini
1067 2358 1170 2414 mei
1214 2357 1342 2414 Jesu
1375 2356 1612 2420 CltriSti,
1654 2355 1808 2427 cujus
1848 2354 1932 2410 vel

320 2453 476 2510 exsul
527 2466 645 2508 sum
670 2493 685 2517 ,
724 2450 808 2506 vel
842 2449 1120 2507 sacerdos.
1179 2450 1391 2505 Habent
1429 2450 1576 2506 enim
1598 2463 1726 2504 vasa
1759 2454 1930 2504 testea

323 2561 434 2604 non
457 2543 722 2618 ignobiles
752 2545 1040 2600 thesauros
1065 2561 1078 2596 :
1101 2553 1154 2599 et
1179 2542 1476 2598 infirmiora
1499 2556 1785 2613 corporum
1817 2555 1930 2596 ma-

317 2637 404 2710 gis
427 2636 725 2693 reverenda
755 2644 883 2691 sunt
911 2652 924 2692 :
959 2645 1014 2692 et
1038 2636 1182 2708 apud
1214 2649 1316 2692 nos
1337 2635 1500 2691 modo
1526 2635 1698 2691 Deum
1723 2632 1928 2689 indocti

315 2717 619 2804 piscatores
645 2731 808 2787 locuti
843 2738 988 2786 sunt.
1023 2730 1200 2804 Super
1229 2729 1488 2788 humilem
1519 2737 1574 2786 et
1603 2737 1927 2786 trementem

313 2827 481 2884 verba
503 2823 936 2893 sua,secundum
963 2825 1306 2896 prophetam,
1334 2824 1476 2878 Deus
1502 2823 1726 2896 respicit
1748 2821 1922 2896 (Esai.

314 2934 472 2984 vat,
498 2916 581 2991 2).
616 2917 802 2974 Fidem
831 2917 1128 2988 imperator
1170 2916 1370 2987 qua‘ris
1403 2933 1416 2968 :
1449 2913 1571 2970 audi
1619 2929 1736 2970 eam
1760 2955 1776 2982 ,
1817 2928 1924 2969 non

311 3014 384 3070 de
409 3013 566 3069 novis
593 3011 856 3069 chartulis
883 3054 898 3080 ,
929 3011 1026 3068 sed
1057 3010 1127 3068 de
1157 3011 1253 3066 Dei
1294 3010 1469 3065 libris.
1505 3009 1654 3066 Scito
1683 3018 1738 3066 et
1767 3023 1926 3080 posse

309 3121 432 3164 eam
467 3106 522 3161 in
572 3104 870 3162 Occidente
909 3102 1133 3170 donari,
1164 3102 1307 3158 unde
1353 3101 1634 3158 venientes
1673 3101 1725 3156 in
1754 3115 1923 3172 regno

2037 1909 2157 1964 qua-
2183 1896 2250 1949 de
2277 1893 2432 1950 libris
2453 1894 2730 1951 locuturus
2752 1909 2892 1960 sum,
2919 1907 3080 1950 aures
3111 1902 3228 1948 tuas
3257 1909 3272 1947 :
3303 1892 3465 1949 ﬁdem
3489 1901 3636 1948 tuam

2035 1985 2101 2042 ad
2135 1985 2298 2060 549
2325 1987 2492 2043 Deum
2519 1987 2720 2060 erigas.
2753 1987 2892 2044 Audi
2915 1985 3061 2058 quod
3093 1984 3306 2056 proficit
3325 1985 3392 2040 ad
3439 1983 3636 2054 ﬁdem,

2036 2080 2106 2134 ad
2140 2082 2425 2146 unitatem,
2467 2078 2535 2134 ad
2567 2078 2950 2136 mternitatem.
2976 2078 3281 2135 Locuturus
3313 2089 3489 2135 tecum
3516 2093 3637 2134 sum

2034 2187 2156 2228 cum
2185 2171 2391 2229 honore
2413 2172 2566 2242 regni
2597 2179 2652 2228 et
2685 2171 2808 2228 fidei
2841 2181 2980 2240 tuae,
3009 2171 3188 2228 omnia
3217 2169 3286 2228 ad
3316 2171 3556 2238 Orientis
3579 2179 3638 2228 et

2033 2263 2342 2322 Occidentis
2379 2280 2564 2337 pacem
2607 2264 2678 2339 (η
2707 2265 3074 2336 proficientia,
3107 2265 3210 2321 sub
3245 2264 3459 2336 publica
3497 2279 3630 2322 con-

2031 2359 2282 2423 scientia,
2307 2357 2408 2414 sub
2436 2358 2646 2431 synodo
2665 2358 2956 2419 dissidenti
2981 2399 2996 2426 ,
3026 2359 3130 2414 sub
3153 2357 3255 2416 .lite
3275 2357 3502 2414 famosa.

2105 2451 2192 2506 11.
2222 2449 2422 2523 Pignus
2443 2451 2604 2525 futuri
2631 2451 2903 2507 sermonis.
2929 2450 3384 2524 -—(g)Praemitto
3409 2449 3631 2506 interim

2034 2544 2224 2616 pignus
2252 2543 2417 2598 futuri
2442 2544 2583 2614 apud
2617 2553 2669 2599 te
2712 2544 2986 2600 sermonis
3025 2544 3154 2599 mei.
3189 2542 3310 2601 Non
3337 2543 3516 2615 aliqua
3561 2542 3630 2600 ad

2031 2637 2344 2694 scandalum
2365 2680 2379 2706 ,
2415 2653 2592 2709 neque
2617 2654 2736 2708 qua:
2757 2647 2913 2694 extra
2936 2638 3287 2708 Evangelium
3319 2645 3446 2694 sunt
3463 2679 3480 2706 ,
3533 2637 3633 2696 de-

2031 2732 2250 2789 fendam
2287 2733 2426 2789 :sed
2454 2733 2724 2803 intelliges
2772 2747 2802 2787 a
2830 2747 2916 2788 me
2961 2733 3015 2788 in
3062 2740 3404 2788 sacramento
3455 2731 3628 2788 solius

2030 2827 2124 2884 Dei
2158 2827 2358 2894 veri,et
2389 2843 2550 2900 quem
2583 2827 2730 2884 misit
2753 2825 2936 2884 Jesum
2971 2827 3246 2884 Christum
3264 2825 3448 2902 (Joan.
3479 2843 3620 2896 XVII,

2028 2921 2108 2992 5),
2139 2923 2423 2996 praedicari
2450 2938 2618 2979 unum
2650 2923 2817 2979 Deum
2845 2931 3054 2994 patrem
3081 2937 3146 2978 ex
3168 2937 3278 2994 quo
3317 2922 3532 2990 omnia,
3569 2929 3627 2978 et

2027 3029 2194 3070 unum
2225 3014 2512 3070 Dominum
2540 3014 2724 3072 Jesum
2751 3013 3028 3070 Christum
3077 3029 3176 3086 per
3229 3028 3390 3086 quem
3442 3013 3624 3070 omnia

2029 3108 2072 3183 (l
2094 3107 2215 3164 Cor.
2243 3124 2370 3175 vnt,
2397 3109 2454 3184 6)
2473 3151 2488 3177 ,
2513 3117 2696 3164 natum
2727 3124 2798 3165 ex
2831 3109 2972 3174 Deo,
2998 3109 3086 3179 qui
3113 3116 3197 3164 est
3223 3117 3352 3164 ante
3373 3116 3621 3179 tempora

307 3198 409 3255 Dei
454 3213 580 3254 cum
627 3197 900 3252 Abraham
949 3207 1004 3252 et
1048 3195 1199 3252 Isaac
1246 3205 1302 3252 et
1353 3194 1522 3252 Jacob
1571 3194 1908 3250 recumbent.
1937 3197 1983 3261 C
2015 3201 2304 3274 aeternam
2334 3201 2468 3256 Tim.
2492 3218 2545 3269 ι,
2580 3201 2661 3275 9),
2691 3209 2750 3258 et
2773 3211 2893 3258 erat
2917 3201 2974 3257 in
3002 3201 3267 3273 principio
3285 3200 3427 3272 apud
3447 3200 3619 3257 Deum

307 3289 528 3363 (Matth.
562 3305 678 3357 vut,
708 3290 820 3360 11).
848 3288 1125 3345 Memento
1152 3304 1271 3344 eam
1305 3288 1380 3358 (c)
1425 3303 1532 3344 non
1555 3287 1912 3360 qutestionem

305 3383 669 3456 philosomtiae
698 3391 845 3449 esse,
874 3383 970 3438 sed
1002 3382 1282 3454 Evangelii
1308 3381 1634 3438 doctrinam.
1663 3381 1778 3438 Non
1805 3391 1912 3438 tam

303 3483 440 3539 mihi
471 3492 655 3538 autem
681 3496 814 3552 rogo
840 3481 1196 3549 audientiam,
1227 3497 1388 3552 quant
1421 3481 1514 3538 tibi
1544 3491 1708 3554 atque
1729 3480 1911 3539 eccle-

298 3579 402 3635 siis
430 3578 552 3635 Dei.
585 3578 701 3648 Ego
722 3577 866 3632 enim
894 3592 1060 3648 penes
1081 3593 1170 3632 me
1197 3575 1372 3633 habeo
1395 3576 1556 3632 fidem
1579 3619 1596 3644 ,
1638 3577 1912 3635 exteriore

297 3688 412 3730 non
445 3687 583 3745 egeo
615 3689 630 3727 :
657 3671 804 3744 quod
828 3672 1013 3742 accepi
1045 3682 1234 3740 teneo,
1269 3686 1371 3728 nec
1391 3670 1614 3728 demuto
1636 3670 1780 3744 quod
1813 3671 1910 3728 Dei

295 3783 357 3823 es
365 3775 409 3823 ι.

373 3859 428 3915 9.
471 3858 772 3931 Scripturas
811 3859 1038 3915 lueretici
1084 3875 1205 3915 suas
1235 3857 1303 3913 ad
1334 3869 1504 3930 partes
1559 3857 1794 3914 trahunt.
1830 3888 1903 3899 —

297 3952 413 4010 Sed
451 3961 729 4008 memento
758 3961 934 4008 tamen
961 3993 976 4018 ,
1022 3952 1294 4008 neminem
1328 3950 1705 4006 haereticorum
1734 3964 1856 4006 esse
1880 3991 1896 4018 ,

293 4049 389 4120 qui
415 4063 476 4104 se
507 4062 654 4104 nunc
681 4061 789 4104 non
817 4046 1115 4104 secundum
1144 4045 1457 4116 Scripturas
1481 4043 1782 4114 prmdicare
1808 4057 1895 4112 ea,

363 4165 443 4238 (a)
466 4165 544 4249 .ln
571 4165 840 4249 vulgatis,
867 4163 1228 4249 impericulose
1257 4178 1277 4216 :
1299 4159 1390 4217 ubi
1405 4174 1476 4216 ex
1501 4175 1604 4216 ms.
1632 4159 1748 4215 Vat.
1773 4158 1890 4215 bas.

288 4235 607 4308 reponimus
635 4235 688 4292 ut
713 4235 1020 4308 periculose.

364 4309 444 4382 (ι)
489 4307 546 4364 ln
577 4307 733 4375 mss.,
763 4325 939 4364 verum
968 4317 1036 4363 te.

360 4400 439 4472 (ε)
479 4399 616 4456 Editi
641 4443 656 4467 ,
686 4417 787 4456 non
831 4401 886 4454 in
917 4399 1202 4472 quwstione
1244 4396 1586 4467 philosOphiw
1614 4412 1734 4472 esse
1755 4437 1782 4472 ,_
1800 4395 1892 4451 sed

283 4475 339 4528 in
365 4467 638 4544 Euangelii
677 4467 965 4528 doctrina:
1002 4469 1358 4544 emendantur
1381 4485 1448 4524 es
1475 4484 1577 4544 ms.
1613 4467 1737 4544 vat.
1765 4467 1886 4544 itas.

288 4537 867 4632 Verbiséssssmibns
884 4539 1686 4632 .mariessesrttetﬁeri.
1710 4537 1884 4632 999.6,,
1912 4571 1966 4632 Ι)

397 4631 449 4670 m
471 4611 710 4671 charitas
734 4632 748 4669 :
773 4615 988 4683 qualem
1005 4612 1259 4668 nimirum
1281 4613 1332 4666 in
1367 4611 1688 4682 Martyribus
1715 4611 1884 4683 exgsti~

280 4679 418 4744 lisse
448 4679 836 4742 animadvertit
875 4684 1205 4756 Augustinus
1231 4683 1285 4737 in
1314 4683 1421 4756 Ps.
1456 4679 1566 4756 Liv
1593 4721 1608 4744 ,
1657 4697 1710 4735 ιι.
1765 4679 1882 4756 ﬁt;

281 4758 392 4827 Qui
411 4759 570 4824 enim,
600 4757 807 4828 inquit,
839 4767 945 4811 tum
961 4749 1228 4828 Christum
1258 4752 1628 4828 prtedicabant.
1661 4749 1887 4828 nonsibi

272 4824 472 4902 quibus
513 4839 621 4884 tum
654 4824 1039 4902 eratrcognitus
1060 4868 1076 4893 ,
1102 4826 1192 4902 sed
1239 4824 1386 4902 nobis
1410 4825 1499 4895 qui
1524 4825 1686 4902 futuri
1715 4824 1888 4902 adhuc

272 4893 490 4957 eramus
513 4942 530 4970 ,
580 4901 660 4956 uel
683 4893 999 4973 quibus'tum
1017 4908 1127 4955 erat
1148 4893 1438 4971 incognitus
1455 4936 1472 4964 ,
1499 4893 1850 4968 prazdicabant
1865 4933 1882 4962 ,

271 4983 370 5031 etc
379 5012 392 5027 .

351 5067 438 5139 (ά)
459 5067 698 5124 Priscam
725 5066 842 5139 scil.
869 5073 922 5139 et
945 5063 1319 5139 Maximillam,
1339 5075 1474 5139 quas
1498 5059 1876 5139 Hieronymus,

269 5131 370 5212 ep}
417 5131 534 5204 ἰιν,
580 5139 653 5212 ad
701 5137 1038 5212 Marcellam,
1066 5136 1138 5212 ad
1166 5133 1526 5212 imitationem
1559 5131 1884 5212 ljilarii,in-

268 5201 436 5267 sonas
465 5201 681 5282 [ominus
713 5218 888 5282 vocat.
921 5207 1040 5263 Vid.
1065 5205 1384 5282 Te_rtullian.
1416 5204 1456 5261 l.
1482 5203 1550 5260 de
1574 5201 1879 5276 Monogam.

269 5300 332 5340 ιι.
367 5282 426 5350 2,
447 5279 507 5339 et
533 5289 722 5338 contra
749 5281 1010 5337 Praxeam
1043 5297 1096 5334 ιι.
1131 5279 1184 5334 1.

349 5373 422 5449 (e)
461 5374 672 5431 Nomen
701 5373 990 5449 Scriptura:
1031 5371 1086 5426 in
1129 5369 1648 5449 vulgatig_pm_i_ssnm
1672 5411 1686 5434 ,
1715 5369 1876 5449 resti-

266 5439 480 5503 tuimos
509 5460 613 5517 ape
661 5460 792 5502 mss.
822 5439 1266 5517 'Subsequentem
1323 5441 1505 5517 Hilarii
1549 5439 1872 5517 sententiam

268 5511 626 5576 imitatur'et
674 5517 910 5572 illustrat
962 5511 1431 5588 Hiéronymﬂusgad
1484 5511 1870 5588 calcem_Dial.

2019 3295 2160 3352 Deus
2188 3294 2427 3352 Verbum
2460 3293 2641 3370 (Joan.
2670 3311 2717 3360 ι,
2743 3293 2833 3364 1);
2865 3293 2956 3366 qui
2989 3304 3071 3349 est
3093 3292 3272 3364 imago
3302 3291 3398 3348 Dei
3427 3291 3619 3348 invisi-

2016 3389 2140 3446 bilis
2165 3387 2388 3464 (Coloss.
2415 3405 2436 3445 ι
2460 3431 2474 3456 ,
2504 3390 2618 3460 15).
2649 3391 2702 3444 in
2733 3403 2841 3462 quo
2867 3388 3073 3444 habitat
3101 3389 3279 3444 omnis
3333 3386 3616 3459 plenitudo

2015 3484 2318 3541 divinitatis
2347 3484 2702 3554 corporaliter
2743 3482 2881 3557 (Col.
2913 3499 2982 3550 tt,
3007 3483 3066 3555 9)
3095 3483 3184 3553 qui
3215 3498 3336 3538 cum
3370 3481 3533 3557 55o
3557 3481 3612 3537 in

2013 3575 2186 3632 forma
2219 3575 2310 3632 Dei
2339 3586 2514 3642 esset,
2548 3576 2844 3630 humilians
2873 3590 2932 3630 se
2962 3575 3158 3631 salutis
3189 3583 3390 3630 nostra;
3411 3587 3608 3641 causa,

2015 3668 2243 3724 formam
2271 3669 2411 3724 servi
2435 3684 2500 3724 ex
2527 3677 2794 3738 conceptu
2821 3667 3054 3739 Spiritus
3105 3666 3280 3723 sancti
3304 3666 3374 3723 de
3400 3667 3610 3737 virgine

2013 3763 2255 3833 accepit,
2285 3760 2456 3817 factus
2485 3761 2747 3817 obediens
2765 3775 2935 3830 usque
2959 3760 3026 3816 ad
3055 3769 3284 3816 mortem
3305 3801 3321 3826 ,
3367 3768 3603 3816 mortem

2011 3864 2192 3910 autem
2222 3853 2400 3910 erucis
2427 3851 2649 3924 (Philip.
2677 3868 2748 3918 ιι,
2779 3851 2835 3925 6)
2871 3870 2882 3905 :
2915 3859 2970 3907 et
2997 3859 3121 3924 post
3147 3851 3604 3908 resurrectionem

2011 3949 2202 4004 mortis
2229 3947 2426 4004 deinde
2463 3948 2516 4002 in
2549 3946 2867 4003 caelestibus
2905 3945 3102 4002 sedens
3135 3943 3358 4019 (Ephes.
3397 3959 3452 4013 ι,
3479 3943 3602 4018 20),

2007 4039 2182 4096 aderit
2205 4039 2370 4113 judex
2392 4039 2634 4096 vivorum
2663 4049 2717 4094 et
2740 4047 3078 4094 mortuorum
3107 4037 3248 4112 (Act.
3295 4053 3356 4104 ι,
3383 4035 3482 4110 42)
3501 4077 3519 4106 ,
3546 4045 3604 4094 et

1999 4156 2269 4229 gustinus,
2303 4171 2391 4229 ep.
2439 4171 2561 4229 cxx_
2599 4154 2666 4210 ad
2687 4153 2946 4229 consent.
2981 4171 3034 4210 ιι.
3062 4155 3150 4220 15,
3178 4155 3377 4229 quieos
3395 4153 3452 4209 in
3469 4169 3600 4209 auc-

1999 4226 2204 4282 toritate
2231 4227 2486 4296 recipiunt
2505 4267 2518 4288 .
2544 4227 2684 4298 ipsas
2711 4227 2810 4281 sibi
2830 4227 3064 4282 videntur
3095 4226 3277 4281 sectari
3294 4267 3309 4292 ,
3326 4241 3450 4298 cum
3478 4241 3598 4281 suos

1997 4299 2170 4370 potius
2192 4306 2450 4352 sectentur
2479 4297 2714 4362 errares;
2741 4314 2802 4350 ac
2831 4313 2923 4368 per
2948 4299 3046 4370 hoc
3067 4314 3171 4352 non
3197 4297 3334 4366 quod
3353 4313 3441 4352 eas
3475 4313 3600 4352 con-

1996 4369 2258 4444 t_entnant,
2288 4370 2376 4424 sed
2417 4371 2554 4444 quod
2594 4385 2679 4423 eos
2719 4385 2822 4444 no_n
2845 4369 3167 4444 intelligant,
3198 4370 3424 4444 lrwretici
3452 4377 3592 4444 s_u‘n_t.

1995 4441 2064 4496 Et
2087 4450 2145 4496 ut
2169 4439 2740 4513 observat'Atltanas”
2769 4441 2859 4494 Or.
2887 4457 2926 4496 ιι
2947 4439 3092 4497 cont.
3126 4442 3356 4496 Arianos
3380 4455 3435 4513 p.
3461 4439 3590 4510 515,

1993 4513 2310 4583 excogitator
2333 4513 2658 4583 inventorque
2685 4511 2944 4567 hwreseou
2971 4513 3207 4568 diabolus
3231 4554 3247 4578 ,
3297 4511 3433 4583 metu
3485 4527 3594 4583 sure

1991 4581 2373 4654 graoeolentiat,
2405 4581 2792 4651 Scripturarum
2819 4599 2962 4639 voces
2991 4593 3251 4654 usurpat;
3281 4593 3334 4636 ut
3361 4582 3467 4636 illis
3491 4581 3587 4636 ob-

1991 4664 2190 4726 tectus,
2209 4655 2456 4723 adsperso
2478 4670 2670 4726 ueneno
2701 4670 2816 4720 suo,
2849 4655 3108 4725 simplices
3129 4655 3370 4726 decipiat.

2065 4725 2132 4800 (θ’)
2160 4723 2250 4780 Sic
2474 4725 2615 4800 Editi
2645 4739 2776 4781 vero
2798 4721 3091 4800 profutura.
3101 4797 3111 4800 _
3144 4721 3345 4800 Deinde
3365 4721 3584 4800 subpu-

1989 4794 2121 4852 blica
2142 4794 2472 4860 conscientia,
2496 4794 2547 4848 id
2563 4803 2665 4866 est,
2683 4809 2865 4866 coram
2888 4794 2942 4852 et
2972 4795 3200 4866 publice.
3231 4796 3340 4849 lloc
3363 4795 3586 4866 Ambro-

1989 4869 2104 4924 sius
2148 4867 2200 4920 in
2230 4879 2381 4920 more
2411 4864 2669 4921 Ecclesia;
2708 4863 2878 4920 fuisse
2925 4863 3134 4932 innuit,
3189 4876 3248 4920 ut
3293 4865 3582 4934 episcopus

1987 4938 2042 4994 in
2087 4937 2316 4994 ecclesia
2367 4944 2424 4991 et
2484 4951 2668 4992 coram
2719 4937 2918 5006 pepulo
2979 4939 3048 4992 de
3096 4936 3199 4992 lide
3251 4937 3575 5004 disputaret.

1989 5007 2393 5080 Quippejussus
2410 5019 2470 5064 ιιι
2489 5008 2554 5064 ad
2571 5008 2912 5080 imperatoris
2939 5008 3320 5080 consistorium
3346 5009 3576 5074 veniret,

1988 5077 2198 5148 scribit,
2212 5077 2299 5152 ep.
2325 5094 2439 5152 χχι,
2473 5095 2526 5134 n.
2549 5081 2650 5134 i7:
2679 5077 2960 5152 venissem,
2983 5078 3294 5152 Imperator,
3311 5081 3379 5134 ad
3395 5080 3580 5152 consis-

1989 5153 2179 5208 torium
2202 5151 2480 5223 clementia:
2501 5159 2618 5216 tute,
2642 5161 2696 5223 ut
2726 5149 2832 5205 lucc
2853 5167 3024 5206 coram
3051 5149 3394 5223 suggererem,
3424 5151 3470 5206 si
3497 5165 3579 5223 me

1989 5225 2068 5280 uel
2114 5225 2363 5294 episcopi
2389 5222 2467 5277 uel
2521 5221 2741 5294 populus
2784 5221 3165 5294 permisissent,
3240 5224 3465 5294 dicentes
3513 5221 3580 5277 de

1991 5295 2095 5366 ﬁde
2114 5297 2167 5350 in
2185 5293 2402 5366 ecclesia
2425 5293 2596 5366 coram
2623 5293 2814 5366 papqu
2842 5294 3022 5352 debere
3043 5297 3256 5360 tractari
3264 5311 3296 5366 Δε
3312 5303 3370 5349 et
3393 5293 3573 5366 serm.

1984 5363 2052 5422 de
2081 5364 2324 5422 basilicis
2343 5363 2703 5421 tradendisn.
2735 5367 2800 5432 ‘5,
2835 5375 2966 5420 tom.
3000 5383 3058 5436 ιι,
3097 5386 3146 5436 p.
3177 5363 3284 5423 864
3331 5365 3454 5423 :Ad
3481 5383 3574 5434 plt-

1982 5439 2166 5493 latium
2187 5437 2510 5510 imperatoris
2530 5437 2658 5510 irem
2688 5437 2924 5510 libenter,
2953 5441 2994 5493 si
3025 5442 3118 5495 hoc
3167 5448 3470 5510 congrueret
3489 5455 3572 5492 sa.

1981 5509 2201 5564 cerdotis
2227 5507 2390 5580 oﬁicio
2407 5549 2421 5574 ,
2445 5507 2575 5563 utin
2605 5509 2798 5577 palatio
2828 5510 2992 5578 magis
3020 5507 3303 5578 certarem,
3341 5526 3496 5580 quant
3517 5511 3572 5564 in

265 5600 467 5647 contra
496 5588 752 5654 Lucifer,
785 5589 972 5644 dicens
1012 5577 1192 5654 :quot'l
1234 5585 1521 5654 Scriptum
1548 5600 1653 5638 non
1697 5583 1755 5636 in
1799 5581 1872 5638 le-
1977 5581 2286 5654 παιδείας...
2333 5577 2555 5636 Causam
2620 5581 2748 5650 ﬁdei
2792 5581 2848 5635 in
2893 5577 3106 5640 ecclesia
3157 5577 3412 5654 agendam
3455 5582 3572 5653 quis

268 5662 448 5734 gendo
465 5662 748 5734 consistant
767 5701 784 5728 ,
816 5665 905 5716 sed
932 5659 990 5712 in
1021 5657 1352 5731 intelligendo
1393 5673 1412 5710 :
1438 5655 1632 5726 alioqui
1657 5655 1702 5708 si
1729 5655 1866 5734 litte-

266 5724 398 5808 ᾖαηι
417 5733 682 5808 sequimur
703 5773 720 5799 ,
749 5724 1024 5808 possumus
1062 5738 1113 5784 et
1141 5724 1232 5808 nos
1269 5724 1698 5808 quoquenovum.
1724 5724 1867 5808 nobis

1975 5655 2166 5708 abnuat
2181 5651 2207 5706 Ξ)

2045 5723 2123 5807 (g)
2155 5721 2404 5806 Antiqua:
2424 5720 2690 5807 editiones
2718 5738 2840 5807 cum
2869 5739 3000 5783 mss.
3026 5727 3402 5801 praetermitto:
3423 5725 3567 5801 quod

271 5793 468 5877 δοσιηᾶ
487 5793 828 5876 'coihponei‘e.
877 5803 1064 5860 (James
1099 5799 1232 5860 enim
1261 5793 1520 5870 licerelici,
1553 5794 1726 5872 inquit
1753 5797 1866 5856 Atta
1971 5808 2001 5853 ιι
2025 5793 2211 5870 Lipsio
2233 5793 2343 5854 non
2373 5795 2514 5854 male
2542 5805 2850 5854 correctum
2883 5807 2987 5856 cst.
