4106 6192
540 214 641 270 571

1778 211 2059 271 l’B/EVIA
2105 213 2128 283 ί

2232 210 2555 271 SERTATIO
3704 220 3786 277 δτέ

539 343 638 386 rex
665 326 907 393 omnium
936 336 1267 399 aeternorum
1287 325 1633 391 saeculorum.
1667 326 1763 385 Est
1784 326 1926 385 enim
1949 327 2135 399 unige-
2164 330 2211 397 Α
2241 333 2431 381 sancto
2483 326 2550 378 ita
2578 321 2818 390 credidi,
2850 332 2909 378 ut
2943 321 3079 379 ultra
3130 321 3269 378 hanc
3313 322 3378 379 de
3422 324 3628 385 Domino
3670 330 3777 388 Jrsu

538 421 690 479 nitus
717 421 859 485 Deus
888 418 1067 492 (Joatt.
1125 434 1173 486 ι,
1209 418 1333 489 18),
1365 427 1421 475 et
1450 420 1591 477 Deus
1645 434 1803 485 verus
1827 460 1841 485 ,
1899 426 1955 475 et
1995 418 2137 475 Deus

541 530 789 586 magnus,
806 522 859 570 et
879 528 1045 583 super
1066 513 1247 579 omnia
1272 514 1411 575 Deus
1431 512 1605 587 (Rom.
1637 529 1722 589 rx,
1747 511 1803 583 5)
1833 530 1846 567 :
1879 522 1932 575 et
1961 512 2140 577 munis

543 608 733 677 lingua
758 605 1125 673 conﬁtebitur,
1157 606 1282 676 quia
1318 607 1575 665 Dominus
1599 606 1756 663 Iesus
1786 606 2033 669 Christus
2087 608 2138 671 in

539 699 709 771 gloria
741 696 837 754 Dei
868 696 1038 767 patris
1052 696 1320 768 est(Pltil.
1347 714 1407 777 tt,
1435 698 1546 766 ll).
1580 698 1708 765 Haec
1733 713 1833 771 ego
1854 696 1908 753 in
1933 697 2139 768 Spiritu

2242 419 2456 473 Christo
2485 417 2643 475 ﬁdem
2674 432 2780 473 non
2814 418 3015 488 possim
3045 415 3230 474 doceri
3263 433 3276 471 :
3307 433 3410 473 non
3441 434 3529 489 per
3554 421 3657 480 hac
3682 428 3780 481 adi-

2249 526 2401 569 mens
2430 520 2641 583 patrum
2664 510 2789 567 ﬁdei
2819 511 3132 583 religionem
3158 554 3173 579 ,
3202 512 3296 577 sed
3324 516 3601 572 secundum
3650 534 3785 592 rege-

2250 604 2547 660 nerationis
2572 619 2709 659 mea:
2733 603 3070 675 symbolum,
3109 613 3164 660 et
3212 604 3464 680 doctrina!
3502 611 3788 681 evangelica:

2250 697 2533 755 scientiam
2556 739 2570 764 ,
2595 696 2664 753 ab
2686 712 2749 753 ea
2774 695 2927 767 juxta
2951 697 3050 752 ista
3081 712 3186 752 non
3217 696 3510 755 dissonans.

1176 950 1910 1084 PREVIA
1987 946 3209 1094 DISSERTATIO

909 1176 1051 1269 IN
1151 1174 1689 1259 LIBRUM
1784 1174 2337 1260 CONTRA
2435 1175 3476 1271 CONSTANTIUM.

610 1456 651 1511 l.
697 1455 797 1510 Hic
823 1455 950 1510 liber
975 1472 1088 1509 cum
1119 1453 1236 1509 aliis
1256 1453 1457 1508 videtur
1488 1469 1735 1526 pugnare.
1752 1482 1821 1494 —-
1840 1450 2010 1531 Quam
2035 1449 2138 1517 sibi

535 1550 913 1613 sanctissimus
966 1547 1171 1613 Christi
1221 1546 1501 1602 confessor
1551 1543 1851 1600 constantis
1908 1558 1972 1597 ac
2018 1557 2136 1601 mo-

539 1641 715 1699 derati
737 1640 905 1697 animi
933 1640 1165 1711 gloriam
1208 1639 1544 1710 comparavit
1596 1637 1714 1695 aliis
1768 1637 1958 1701 libris,
2015 1650 2134 1691 eam

530 1737 640 1791 hoc
663 1750 772 1793 uno
801 1734 943 1803 apud
973 1735 1261 1806 plerosque
1298 1749 1438 1806 pene
1488 1740 1655 1789 totam
1707 1731 1908 1789 amisit.
1962 1729 2132 1785 Tanta

531 1828 675 1887 enim
698 1828 753 1883 in
779 1828 1018 1891 omnium
1050 1827 1244 1895 atiimis
1289 1843 1476 1899 regum
1497 1828 1798 1884 reverentia
1840 1824 1998 1880 insita
2028 1832 2131 1893 est,

533 1930 592 1977 ut
619 1920 823 1980 nullam
872 1919 971 1990 ipsi
1013 1918 1388 1975 rationabilem
1419 1933 1636 1977 causam
1687 1912 1853 1973 fuisse
1910 1925 2129 1987 putent,

530 2028 632 2069 cur
658 2013 710 2071 in
741 2010 1119 2079 Constantium
1168 2012 1522 2083 vehementer
1580 2011 1718 2079 adeo
1765 2008 2129 2067 inveberetur.

533 2104 791 2180 onllum
822 2103 1116 2167 adductum
1147 2105 1285 2169 dixit
1316 2120 1421 2163 non
1446 2118 1605 2167 nemo
1626 2102 1935 2176 prolixioris
1957 2101 2133 2167 exsilii

530 2200 905 2270 impatientia,
940 2198 1155 2269 plurimi
1208 2198 1299 2253 alii
1344 2197 1525 2259 innata
1576 2197 1925 2265 ferventioris
1967 2208 2132 2267 atque

529 2290 853 2349 austerioris
875 2292 1039 2355 animi
1070 2290 1276 2355 indole.
1299 2290 1434 2351 Aliis
1459 2290 1622 2349 etiam
1658 2290 1802 2345 visus
1836 2298 1917 2344 est
1945 2287 1997 2344 in
2030 2287 2133 2359 bac

526 2388 795 2461 opusculo
822 2386 924 2447 sibi
955 2402 1063 2451 non
1089 2398 1372 2451 canIare,
1433 2400 1496 2445 ac
1541 2385 1610 2442 de
1648 2383 2016 2449 Orientalibus
2038 2398 2135 2437 e0-

527 2495 759 2553 rumque
788 2480 913 2539 fidei
956 2479 1391 2541 confessionibus
1452 2493 1552 2536 nec
1587 2494 1697 2534 non
1748 2479 1815 2534 de
1863 2476 2131 2541 vocabulo

528 2575 870 2633 llOﬂltBllSlOll
892 2574 1037 2644 loqui
1059 2571 1214 2643 aliter
1235 2588 1393 2644 quam
1418 2571 1556 2627 libro
1577 2572 1646 2627 de
1667 2571 1888 2642 synodis
1900 2571 2130 2640 scripse-

528 2679 612 2725 rat
643 2686 656 2722 :
685 2668 837 2738 quasi
871 2668 925 2725 in
957 2666 1060 2731 hoc
1090 2674 1279 2738 aperte
1296 2675 1514 2736 respuat
1540 2680 1604 2727 ac
1624 2665 1875 2731 damnet,
1908 2663 2050 2733 quod
2079 2664 2128 2723 in

527 2763 702 2821 altero
733 2772 824 2819 aut
848 2759 1123 2827 laudavit,
1156 2770 1249 2815 aut
1301 2760 1598 2825 excusavit.
1660 2758 1777 2831 Erit
1835 2757 1973 2827 forte
2025 2758 2129 2831 aii-

527 2856 748 2928 quando
771 2898 784 2923 ,
805 2856 896 2927 qui
927 2871 1052 2921 cum
1080 2865 1369 2925 utrumque
1399 2853 1533 2915 illud
1584 2868 1719 2925 opus
1749 2867 1855 2915 non
1886 2851 2130 2925 moribus

528 2950 703 3007 solum
739 2950 885 3021 (quia
934 2949 1055 3007 libri
1081 2950 1150 3006 de
1174 2948 1397 3021 synodis
1417 2948 1585 3017 verba
1631 2948 1811 3021 omnia
1858 2961 2127 3017 summam

528 3041 916 3115 humanitatem
938 3040 1207 3111 spirant),
1276 3039 1374 3097 sed
1423 3049 1478 3101 et
1522 3040 1810 3109 settteptiis
1863 3025 2130 3103 dissidere

526 3137 798 3207 posuerit,
829 3135 992 3197 alium
1021 3136 1087 3191 ab
1120 3134 1324 3193 Hilario
1352 3134 1511 3207 hujus
1530 3143 1811 3201 auctorem
1841 3131 2124 3203 quieritct:

528 3238 786 3302 putetque
815 3228 952 3289 hanc
977 3228 1288 3296 opinionem
1318 3242 1469 3301 suam
1493 3241 1557 3282 eo
1606 3241 1667 3281 se
1724 3239 1881 3307 posse
1921 3222 2124 3285 confir-

529 3338 711 3389 mare,
740 3321 883 3392 quod
913 3322 964 3375 in
984 3321 1364 3391 superioribus
1415 3320 1481 3377 ad
1533 3319 1911 3379 Constantium
1929 3318 2126 3393 libellis

531 3417 692 3493 loqge
720 3416 877 3473 alxter
907 3430 1032 3486 erga
1060 3415 1312 3471 eumdem
1342 3414 1728 3485 Imperatorem
1759 3427 1817 3481 se
1847 3420 2025 3493 gerat.
2071 3413 2124 3466 In

530 3509 598 3565 iis
621 3523 813 3578 nempe
842 3523 1044 3563 morem
1071 3509 1208 3579 gerit
1253 3508 1354 3577 pice
1409 3506 1825 3575 consuetudini,
1876 3521 2025 3587 qua,
2071 3516 2127 3560 ut

529 3600 647 3670 ipse
675 3600 837 3659 tradit
859 3600 913 3654 in
938 3598 1079 3659 Psal.
1114 3615 1206 3655 xm
1227 3641 1242 3664 ,
1269 3614 1460 3659 num.t
1496 3600 1644 3667 :quis
1686 3597 1834 3663 verba
1868 3599 2004 3670 regis
2047 3600 2129 3653 itt-

529 3702 842 3764 terpretans,
869 3702 916 3747 et
947 3704 1203 3761 iii-recepta
1232 3696 1345 3766 ejus
1370 3694 1422 3747 in
1454 3708 1630 3746 aurem
1661 3692 1842 3763 populi
1873 3692 2129 3761 deducens

529 3797 675 3843 curat
700 3786 1210 3855 diligenteretcaute
1264 3802 1354 3853 per
1410 3785 1558 3857 ofﬁcii
1610 3787 1943 3849 reuerentiam
1992 3787 2128 3858 regis

528 3880 825 3949 satisfacere
845 3878 1118 3950 dignitati,
1148 3888 1201 3937 ut
1224 3894 1339 3937 cum
1366 3878 1560 3949 honore
1583 3894 1643 3933 ac
1667 3878 1916 3954 religione
1954 3880 2128 3951 omnia

528 3979 575 4029 et
628 3970 921 4039 relegantur
991 3978 1039 4037 et
1062 3969 1365 4033 audiantur.
1417 3968 1554 4045 Cum
1611 3954 1789 4029 autem
1844 3984 1950 4025 non
1999 3984 2132 4023 con-

529 4064 821 4131 suetudine
874 4062 1090 4130 sulum,
1148 4064 1243 4118 sed
1286 4071 1341 4119 et
1389 4079 1450 4120 ea
1478 4063 1641 4141 etiam
1698 4064 1945 4126 ratione,
1989 4065 2132 4134 quod

528 4172 678 4217 omne
732 4171 949 4227 regnum
996 4173 1029 4209 a
1084 4152 1194 4213 Deo
1220 4157 1319 4225 sit,
1355 4156 1690 4231 potissimam
1721 4155 1834 4231 regi
1873 4171 2131 4213 reveren-

530 4248 657 4301 tiam
703 4247 888 4302 deberi
944 4247 1268 4318 Fragmento
1315 4265 1333 4305 ι
1379 4291 1393 4316 ,
1422 4266 1572 4307 num.
1605 4252 1668 4315 5,
1721 4250 2025 4321 approbet,
2067 4264 2130 4307 ac

526 4353 708 4396 sermo
770 4341 940 4409 ipsius
993 4340 1254 4396 doctrinae
1305 4341 1429 4396 huic
1464 4343 1662 4427 ubique
1690 4344 1973 4408 concinat;
2004 4358 2127 4399 eum

528 4442 640 4490 tum
700 4434 882 4505 subito
956 4443 1229 4491 mutatmn-
1273 4449 1397 4492 esse
1462 4450 1607 4509 :rgre
1660 4436 1762 4495 sibi
1834 4435 2131 4508 persuade-

525 4528 626 4586 bit.

2165 1781 2213 1842 B

2242 1465 2470 1518 vocare,
2504 1451 2980 1525 erroresipsqrum
3002 1493 3015 1520 ,
3049 1460 3311 1527 quantum
3353 1455 3499 1513 licuit
3538 1456 3689 1513 illzesa
3725 1474 3800 1515 re-

2245 1546 2434 1611 ritate,
2489 1554 2546 1602 et
2589 1546 2951 1607 dissimulavit
2974 1556 3030 1611 et
3069 1550 3371 1605 excusavit.
3425 1549 3517 1606 Ubi
3563 1566 3682 1607 vero
3720 1567 3800 1621 Spe

2236 1634 2348 1706 jam
2380 1636 2704 1706 frustratus,
2736 1639 2913 1693 timuit
2958 1638 3397 1696 ne'dissimulati
3446 1641 3496 1695 in
3542 1630 3799 1711 perniciem

2244 1730 2369 1796 ﬁdei
2394 1740 2705 1791 crescerent
2731 1773 2745 1799 ,
2770 1732 2991 1787 eosdem
3015 1742 3069 1788 ct
3095 1732 3390 1804 publicavit
3414 1733 3584 1805 palam
3624 1745 3674 1789 et
3716 1736 3800 1791 im-

2239 1823 2505 1893 probavit.
2538 1824 2873 1895 Quamquam
2899 1829 3031 1880 utin
3063 1825 3203 1880 libro
3227 1825 3296 1880 de
3323 1825 3551 1899 Synodis
3583 1827 3800 1884 Orienta-

2238 1918 2316 1974 les
2345 1918 2601 1977 Ecclcsite
2627 1917 2948 1974 conciliandi
2971 1919 3150 1975 studio
3174 1936 3280 1975 non
3308 1904 3384 1976 ita
3407 1922 3649 1991 abreptus
3688 1934 3785 1991 est,

2236 2018 2295 2067 ut
2317 2011 2461 2083 quod
2493 2012 2543 2069 in
2572 2013 2648 2075 eis
2680 2019 2826 2067 esset
2849 2012 3360 2082 reprehendendum
3408 2022 3601 2071 taceret
3633 2016 3738 2071 :sic
3756 2004 3802 2072 et

2237 2104 2289 2161 in
2317 2103 2419 2167 hoc
2442 2103 2627 2169 libello
2652 2104 2721 2159 ita
2749 2119 2810 2159 se
2839 2112 3131 2175 temperat,
3158 2114 3219 2160 ut
3244 2122 3368 2161 cum
3416 2122 3600 2162 omnes
3640 2122 3799 2163 eorum

2236 2195 2362 2251 ﬁdei
2390 2195 2756 2269 professiones
2771 2196 3061 2268 improbet,
3081 2212 3172 2253 eas
3188 2206 3372 2253 tamen
3387 2215 3491 2255 non
3510 2210 3659 2272 neget
3681 2202 3802 2255 vitiis

2232 2304 2421 2353 carere
2434 2289 2698 2359 potuisse.
2718 2287 3075 2345 Luculentum
3089 2300 3171 2346 est
3187 2289 3321 2347 illud
3339 2307 3481 2351 num.
3502 2291 3569 2348 24
3585 2314 3596 2347 :
3615 2292 3805 2349 Etiamsi

2232 2381 2387 2435 initis
2418 2380 2655 2436 omnibus
2695 2379 3177 2457 (confessionibus)
3221 2385 3355 2439 nihil
3387 2385 3615 2440 vitiorum
3656 2386 3804 2448 subia-

2235 2489 2347 2527 cere
2376 2474 2695 2544 aﬁirmetur;
2738 2490 2841 2529 non
2872 2486 3042 2537 tamen
3067 2493 3223 2531 causa
3274 2477 3529 2555 religiosa:
3563 2479 3803 2534 voluntatis

2234 2567 2415 2645 inesset
2433 2568 2583 2638 :quia
2610 2568 2733 2623 mali
2745 2570 3008 2627 meditatio
3025 2580 3099 2625 est
3113 2573 3365 2625 bonorum
3384 2573 3668 2637 demutatio.
3686 2573 3803 2640 Rur-

2233 2648 2500 2727 suntcum
2527 2679 2675 2731 num.
2716 2663 2817 2731 25,
2847 2663 3114 2744 afﬁrmet,
3148 2665 3369 2723 Nicazna
3419 2667 3521 2723 lide
3548 2668 3802 2733 inundatos,

2232 2753 2569 2815 Antioeltena
2600 2765 2691 2810 aut
2717 2755 3023 2813 Sardicensi
3073 2768 3164 2813 aut
3208 2758 3489 2823 Sirmiensi
3511 2775 3608 2817 non
3626 2775 3798 2833 cgere;

2235 2848 2379 2903 ultro
2427 2857 2605 2905 tamen
2652 2849 2941 2915 concedit,
2983 2850 3229 2922 quoidam
3283 2853 3339 2909 in
3397 2853 3477 2917 bis
3506 2869 3623 2929 esse
3662 2852 3803 2908 verba

2234 2940 2451 2996 Arionis
2476 2941 2861 3007 inimicissima,
2893 2959 3122 3013 quorum
3186 2945 3526 3019 professione
3568 2946 3805 3002 Constan-

2232 3033 2340 3103 tius
2365 3042 2487 3087 sese
2518 3034 2661 3105 pium
2685 3035 2825 3104 apud
2869 3032 3250 3097 Occidentales
3304 3039 3674 3112 mentiebatur.
3717 3036 3806 3093 Ne-

2232 3143 2336 3199 que
2375 3128 2537 3181 etiam
2568 3126 2934 3196 hommusion,
2963 3130 3227 3200 quamvis,
3254 3147 3409 3187 num.
3437 3132 3526 3205 25,
3557 3133 3652 3188 sibi
3672 3131 3735 3185 ad
3754 3132 3807 3198 ﬁ.

2233 3218 2347 3281 dem
2371 3220 2593 3273 otiosum
2621 3230 2867 3284 asserat,
2894 3236 3117 3295 prorsus
3140 3224 3390 3299 respuit;
3449 3224 3540 3279 sed
3565 3240 3623 3280 ea
3648 3223 3806 3278 omni-

2231 3327 2301 3365 no
2349 3313 2591 3377 ratione,
2635 3327 2739 3382 qua
2771 3312 2908 3367 libro
2956 3311 3023 3367 de
3063 3313 3334 3391 Synodis,
3392 3315 3518 3370 illud
3563 3315 3800 3385 approbat

2233 3419 2380 3471 num.
2407 3401 2505 3464 2‘2,
2541 3402 2627 3457 ubi
2660 3406 2733 3469 ait
2768 3426 2781 3459 :
2813 3402 2946 3457 Mihi
2976 3406 3180 3476 quidem
3202 3408 3524 3474 similitudo,
3558 3424 3619 3464 ne
3646 3407 3804 3463 uniom‘

2231 3494 2379 3559 demr
2400 3496 2636 3560 occasio,
2691 3507 2868 3567 sancta
2922 3507 3016 3552 est.
3063 3497 3195 3565 Quis
3249 3499 3490 3576 denique
3536 3517 3651 3575 eum
3696 3515 3805 3573 erga

2231 3585 2563 3654 Orientales,
2595 3588 2683 3658 qui
2714 3588 3054 3644 hommusion
3080 3584 3524 3662 propugnabant,
3551 3595 3699 3649 aliter
3740 3590 3807 3646 af-

2232 3682 2429 3737 fectum
2458 3684 2759 3751 existimet;
2787 3700 2946 3756 quem
2977 3702 3082 3743 non
3110 3689 3281 3745 semel
3327 3692 3479 3747 audit
3523 3689 3811 3747 Constantio

2231 3790 2293 3831 ex
2303 3775 2648 3845 probrantem
2672 3778 2814 3846 quod
2828 3779 2932 3833 vim
2950 3778 3029 3834 eis
3055 3779 3270 3850 fecerit,
3297 3793 3358 3838 ut
3371 3785 3645 3855 pristinam
3669 3781 3811 3837 ﬁdem

2233 3871 2585 3926 desererent?
2613 3870 2733 3927 Non
2759 3873 2992 3929 obscure
3020 3876 3234 3944 quidem
3261 3881 3534 3947 significat
3564 3894 3701 3933 num.
3733 3875 3809 3935 l2.

2233 3962 2333 4019 sibi
2361 3966 2618 4031 nonsatis
2645 3966 2923 4036 probatam
2955 3983 3140 4024 eorum
3171 3968 3334 4025 ﬁdem
3366 3989 3381 4039 ;
3412 3973 3483 4027 ibi
3528 3979 3696 4028 tamen
3738 3981 3812 4022 eoo

2234 4074 2352 4113 rum
2404 4059 2616 4129 aliquos
2646 4060 2905 4115 nonnulla
2943 4062 3029 4132 pie
3059 4063 3239 4119 verbis
3294 4066 3554 4136 praeferre
3595 4061 3815 4119 testiﬁca-

2234 4158 2320 4205 tur
2352 4168 2363 4204 :
2390 4150 2450 4205 in'
2469 4150 2831 4222 vituperando
2856 4167 2964 4210 non
2992 4156 3206 4224 minus,
3239 4173 3410 4228 quam
3461 4159 3514 4214 in
3567 4152 3813 4213 laudando

2233 4242 2565 4299 moderatus.

2305 4335 2393 4393 ΠΙ.
2419 4335 2612 4403 Innata
2636 4337 2832 4397 Hilarii
2866 4340 3053 4403 lenitas
3100 4342 3394 4419 vindicatur
3442 4359 3507 4400 ea:
3547 4338 3813 4415 testimonio

2232 4440 2475 4488 veterum.
2503 4461 2573 4474 -—
2611 4431 2862 4495 Pluribus
2887 4449 3023 4505 Opus
3052 4450 3175 4491 esse
3225 4452 3337 4497 non
3382 4439 3722 4511 arbitramur,
3765 4443 3816 4489 ut

2234 4522 2468 4592 vulgaris
2493 4532 2615 4579 ruat
2639 4524 2855 4593 Opinio,
2892 4540 2995 4593 qua
3041 4526 3302 4585 Hilarium
3329 4528 3436 4585 hoc
3478 4528 3612 4584 libro
3627 4534 3814 4581 retrac-

597 4622 663 4678 ll.
697 4621 825 4676 Cum
854 4621 986 4681 libro
1011 4622 1077 4678 de
1105 4623 1334 4696 Synadis
1355 4623 1774 4679 conciliatur.—-
1805 4624 2004 4680 Verum
2032 4638 2126 4681 ne-

2236 4589 2378 4669 t:tsse
2423 4629 2486 4669 ac
2526 4589 2811 4675 revocasse
2842 4589 3065 4688 putant,
3088 4617 3231 4689 quod
3258 4619 3402 4675 libro
3430 4618 3501 4674 de
3528 4615 3813 4691 Synodisitt

525 4732 616 4775 mo
642 4715 914 4772 obtinebit
945 4731 1230 4788 umquam,
1267 4726 1325 4773 ut
1354 4716 1574 4775 libellus
1623 4716 1671 4772 is
1701 4716 1910 4787 Hilario
1930 4717 2130 4789 eripia-

526 4815 636 4874 tur,
669 4825 830 4879 quem
862 4807 1005 4864 inter
1039 4824 1203 4881 opera
1239 4809 1384 4867 illius
1437 4820 1685 4867 recenset
1727 4808 2125 4881 Hieronymus,

525 4915 798 4971 quemque
854 4901 952 4971 ipsi
995 4899 1281 4957 Facundus
1346 4901 1753 4957 llermianensis
1791 4901 1884 4956 lib.
1938 4909 2125 4959 contra

523 4992 861 5060 Mucianum,
888 5009 989 5050 nec
1020 5010 1126 5051 non
1155 4994 1429 5051 Vaticana:
1450 4993 1688 5051 basilicae
1709 4995 1880 5049 codex
1937 5011 1965 5048 a
1988 4994 2126 5049 duo-

523 5086 694 5142 decim
721 5102 859 5158 pene
902 5089 1115 5145 saeculis
1140 5098 1394 5146 exaratos
1421 5133 1437 5157 ,
1462 5100 1516 5146 et
1543 5106 1732 5147 omnes
1764 5105 1896 5145 mss.
1924 5105 2120 5162 magno

522 5195 793 5235 consensu
819 5180 1155 5237 adscribunt.
1186 5182 1373 5253 Neque
1426 5198 1557 5249 vero
1581 5183 1694 5238 ulla
1719 5192 1803 5239 est
1827 5184 1969 5239 illius
1997 5198 2117 5238 cum

523 5271 662 5331 libro
687 5272 754 5327 de
777 5273 998 5344 synodis
1026 5288 1234 5344 pugna;
1267 5276 1360 5332 sed
1385 5277 1526 5345 quod
1558 5275 1609 5331 in
1661 5291 1771 5347 uno
1835 5277 2011 5341 minus
2037 5275 2118 5330 di-

524 5374 670 5422 serte
695 5381 759 5421 ac
782 5367 1124 5437 paucioribus
1150 5368 1363 5435 verbis,
1390 5369 1441 5429 in
1466 5369 1638 5425 altero
1666 5369 1838 5427 fusius
1885 5376 1938 5423 ct
1960 5383 2119 5436 aper-

523 5459 632 5514 tius
655 5459 982 5516 declaratur.
1004 5460 1165 5517 Certe
1213 5462 1264 5515 in
1296 5474 1524 5531 utroque
1557 5462 1821 5533 llilarius,
1851 5461 2035 5523 animo
2058 5475 2120 5529 ac

526 5555 792 5609 sententia
824 5569 928 5609 non
958 5566 1193 5611 mutatus
1218 5600 1232 5623 ,
1259 5565 1461 5612 mutata
1492 5574 1669 5613 rerum
1696 5560 1829 5615 facie
1851 5558 2121 5629 diversam

530 5646 630 5719 init
653 5648 953 5709 disserendi
980 5655 1266 5712 rationem.
1294 5654 1398 5717 Ubi
1422 5656 1565 5713 enim
1594 5655 1829 5727 speravit
1874 5652 2124 5725 Orienta-

528 5741 610 5802 les
636 5743 702 5799 ad
731 5759 914 5803 veram
944 5746 1106 5805 ﬁdem
1133 5759 1190 5808 et
1211 5750 1492 5809 catholicae
1514 5749 1770 5811 Ecclesia
1813 5748 1993 5828 sinum
2040 5762 2127 5813 re.-

2230 4707 2459 4777 gratiam
2480 4706 2832 4767 Orientalium
2862 4709 3213 4773 disseruerat.
3250 4711 3544 4791 Difﬁcilius
3574 4712 3701 4767 forte
3723 4707 3813 4771 ετῑι

2231 4802 2447 4858 satisiis
2478 4802 2680 4870 facere,
2709 4805 2800 4874 qui
2832 4804 3022 4860 immiti
3048 4819 3170 4861 eum
3203 4805 3391 4869 animo
3416 4805 3589 4869 fuisse
3632 4820 3697 4863 ex
3726 4800 3817 4865 ὶιος

2230 4896 2371 4952 libro
2393 4908 2657 4967 arguunt,
2698 4906 2792 4953 aut
2812 4898 3004 4954 saltem
3054 4897 3107 4954 in
3155 4914 3224 4955 eo
3263 4901 3526 4972 ingenita:
3579 4896 3814 4954 bonitatis

2230 4999 2393 5062 atque
2420 4989 2656 5047 lenitatis
2677 5006 2801 5047 esse
2825 4992 3077 5049 oblitum.
3111 4992 3223 5065 illis
3251 5004 3434 5069 tamen
3462 4991 3636 5062 primo
3664 5003 3818 5061 oppo-

2226 5086 2403 5155 nimus
2419 5084 2670 5157 Ruﬁnum
2710 5086 2822 5158 (lib.
2851 5101 2870 5143 ι
2897 5085 3037 5145 Hist.
3063 5088 3216 5154 eccl.,
3255 5104 3375 5169 cap.
3403 5086 3528 5161 5i),
3583 5100 3686 5141 non
3731 5097 3815 5138 so-

2226 5177 2333 5232 lum
2393 5180 2670 5248 conceptis
2715 5180 2894 5237 verbis
2944 5189 3231 5249 testantem
3277 5181 3423 5252 quod
3471 5191 3657 5249 natura
3702 5173 3817 5232 leuis

2223 5282 2331 5329 erat
2362 5283 2408 5328 et
2432 5275 2703 5345 placidus,
2766 5274 2861 5331 sed
2905 5284 2959 5331 et
2985 5276 3144 5331 verba
3190 5288 3283 5330 sua
3334 5292 3403 5330 ex
3448 5276 3616 5346 gestis
3662 5270 3816 5342 ipsius

2223 5369 2860 5434 confirmantem.Rarus
2906 5381 3055 5427 certe
3112 5373 3251 5440 erit,
3312 5371 3461 5442 apud
3512 5385 3670 5442 quem
3717 5380 3815 5423 non

2227 5464 2454 5535 multum
2502 5465 2679 5533 valeat
2724 5467 3097 5535 testimonium
3148 5479 3254 5523 tam
3308 5466 3575 5538 insigne:
3618 5470 3671 5520 at
3709 5459 3815 5517 nul-

2222 5556 2306 5610 lus
2348 5572 2470 5612 esse
2520 5556 2704 5624 debet,
2737 5573 2897 5629 quem
2945 5575 3054 5615 non
3098 5566 3313 5617 moveat
3376 5557 3598 5629 antiqua
3644 5552 3814 5610 Eccle

2224 5654 2318 5709 sire
2388 5654 2762 5722 consuetudo,
2816 5670 2921 5727 qua
2986 5655 3112 5711 olim
3189 5655 3244 5711 in
3313 5655 3437 5726 ipso
3500 5644 3815 5727 sacrosancti

2230 5746 2481 5823 sacriﬁcii
2548 5746 2635 5808 sui
2702 5726 3006 5809 meditullio
3040 5788 3057 5820 ,
3116 5748 3169 5811 in
3236 5744 3566 5825 Prtelatione
3624 5726 3814 5821 scilicet
