4106 6192
527 270 635 330 575

1470 266 1755 324 PIUEVIA
1799 264 2113 325 DISSERT.
2157 264 2220 322 IN
2259 264 2391 321 LIB.
2432 262 2634 321 CONT.
2674 263 2915 324 CONST.

3729 252 3831 318 576

527 388 759 454 Decius,
783 387 1144 445 Maximianus
1172 383 1378 455 aliique
1408 382 1658 455 tyranni;
1688 381 1911 452 dignum
1963 380 2132 451 ipsius
2159 383 2214 444 Α
2236 380 2511 452 singulare
2554 379 2844 451 singularis
2873 379 2973 435 viri
3017 378 3220 435 factum
3265 377 3351 450 pie
3392 378 3642 436 venerari
3675 377 3838 436 tutius

527 480 846 538 fortitudine
874 479 1183 545 videbatur,
1210 485 1270 532 ut
1311 474 1560 547 martyrii
1615 489 1713 545 spe
1762 487 2025 530 accensus
2066 486 2134 528 eo
2236 484 2342 539 est,
2372 489 2536 546 quam
2561 483 2766 531 temere
2793 472 3213 543 reprehendere.
3241 472 3298 529 Si
3326 474 3472 529 enim
3494 472 3564 529 ob
3588 487 3837 543 asperum

529 592 639 650 quo
661 583 873 647 poterat
901 571 1065 629 modo
1083 569 1346 627 Ecclesia:
1368 568 1700 625 consuleret.

2237 581 2544 624 sermonem
2568 566 2833 623 Hilarium
2866 567 3029 622 animi
3058 566 3283 622 immitis
3302 581 3531 637 arguere
3555 565 3748 632 liccat;
3772 565 3838 621 Ii-

493 702 497 706 ~
603 666 676 724 X.
705 667 855 722 Nihil
881 681 944 720 ea:
966 663 1251 720 uehementi
1278 677 1510 718 sermone
1528 670 1706 717 contra
1724 661 1957 716 innatam
2002 659 2135 715 leui-
2237 663 2379 717 cebit
2405 661 2544 717 forte
2572 672 2625 718 et
2652 660 3012 731 Stephanum,
3045 659 3134 714 ubi
3168 660 3220 714 in
3249 658 3468 715 Iudaeos
3501 667 3609 713 tam
3640 658 3838 715 acerbe

536 757 925 829 tatemconﬁct'.
955 756 1103 813 —Si
1132 755 1254 828 quis
1275 771 1491 811 rursum
1524 754 1629 810 hoc
1667 768 1790 811 eum
1839 753 2137 811 vehemen-
2237 754 2531 824 invehitur,
2579 756 2779 826 pariter
2828 755 2953 811 bilis
2991 753 3366 810 commotioris
3404 767 3707 821 accusare;
3756 754 3841 809 sui

532 850 660 906 tiori
683 863 938 906 sermone
963 848 1281 920 prmstitisse
1304 846 1487 916 volet,
1544 846 1612 902 ad
1656 846 1973 902 memoriam
2020 845 2139 916 qui-

529 948 654 1005 dem
680 944 1165 1018 revocabit,quod
1194 944 1488 1017 Gregorius
1539 942 1821 1008 Nazianz.,
1876 940 1972 998 0r.
2006 958 2136 1010 xxi,

2240 865 2456 920 quoque
2494 850 2818 928 impotentes
2863 848 3032 905 fuisse
3076 857 3371 919 arguentur
3413 848 3714 920 prophetae,
3754 848 3843 919 qui

2245 944 2547 1016 principum
2580 944 2708 998 vitia
2739 951 2885 998 tanta
2917 943 3168 1000 libertate
3193 941 3700 1013 reprehenderunt;
3744 956 3847 998 nec

538 1058 687 1100 num.
712 1042 790 1098 '55
812 1084 826 1107 ,
858 1040 927 1097 de
952 1040 1157 1096 sanctis
1177 1040 1308 1095 viris
1329 1038 1423 1094 illa
1465 1045 1790 1109 tempestate
1831 1036 2143 1092 exsistenti-
2242 1046 2497 1106 parcetur
2527 1035 2629 1105 ipsi
2658 1035 3091 1090 mansuetudinis
3131 1036 3427 1106 exemplari
3455 1036 3687 1091 Domino
3715 1048 3847 1091 nos-

539 1135 643 1192 bus
671 1133 992 1191 memoravit
1016 1150 1030 1189 :
1062 1132 1165 1202 Qui
1192 1130 1394 1186 tametsi
1447 1130 1642 1203 alioqui
1668 1129 1837 1203 pacati
1862 1144 1924 1184 ac
1974 1127 2145 1183 mode-

2246 1138 2351 1195 tro,
2383 1135 2439 1182 et
2464 1126 2533 1181 ab
2565 1127 2748 1181 innata
2778 1125 2961 1181 cordis
2987 1125 3213 1182 lenitate
3252 1125 3523 1182 videbitur
3550 1124 3843 1195 excidisse,

533 1229 637 1285 rati
667 1232 799 1296 sint,
832 1227 1119 1283 luctamen
1146 1227 1198 1281 iu
1225 1241 1281 1281 re
1309 1226 1446 1281 lenes
1463 1235 1510 1279 et
1537 1225 1716 1297 faciles
1759 1239 1868 1279 esse
1896 1238 2000 1278 non
2025 1238 2143 1277 sus-
2243 1221 2335 1275 ubi
2370 1220 2671 1276 Pbarisacos
2696 1229 2803 1276 tam
2840 1236 3023 1276 amare
3053 1230 3272 1292 tamque
3297 1220 3496 1276 acerbe
3525 1219 3847 1291 increpavit.

538 1322 701 1377 tinent
724 1362 738 1388 ,
766 1337 884 1375 cum
913 1337 1004 1391 per
1024 1320 1286 1375 silentium
1314 1328 1363 1373 et
1383 1319 1601 1385 quietem
1649 1316 1746 1371 Dei
1793 1332 1950 1372 causa
1975 1315 2146 1388 prodi-

539 1423 658 1483 tur;
682 1431 859 1471 verum
884 1412 1162 1469 admodum
1189 1412 1404 1467 bellaces
1444 1419 1564 1467 sunt
1591 1418 1743 1481 atque
1777 1410 1833 1464 in
1871 1409 2147 1481 confligen-

2246 1314 2386 1383 Quiu
2419 1316 2598 1386 potius
2633 1314 2777 1386 quod
2817 1316 2884 1372 de
2930 1316 3209 1387 Stephano
3251 1317 3424 1371 sensit
3469 1331 3534 1371 ac
3573 1316 3711 1371 dixit
3740 1317 3851 1373 Au-

2247 1411 2494 1482 gustinus
2523 1411 2600 1481 (iu
2642 1409 2788 1466 Psal.
2820 1426 3025 1476 cxxxn,
3058 1428 3111 1467 n.
3143 1411 3224 1482 8),
3265 1411 3429 1480 Quasi
3466 1411 3701 1466 seuiebat
3733 1410 3856 1466 Ste—

538 1507 606 1562 do
623 1522 766 1562 acres
791 1516 841 1561 et
864 1509 1059 1579 feroces
1083 1521 1102 1561 :
1127 1511 1184 1559 at
1204 1503 1347 1573 apud
1365 1516 1551 1574 aequos
1578 1515 1760 1557 rerum
1783 1501 2148 1557 aestimatores
2249 1502 2479 1576 pilanus;
2505 1502 2742 1558 swviebat
2778 1520 2886 1572 ore,
2914 1503 3066 1558 corde
3104 1503 3346 1574 diligebat
3372 1518 3390 1557 :
3414 1501 3518 1557 hoc
3558 1502 3857 1559 sentiamus

544 1614 841 1671 numquam
869 1596 1102 1664 efﬁciet,
1151 1604 1210 1652 ut
1236 1610 1361 1653 eum
1391 1609 1500 1666 pra:
1531 1593 1697 1649 nimia
1722 1608 1933 1649 morum
1963 1601 2148 1649 auste-

2251 1612 2317 1653 ac
2357 1596 2603 1653 dicamus
2633 1597 2700 1652 de
2730 1596 2936 1654 Hilario
2974 1606 3184 1664 nostro,
3229 1596 3392 1663 Quasi
3424 1596 3658 1653 saeviebat
3698 1596 3857 1652 Hila-

542 1692 704 1748 ritate
759 1690 927 1746 animi
992 1690 1345 1760 impotentem
1411 1686 1758 1750 existiment,
1821 1699 1983 1755 quem
2030 1698 2148 1737 mo-
2250 1693 2383 1759 rius;
2411 1694 2645 1747 swviebat
2671 1692 2893 1759 calamo,
2924 1692 3077 1747 corde
3098 1692 3362 1763 diligebat.

541 1802 661 1843 rum
707 1786 914 1842 lenitate
944 1783 1219 1856 pollentem
1263 1791 1378 1837 tum
1421 1780 1758 1851 antiquitatis
1804 1778 2149 1845 ιεειὶωοιιὶο,
2180 1777 2228 1839 Β
2330 1782 2476 1839 XIII.
2506 1782 2745 1855 Epistola
2770 1793 2846 1839 est
2873 1783 3175 1850 Catltolicis,
3206 1800 3311 1838 non
3337 1780 3639 1839 Constantio
3677 1782 3866 1839 inscri-

543 1887 657 1935 tum
688 1877 854 1934 totius
878 1878 1004 1933 vitae
1023 1876 1192 1947 gestis
1217 1874 1527 1938 didicerint.
1551 1872 1689 1928 Eum
1710 1871 1947 1943 Spiritus
1970 1870 2146 1926 sancti

549 1969 782 2041 impulsu
810 1968 998 2040 potius
1015 2009 1031 2034 ,
1054 1981 1214 2039 quam
1238 1965 1364 2022 bilis
1388 1964 1765 2021 commotioris
1803 1964 2010 2034 impetu
2036 2003 2050 2029 ,
2078 1961 2146 2018 ad

552 2063 661 2121 hoc
682 2077 820 2134 opus
839 2061 1131 2118 adductum
1156 2058 1413 2127 credent,
1436 2059 1590 2131 cujus
1611 2058 1824 2114 animus
1845 2059 2152 2131 quinquen-

552 2161 607 2212 nl
625 2155 819 2212 exsilio
846 2153 1018 2210 nihilo
1039 2153 1280 2224 segnior,
1304 2151 1400 2207 sed
1426 2151 1703 2222 probatior
1745 2159 1909 2223 atque
1958 2149 2152 2205 fortior

551 2248 727 2304 factus
751 2262 875 2304 esse
902 2244 1027 2302 inde
1053 2244 1382 2312 ostenditur,
1409 2243 1553 2316 quod
1577 2244 1728 2300 brevi
1779 2250 1966 2314 postea
2006 2242 2152 2298 illius

551 2355 658 2412 ope
708 2348 815 2396 tam
863 2339 1059 2395 uberes
1108 2338 1164 2393 in
1193 2336 1493 2394 Ecclesiam
1524 2335 1730 2393 fructus
1775 2334 2153 2393 redundarint.

553 2432 687 2501 Quis
714 2433 859 2489 enim
893 2431 1102 2488 nesciat
1126 2430 1425 2502 prudentia:
1454 2431 1573 2503 ejus
1593 2472 1610 2500 ,
1655 2445 1829 2501 quam.
1866 2428 2156 2502 singularis

556 2540 769 2582 morum
798 2524 998 2581 lenitas
1026 2524 1351 2594 condiebat,
1384 2539 1485 2581 nos
1530 2523 1733 2581 debere
1779 2522 1945 2578 totius
1992 2534 2158 2592 prope

556 2618 870 2676 Occidentis
899 2618 1437 2675 reconciliationem?
1467 2618 1615 2673 Hanc
1661 2616 1860 2688 quippe
1907 2614 2159 2687 proxime

556 2720 681 2786 post
710 2712 855 2768 hunc
885 2710 1083 2768 librum
1106 2725 1426 2783 aggressus,
1456 2709 1666 2766 felicem
1697 2708 1912 2764 tandem
1951 2708 2015 2763 ad
2045 2708 2161 2764 exi-

559 2815 671 2863 tum
704 2804 973 2877 perduxit.
1004 2804 1062 2861 Si
1110 2805 1254 2861 enim
1294 2804 1592 2875 Sulpicium
1634 2802 1916 2858 audiamus
1974 2819 1987 2855 :
2026 2801 2161 2856 illud

558 2901 703 2972 apud
722 2914 898 2955 omnes
920 2899 1181 2966 constitit,
1213 2899 1370 2953 unius
1430 2895 1624 2951 Hilarii
1670 2894 1916 2966 beneﬁcio
1957 2891 2162 2948 Gallias

559 3006 764 3050 nostras
794 2994 1003 3067 piaculo
1024 2993 1236 3048 haresis
1263 2991 1502 3047 liberatas
1529 2990 1760 3062 (Sulpic.
1808 2989 1845 3043 l.
1873 2996 1956 3061 tt).
2002 2985 2160 3056 Quod

559 3101 741 3146 autem
772 3088 1046 3161 Sulpicius
1076 3086 1270 3144 Galliis
1318 3083 1553 3151 nostris,
1597 3085 1703 3139 hoc
1743 3097 1867 3139 eum
1930 3081 2160 3136 Ruﬁnus

2254 1880 2438 1935 bendo.
2466 1909 2538 1921 —
2565 1879 2678 1935 Hoc
2704 1894 2840 1950 opus
2880 1879 2932 1934 in
2955 1892 3088 1934 mss.
3119 1875 3436 1934 Colbertino
3465 1887 3519 1933 et
3542 1876 3867 1933 Martiniano

2255 1970 2473 2040 epistola
2504 1985 2611 2025 non
2642 1970 2781 2027 male
2809 1976 3181 2041 nuncupatur;
3219 1969 3463 2041 quamvis
3500 1982 3610 2025 non
3654 1968 3869 2040 placeat

2255 2063 2398 2136 quod
2423 2063 2474 2118 in
2499 2062 2690 2119 iisdem
2715 2063 2784 2117 ad
2804 2061 3164 2119 Constantium
3183 2064 3541 2135 imperatorem
3562 2061 3870 2117 transmissa

2257 2154 2486 2210 subinde
2527 2162 2763 2211 notetur.
2818 2154 2899 2210 Ad
2945 2170 3041 2211 eos
3081 2156 3224 2210 enim
3268 2155 3497 2226 epistola
3545 2155 3874 2210 transmissa

2259 2246 2528 2303 censenda
2553 2256 2656 2314 est,
2700 2262 2838 2320 quos
2875 2248 3021 2304 illius
3061 2250 3295 2319 scriptor
3336 2247 3391 2302 in
3425 2247 3695 2318 principio
3733 2246 3874 2303 allo-

2260 2339 2459 2409 quitur,
2492 2353 2596 2397 non
2626 2338 2692 2394 ad
2719 2354 2856 2411 quos
2886 2337 3082 2395 deinde
3115 2355 3210 2410 per
3232 2339 3557 2396 locutionem
3580 2340 3871 2410 ﬁguratam

2261 2447 2570 2489 sermonem
2598 2432 2884 2489 convertit.
2914 2433 3052 2489 Toto
3082 2442 3265 2490 autem
3302 2432 3467 2504 hujus
3491 2433 3685 2505 Operis
3705 2447 3876 2489 exor-

2261 2524 2353 2581 dio
2379 2525 2670 2597 alloquitur
2696 2526 2932 2582 Hilarius
2965 2525 3211 2594 Fratres,
3252 2526 3319 2582 ad
3361 2540 3498 2598 quos
3530 2526 3693 2581 etiam
3722 2524 3878 2582 redit

2263 2634 2418 2676 num.
2451 2619 2540 2687 I2,
2568 2628 2675 2677 etc.
2702 2620 2785 2676 Ad
2814 2620 3190 2677 Constantium
3227 2620 3390 2691 igitur
3420 2632 3527 2675 non
3561 2626 3646 2675 est
3684 2632 3878 2675 sermo

2265 2713 2366 2769 nisi
2396 2712 2657 2785 ﬁguratus
2690 2731 2702 2766 :
2734 2728 2837 2785 qua
2878 2714 3047 2785 figura
3073 2711 3379 2771 Orientales
3408 2711 3502 2768 diu
3539 2713 3879 2784 copioseque

2264 2806 2560 2878 alloquitur
2582 2810 2633 2862 in
2661 2808 2800 2863 libro
2831 2808 2900 2863 de
2931 2807 3187 2880 Synodis,
3218 2808 3463 2875 quamvis
3491 2822 3599 2863 non
3628 2807 3696 2863 ad
3718 2807 3877 2875 illos,

2264 2899 2359 2955 sed
2383 2901 2448 2954 ad
2470 2899 2780 2957 Gallicanos
2804 2901 3091 2971 episcopos
3110 2898 3400 2956 destinato.
3426 2898 3542 2955 Non
3572 2906 3655 2956 est
3679 2901 3877 2971 itaque

2265 2993 2665 3049 assentiendum
2681 2991 2973 3059 Chiflletio,
3003 2993 3092 3064 qui
3117 2993 3283 3067 (uotis
3315 2993 3368 3048 in
3391 2991 3649 3049 Ferrand.
3675 2991 3695 3065 )
3720 2991 3885 3050 hunc

2264 3089 2462 3144 librum
2497 3098 2589 3144 aut
2610 3090 2663 3144 in
2685 3086 3043 3144 Constantium
3067 3096 3159 3143 aut
3185 3088 3254 3142 ad
3282 3085 3638 3144 Constantium
3658 3086 3890 3147 indiﬂ’e-

559 3186 675 3260 (lib.
700 3202 717 3242 I
743 3184 880 3241 Hist.
909 3184 1033 3240 eccl.
1079 3199 1127 3239 c.
1167 3182 1261 3253 5i)
1304 3180 1471 3236 Italiae
1496 3194 1610 3235 sua:
1639 3187 1802 3248 atque
1820 3177 2039 3250 Illyrico
2060 3194 2166 3233 non
2194 3185 2241 3249 α
2273 3190 2459 3238 rentcr
2485 3181 2704 3238 inscribi
2733 3194 2893 3251 posse
2915 3180 3106 3236 voluit.

561 3280 741 3338 minus
764 3293 974 3334 morum
1002 3277 1229 3333 lenitate
1254 3288 1415 3344 quam
1445 3272 2035 3343 doctrinapraastitisse
2055 3282 2164 3327 tes-

561 3374 818 3429 titicatur.
851 3371 931 3427 Eo
956 3370 1122 3427 etiam
1153 3377 1314 3442 pacto
1339 3382 1660 3440 progressus
1685 3368 2021 3439 compescuit
2060 3368 2169 3424 Lu-

564 3462 1174 3529 ciferianischismatis,
1200 3460 1397 3533 quoda
1442 3461 1607 3516 nimia
1649 3460 1963 3517 austeritate
2010 3475 2170 3515 exor-

566 3567 705 3626 tum,
729 3557 973 3614 coerceri
994 3556 1101 3612 nisi
1129 3555 1403 3612 contraria
1432 3553 1601 3611 animi
1621 3552 1912 3610 affectione
1938 3567 2046 3609 non
2074 3552 2171 3610 de-

571 3651 711 3709 buit.

642 3745 732 3802 XI.
763 3744 932 3801 Plura
959 3744 1328 3801 moderationis
1361 3741 1561 3798 Hilarii
1581 3742 1817 3815 exempla
1841 3757 1904 3797 ea:
1923 3741 2021 3796 hoc
2043 3728 2173 3796 libro

566 3841 892 3914 deprompta.
920 3869 991 3880 ——
1020 3837 1100 3895 Re
1116 3852 1241 3895 vera
1269 3837 1556 3893 Facundus
1576 3844 1766 3893 contra
1790 3835 2095 3892 Mocianum
2116 3835 2172 3889 in

570 3933 838 3989 Hilarium
867 3931 1013 3988 velut
1039 3931 1093 3987 in
1131 3930 1523 3988 moderationis
1564 3929 1844 4000 exemplar
1867 3925 2063 3999 respici
2090 3928 2177 3999 ju-

568 4025 681 4093 bet,
712 4035 766 4081 et
796 4040 916 4095 quae
946 4024 1000 4079 in
1047 4023 1151 4079 hoc
1194 4024 1313 4095 ipso
1342 4021 1482 4079 libro
1522 4021 1730 4093 prabet
1762 4021 1977 4077 virtutis
2017 4020 2176 4093 hujus

569 4120 843 4192 exempla,
881 4117 1215 4175 adversariis
1235 4117 1368 4183 suis,
1399 4130 1535 4187 quos
1560 4115 1680 4172 zelo
1711 4114 2026 4170 ferventiori
2053 4127 2177 4184 pec-

569 4229 698 4271 care
718 4213 1013 4281 existimat,
1035 4210 1292 4267 imitanda
1316 4213 1587 4283 proponit.
1613 4209 1680 4266 Et
1699 4218 1847 4264 certe
1870 4222 1900 4263 a
1922 4206 2179 4263 Facundo

573 4306 872 4361 moderatus
898 4320 961 4359 ac
982 4304 1208 4375 prudens
1236 4302 1487 4358 Ecclesia:
1521 4301 1832 4375 gubernator
1855 4316 1923 4358 ex
1949 4315 2014 4357 eo
2039 4300 2180 4357 libro

574 4397 866 4469 approbari
891 4397 1088 4453 merito
1118 4403 1322 4467 potest,
1346 4394 1476 4451 dum
1506 4394 1715 4451 duobus
1734 4394 1981 4452 tribusve
2008 4393 2182 4450 haere-

578 4507 705 4550 seos
732 4491 1034 4548 fautoribus
1063 4498 1256 4561 negata
1280 4489 1688 4555 communione,
1713 4488 1930 4545 caeteris
1958 4488 2184 4558 resipis-

2337 3273 2480 3330 XIV.
2521 3273 2646 3330 Viuo
2686 3273 2991 3330 Constantio
3020 3273 3243 3345 scriptus
3272 3283 3345 3330 est
3383 3275 3467 3330 hic
3499 3274 3645 3331 liber.
3676 3303 3751 3318 --
3788 3274 3893 3332 In-

2268 3366 2526 3423 scribitur
2546 3365 2603 3421 in
2635 3366 2957 3437 perantiquo
2981 3365 3218 3421 basilicae
3247 3365 3307 3423 S.
3337 3365 3482 3422 Petri
3504 3367 3712 3432 codice,
3735 3376 3799 3422 ut
3832 3375 3896 3425 et

2264 3461 2322 3517 in
2358 3459 2689 3527 Telleriano,
2725 3458 2853 3514 liber
2890 3458 2946 3512 in
2979 3456 3343 3514 Constantium
3377 3460 3788 3528 imperatorem;
3832 3461 3893 3515 in

2269 3554 2391 3609 aliis
2415 3562 2595 3608 autem
2628 3566 2758 3608 mss.
2794 3553 2923 3608 liber
2951 3561 3133 3609 contra
3153 3552 3516 3609 Constantium
3541 3551 3847 3625 Augustum
3873 3568 3897 3611 :

2269 3638 2465 3716 quibus
2490 3659 2613 3701 cum
2634 3652 2843 3701 temere
2862 3643 3163 3702 addidisset
3176 3645 3455 3712 Erasmus,
3464 3646 3582 3716 jam
3603 3647 3707 3699 uita
3729 3644 3902 3716 func-

2272 3747 2413 3806 tum;
2442 3739 2835 3809 posterioribus
2879 3748 3058 3794 tamen
3105 3737 3434 3795 editiouibus
3454 3737 3745 3809 castigatus
3775 3755 3900 3797 non

2273 3832 2395 3887 fuit.
2439 3832 2668 3888 Errandi
2705 3832 2923 3888 occasio
2964 3833 3013 3889 ei
3056 3841 3182 3888 nata
3229 3840 3315 3888 est
3351 3847 3418 3888 ex
3459 3832 3641 3889 verbis
3685 3830 3899 3889 Hiero-

2277 3930 2447 3996 nymi,
2476 3926 2620 3982 inter
2651 3924 2836 3981 Hilarii
2862 3940 3026 3997 opera
3050 3925 3250 3981 librum
3277 3925 3331 3980 in
3354 3922 3731 3980 Constantium
3762 3937 3903 3996 post

2280 4028 2513 4075 mortem
2546 4020 2710 4089 ipsius
2738 4019 2999 4089 scriptum
3034 4019 3393 4074 recenseatis.
3426 4018 3494 4074 Et
3521 4017 3903 4091 Hieronymus

2277 4113 2496 4184 quidem
2534 4128 2655 4169 cum
2694 4114 2910 4168 unicum
2953 4112 3143 4169 Hilarii
3186 4112 3383 4169 librum
3425 4113 3479 4168 in
3511 4112 3905 4171 Constantium

2280 4216 2568 4274 memoret,
2607 4223 2838 4280 cumque
2880 4223 2947 4263 ex
2990 4208 3093 4263 hoc
3139 4209 3304 4275 libro,
3346 4207 3439 4279 qui
3480 4222 3593 4280 prae
3638 4206 3908 4265 manibus

2281 4312 2386 4369 est,
2441 4303 2605 4360 verba
2658 4302 2930 4375 quaedam,
2978 4302 3057 4358 uti
3102 4302 3213 4374 jam
3264 4303 3680 4372 annotavimus,
3721 4303 3907 4375 epist.

2282 4413 2433 4455 xxvu
2462 4397 2528 4454 ad
2551 4396 2907 4455 Eustochium
2934 4400 3241 4470 exprimat;
3281 4398 3491 4454 nullum
3526 4397 3637 4455 fere
3664 4396 3908 4455 dubium

2288 4499 2395 4556 est,
2424 4491 2550 4562 quin
2578 4490 2719 4545 hunc
2750 4491 2927 4560 ipsum
2962 4498 3084 4560 post
3126 4498 3357 4545 mortem
3387 4488 3691 4546 Constantii
3711 4490 3911 4563 scrip-

577 4584 736 4642 cendi
794 4583 1105 4639 facultatem
1157 4578 1541 4652 indulgentiam
1584 4579 1862 4645 decernit;
1902 4579 2030 4635 dum
2080 4578 2181 4636 hoc
2207 4576 2263 4637 D
2289 4594 2399 4642 tum
2440 4583 2756 4642 crediderit.
2814 4584 2935 4655 Ipse
2963 4593 3141 4640 tamen
3172 4583 3434 4650 Hilarius,
3479 4599 3627 4640 num.
3672 4582 3729 4652 2,
3757 4598 3914 4642 con-

579 4681 861 4738 dccretum
889 4693 1048 4734 suum
1075 4674 1453 4734 confessorum
1486 4672 1695 4745 judicio
1731 4687 1795 4728 ac
1825 4672 2025 4743 placito
2056 4687 2180 4744 per-

579 4777 778 4844 mittit;
804 4775 931 4830 dum
961 4773 1164 4829 nullam
1196 4771 1404 4843 respuit
1434 4768 1685 4827 ineundae
1726 4769 1873 4842 pacis
1900 4767 2183 4825 honestam

582 4867 981 4935 conditionem;
1003 4866 1131 4922 dum
1157 4865 1261 4923 etsi
1286 4866 1472 4937 iniqua
1495 4864 1727 4921 factione
1747 4862 2038 4933 relegatus,
2069 4870 2185 4917 toto

585 4971 767 5018 tamen
796 4960 974 5017 exsilii
1003 4961 1084 5017 sui
1109 4968 1354 5032 tempore
1376 4957 1507 5014 nihil
1532 4967 1721 5014 contra
1748 4955 2034 5012 haereticos
2054 4956 2187 5011 scri-

586 5055 669 5112 bit
699 5054 968 5110 fatnosum
1004 5061 1099 5110 aut
1129 5052 1486 5115 maledicum;
1518 5049 1644 5106 dum
1666 5049 1929 5107 Seleuciae
1959 5058 2014 5104 et
2039 5047 2188 5104 Con-

588 5146 946 5218 stantinopoli
1000 5147 1071 5201 ita
1116 5162 1237 5202 cum
1279 5145 1532 5201 omnibus
1572 5144 1778 5200 urbane
1815 5159 1876 5199 se
1915 5142 2086 5213 gerit,
2131 5152 2192 5198 ut

588 5239 868 5297 Anomoeis
909 5241 1096 5305 etiam,
1143 5253 1173 5294 a
1220 5239 1413 5310 quibus
1448 5235 1800 5293 vehementer
1837 5234 2189 5305 abhorrebat,

588 5334 798 5392 facilem
817 5332 884 5390 ad
911 5347 972 5390 se
991 5332 1193 5388 aditum
1219 5332 1478 5403 praebeat,
1503 5345 1566 5386 ac
1586 5328 1796 5402 placide
1819 5337 1877 5386 et
1901 5328 2192 5398 tranquille

589 5430 956 5504 hlaspltemias
985 5444 1176 5485 eorum
1204 5428 1504 5494 auscultet;
1530 5427 1657 5483 dum
1680 5426 1916 5495 denique
1940 5438 2193 5482 sermone

594 5542 791 5584 usurus
820 5523 1238 5589 vehementiori,
1278 5523 1344 5579 ad
1381 5522 1433 5578 id
1476 5537 1535 5580 se
1562 5538 1672 5579 non
1712 5537 1808 5578 sua
1853 5520 1949 5578 sed
1987 5519 2193 5577 Christi

591 5634 754 5677 causa
804 5618 1097 5677 adductum
1147 5631 1272 5677 esse
1317 5625 1467 5675 tanta
1512 5632 1644 5673 cura
1698 5624 1958 5687 tantoque
2011 5613 2193 5671 studio

597 5719 999 5783 prmmonstrat.

662 5800 779 5859 XII.
826 5803 1091 5877 Apologia
1135 5802 1417 5860 conclusio.
1475 5828 1545 5844 -ο
1597 5792 1731 5870 Quae
1776 5809 1899 5858 cum
1945 5786 2022 5857 ita
2063 5784 2188 5867 Sitit,

2287 4681 2460 4751 ceptis
2483 4680 2663 4736 verbis
2697 4688 2942 4748 testatur,
2975 4694 3100 4735 eum
3130 4695 3188 4735 se
3210 4680 3400 4752 quinto
3425 4695 3569 4737 anno
3601 4686 3724 4752 post
3744 4683 3914 4737 exsi-

2258 4768 2263 4773 “
2288 4773 2359 4830 Iia
2383 4774 2623 4840 Eusebii,
2647 4772 2879 4829 Luciferi
2907 4781 2963 4829 et
2979 4772 3243 4846 Dionysii,
3268 4772 3372 4829 hoc
3395 4783 3502 4839 est,
3524 4774 3912 4845 quinquennio

2289 4875 2415 4938 post
2456 4866 2745 4923 concilium
2785 4864 3191 4922 Mediolanense
3230 4864 3361 4921 auni
3397 4866 3528 4933 555,
3564 4865 3913 4940 proindeque

2291 4974 2436 5015 anno
2473 4959 2602 5025 ὅθί),
2648 4972 2757 5014 uno
2806 4968 2935 5014 ante
2970 4956 3274 5014 Constantii
3316 4969 3547 5016 mortem
3589 4960 3911 5032 scripsisse.

2291 5051 2481 5122 Neque
2528 5049 2908 5121 ambigendum
2956 5050 3196 5118 videtur,
3242 5053 3369 5123 quin
3418 5052 3570 5107 illum
3617 5051 3917 5121 scripserit

2292 5158 2416 5202 cum
2456 5143 2924 5215 Constantinopoli
2964 5154 3294 5210 versaretur,
3343 5152 3629 5216 postquam
3675 5143 3742 5199 de
3795 5144 3917 5202 fide

2294 5252 2478 5295 coram
2512 5235 2822 5309 disputandi
2859 5244 3183 5307 potestatem
3224 5236 3325 5292 sibi
3367 5235 3483 5293 ﬁeri
3510 5236 3669 5293 enixe
3702 5249 3918 5308 popos-

2297 5330 2483 5396 cisset,
2514 5344 2615 5386 nec
2655 5331 3020 5401 impetrasset,
3080 5329 3190 5387 imo
3240 5327 3403 5385 etiam
3443 5342 3570 5402 post
3607 5343 3766 5401 quam
3805 5330 3917 5387 ibi-

2299 5425 2424 5481 dem
2452 5422 2761 5479 inchoasset
2788 5420 3158 5479 Seleuciensis
3187 5430 3348 5494 atque
3374 5420 3736 5477 Ariminensis
3762 5435 3912 5479 con-

2298 5517 2407 5573 cilii
2439 5516 2744 5572 historiam.
2774 5514 2977 5573 Verum
3010 5524 3232 5588 propter
3270 5514 3438 5571 verba
3477 5514 3792 5586 Hieronymi
3844 5516 3913 5571 Ii-

2296 5610 2490 5670 benter
2516 5610 2878 5668 assentiamur
2908 5610 2997 5679 iis,
3037 5609 3128 5682 qui
3162 5609 3306 5666 hunc
3335 5608 3462 5666 licet
3498 5618 3624 5666 ante
3662 5616 3910 5667 mortem

2299 5707 2598 5791 Constantii
2627 5706 2888 5791 scriptum
2907 5746 2923 5776 ,
2950 5705 3155 5783 editum
3187 5715 3368 5783 tamen
3394 5704 3579 5791 volent
3617 5705 3914 5791 dumtaxat

2299 5784 2423 5869 post
2451 5800 2679 5859 mortem
2709 5784 2879 5872 ipsius
2908 5815 2922 5856 :
2950 5797 3184 5861 nissime
3216 5797 3337 5859 cum
3361 5788 3519 5873 paulo
3548 5789 3669 5873 post
3699 5786 3916 5859 Hilario
