4106 6192
290 171 399 228 585

1139 171 1345 231 LIBER
1392 173 1664 232 CONTRA
1706 173 2196 237 CONSTANTIUM
2235 177 2755 242 IMPERATOREM.

3493 197 3600 254 586

291 288 493 344 elevari
524 286 644 343 sine
672 285 880 357 laqueis
909 298 1159 357 corpora,
1190 298 1246 344 ct
1269 291 1549 359 suspensis
1578 290 1716 362 pede
1746 290 1893 347 fctni-
1921 293 1969 352 A
2001 292 2068 348 tis
2096 293 2438 352 admittitur?
2466 297 2531 352 At
2562 297 2687 354 vide
2716 297 2854 364 tu,si
2885 297 3179 368 praeferens
3204 314 3402 361 nomen
3418 305 3600 363 Domi-

291 382 373 434 nis
403 389 585 435 vcstes
610 394 715 433 non
746 377 983 435 defluere
1016 379 1067 433 iu
1109 380 1299 435 faciem
1324 424 1338 448 ,
1386 383 1468 436 uri
1517 383 1638 438 sine
1684 382 1899 452 ignibus

291 472 555 543 Spiritus,
601 471 847 528 conﬁteri
904 469 980 545 (a)
1011 472 1129 528 sine
1170 473 1595 545 interrogatione
1636 483 1896 542 vexatos,

288 581 453 638 agere
480 565 663 622 omnia
692 580 799 621 non
828 564 1010 621 minus
1038 581 1163 621 cum
1197 566 1445 639 profectu
1493 567 1858 625 cxaminantis
1881 609 1896 635 ,

291 673 455 730 quam
505 659 844 715 incremento
892 657 1041 714 ﬁdei.
1074 656 1146 713 At
1184 668 1263 726 tu,
1313 659 1554 716 omnium
1598 660 1898 716 crudelium

293 748 670 806 crudelissime
696 792 710 817 ,
741 749 942 805 damno
970 750 1176 821 majore
1196 749 1250 807 in
1278 767 1399 821 nos,
1429 763 1485 808 et
1506 754 1661 809 venia
1691 752 1901 810 minore

293 842 546 900 desaevis.
593 842 855 915 Subrepis
882 842 962 917 (b)
991 844 1228 913 nomine,
1254 843 1627 901 blandimento
1655 845 1856 902 occidis
1881 884 1896 910 ,

293 936 477 1008 specie
507 936 788 1009 religionis
820 937 1154 1008 impietatem
1198 940 1447 1012 peragis,
1492 940 1692 998 ChriSti
1741 939 1900 996 fidem

294 1028 496 1086 Christi
529 1031 763 1087 mendax
791 1031 1118 1102 praedicator
1146 1033 1471 1104 exstinguis.
1498 1032 1614 1089 Non
1639 1034 1902 1107 relinquis

294 1125 488 1180 saltem
534 1125 755 1183 miseris
803 1127 1178 1183 excusationes
1203 1169 1218 1194 ,
1272 1135 1332 1183 ιιι
1359 1136 1566 1183 aeterno
1605 1128 1771 1199 judiei
1802 1143 1901 1184 suo

297 1231 486 1287 ptenas
516 1227 571 1273 et
599 1217 805 1288 aliquas
836 1218 1156 1274 laniatornm
1186 1233 1476 1290 corporum
1515 1220 1589 1293 (c)
1630 1219 1905 1291 perferant

297 1310 579 1366 cicatrices
602 1352 617 1377 ,
652 1317 709 1365 ut
736 1311 1022 1367 inﬁrmitas
1048 1311 1303 1368 defendat
1332 1315 1729 1370 necessitatem.
1769 1316 1901 1372 Sce-

296 1401 589 1458 lestissime
613 1403 919 1459 mortalium
944 1445 958 1468 ,
999 1405 1181 1460 omnia
1213 1406 1611 1476 persecutionis
1648 1407 1790 1462 mala
1834 1408 1905 1463 ita

2004 386 2055 441 ni
2085 388 2135 441 in
2170 389 2347 444 verbis
2373 430 2387 454 ,
2418 390 2749 447 voluntatem
2779 392 2980 449 efficias
3014 393 3107 449 Dei
3139 396 3305 464 patris
3331 397 3383 453 in
3416 401 3598 457 rebus.

2002 478 2210 536 Clamat
2227 481 2315 537 ille
2332 499 2345 536 :
2375 481 2476 537 Hic
2487 493 2561 540 est
2578 486 2718 555 [ilius
2736 502 2877 541 meus
2890 486 3128 553 dilectus,
3150 491 3204 543 in
3224 507 3323 558 quo
3339 494 3467 547 milii
3480 495 3605 549 bene

2002 575 2293 644 complacui
2335 578 2356 647 (
2379 575 2566 632 Matth.
2600 593 2677 646 ιιι,
2712 578 2844 649 l7):
2891 589 2945 634 et
2985 590 3038 635 ιιι
3065 580 3316 638 decernis
3345 600 3451 640 non
3477 600 3601 644 esse

2002 664 2169 720 lilium
2192 707 2206 731 ,
2239 681 2415 738 neque
2438 682 2560 724 esse
2590 676 2828 739 patrem;
2877 669 2973 726 sed
3002 669 3312 742 adoptionis
3341 676 3560 732 nomina
3583 719 3599 745 ,

2003 765 2258 815 externas
2284 762 2711 833 nuncupationes
2738 804 2753 830 ,
2785 770 2843 818 et
2865 761 3210 821 simulantem
3232 765 3301 822 de
3330 782 3391 823 se
3417 769 3599 826 omnia

2006 850 2173 905 Deum
2202 867 2373 907 novus
2402 851 2564 909 hodie
2592 853 2872 925 religionis
2910 854 3107 911 divina:
3155 868 3472 927 persecutor
3522 860 3605 916 in-

2003 941 2177 999 ducis.
2208 943 2454 1000 Antehac
2484 954 2665 1016 patres
2696 947 2772 1001 tui
2803 946 2971 1018 (Nero
2995 987 3010 1012 ,
3038 948 3254 1014 Decius,
3285 949 3417 1022 etc.)
3439 951 3490 1005 in
3518 967 3610 1007 so-

2007 1035 2113 1090 lum
2144 1035 2416 1091 Christum
2448 1036 2635 1093 hostes
2667 1037 2882 1094 fuerunt
2906 1053 2937 1092 ιτ
2988 1047 3044 1095 ιιι
3071 1049 3251 1096 autem
3284 1040 3350 1096 ad
3380 1024 3629 1098 Patrem.

2006 1127 2175 1186 Deum
2205 1137 2409 1197 certas,
2440 1139 2494 1183 ιιι
2519 1129 2752 1186 mendax
2781 1129 2872 1195 sit,
2903 1139 2962 1185 ut
2991 1130 3277 1193 fefellerit.
3325 1143 3380 1187 ut
3411 1133 3513 1189 hoc
3536 1134 3608 1190 do

2006 1237 2067 1277 se
2096 1222 2372 1292 professus
2397 1224 2467 1278 sit
2495 1221 2638 1293 quod
2683 1238 2791 1278 non
2819 1232 3009 1289 esset,
3063 1224 3219 1294 quasi
3266 1240 3441 1296 neque
3486 1241 3614 1282 esse

2007 1316 2214 1386 possit,
2257 1313 2466 1369 Clamat
2503 1314 2716 1369 Filius:
2766 1313 2883 1385 Ego
2921 1324 2968 1368 et
3017 1314 3176 1369 Pater
3226 1332 3385 1370 unum
3431 1334 3608 1374 smnus

2012 1405 2189 1477 (Joan.
2223 1422 2282 1470 x,
2311 1402 2445 1477 30);
2483 1416 2555 1474 et,
2591 1403 2842 1478 Operibus
2869 1406 2996 1460 meis
3023 1407 3213 1461 credite
3234 1447 3252 1474 ,
3290 1409 3415 1478 quia
3448 1408 3609 1463 Pater

298 1504 590 1567 temperas,
642 1504 701 1552 ut
746 1496 1010 1553 excludas
1036 1505 1091 1552 et
1120 1499 1170 1553 in
1220 1508 1440 1569 peccato
1468 1499 1682 1555 veniam
1710 1542 1725 1566 ,
1769 1507 1824 1555 et
1851 1502 1905 1557 in
2008 1500 2064 1556 in
2084 1518 2184 1566 me,
2216 1488 2264 1557 ἐι
2290 1515 2380 1571 ego
2401 1500 2455 1554 in
2486 1498 2645 1554 Patre
2665 1497 2856 1571 (Ibid,
2886 1496 3100 1569 58):et,
3127 1498 3337 1564 Omnia,
3366 1516 3479 1568 qua:
3507 1499 3614 1555 Pa-

297 1588 642 1645 confessione
669 1589 1008 1662 martyrium.
1059 1588 1167 1646 Sed
1218 1590 1335 1647 hrcc
1366 1592 1458 1647 ille
1492 1593 1569 1664 (d)
1600 1603 1752 1661 pater
1782 1603 1907 1649 tuus
2011 1592 2103 1647 tris
2127 1590 2290 1663 569
2311 1600 2451 1657 sunt,
2476 1606 2588 1645 mea
2604 1598 2721 1645 sunt
2747 1587 2929 1660 (Joan.
2953 1605 3066 1655 xvi,
3101 1589 3225 1661 15):
3256 1599 3310 1646 tu
3334 1591 3612 1648 Christum

298 1681 497 1738 artifex
524 1680 878 1739 humanarum
910 1681 1163 1738 mortium
1203 1682 1428 1751 docuit,
1480 1684 1644 1758 568
1688 1685 1905 1743 vincere
1932 1685 1981 1745 B
2008 1684 2260 1754 objurgas
2305 1684 2367 1755 (ὅ)
2412 1681 2691 1746 veritatis,
2740 1691 2797 1735 tu
2827 1681 3039 1737 Patrem
3088 1682 3270 1753 arguis
3316 1684 3612 1754 professio-

298 1774 417 1830 sine
440 1774 781 1830 contumacia
808 1815 823 1840 ,
846 1773 1095 1847 jugulare
1126 1775 1243 1830 sine
1272 1774 1479 1846 gladio,
1509 1778 1759 1848 persequi
1788 1778 1908 1835 sine

300 1867 550 1932 infamia,
580 1867 655 1938 (e)
685 1867 869 1924 ordire
898 1868 1016 1923 sine
1046 1868 1352 1939 suspicione
1377 1910 1392 1935 ,
1435 1870 1650 1925 mentiri
1679 1869 1798 1927 sine
1828 1871 1909 1928 iu-

308 1958 627 2030 tclligentia,
655 1959 895 2029 proﬁteri
925 1959 1043 2015 sine
1067 1959 1174 2016 ﬁde
1200 2001 1214 2026 ,
1245 1961 1477 2017 blandiri
1502 1962 1618 2017 sine
1643 1962 1907 2030 bonitate,

302 2066 466 2124 agere
489 2051 564 2125 (f)
594 2051 737 2123 quod
767 2051 921 2118 velis,
947 2067 1049 2108 nec
1078 2051 1426 2109 manifestare
1451 2069 1571 2125 qua:
1601 2053 1756 2110 velis.

373 2145 429 2201 9.
464 2142 684 2200 Domini
715 2160 898 2199 nomen
922 2144 977 2199 in
997 2145 1162 2200 verbis
1188 2143 1495 2213 Constantii,
1528 2162 1630 2202 non
1650 2146 1702 2200 in
1732 2147 1906 2218 gestis.

304 2238 474 2295 Deum
518 2239 721 2294 inducit
776 2237 1035 2310 fallacem.
1066 2269 1138 2279 —
1166 2238 1272 2296 Sed
1323 2253 1410 2295 me
1452 2239 1567 2310 ipse
1610 2240 1912 2313 unigenitus

306 2332 487 2399 Deus,
541 2346 704 2404 quem
749 2331 806 2387 in
847 2346 935 2387 me
976 2330 1357 2403 persequeris,
1408 2330 1689 2389 admonuit
1716 2347 1785 2389 ne
1814 2333 1911 2387 tibi

306 2429 592 2487 crederem
614 2469 630 2495 ,
674 2441 850 2498 neque
876 2441 966 2482 me
1003 2427 1106 2482 hoc
1134 2425 1292 2481 fallax
1320 2425 1373 2480 in
1400 2433 1455 2482 te
1485 2427 1914 2496 ementitumque

307 2538 505 2580 nomen
535 2520 789 2578 illuderet
817 2563 831 2589 ,
864 2520 1052 2577 dicens
1087 2537 1102 2576 :
1154 2519 1278 2576 Non
1307 2522 1473 2575 omnis
1496 2522 1585 2593 qui
1615 2522 1739 2577 dicit
1762 2522 1910 2591 mihi,

305 2617 548 2685 Domine,
578 2614 821 2682 Domine,
851 2614 1059 2671 intrabit
1076 2615 1133 2670 in
1161 2631 1375 2688 regnum
1396 2614 1644 2671 ctelorum
1671 2633 1690 2672 :
1711 2616 1803 2673 sed
1826 2618 1915 2689 qui

307 2712 430 2784 facit
450 2711 766 2767 voluntatem
793 2708 968 2763 Patris
990 2709 1108 2778 mei,
1138 2706 1214 2780 (g)
1244 2709 1333 2779 qui
1354 2708 1407 2762 in
1427 2709 1565 2763 caelis
1600 2717 1694 2777 est,
1722 2709 1806 2763 hic
1832 2710 1916 2763 in-

306 2804 458 2859 trabit
478 2803 533 2856 in
556 2816 775 2874 regnum
804 2800 1047 2855 caelorum
1074 2797 1305 2872 (Matth.
1350 2814 1446 2867 vn,
1471 2798 1599 2870 21).
1648 2801 1916 2871 Agnoscis

309 2910 380 2952 ne
412 2909 559 2951 nunc
586 2893 785 2949 divina:
827 2893 881 2948 in
913 2902 965 2948 te
992 2891 1290 2963 prophetiae
1314 2892 1600 2948 veritatem
1644 2901 1699 2949 et
1737 2892 1915 2949 domin

307 2987 444 3043 nica:
473 2986 759 3043 sententia:
776 2983 968 3052 ﬁdem,
1003 2981 1089 3057 (It)
1115 2999 1220 3056 qua
1251 2998 1355 3039 non
1387 2984 1655 3056 professio
1683 2986 1917 3043 nominis

2012 1778 2114 1833 nis.
2148 1775 2422 1832 Emendas
2455 1774 2622 1831 Deum
2653 1772 2834 1839 homo,
2869 1772 3035 1827 vitam
3064 1772 3364 1829 moderaris
3389 1790 3616 1848 corrup-

2015 1872 2110 1937 tio,
2143 1878 2196 1926 et
2224 1883 2329 1925 nox
2358 1867 2531 1924 lucem
2564 1865 2837 1922 illuminas
2862 1905 2878 1933 ,
2907 1875 2961 1922 et
3002 1866 3310 1939 promulgas
3342 1867 3503 1925 ﬁdem
3531 1870 3617 1926 in-

2014 1958 2189 2016 fidelis
2214 1997 2227 2024 ,
2275 1967 2332 2014 et
2362 1959 2441 2032 (j)
2469 1958 2721 2029 pietatem
2769 1955 2967 2027 impius
2996 1957 3240 2014 mentiris
3263 1997 3281 2025 ,
3327 1967 3385 2015 et
3425 1960 3615 2018 orbem

2015 2063 2176 2110 terra:
2219 2050 2444 2124 profana
2495 2051 2770 2107 simultate
2802 2049 3133 2106 committis:
3188 2066 3391 2123 negans
3416 2052 3520 2111 hoc
3545 2054 3617 2112 dc

2014 2149 2148 2217 Deo,
2182 2145 2323 2219 quod
2356 2146 2473 2216 ipse
2502 2143 2570 2200 de
2598 2159 2659 2201 se
2679 2144 2953 2216 professus
2973 2154 3077 2199 est.

2087 2242 2176 2298 10.
2218 2238 2519 2296 Constantio
2544 2237 2694 2293 uestis
2716 2237 2887 2292 ovina.
2911 2267 2983 2276 —
3010 2236 3116 2293 Sed
3149 2237 3227 2311 (lt)
3256 2250 3449 2310 printer
3480 2242 3620 2301 hanc

2014 2331 2450 2392 emendationem
2481 2329 2765 2396 falsitatis,
2798 2329 2939 2385 aliud
2986 2345 3074 2386 me
3106 2330 3402 2399 Dominus,
3436 2334 3503 2390 ad
3532 2337 3619 2391 in-

2018 2424 2367 2498 telligendum
2416 2432 2505 2489 te,
2545 2420 2749 2477 dictum
2780 2420 2997 2487 docuit,
3030 2421 3219 2478 dicens
3248 2440 3261 2479 :
3292 2424 3551 2482 Attendite
3588 2445 3622 2481 a

2015 2518 2507 2595 pseudoprOphetis,
2563 2516 2651 2586 qui
2692 2516 2897 2569 ueniunt
2963 2514 3032 2568 ad
3077 2531 3163 2569 vos
3208 2516 3264 2570 in
3313 2519 3623 2577 vestimentis

2018 2611 2188 2667 ovium
2211 2651 2227 2678 ,
2255 2609 2319 2681 (Ι)
2346 2609 2409 2662 ab
2435 2607 2575 2661 intus
2603 2616 2774 2660 autem
2798 2613 2916 2660 sunt
2945 2605 3055 2677 lupi
3079 2622 3292 2675 rapaces
3321 2624 3340 2661 :
3371 2626 3403 2662 a
3432 2612 3619 2681 fructi-

2018 2705 2111 2761 btts
2148 2718 2328 2759 eorum
2356 2698 2671 2773 cognoscetis
2710 2712 2796 2753 eos
2823 2695 3043 2770 (Matth.
3071 2713 3176 2763 vn,
3215 2698 3282 2753 15
3311 2741 3326 2767 ,
3383 2699 3495 2773 16).
3528 2702 3625 2759 Est

2018 2799 2165 2854 enim
2192 2791 2394 2864 aliquid
2422 2794 2473 2846 in
2501 2788 2690 2856 corde,
2723 2787 2869 2860 quod
2896 2788 3270 2845 dissimulatur
3290 2791 3344 2847 in
3372 2793 3546 2861 vultu,
3571 2802 3629 2852 et

2017 2890 2256 2946 velatum
2286 2893 2371 2942 est
2407 2891 2632 2939 mente:
2660 2892 2716 2937 et
2755 2894 2911 2937 ovem
2945 2889 3231 2951 putantes,
3268 2882 3452 2955 lupum
3495 2902 3624 2943 sen-

2020 2990 2228 3043 serunt.
2260 2979 2316 3035 Si
2340 2992 2458 3049 qua:
2493 2975 2676 3030 ovium
2707 2981 2831 3029 sunt
2861 2982 3055 3045 agunt,
3089 2974 3383 3032 credantur
3413 2989 3468 3034 et
3494 2996 3625 3039 oves

307 3083 363 3139 in
394 3079 620 3137 caeleste
648 3091 872 3151 regnum
896 3117 911 3145 ,
938 3073 1035 3133 sed
1064 3075 1370 3134 obedientia
1395 3084 1633 3147 paterna:
1661 3080 1906 3137 volunta-
1932 3075 1980 3141 C
2010 3093 2169 3136 esse:
2201 3074 2247 3131 si
2274 3078 2453 3128 autem
2486 3068 2580 3141 (ιιι)
2599 3066 2874 3138 rapacium
2899 3066 3150 3136 luporum
3176 3083 3313 3139 opus
3338 3085 3624 3144 peragunt,

403 3215 635 3277 Corporis
655 3226 802 3266 omne
823 3225 1015 3266 sacrum
1028 3220 1162 3265 casto
1180 3212 1374 3265 velatur
1398 3218 1576 3277 operto
1598 3226 1611 3263 :

403 3228 498 3269 liOI'
562 3228 635 3266 ηε
655 3228 802 3266 omne
823 3228 1015 3266 sacrum
1028 3228 1162 3265 casm
1180 3228 1374 3265 velatur
1398 3228 1522 3277 oper

403 3228 612 3330 Scilgget
626 3285 684 3328 ut.
701 3277 855 3328 divini
878 3278 1044 3340 aperis
1066 3278 1352 3340 reverentia
1376 3278 1522 3327 tectis

404 3341 704 3405 Corporibus
722 3337 942 3403 maneat,
969 3337 1440 3405 neepcenadzemon
1464 3340 1514 3405 in
1540 3340 1646 3402 ipsa

405 3399 517 3466 Qui
535 3405 786 3466 angatur
807 3399 943 3462 ovet,
966 3399 1110 3466 nudis
1124 3399 1377 3466 prodendo
1400 3399 1636 3463 pudorem

405 3457 821 3529 Krtubusfillaaso
843 3457 1046 3525 gravius
1068 3457 1327 3526 tor'quetur
1353 3457 1577 3515 honesto.

382 3548 706 3620 Huiusmodi
760 3554 1290 3620 portentumgnostra
1328 3546 1687 3620 mtate__vidi_t
1715 3547 1914 3604 Lotha—

312 3617 507 3691 ringia,
533 3621 612 3675 uti
642 3617 800 3691 ﬁdem
827 3617 1033 3674 faciunt
1056 3618 1454 3691 Commentaria
1490 3617 1819 3677 Marcbionis
1848 3621 1914 3675 de

311 3689 557 3762 Beaunatt
584 3690 1016 3762 galliceScripta,
1047 3704 1099 3760 p.
1131 3689 1187 3747 6.

388 3763 469 3836 (η)
516 3761 758 3836 Ειιιιιιις
794 3761 970 3816 locum
999 3769 1364 3817 restauramus
1401 3774 1469 3815 ex
1499 3775 1629 3816 mss.
1659 3761 1813 3818 Colb.
1859 3770 1916 3819 et

312 3832 531 3891 Martio.
564 3832 619 3889 in
649 3833 842 3903 quibus
866 3841 1043 3904 tamen
1084 3840 1260 3888 exstat
1283 3847 1378 3904 age
1398 3847 1494 3901 pro
1506 3848 1688 3904 agere,
1717 3842 1773 3888 et
1788 3849 1912 3904 pro-

315 3911 453 3978 fccto
470 3920 578 3978 non
613 3901 865 3978 profectu.
890 3903 948 3978 In
971 3903 1089 3978 aliis
1112 3915 1289 3959 autem
1320 3901 1474 3978 libris
1505 3901 1756 3978 habetur,
1778 3901 1907 3978 coti-

316 3974 455 4047 fiteri
479 3977 590 4032 sine
607 3974 973 4047 interrogantis
996 3974 1304 4047 incremento
1332 3974 1473 4047 fidei.
1495 3976 1561 4047 A_t
1586 3983 1643 4047 tu
1671 3975 1909 4047 omnium

316 4044 683 4103 crudelitatum
709 4044 1077 4101 crudelissime.
1126 4045 1222 4101 Hic
1253 4045 1486 4099 ostendit
1516 4044 1770 4110 Hilarius,
1800 4046 1905 4101 im-

319 4119 558 4174 mundos
578 4115 797 4188 spiritus
820 4116 1033 4172 occulta
1061 4117 1292 4188 quadam
1321 4115 1373 4170 vi
1403 4115 1485 4186 agi
1529 4129 1591 4170 ac
1635 4117 1904 4188 torqueri,

317 4191 451 4246 dum
476 4187 666 4259 eorum
698 4189 895 4242 occulta
923 4197 1007 4242 est
1036 4187 1189 4259 plaga
1210 4229 1226 4253 ,
1260 4197 1306 4241 et
1334 4203 1483 4259 poena
1512 4187 1812 4259 manifesta,
1852 4197 1910 4244 ut

314 4260 558 4333 loquitur
577 4258 897 4333 Cyprianus,
930 4259 1087 4333 epist.
1114 4258 1151 4313 ιι
1181 4258 1567 4333 ad__Donatt_tm,
1586 4258 1767 4333 ‘ubi_et
1798 4267 1908 4333 tor-

314 4327 500 4389 menta
529 4327 782 4402 ipsi'sper
828 4327 1138 4402 Exorcistas
1183 4327 1394 4402 inflicta
1428 4327 1655 4402 videsis.
1695 4328 1752 4402 in
1803 4328 1909 4385 illis

314 4414 498 4460 autem
521 4398 809 4456 tormentis
828 4399 1218 4456 confitebantur
1237 4398 1324 4453 alii
1339 4398 1537 4456 Christi
1553 4399 1906 4467 divinitatem,

316 4485 378 4531 ut
401 4475 471 4531 ab
500 4472 708 4528 Hilario
732 4470 1053 4536 audivimus,
1074 4471 1168 4524 lib.
1200 4486 1276 4534 xi,
1309 4485 1367 4525 ιι.
1397 4472 1451 4534 5,
1479 4471 1568 4525 alii
1597 4472 1761 4525 totius
1788 4471 1907 4527 Tri-

317 4547 505 4602 uitatis
536 4543 697 4599 ﬁdem
723 4584 739 4605 ,
786 4543 941 4612 cujus
987 4531 1066 4597 rei
1115 4531 1448 4597 luculentum
1490 4550 1576 4597 est
1603 4542 1908 4612 exemplum
1936 4531 1990 4591 D

316 4617 459 4690 apud
481 4613 871 4690 Ambrosium,
889 4612 1377 4690 epist._n.unc.x_xu,
1408 4630 1461 4666 ιι.
1488 4612 1585 4690 ξι.
1610 4612 1715 4667 Alii
1744 4628 1874 4690 vero
1894 4654 1909 4678 ,

316 4682 394 4743 uii
422 4691 577 4742 testis
601 4692 688 4743 est
714 4682 1034 4757 Cyprianus,
1064 4684 1158 4739 lib.
1176 4682 1242 4739 ad
1271 4682 1691 4757 Demetriauum,
1712 4683 1915 4757 ejulag-

318 4770 396 4815 tes
418 4770 469 4815 et
489 4766 742 4825 gementes
763 4752 883 4810 noce
901 4756 1146 4822 humana,
1173 4766 1220 4810 et
1242 4763 1486 4824 potestate
1504 4752 1677 4807 diuina
1703 4752 1916 4825 ﬂagella

317 4840 367 4885 et
392 4825 608 4883 verbera
636 4828 942 4894 sentientes,
984 4836 1247 4881 venturum
1277 4825 1537 4897 judicium
1582 4825 1911 4897 conﬁtentur.

318 4900 602 4958 Interdum
641 4899 828 4966 etiam,
870 4897 1041 4968 inquit
1078 4898 1171 4953 lib.
1200 4894 1688 4968 dr'ldol._\'anit.:
1731 4894 1917 4950 Videas

316 4974 444 5028 illos
470 4980 654 5026 nostra
679 4985 796 5024 uoce
821 4979 868 5023 et
888 4966 1182 5038 operatione
1201 4966 1483 5040 majestatis
1505 4967 1718 5021 occultte
1736 4968 1915 5040 ﬂagris

319 5044 457 5099 aedi
482 5083 500 5110 ,
533 5042 654 5113 igne
699 5040 882 5095 torreri
901 5081 918 5106 ,
946 5040 1255 5113 incremento
1281 5039 1286 5040 ⁷
1300 5054 1459 5113 preme
1477 5039 1810 5113 propagantis
1837 5053 1918 5093 ea:-

322 5108 503 5187 tendi,
536 5108 771 5187 e'jularc,
798 5127 996 5187 gemere
1019 5151 1035 5179 ,
1062 5109 1357 5187 deprecari;
1401 5108 1535 5187 unde
1576 5108 1820 5187 veniant,
1870 5118 1919 5164 et

321 5185 538 5257 quando
558 5179 849 5257 discedant,
870 5183 998 5257 ipsis
1016 5179 1171 5237 etiarn
1198 5182 1284 5257 qui
1301 5181 1549 5257 se_co_lunt
1570 5179 1916 5257 audientibus,

321 5251 749 5326 conﬁteriuSed
775 5324 785 5326 μ
811 5255 1041 5326 maxime
1085 5254 1323 5308 omnium
1348 5252 1616 5326 Sulpicius
1663 5251 1919 5326 severus,

322 5322 469 5383 Dial.
491 5343 574 5394 ιιι,
602 5324 791 5383 Hilarii
812 5325 976 5380 verba
996 5325 1124 5380 dum
1140 5332 1432 5388 mutuatur,
1453 5323 1684 5378 illustrat
1704 5324 1754 5377 in
1780 5322 1923 5376 hunc

322 5399 551 5455 modum
593 5416 609 5453 :
653 5395 722 5451 In
769 5406 916 5467 parte
954 5396 1063 5451 alia
1114 5396 1310 5449 videres
1360 5397 1469 5467 sine
1508 5395 1925 5467 interrogatione

322 5479 538 5525 vexatos
553 5512 569 5537 ,
593 5464 1001 5526 obsita—crimina
1021 5468 1337 5537 confitentes.
1359 5464 1588 5520 Nomina
1610 5466 1761 5537 etiam
1780 5464 1922 5537 nullo

322 5536 676 5612 interrogante
706 5538 1028 5611 prodebant;
1053 5536 1143 5594 ille
1177 5553 1231 5593 se
1260 5536 1440 5593 Jovem
1469 5538 1584 5603 ,iste
1608 5536 1925 5590 Mercurium

348 5612 609 5669 alebatur.

318 5616 877 5758 Ῑαῗὲῗιιῗιῦγιιιειιιίε,
906 5682 1112 5738 nomine
1141 5680 1466 5738 blandientis.
1526 5678 1586 5736 In
1630 5693 1723 5736 sex
1755 5690 1887 5735 mss.
1907 5717 1925 5749 ,

856 5778 1131 5838 ΡΑτιιοι..
1166 5774 1224 5836 Χ
1238 5818 1252 5835 .

2016 3214 2237 3272 nominis
2267 3208 2636 3266 blandimento.
2684 3174 2916 3261 Rectius
2956 3205 3011 3261 in
3040 3204 3162 3262 Vat.
3211 3208 3327 3265 bas.
3354 3253 3369 3273 .
3403 3210 3617 3273 Martio.

2015 3298 2071 3344 ct
2099 3285 2256 3342 Colb.
2285 3323 2299 3346 ,
2328 3279 2561 3350 subrepit}
2582 3278 2791 3331 nomine
2814 3318 2828 3342 ,
2858 3277 3084 3350 supple,
3109 3349 3114 3350 γ
3136 3293 3242 3350 quo
3273 3288 3327 3337 te
3353 3281 3621 3342 Christia-

2016 3374 2145 3414 num
2177 3354 2356 3425 ﬁngis,
2405 3359 2462 3406 ut
2484 3349 2733 3405 declarat
2778 3363 2931 3404 num.
2960 3349 2995 3406 9
3024 3389 3040 3416 ,
3099 3349 3445 3410 blandimento
3484 3360 3621 3413 occi-

2019 3430 2124 3485 dis.
2156 3438 2262 3482 etc.

2089 3471 2390 3570 (’cfltlvieusi
2417 3534 2438 3570 ,_
2465 3495 2751 3570 proferant.
2782 3489 3015 3570 Hilarius
3044 3491 3131 3570 hic
3160 3493 3372 3570 accedit
3397 3497 3462 3553 ad
3494 3513 3619 3554 scn-

2020 3561 2244 3627 tentiam
2275 3561 2671 3637 Cypriani,_’qui
2700 3561 2792 3617 lib.
2824 3561 3108 3637 deLapsis
3135 3565 3618 3637 initiusiagendum

2021 3633 2342 3700 censeteum
2364 3633 2442 3691 iis
2470 3633 2563 3702 qui
2586 3633 2639 3688 in
2664 3635 2948 3687 tormentis
2970 3633 3102 3703 lapsi
3131 3643 3275 3689 sunt.
3310 3633 3507 3703 ραξενε,
3537 3642 3619 3696 in-

2023 3715 2171 3786 quit,
2206 3711 2269 3764 de
2290 3705 2556 3786 tormentis
2573 3712 2748 3786 potest
2774 3746 2789 3770 ,
2833 3704 3318 3786 qui-pertormenta
3350 3723 3622 3786 superatus

2018 3775 2120 3852 e'st;
2137 3775 2520 3840 excusationem
2536 3775 2825 3842 obtendere,
2847 3776 2934 3844 qui
2951 3775 3109 3830 victus
3125 3776 3265 3830 estin
3283 3775 3478 3847 dolore,
3501 3790 3588 3840 etc
3604 3826 3618 3839 .

2095 3875 2177 3949 (d)
2206 3872 2344 3949 Scil.
2373 3868 2626 3949 inimicus
2649 3867 2812 3949 homo
2842 3866 3082 3949 omnium
3112 3866 3489 3949 haereticorum
3521 3890 3617 3949 pn-

2016 3936 2183 4014 ren‘s',
2213 3946 2340 4002 dum
2372 3942 2426 3997 in
2470 3954 2600 4011 agro
2642 3936 3073 4010 patris-familias
3107 3936 3619 4009 superseminat'zi-

2016 4034 2264 4175 {milia
2297 4100 2426 4142 mss.
2473 4080 2625 4138 Colb.
2660 4089 2711 4138 et
2740 4079 2954 4137 Martio.
2978 4122 2993 4146 ,
3023 4082 3253 4140 occidere
3271 4085 3381 4142 sine
3406 4104 3619 4160 suspec-

2016 4172 2174 4305 tiozt’e).
2197 4230 2318 4305 Vat.-
2347 4228 2463 4305 bag.
2496 4238 2601 4281 ms.
2640 4238 2763 4281 cum
2793 4221 2947 4280 Colb.
2993 4233 3048 4282 et
3073 4224 3227 4283 Mart.
3250 4270 3265 4296 ,
3304 4231 3442 4300 quod
3469 4232 3615 4289 velle.

2019 4299 2151 4369 Alii,
2180 4303 2319 4373 quod
2343 4299 2516 4373 velles.

2093 4367 2170 4498 (ἵ)
2193 4367 2340 4429 ’Τι’θε
2369 4367 2612 4442 praedicti
2642 4381 2774 4423 mss.
2804 4367 3062 4423 omittunt
3084 4369 3174 4441 qui
3198 4370 3252 4426 in
3274 4372 3414 4428 caelis
3434 4383 3528 4428 est.

2093 4447 2107 4498 t
2130 4453 2168 4498 ιι
2199 4444 2359 4498 Solus
2385 4441 2513 4498 Vat.
2546 4440 2660 4495 bas.
2691 4438 2884 4498 codex.
2915 4456 3071 4498 quam
3095 4458 3200 4496 non
3223 4480 3238 4496 .
3279 4484 3291 4497 .
3328 4484 3340 4497 .
3370 4447 3573 4498 admitti

2089 4438 2168 4519 (li)
2199 4438 2513 4502 Solus’Vat.
2546 4440 2660 4495 bas.
2691 4438 2884 4507 codex,
2915 4456 3071 4511 quam
3095 4438 3200 4496 non
3223 4480 3238 4496 .
3279 4484 3291 4497 .
3328 4484 3340 4497 .
3370 4447 3615 4502 admittit.

2086 4535 2171 4610 (i),
2203 4535 2261 4592 In
2306 4550 2437 4610 mss.
2474 4531 2842 4610 _Michaelin_o_,
2902 4533 3389 4610 pietate_ueritatis.
3442 4535 3618 4591 Minus

2015 4603 2329 4677 displiceret
2350 4604 2606 4677 impiatae,
2636 4604 2788 4672 quasi
2814 4603 3257 4677 ltesaa,gveritatis.
3281 4604 3615 4677 Quamquam

2016 4673 2207 4751 presso
2236 4673 2451 4751 quidem
2480 4687 2756 4751 sermone,
2783 4673 2879 4727 sed
2918 4675 3004 4726 cui
3038 4673 3171 4726 nihil
3200 4675 3340 4729 desit
3358 4714 3374 4737 .
3419 4673 3523 4730 hoc
3545 4678 3621 4751 si-

2016 4742 2341 4821 gnificatur;
2371 4742 2923 4821 Christumpbjurgas
2947 4752 3219 4821 tamquam
3253 4759 3360 4799 non
3390 4759 3517 4800 vera
3537 4748 3619 4802 di-

2018 4812 2251 4880 centem,
2283 4816 2499 4871 Patrem
2521 4815 2703 4884 arguis
2730 4822 2789 4884 ut
2810 4812 2941 4867 falsa
2972 4812 3331 4881 proﬁtentem.

2097 4889 2170 4965 (j)
2209 4888 2313 4965 sex
2338 4900 2493 4951 mss.,
2520 4883 2711 4965 contra
2727 4883 2964 4965 pietatem
2990 4898 3014 4965 ς
3042 4892 3096 4965 et
3121 4900 3269 4965 mox,
3299 4888 3619 4965 commisceri,

2020 4954 2315 5019 loc‘d'verbi
2347 4957 2638 5013 committis.
2672 4954 2841 5011 Paulo
2885 4962 3007 5024 post
3048 4956 3101 5009 in
3138 4956 3299 5013 editis
3342 4954 3621 5017 desidera-'-

2019 5034 2178 5090 batur
2200 5032 2263 5086 de
2282 5047 2354 5086 se.

2094 5103 2172 5177 (lt)
2210 5099 2635 5177 Codexgbiartin.
2671 5112 2792 5177 eum
2821 5096 3001 5166 Colb.,
3032 5097 3412 5177 propter_ltanc
3443 5117 3621 5177 amen-

2024 5168 2282 5231 dalionem
2330 5171 2597 5241 falsitatis,
2644 5168 2791 5241 aliud
2832 5168 3041 5239 quoque’
3082 5168 3398 5241 metuas“
3446 5176 3661 5241 placet.

2022 5262 2144 5303 cum
2166 5245 2288 5300 aliis
2309 5239 2492 5314 praeter
2514 5242 2666 5314 lianc,
2688 5239 2809 5314 scil.
2834 5241 3072 5312 regulam
3096 5256 3164 5295 ex
3187 5239 3388 5314 Matth.
3405 5239 3501 5303 vit.
3525 5244 3619 5311 21,

2027 5319 2268 5390 petitam,
2299 5310 2403 5390 qua
2448 5321 2501 5368 te
2530 5312 2715 5366 falsam
2746 5310 3002 5382 pietatem
3030 5325 3093 5366 ac
3120 5310 3291 5365 solam
3333 5310 3624 5390 Christiani

2029 5383 2261 5445 nominis
2317 5383 2527 5440 larvam
2592 5392 2866 5437 ostentare
2940 5397 3300 5452 recognosco;
3365 5383 3506 5440 unde
3568 5395 3625 5444 et;

2027 5458 2257 5515 emendo
2283 5455 2426 5526 quod
2454 5456 2525 5526 de
2552 5463 2605 5508 te
2633 5453 2804 5526 prima
2834 5453 3010 5508 fronte
3037 5452 3314 5526 cogitatur.

2102 5530 2166 5599 (ι)
2204 5528 2260 5583 In
2296 5523 2418 5599 V'ms.
2468 5523 2644 5580 Colb.’
2684 5525 3021 5589 intrinsecus;
3052 5523 3105 5578 in
3159 5523 3372 5579 Martio.
3396 5567 3412 5594 ,
3442 5527 3583 5585 intus
3610 5547 3630 5588 :

2029 5598 2229 5659 omiSso
2248 5598 2312 5653 ab
2336 5598 2391 5652 in
2421 5606 2670 5667 utroque.

2101 5670 2197 5745 (ιιι)
2239 5670 2331 5728 Sic
2356 5668 2467 5726 duo
2490 5665 2729 5741 praedicti
2749 5665 2983 5724 codices.
3008 5665 3117 5722 Alii
3138 5680 3290 5734 vero,
3321 5672 3532 5743 rapacia
3559 5673 3640 5730 lu—

3101 5761 3179 5822 19
