4106 6192
303 262 411 322 589

308 468 422 525 lum
469 470 793 527 crudelitate
830 471 1166 544 pandentes,
1198 483 1580 545 prOtraxertmt
1623 471 1693 529 de
1721 471 1912 547 altario

310 562 646 619 sacerdotes.
678 563 882 620 Levius
905 574 954 621 te
978 574 1157 638 putas,
1191 568 1442 633 sceleste,
1470 566 1777 623 Judaeorum
1810 566 1912 622 im-

311 656 513 725 pietate
560 658 856 728 peccasse?
902 656 1226 715 Effuderunt
1257 660 1473 731 quidem
1519 660 1592 715 illi
1634 659 1911 715 Zachariae

310 747 667 817 sanguinem;
701 748 828 816 sed,
858 759 1117 822 quantum
1148 752 1201 806 in
1230 760 1281 807 te
1310 761 1412 818 est,
1441 751 1521 824 (α)
1551 766 1912 824 concorpora-

308 846 397 895 tos
442 837 663 897 Christo
708 858 738 897 a
778 841 992 899 Christo
1036 842 1318 900 discidisti.
1352 843 1570 902 Vertisti
1607 844 1679 917 (ὸ)
1714 844 1913 901 deinde

309 948 484 1004 usque
507 933 574 989 ad
606 933 833 991 Romam
856 936 1059 992 bellum
1090 947 1259 1005 tuum,
1291 939 1530 1009 eripuisti
1560 937 1711 993 illinc
1736 935 1911 1010 (Libe-

309 1024 470 1098 rium)
502 1027 813 1097 episcopum
842 1045 856 1084 :
883 1036 939 1084 et
960 1042 994 1084 ο
1025 1038 1075 1084 te
1103 1029 1381 1097 miserum,
1405 1030 1496 1102 qui
1527 1030 1710 1085 nescio
1735 1041 1911 1085 utrum

310 1117 520 1188 majore
552 1118 829 1189 impietate
850 1121 1195 1193 relegaveris,
1219 1138 1379 1195 quam
1428 1122 1741 1179 remiseris!
1767 1125 1912 1190 Quos

310 1216 370 1263 tu
396 1208 595 1265 deinde
621 1210 671 1264 in
694 1212 980 1268 ecclesiam
1004 1211 1328 1269 Tolosanam
1353 1213 1642 1271 exercuisti
1668 1213 1911 1270 furores!

308 1297 507 1355 Clerici
537 1300 763 1357 t'usﬁbus
801 1302 963 1371 orsi,
1010 1303 1263 1360 diacones
1308 1303 1527 1374 plumbo
1564 1306 1714 1373 elisi,
1758 1317 1809 1361 et
1858 1307 1911 1361 in

306 1388 512 1461 ipsum,
546 1402 603 1448 ut
632 1393 705 1467 (c)
734 1397 907 1452 sancti
938 1412 1148 1453 mecum
1177 1396 1512 1470 intelligunt,
1547 1398 1627 1471 (ιι)
1658 1400 1707 1454 in
1736 1400 1910 1469 ipsum

304 1484 590 1540 Christum
616 1500 807 1543 manus
829 1488 1028 1546 missae.
1054 1489 1200 1559 Haec,
1229 1488 1536 1558 Constanti,
1563 1493 1607 1547 si
1633 1506 1733 1563 ego
1758 1507 1910 1548 men-

306 1576 438 1644 tior,
468 1577 587 1635 ovis
611 1593 669 1636 es
698 1592 715 1635 :
746 1576 791 1637 si
821 1596 951 1638 vero
982 1588 1038 1638 tu
1068 1584 1301 1655 peragis,
1331 1583 1680 1639 antichristus
1704 1598 1783 1640 es.

386 1733 469 1806 (α)
487 1733 842 1812 Soluseodex
870 1736 1082 1793 Martin.
1114 1748 1577 1812 concorporatus...
1617 1740 1914 1807 discessisti,

307 1818 589 1876 corrupte.
621 1807 1027 1878 Concorporatos
1050 1821 1208 1868 vocat
1227 1807 1459 1866 Hilarius
1486 1812 1811 1876 sacerdotes.
1842 1813 1914 1867 ob

306 1892 518 1953 corpus
547 1879 755 1935 Domini
785 1881 926 1951 quod
957 1896 1021 1936 ex
1048 1882 1200 1936 altari
1228 1883 1528 1953 percipiunt
1554 1904 1566 1938 :
1596 1899 1625 1937 a
1653 1899 1759 1952 quo
1790 1898 1913 1937 cum

308 1948 661 2021 divelluntur,
708 1967 737 2006 a
786 1948 1003 2007 Christo
1030 1948 1260 2021 quodam
1310 1948 1470 2008 modo
1515 1948 1910 2010 discinduntur.

308 2019 497 2077 Altare
523 2023 893 2095 enimtinquit
918 2019 1167 2093 Optatos,
1199 2026 1289 2077 lib.
1316 2040 1389 2090 vi,
1418 2026 1562 2079 sedes
1591 2036 1663 2080 est
1685 2027 1915 2095 corporis

310 2103 363 2146 ct
392 2094 658 2163 sanguinis
682 2092 897 2149 Christi.
928 2092 1078 2150 Unde
1099 2106 1153 2150 et
1179 2103 1364 2150 contra
1391 2098 1641 2151 altarium
1666 2092 1918 2150 effracto-

311 2179 411 2218 res
438 2165 654 2231 subjicit
681 2183 693 2218 :
729 2164 867 2230 Quid
897 2184 982 2221 vos
1012 2165 1295 2233 oﬁ‘enderat
1323 2165 1588 2240 Christus.
1620 2171 1769 2240 cujus
1782 2167 1918 2240 _illic

313 2250 413 2305 per
452 2245 593 2307 certa
630 2246 880 2290 momenta
908 2254 1093 2307 corpus
1119 2249 1164 2291 et
1200 2241 1407 2307 sanguis
1450 2237 1753 2293 habitabat?
1780 2237 1915 2293 Tum

314 2320 419 2379 eos
452 2306 636 2379 Hilarii
666 2308 849 2379 _nostri
881 2323 1032 2363 more
1075 2324 1195 2362 eum
1226 2306 1425 2364 ludatis
1453 2324 1772 2379 comparans
1802 2312 1876 2363 ait
1902 2326 1918 2365 :

321 2376 447 2454 _oc_
471 2378 622 2454 modo
646 2377 861 2433 Iudaeos
889 2381 1012 2454 estis
1052 2381 1255 2434 imitati.
1299 2379 1386 2433 Illi
1414 2376 1699 2454 injecerttnt
1738 2397 1919 2454 manus

319 2448 529 2502 Christe
554 2450 607 2503 in
632 2466 818 2522 cruce;
845 2468 877 2503 a
901 2450 1039 2505 vobis
1063 2468 1331 2522 percussus
1350 2463 1424 2506 est
1455 2448 1507 2505 in
1532 2454 1706 2506 altari.
1738 2452 1923 2521 Neque

322 2534 455 2572 vero
509 2522 668 2574 ambo
711 2519 1020 2575 Judaeorum
1064 2519 1263 2576 sceleri
1324 2532 1468 2577 recte
1516 2519 1924 2589 comparassent

321 2591 649 2646 Arianorum
669 2592 1130 2647 Donatistarnmve
1151 2592 1378 2658 crimen,
1399 2595 1500 2648 nisi
1520 2610 1702 2650 verum
1727 2594 1923 2650 Christi

319 2676 528 2733 corpus
551 2679 616 2717 ex
644 2663 797 2717 altari
823 2664 989 2733 accipi
1015 2665 1389 2719 credidissent.

425 2732 479 2805 ὁ)
517 2733 688 2802 Quam
737 2734 1039 2794 malitiose.
1088 2751 1246 2805 quam
1289 2736 1584 2803 violenter,
1619 2736 1743 2790 vide
1785 2735 1927 2804 apud

320 2804 592 2876 Albanas.
623 2805 692 2859 ad
717 2806 857 2870 Sol.,
886 2821 937 2875 p.
962 2804 1213 2876 832,1:bi
1248 2816 1367 2876 post
1392 2809 1557 2860 multa
1587 2824 1600 2859 :
1629 2805 1790 2871 Coepit
1820 2817 1928 2859 tum

320 2872 502 2949 Roma
556 2872 960 2949 experimentum
1004 2875 1197 2931 Christi
1248 2872 1605 2946 perduellium.
1682 2876 1929 2949 Cognovit

323 2948 569 3013 tandem,
596 2948 732 3017 quod
772 2960 923 3003 antea
949 2965 1054 3003 non
1077 2949 1344 3017 credebat,
1374 2951 1632 3019 quomodo
1673 2948 1931 3003 Ecclest'as

320 3019 387 3072 in
415 3021 633 3092 singulis
658 3020 869 3074 urbibus
895 3020 1260 3075 devastassent.

406 3088 601 3160 (c)'lta
629 3106 760 3147 mss.
807 3094 875 3146 At
901 3092 1067 3155 editi,
1096 3100 1153 3145 ut
1183 3091 1507 3148 sanctissimi.
1541 3092 1712 3146 Antea
1742 3091 1792 3144 in
1823 3104 1923 3145 ms.

324 3160 456 3234 Vat.
488 3163 628 3226 bas,
660 3174 705 3217 et
731 3164 907 3234 iittpie,
933 3179 1039 3218 non
1061 3166 1184 3234 etin
1204 3164 1396 3234 ipsum.

408 3232 487 3306 (τι)
523 3234 579 3288 In
607 3249 740 3290 mss.
769 3232 992 3306 iMartin.
1020 3246 1075 3290 et
1094 3232 1276 3299 Colit},
1303 3235 1359 3289 in
1384 3232 1640 3291 Christum
1668 3233 1935 3304 gentilium

542 3307 733 3362 missa.
762 3305 822 3359 In
848 3307 969 3361 aliis
997 3322 1211 3376 quoque
1237 3323 1340 3362 non
1375 3305 1636 3374 repetitur
1662 3309 1715 3359 in
1738 3306 1930 3376 ipsum.

323 3375 465 3430 Haec
491 3389 605 3442 post
630 3378 993 3432 Biterrensem
1019 3375 1299 3446 synodum
1331 3384 1633 3446 perpetrata
1658 3391 1780 3431 esse
1808 3375 1931 3429 uul-

324 3446 448 3501 lum
472 3447 585 3503 fere
603 3448 825 3505 dubium
849 3458 952 3502 est.
980 3445 1111 3516 Quis
1137 3463 1266 3503 vero
1287 3448 1373 3502 ille
1395 3445 1665 3509 Christus,
1689 3447 1741 3501 in
1774 3462 1937 3516 quem

324 3533 533 3573 nrauus
576 3520 790 3575 missae?
818 3518 935 3574 Non
964 3530 1113 3574 certe
1157 3518 1465 3582 Rodanius,
1496 3521 1585 3587 qui
1631 3518 1852 3572 Biterris
1878 3518 1931 3572 in

325 3590 590 3645 exsilium
635 3590 873 3662 ejectus,
917 3590 984 3646 ad
1014 3590 1299 3662 ecclesiam
1328 3604 1479 3644 suam
1528 3589 1704 3662 redire
1733 3602 1934 3658 nequa-

326 3675 502 3732 quam
542 3660 840 3732 permissus
883 3674 982 3717 est.
1013 3660 1319 3716 Vehemens
1364 3661 1599 3730 suspicio
1639 3671 1721 3715 est
1762 3661 1932 3728 ipsum

331 3731 608 3788 Christum
669 3735 848 3789 vocari
896 3733 1198 3789 veneranda
1252 3734 1497 3801 corporis
1547 3741 1604 3787 et
1655 3731 1933 3796 sanguinis

327 3803 539 3858 Christi
568 3813 939 3871 sacramenta;
968 3804 1217 3867 idemque
1251 3802 1335 3857 hic
1361 3818 1513 3869 esse,
1548 3814 1600 3856 ut
1634 3804 1796 3856 sancti
1824 3816 1930 3854 me-

327 3889 455 3928 cum
479 3875 791 3947 intelligunt.
819 3876 961 3946 quod
988 3875 1109 3930 aliis
1133 3874 1403 3947 Patribus,
1428 3876 1517 3928 ubi
1540 3874 1607 3928 de
1628 3873 1819 3927 iisdem
1846 3888 1935 3924 sa-

329 3948 630 4002 cramentis
649 3963 957 4004 sermonem
980 3947 1177 4003 habent
1197 3946 1630 4009 reconditiorem,
1662 3947 1933 4013 vulgatum

332 4016 495 4082 illud,
526 4016 731 4073 Norant
758 4020 953 4087 ﬁdeles.

408 4088 486 4159 te)
524 4085 764 4145 Verbum
778 4091 937 4153 dicta,
958 4088 1097 4160 apud
1124 4088 1240 4150 Er..
1264 4087 1490 4160 Lips._ct
1507 4085 1927 4160 Panomissum,

328 4157 624 4214 revocatur
646 4176 715 4216 es
741 4160 873 4217 Bari.
902 4170 958 4216 et
988 4157 1196 4227 septem
1233 4157 1363 4214 mss.
1394 4158 1529 4212 Hznc
1572 4159 1720 4226 prius
1746 4157 1934 4211 malle-

329 4245 462 4284 mus
490 4231 770 4299 ntalediea,
798 4234 950 4302 juxta
982 4232 1112 4285 illud
1142 4247 1289 4286 num.
1322 4231 1355 4285 6
1382 4247 1395 4283 :
1430 4228 1490 4284 Si
1521 4232 1655 4300 falsa
1680 4229 1929 4295 dicimus,

326 4302 548 4373 infamis
571 4306 635 4357 sit
654 4320 819 4359 sermo
850 4304 1151 4358 maledicus.

410 4393 703 4476 (f)__l£diti.,
737 4397 799 4476 de
838 4397 916 4450 his
925 4395 1126 4469 judicct
1154 4393 1408 4467 quomodo
1434 4394 1487 4447 in
1516 4408 1570 4446 se
1588 4390 1931 4465 judicaudmn

330 4474 413 4521 αι
435 4466 459 4520 ."
478 4466 860 4523 dissidentibus
890 4466 1019 4521 niss.

1116 266 1324 327 LIBER
1361 259 1642 327 CONTRA
1676 258 2161 324 CONSTANTIUM
2199 257 2719 317 IMPERATOREM.

306 383 434 433 runt
463 384 650 433 saneta
675 362 985 435 sa'nctorum
1005 421 1019 445 ,
1048 388 1103 435 et
1134 380 1276 435 viam
1307 380 1406 436 sibi
1437 380 1582 436 omni
1606 394 1704 450 per
1735 393 1906 450 ponu-
1937 384 1989 448 Α

3503 264 3610 325 59d

2088 373 2177 430 12.
2210 372 2289 427 De
2328 371 2578 429 Seleucia:
2615 372 2832 444 synodo.
2867 403 2937 413 —-
2963 370 3115 431 Nunc
3156 376 3279 445 quia
3311 375 3424 433 haec
3447 420 3461 444 ,
3495 394 3615 451 qua:

2014 468 2340 526 conscientia
2382 467 2595 537 publica
2629 469 2789 542 572
2818 476 3089 537 tenentur,
3120 484 3227 526 non
3265 472 3435 543 magis
3466 488 3493 525 a
3527 489 3615 531 me

2016 564 2300 620 maledicta
2328 574 2453 619 sunt
2479 564 2550 636 (ρ)
2579 563 2719 619 dicta
2748 579 2905 634 quam
2941 580 3097 631 vera;
3130 566 3174 620 si
3199 566 3284 621 cui
3315 564 3367 620 in
3397 565 3617 624 Christo

2014 659 2221 730 reliqua
2246 673 2372 728 spes
2395 666 2508 723 est,
2540 658 2584 713 si
2611 659 2732 728 quis
2765 658 2950 728 judieii
2982 658 3125 714 diem
3167 660 3384 727 metuit,
3418 660 3463 715 si
3493 662 3613 731 quis

2013 749 2228 804 diabolo
2256 749 2617 815 renuntiavit,
2654 748 2697 802 si
2724 748 2845 817 quis
2871 763 2930 802 se
2962 754 3335 819 regeneratum
3368 750 3421 805 in
3448 752 3612 807 vitam

2015 839 2353 905 recordatur,
2381 838 2609 909 accipiat
2638 853 2756 909 qute
2786 838 2932 903 dico,
2964 848 3019 895 et
3068 838 3135 911 (ί)
3164 839 3235 895 de
3282 841 3365 896 his
3388 841 3612 911 judicio,

2015 948 2123 1002 quo
2152 934 2204 987 in
2236 947 2293 987 se
2319 930 2668 1001 iudicandum
2700 940 2811 999 est,
2837 930 3061 1001 judicct.
3093 934 3224 999 Quae
3253 932 3397 988 enim
3441 935 3619 991 dictu-

2016 1039 2109 1080 rus
2137 1040 2256 1080 sum
2277 1066 2293 1092 ,
2325 1039 2431 1079 non
2475 1024 2695 1079 aliunde
2736 1022 2967 1093 cognovi
2994 1040 3007 1077 :
3039 1024 3133 1079 sed
3180 1025 3295 1093 ipse
3322 1025 3532 1095 audivi,
3567 1037 3622 1084 et

2016 1133 2258 1189 prteseus
2286 1117 2434 1175 adfui
2461 1134 2583 1174 cum
2604 1118 2947 1190 gerebantur.
2979 1119 3036 1174 In
3061 1118 3278 1175 Christo
3303 1122 3484 1192 itaque
3510 1138 3615 1177 non

2017 1210 2272 1276 mentior,
2306 1212 2428 1282 quia
2474 1209 2769 1279 discipulus
2801 1210 2878 1281 (g)
2909 1213 3188 1277 veritatis,
3222 1217 3377 1270 testis
3406 1229 3620 1286 quoque

2020 1318 2163 1361 nunc
2186 1304 2447 1360 veritatis.
2470 1305 2678 1360 Assisto
2706 1304 2813 1375 (die
2836 1304 2907 1359 27
2936 1306 3083 1376 Sept.
3107 1322 3197 1361 an.
3224 1305 3353 1380 559)
3371 1308 3621 1365 Orienta-

2019 1395 2149 1451 lium
2177 1395 2231 1450 in
2257 1395 2502 1452 Seleucia
2534 1396 2767 1468 synodo,
2798 1396 2885 1453 ubi
2914 1398 3090 1469 reperi
3125 1408 3330 1455 tantum
3362 1400 3619 1473 blasphe-

2018 1504 2263 1556 morum,
2290 1499 2548 1561 quantum
2593 1488 2907 1546 Constantio
2936 1491 3199 1562 placebat.
3226 1493 3365 1549 Nam
3396 1494 3474 1566 (h)
3508 1496 3620 1565 prio

2018 1598 2107 1640 ma
2153 1586 2461 1641 secessione
2510 1585 2565 1639 in
2604 1598 2667 1640 ea
2717 1586 2779 1656 (i)
2828 1584 3202 1656 deprehendi,
3276 1598 3333 1643 ut
3403 1594 3621 1644 centum

1948 1741 1998 1803 B
2023 1743 2189 1813 prima
2228 1742 2511 1813 secessione
2539 1757 2682 1805 mea,
2712 1741 2798 1796 vel
2838 1742 2895 1795 in
2922 1757 3014 1809 ea;
3045 1753 3338 1812 utrumque
3375 1748 3525 1803 enim
3572 1749 3624 1804 in

2022 1812 2159 1869 mss.
2188 1828 2292 1867 non
2327 1812 2483 1867 aliter
2523 1814 2776 1882 pingitur.
2809 1813 2888 1868 Ex
2920 1830 3027 1883 quo
3056 1816 3291 1871 efﬁcitur
3322 1833 3512 1874 sensus
3540 1837 3628 1876 re-

2019 1900 2136 1961 rum
2175 1893 2444 1961 gestarum
2475 1884 2954 1961 veritatiAprorsus
2981 1889 3348 1943 consentiens.
3382 1889 3628 1961 Namque

2023 1952 2198 2020 primo
2222 1955 2309 2010 die
2346 1952 2599 2009 Acaciani
2627 1968 2655 2007 a
2686 1952 2926 2009 Concilio
2951 1970 3310 2023 secesserant,
3341 1960 3421 2014 uti
3447 1952 3630 2018 narrat

2021 2027 2295 2089 Socrates,
2328 2024 2419 2078 lib.
2442 2040 2499 2087 ιι,
2529 2039 2577 2079 c.
2611 2025 2700 2080 '59.
2724 2024 2860 2079 Tum
2889 2027 2988 2081 hac
3012 2028 3321 2085 secessione
3345 2030 3483 2085 facta
3511 2033 3623 2088 dis-

2020 2097 2295 2173 criminari
2351 2095 2797 2173 ac__dinutnerari
2844 2111 3125 2173 creperum
3163 2102 3260 2173 qui
3315 2102 3403 2156 uni
3454 2105 3626 2173 parti,

2060 2170 2181 2239 uive
2212 2166 2754 2239 alteriadltmrerent;
2780 2169 2925 2239 quod
2957 2169 3118 2223 etiam
3146 2166 3496 2239 Athanasius,
3531 2166 3624 2230 lib.

2060 2185 2181 2222 Utve
2212 2185 2754 2231 attertaunmrerent;
2787 2185 2925 2235 quou
2957 2185 3118 2223 etiam
3146 2185 3496 2239 AlltttltaSlth',
3531 2185 3624 2230 ltl).

2022 2185 2092 2293 3e
2112 2238 2344 2312 Synod,
2368 2252 2418 2312 ι)ἶ
2444 2236 2571 2303 881,
2605 2244 2757 2312 notat
2780 2236 2863 2312 his
2888 2241 3067 2312 verbis
3095 2258 3105 2293 :
3138 2241 3322 2312 Postea
3344 2246 3629 2299 secessione

2025 2308 2169 2383 facta
2189 2308 2423 2383 disscissi
2434 2319 2578 2383 sunt,
2602 2309 3023 2383 aliiqueAcacio,
3052 2311 3144 2365 sed
3168 2314 3319 2379 pauci
3343 2325 3387 2368 et
3408 2318 3631 2383 suspecti

2024 2380 2321 2444 adhtesere;
2473 2394 2612 2446 ttero,
2643 2380 2729 2447 qui
2755 2381 2901 2433 illum
2940 2383 3280 2456 reliquerant,
3310 2380 3506 2456 magno
3535 2404 3632 2441 nu-

2027 2468 2165 2506 mero
2186 2456 2347 2523 fuere.
2377 2452 2533 2525 lianc
2546 2460 2729 2525 autem
2755 2451 3119 2525 secessionem
3143 2454 3373 2510 Hilarius
3396 2451 3627 2525 primam

2032 2521 2334 2595 nuncupat;
2368 2521 2491 2589 quia
2522 2521 2681 2595 iidem
2715 2522 2985 2595 tertiodie
3012 2521 3207 2578 Leonte
3238 2521 3408 2595 Opera
3430 2543 3630 2585 convc-

2029 2593 2242 2647 nicntes
2269 2594 2319 2645 in
2353 2607 2547 2661 unum,
2580 2593 2755 2645 denuo
2798 2593 2953 2647 unius
2987 2596 3156 2661 partis
3187 2593 3494 2653 secessione
3523 2601 3632 2656 dis-

2025 2664 2196 2734 juncti
2218 2670 2369 2736 sunt.
2412 2659 2596 2736 Neque
2625 2662 2769 2736 enim
2800 2662 2909 2729 hic,
2945 2659 3001 2717 ut
3032 2667 3274 2721 nonnulli
3306 2676 3522 2736 putant,
3562 2672 3630 2725 de

2030 2733 2265 2808 secunda
2291 2733 2601 2808 secessione
2632 2733 2894 2802 loquitur;
2924 2748 3043 2808 cum
3072 2743 3259 2808 postea
3290 2733 3476 2793 narret
3504 2733 3628 2808 quid

2032 2804 2121 2876 die
2144 2805 2301 2860 tertio
2324 2814 2534 2876 gestum
2558 2804 2647 2876 sit,
2678 2818 2784 2872 quo
2809 2806 3030 2876 contigit
3057 2807 3228 2861 altera
3253 2808 3340 2862 illa
3365 2804 3627 2867 secessio.

2032 2875 2072 2930 li
2110 2876 2246 2949 ipsi,
2303 2875 2541 2949 priorum
2587 2874 2883 2929 editionum
2925 2874 3057 2930 falsa
3100 2877 3337 2949 lectione
3380 2880 3629 2949 adducti,

2035 2944 2350 3001 existimant
2391 2944 2650 3021 Hilarium
2697 2954 2824 3021 ante
2867 2961 2894 2999 a
2940 2948 3174 3004 concilio
3216 2965 3276 3005 se
3317 2944 3628 3021 recepisse,

2035 3033 2197 3091 quam
2218 3030 2407 3071 omnes
2432 3017 2484 3069 in
2516 3032 2677 3091 unum
2699 3032 2735 3091 ξι
2764 3016 2945 3091 Leonta
2971 3016 3456 3091 congregarentur.
3472 3016 3629 3091 Quod

2037 3086 2362 3143 conﬁrmant
2388 3101 2464 3162 ex_
2485 3088 2675 3162 verbis
2694 3086 2976 3162 Socratis.
3011 3086 3102 3144 lib.
3135 3086 3202 3154 tt,
3234 3106 3285 3146 c.
3313 3093 3407 3159 40,
3436 3086 3631 3162 quibus

2037 3168 2407 3215 memorantur
2429 3157 2675 3232 dcacitmi
2697 3159 2773 3232 ad
2793 3160 3069 3214 concilium
3094 3176 3359 3216 occurrere
3386 3157 3629 3232 uoluisse,

2035 3247 2098 3307 ea:
2121 3229 2664 3307 corwentztejiciendos
2694 3230 2838 3307 prius
2866 3232 3224 3307 esse‘direntes
3243 3275 3256 3297 ,
3290 3245 3395 3288 tum
3425 3250 3509 3290 eos
3546 3229 3634 3307 qui

2025 3304 2140 3373 jam
2166 3312 2318 3357 antea
2345 3299 2592 3373 depositi,
2622 3310 2730 3353 tum
2754 3300 2877 3373 illos
2902 3303 2989 3369 qui
3017 3304 3070 3356 in
3098 3307 3370 3372 praesentia
3407 3299 3636 3361 accusati

2034 3370 2199 3439 erant,
2228 3375 2399 3441 iisque
2420 3370 2638 3425 tandem
2661 3372 2894 3441 egressis
2915 3370 3229 3428 accessisse.
3254 3376 3321 3430 At
3344 3392 3411 3431 eo
3437 3378 3489 3431 in
3513 3376 3634 3433 loco

2034 3458 2142 3499 non
2167 3445 2241 3498 ait
2272 3444 2522 3514 Socrates
2567 3457 2817 3514 egressiis
2843 3458 2963 3497 esse
2991 3446 3081 3514 qui
3126 3445 3331 3501 dudum
3361 3457 3514 3503 erant
3540 3449 3632 3504 ab-

2033 3514 2197 3570 dicati
2211 3532 2236 3589 _:
2272 3513 2397 3577 sed,
2430 3511 2509 3589 Ii,
2539 3511 2743 3589 inquit,
2776 3514 2862 3581 qui
2892 3515 2944 3589 in
2968 3511 3159 3589 crimen
3199 3520 3362 3589 uocati
3387 3519 3628 3589 fuerant,

2032 3586 2222 3657 egressi
2266 3594 2420 3649 sunt;
2465 3583 2709 3657 Acaciani
2750 3599 2867 3657 vero
2896 3586 3155 3641 introiere.
3206 3583 3408 3642 Hilario
3450 3583 3630 3646 autem

2034 3654 2244 3711 nullum
2273 3658 2477 3727 crimen
2509 3654 2777 3727 obiectum
2822 3656 3015 3709 fuerat.
3064 3658 3265 3713 Deinde
3294 3659 3413 3727 quis
3443 3663 3631 3715 credat

2033 3742 2156 3783 eum
2184 3743 2213 3780 a
2242 3726 2475 3781 concilio
2502 3726 2806 3791 extiulsum,
2835 3739 2954 3780 cum
2980 3729 3163 3781 Statim
3187 3728 3257 3783 ab
3297 3726 3468 3794 initio,
3508 3731 3629 3786 Sul-

2033 3799 2177 3869 picio
2206 3806 2362 3861 teste,
2393 3796 2488 3869 lib.
2520 3810 2556 3849 tt
2583 3836 2598 3860 ,
2632 3794 2887 3869 Exposita
2907 3796 3017 3869 fide
3036 3814 3127 3852 sua
3156 3799 3209 3851 in
3238 3802 3525 3855 societatem
3551 3818 3606 3856 re

2033 3867 2210 3938 ceptus
2244 3868 2572 3938 Concilioque
2598 3868 2828 3938 adscitus
2872 3867 2973 3938 sit?
2997 3869 3131 3923 Cum
3171 3868 3333 3924 etiam
3381 3875 3621 3927 omnium

2033 3936 2467 4011 benevolentiam
2510 3936 2611 3992 sibi
2656 3936 2755 4011 ιω-
2775 3937 3075 4011 conciliarit
3096 3950 3201 4011 ,ut
3233 3942 3313 3996 vel
3346 3943 3446 4011 ipsi
3474 3941 3622 3998 Ano-

2033 4012 2160 4066 mtni
2191 4025 2284 4065 sua
2328 4009 2379 4063 ci
2423 4021 2579 4062 aenea
2619 4007 2954 4063 conﬁdenter
2983 4010 3279 4078 aperirent.
3322 4007 3404 4067 Nil
3448 4015 3626 4079 itaque

2033 4083 2209 4153 cogit,
2244 4089 2300 4134 ut
2325 4095 2447 4133 eum
2493 4094 2520 4130 a
2559 4080 2792 4153 concilio
2821 4082 3111 4153 recessisse
3138 4082 3483 4137 arbitremur.
3520 4085 3629 4141 Ne-

2033 4150 2139 4227 que
2185 4161 2468 4227 prepterea
2515 4150 2854 4227 sentiendum
2893 4160 3005 4227 est,
3037 4151 3210 4222 ipsum
3242 4165 3334 4207 aut
3373 4157 3627 4227 Egyptios

2034 4219 2317 4294 episcopos
2357 4222 2405 4294 ei
2452 4222 2737 4294 conventui
2781 4219 3121 4294 interfuisse,
3165 4228 3215 4277 in
3248 4239 3353 4293 quo
3397 4219 3626 4282 fin-mula

2034 4292 2336 4349 Antiochia:
2377 4292 2431 4346 in
2483 4293 2748 4346 Encasniis
2787 4292 2927 4364 edita
2977 4292 3464 4364 subscriptiouibus
3512 4308 3625 4353 rata

2033 4364 2172 4421 facta
2196 4375 2316 4420 est:
2349 4365 2588 4434 privatus
2618 4366 2760 4417 enim
2792 4362 2889 4417 fuit
2916 4364 3006 4418 ille
3032 4362 3350 4433 conventus,
3375 4378 3433 4423 et
3459 4384 3525 4424 ex
3556 4371 3623 4425 iis

2033 4438 2165 4493 solis
2191 4438 2455 4500 constitit,
2483 4434 2574 4504 qui
2604 4435 2939 4489 homteusion
2966 4435 3347 4493 defendebant.

1046 4537 1331 4607 discipulus
1351 4535 1576 4612 veritatis
1599 4535 1780 4612 assist
1803 4549 1822 4588 :
1850 4533 1930 4612 l_o-
1954 4511 2009 4571 Β
2107 4538 2168 4612 (i)
2210 4536 2441 4612 Exeusi,
2476 4535 2790 4612 deprehendi
2829 4546 2881 4588 ut
2911 4534 3169 4612 Christum
3197 4535 3394 4612 desunt
3423 4550 3624 4593 centum

330 4606 711 4665 cns't'nutilus.
747 4607 1098 4665 Restauratur
1125 4606 1192 4663 ex
1232 4623 1359 4663 mss.
1399 4606 1514 4659 Vat.
1548 4606 1686 4671 bas.,
1717 4606 1926 4659 Martin.

331 4688 399 4735 et
422 4678 578 4735 Coll).
612 4682 712 4736 hoc
737 4695 900 4755 Sensit
932 4698 944 4733 :
978 4683 1099 4751 quia
1144 4695 1205 4755 ιιιΔ
1234 4679 1527 4755 discipulus
1547 4677 1823 4755 veritatis,
1860 4678 1931 4732 ita

331 4762 490 4829 nunc
519 4767 731 4824 quoque
757 4751 912 4829 testis
949 4749 1064 4807 sum
1095 4749 1365 4806 veritatis!
1387 4754 1492 4805 Aut
1518 4749 1561 4829 si
1600 4750 1818 4829 verbum
1850 4763 1935 4829 as-

330 4825 471 4879 siste
500 4820 663 4881 niatet
690 4826 811 4895 quis
844 4833 1164 4880 connectere
1208 4838 1328 4895 cum
1372 4820 1768 4895 superioribus;
1811 4820 1933 4895 quia

330 4902 469 4971 ροβε
496 4888 743 4971 sequitur
785 4896 870 4971 ubi
899 4900 1063 4971 reperi
1106 4911 1210 4950 non
1256 4893 1341 4971 ubi
1386 4888 1582 4961 reperio
1606 4888 1934 4971 glegend‘um

331 4959 543 5037 deinde
566 4959 668 5021 erit
692 4982 815 5023 cum
836 4959 1045 5021 duot'ius
1075 4967 1360 5037 postremis
1387 4959 1513 5017 mss.
1530 4980 1574 5037 _:_
1600 4959 1938 5037 Orientalium

329 5040 403 5095 in
432 5036 927 5110 Scleuciasgnodum
944 5032 1127 5110 reperi,
1163 5036 1270 5110 ubi,
1301 5046 1495 5110 tantum
1518 5032 1932 5110 Elatia/tentarunt

332 5103 723 5184 emanantuiu,
747 5120 851 5184 ett:
878 5103 1207 5184 Quamquam
1235 5109 1326 5163 lib.
1355 5122 1416 5184 ιιι
1431 5106 1497 5159 de
1517 5103 1736 5167 Trinit.,
1760 5120 1811 5184 n_.

326 5174 480 5253 ,δαί
507 5174 731 5253 legimus
762 5198 774 5233 :
807 5174 1243 5249 Dominus-ﬁdem
1282 5178 1674 5253 conﬁrmaturus
1696 5174 1933 5253 assistit,

334 5243 602 5324 ptinendi
632 5253 861 5326 corporis
887 5263 936 5306 et
959 5243 1303 5307 contrectandi
1323 5243 1543 5326 uulneris
1570 5246 1746 5300 obtulit
1774 5243 1936 5326 facul-

335 5320 507 5377 mea
532 5340 551 5379 :
581 5323 673 5379 ubi
720 5320 928 5394 tempus
972 5337 1211 5393 prtcsens
1254 5323 1473 5394 assistit,
1511 5320 1577 5394 _in
1618 5320 1938 5372 narrationis

336 5394 597 5465 eisdem
625 5396 768 5453 serie
796 5392 995 5466 eitcipit
1024 5395 1349 5464 przeteritum
1379 5392 1579 5447 obtulit.

426 5475 503 5548 (lt)
543 5474 602 5533 In
634 5478 880 5549 vulgatis,
930 5486 1062 5553 post
1087 5478 1412 5553 secessionem
1441 5487 1621 5553 meum:
1654 5466 1759 5553 Pro
1791 5473 1938 5553 [3.93.13

341 5535 546 5606 omnes
565 5535 785 5607 omnim)
811 5535 940 5607 mss:
976 5547 1180 5621 habent
1210 5548 1467 5621 primum:
1495 5558 1557 5597 ac
1585 5535 1937 5621 deilllle.Tell.

342 5625 724 5680 successionem
754 5636 936 5688 meam,
967 5619 1096 5679 Silv.
1131 5611 1402 5673 sessionem
1425 5617 1475 5670 in
1501 5630 1558 5669 ea
1570 5629 1590 5680 ;
1614 5611 1836 5691 reliqui,
1867 5623 1944 5689 se-

345 5697 634 5750 cessionem
658 5712 838 5750 meant.
871 5680 1147 5764 Eipuncta
1169 5691 1340 5764 littera
1362 5704 1431 5754 nt,
1456 5699 1573 5764 qua:
1596 5680 1946 5764 veteribus‘in

347 5765 513 5824 libris
554 5768 610 5825 in
655 5767 760 5824 line
798 5752 1083 5822 verborum
1126 5752 1426 5832 saepissime
1470 5752 1737 5819 abundat,
1778 5758 1950 5808 restat

2031 4621 2080 4666 et
2106 4606 2328 4680 quinque
2355 4607 2582 4680 episcOpi
2608 4606 2912 4679 ὁμοιούσιον.
2942 4608 2997 4660 id
3021 4619 3122 4671 est,
3158 4609 3421 4662 dissimilis
3455 4627 3625 4665 essen—

2034 4679 2137 4743 titc,
2156 4681 2352 4735 additis
2368 4679 2705 4746 quibusdam,
2731 4680 2970 4746 pluribus
2988 4681 3229 4733 omissis:
3254 4690 3626 4741 resmurantur

2036 4768 2101 4807 ex
2127 4766 2254 4805 mss.
2282 4748 2544 4803 Vaticana:
2575 4748 2827 4811 basilice,
2855 4748 3171 4801 Martiniano
3198 4761 3250 4803 et
3273 4751 3580 4807 Colliet'tino
3605 4769 3619 4807 :

2037 4839 2157 4877 cum
2200 4837 2228 4874 a
2253 4821 2461 4874 caeteris
2495 4820 2654 4873 etiam
2697 4818 2834 4873 absit
2863 4816 3123 4871 Christum
3150 4818 3348 4873 Jesuiu.
3374 4819 3626 4878 Testatur

2038 4893 2252 4963 quidem
2283 4893 2557 4963 Socrates,
2588 4889 2677 4941 lib.
2711 4904 2768 4953 ιι,
2804 4905 2852 4963 c.
2881 4886 2971 4953 59,
2999 4903 3028 4941 a
3058 4902 3205 4963 parte
3236 4892 3621 4963 Anomteorum

2040 4960 2254 5019 stetisse
2277 4962 2488 5032 triginta
2510 4970 2740 5032 quatuor
2765 4960 3066 5032 episcopos,
3096 4960 3425 5029 Epiphanius
3448 4972 3626 5019 autem

2041 5034 2174 5090 hzer.
2202 5030 2432 5097 ιιιιιιζιι.
2460 5030 2551 5103 ‘26.
2583 5039 2690 5103 tres
2715 5045 2878 5103 supra
2896 5030 3241 5100 quadraginta
3274 5049 3286 5085 :
3316 5034 3409 5087 sed
3439 5037 3630 5103 majori

2042 5105 2146 5160 tide
2176 5105 2367 5174 dignus
2398 5110 2480 5157 est
2510 5101 2738 5174 Hilarius
2763 5100 2914 5174 testis
2937 5103 3198 5174 oculatus,
3226 5103 3436 5158 favente
3461 5100 3633 5159 Atha-

2043 5170 2349 5241 nasioflib.
2392 5175 2462 5244 de
2498 5172 2728 5244 Synod,
2775 5186 2827 5242 p.
2855 5170 2982 5244 88l,
3032 5172 3120 5226 ubi
3149 5177 3365 5228 eosdem
3407 5188 3634 5232 munero

2046 5262 2243 5318 paucos
2288 5242 2558 5318 exstitisse
2607 5242 2813 5318 scribit.
2864 5242 2976 5318 lino
3023 5244 3288 5318 Socrates,
3318 5244 3383 5298 ad
3441 5248 3628 5302 Hilarii

2043 5313 2363 5373 sententiam
2391 5314 2619 5382 quodam
2650 5315 2808 5369 modo
2836 5315 2993 5377 redit,
3022 5330 3071 5368 c.
3115 5313 3216 5382 40,
3261 5316 3386 5370 dum
3411 5320 3632 5375 nomina

2045 5405 2230 5445 eorum
2273 5400 2587 5449 recensens,
2637 5401 2770 5453 quos
2817 5400 2937 5454 pars
2977 5386 3256 5441 Acacianis
3287 5386 3510 5441 adversa
3543 5399 3637 5442 aut.

2046 5462 2113 5516 ab
2136 5462 2465 5530 cpiscOpatu,
2490 5466 2579 5509 aut
2600 5470 2631 5509 a
2651 5455 3031 5530 communione
3053 5472 3146 5510 sua
3172 5458 3419 5524 removit,
3441 5474 3632 5515 novem

2047 5529 2323 5599 depasitos
2347 5529 2614 5591 nominat,
2648 5529 2977 5599 totidemque
3005 5540 3158 5599 extra
3196 5534 3631 5587 communionem

2047 5596 2233 5659 factos.
2266 5602 2433 5674 Porro
2447 5607 2642 5674 _totum
2686 5596 2974 5674 concilium
2999 5596 3339 5674 Δᾼιιριιειςήιιε
3366 5604 3637 5674 episcopis

2049 5674 2265 5730 circiter
2288 5670 2413 5736 160,
2442 5670 2693 5741 socrates
2714 5669 2933 5725 delinite
2955 5668 3081 5737 160,
3106 5668 3483 5731 Thcodorctus
3511 5668 3638 5741 150,

2049 5743 2360 5802 constitisse
2386 5738 2625 5801 tradunt.
