4106 6192
494 235 598 291 591

1697 222 1943 281 SANCTI
1982 220 2242 279 HlLARIl
2283 217 2590 278 El‘lSCOPl

3339 182 3417 189 ,οςᾼ

3691 211 3797 269 592

497 358 552 404 ct
588 347 825 419 quinque
865 344 1104 417 episcopi
1137 339 1477 399 bomoeusion
1500 382 1513 405 ,
1548 339 1599 393 id
1641 346 1757 406 est,
1786 337 1977 394 similis
2003 353 2093 393 cs-
2123 341 2170 400 Α
2198 338 2244 393 0
2273 338 2497 393 miseras
2524 348 2685 390 aures
2709 346 2878 401 meas,
2900 346 3021 404 qum
3045 340 3151 387 tam
3175 329 3401 387 funesta:
3428 327 3577 384 vocis
3602 340 3798 419 sonum

496 442 687 496 sentire
713 439 1090 510 praedicarent,
1113 445 1170 492 et
1190 436 1376 491 decem
1404 442 1459 490 et
1481 448 1673 489 novem
1698 432 2095 497 anommusion,

494 530 548 586 id
606 541 691 587 est
741 529 1018 584 dissimilis
1072 528 1363 593 essentia),
1430 523 1827 594 proﬁterentur,
1883 533 1940 578 et
1994 523 2095 577 soli

496 623 733 694 Aigyptii
761 630 958 692 pra:tcr
979 619 1402 675 Alexandrinum
1433 616 1743 673 haereticum
1771 614 2096 687 (Georgium)

497 712 818 769 bomousion
845 708 1282 766 constantissime
1312 708 1637 764 obtinerent.
1672 706 1830 779 573
1858 704 2098 775 Cogcnte

456 804 736 878 -(Concilii
779 804 836 860 ὅθ
879 803 985 876 die)
1053 804 1231 874 itaque
1278 801 1458 857 Leona
1524 799 1765 867 Comite,
1830 800 1881 853 in
1930 814 2095 853 unum

495 913 685 954 omnes
713 896 789 970 (a)
816 900 1128 968 congregati
1168 904 1314 952 sunt.
1348 896 1426 951 Ex
1470 895 1582 961 his,
1622 894 1716 963 qui
1755 893 2096 949 bomoeusion

497 992 885 1064 praedicabant,
910 993 1077 1065 aliqui
1098 992 1355 1048 nonnulla
1380 992 1469 1063 pie
1488 991 1672 1047 verbis
1696 990 2094 1062 praeferebant:

488 1086 633 1158 quod
662 1096 717 1142 et
740 1102 811 1143 ex
840 1088 950 1143 Deo
974 1094 1139 1152 esset,
1174 1086 1224 1142 id
1248 1093 1354 1151 est,
1380 1085 1449 1140 de
1478 1085 1783 1139 substantia
1813 1082 1906 1139 Dei
1931 1083 2094 1151 ﬁlius,

486 1188 544 1235 et
571 1194 787 1249 semper
828 1177 1039 1234 fuisset.
1081 1178 1182 1247 Qui
1211 1192 1342 1233 vero
1378 1177 1453 1248 (b)
1489 1176 1866 1232 anommusion
1905 1174 2095 1230 defen-

486 1273 710 1340 debant,
743 1271 877 1326 nihil
906 1272 1009 1328 nisi
1039 1270 1475 1343 profanissimum
1500 1270 1819 1327 asserebant
1850 1286 1863 1324 :
1895 1284 2098 1339 negan-

490 1376 572 1422 tes
600 1366 891 1438 quidquam
930 1366 1251 1420 substantiae
1283 1364 1375 1420 Dei
1410 1364 1585 1419 simile
1611 1380 1732 1421 esse
1773 1378 1964 1433 posse,
1997 1378 2093 1419 nco

489 1475 596 1529 quc
625 1458 693 1514 de
738 1459 850 1514 Deo
894 1472 1053 1529 posse
1081 1457 1347 1514 exsistere
1369 1457 1799 1529 generationem,
1832 1457 1929 1513 sed
1973 1471 2097 1513 esse

486 1548 763 1606 Christum
806 1558 1143 1615 creaturam;
1177 1547 1251 1622 (ε)
1286 1550 1357 1605 ita
1382 1549 1525 1620 quod
1554 1559 1766 1605 creatus
1797 1557 1914 1617 est,
1962 1547 2013 1603 id
2044 1549 2094 1604 ei

487 1644 741 1699 nativitas
766 1642 1118 1713 deputaretur
1144 1660 1160 1696 :
1190 1658 1259 1697 ex
1300 1641 1471 1697 nihilo
1507 1652 1685 1697 autem
1719 1656 1873 1709 esse;
1914 1652 1969 1697 et
2007 1640 2093 1697 id-

482 1736 630 1792 circo
656 1751 763 1792 non
789 1751 912 1792 esse
936 1735 1127 1801 lilium,
1157 1750 1259 1790 nec
1285 1735 1398 1791 Deo
1419 1734 1674 1791 similem.

558 1829 646 1884 15.
677 1827 1024 1899 Blaspltemite
1065 1827 1266 1901 publice
1307 1828 1639 1884 recitatte.——
1663 1828 1882 1899 Loquor
1907 1837 2086 1884 autem

486 1921 662 1989 vobis,
692 1921 835 1994 quod
862 1936 961 1993 ego
983 1922 1100 1992 ipse
1122 1922 1341 1978 recitari
1370 1923 1422 1978 in
1449 1932 1721 1978 conventu
1754 1922 1968 1993 publice
1996 1938 2090 1976 au-

480 2013 614 2079 divi,
649 2015 731 2087 (ά)
761 2015 904 2085 quod
925 2014 1252 2084 praedicante
1279 2019 1537 2085 episcopo
1560 2016 1855 2070 Antiochia:
1890 2030 2091 2085 excep-

488 2115 599 2160 tum
628 2104 946 2161 habebatur.
978 2105 1105 2161 llaec
1127 2120 1256 2177 ergo
1286 2106 1358 2161 ita
1402 2106 1546 2162 dicta
1584 2122 1708 2163 esse
1737 2108 1805 2162 ab
1844 2122 1910 2163 eo
1940 2121 2091 2162 com-

481 2197 964 2253 memorabantur:
1003 2216 1021 2247 ε
1062 2198 1189 2251 Erat
1220 2197 1383 2259 Deus.
1435 2198 1577 2268 quod
1625 2206 1727 2253 est.
1777 2198 1940 2255 Pater
1980 2214 2087 2254 non

479 2298 626 2357 erat,
657 2290 782 2361 quia
814 2304 989 2359 neque
1018 2289 1068 2345 ei
1092 2289 1260 2344 Filius
1289 2308 1303 2344 :
1332 2304 1456 2345 nam
1483 2291 1527 2345 si
1559 2290 1720 2355 ﬁlius,
1752 2305 1979 2347 necesse
2006 2298 2092 2346 est

482 2393 542 2439 ut
566 2394 622 2440 et
676 2382 881 2439 femina
910 2383 999 2447 sit,
1024 2393 1079 2438 et
1107 2383 1463 2453 colloquium,
1499 2383 1571 2455 (e)
1602 2392 1658 2440 et
1679 2383 2082 2452 sermocinatio,

475 2484 533 2533 et
561 2475 875 2545 conjunctio
901 2474 1200 2546 coniugalis
1228 2475 1412 2543 verbi,
1444 2484 1501 2530 et
1531 2474 1961 2531 blandimentum
1981 2517 1997 2543 ,
2029 2484 2085 2532 et

477 2580 816 2641 postremum
861 2567 930 2625 ad
971 2566 1342 2639 generandum
1390 2568 1653 2624 naturalis
1693 2568 2020 2624 machinula.
2060 2586 2081 2621 ι

550 2734 630 2807 (a)
657 2734 724 2807 In,
740 2731 993 2807 vulgatis,
1021 2731 1316 2807 congregati
1335 2738 1455 2807 sunt
1484 2747 1547 2807 ea:
1574 2730 1662 2807 Itis
1678 2730 1766 2795 qui
1787 2728 2094 2807 ’ὁμοιοὶξσιον

480 2802 855 2876 praedicabant.
903 2802 1077 2871 Aliqui
1121 2818 1296 2856 eorum
1337 2817 1354 2876 ς
1405 2802 1598 2876 vitiosa
1644 2802 2091 2876 ξιιιειθρὶιηωίοηθ

474 2873 643 2931 falsus
671 2875 908 2930 efﬁcitur
936 2887 1164 2935 sensus,
1196 2873 1348 2943 quasi
1382 2873 1485 2929 soli
1516 2874 1553 2928 ii
1581 2889 1607 2926 a
1642 2873 1825 2928 Leona
1857 2888 2092 2943 congre-

475 2948 585 3017 gati
614 2947 746 3008 sint,
771 2946 862 3015 qui
893 2943 1233 2999 hommusion
1262 2944 1652 3017 pr:rdicabant.
1681 2944 2091 3017 Abundatguo-

476 3012 586 3088 quc
616 3012 890 3086 postrema
917 3030 1022 3070 vox
1049 3012 1396 3084 eorum,‘qu:e
1416 3016 1745 3070 auctoritate
1773 3030 1904 3070 mss.
1930 3012 2085 3070 Colb.

476 3097 532 3144 et
560 3088 775 3142 Martio.
811 3093 1145 3142 removetur.

553 3140 805 3231 (byEditi
830 3140 861 3223 ,ἡ
884 3157 1115 3231 quirem
1171 3155 1463 3229 ὁμοιούσιον
1489 3155 1830 3227 defendebant
1853 3172 1872 3210 :
1899 3170 2087 3213 emen-
2112 3140 2157 3202 Ο

476 3228 676 3285 dantur
704 3244 769 3284 ex
807 3228 1105 3298 potioribus
1137 3228 1269 3282 is.

550 3300 620 3372 (ς)
654 3299 784 3353 Post
809 3296 890 3352 ita
917 3298 1219 3372 supplendo
1247 3306 1302 3350 ut
1320 3337 1334 3359 ,
1366 3296 1708 3372 integracrit
1732 3298 1895 3354 lcetio
1914 3314 2082 3372 quam

550 3316 620 3372 te)
658 3316 784 3353 rosr
815 3316 890 3352 ita
917 3316 1219 3423 supplendo
1247 3316 1334 3359 tu,
1366 3316 1573 3368 Integra
1604 3316 1708 3354 cru
1734 3316 1895 3354 tecuo
1920 3316 2082 3370 quam

475 3369 796 3426 exhibemus
827 3384 894 3424 ex
937 3368 966 3420 ﬁ
1009 3383 1039 3423 e
1067 3383 1198 3422 mss.
1244 3382 1366 3422 cum
1401 3369 1547 3430 prius
1577 3370 1871 3437 legeretur,
1902 3369 2090 3437 Itaque

475 3440 613 3510 quod
642 3449 843 3493 creatus
873 3446 1021 3493 esset.
1055 3438 1191 3493 Tum
1216 3454 1346 3493 mss.
1379 3437 1539 3510 Colb.
1563 3448 1621 3495 et
1646 3440 1887 3510 Martin.,
1913 3443 1967 3495 in
1990 3437 2088 3496 Dei

476 3511 759 3581 natiuitaje.
812 3509 1110 3565 llmreticos
1153 3510 1395 3581 dicentes
1434 3526 1447 3562 :
1482 3509 1639 3565 Pater
1687 3509 1850 3577 Deus,
1891 3528 2090 3581 semper

477 3583 633 3637 etiam
661 3579 833 3636 Filius
863 3590 1094 3645 creatus;
1144 3580 1277 3634 idem
1319 3581 1453 3633 enim
1494 3590 1571 3636 est
1599 3582 1655 3634 in
1694 3581 1803 3636 Deo
1832 3579 2007 3637 rreare
2040 3592 2090 3637 et

477 3654 733 3725 gignere_,
765 3650 1235 3725 abgAntiochcnis
1280 3649 1657 3725 Pent/tyrialms
1702 3663 1924 3709 vocatos
1965 3669 2089 3710 esse

484 3721 650 3780 tradit
674 3723 1071 3793 Theodoretus,
1108 3722 1200 3776 lib.
1229 3738 1281 3793 tv
1312 3721 1510 3777 llmret.
1547 3721 1677 3777 Fab.
1707 3739 1756 3779 c.
1788 3725 1843 3779 4.

559 3794 641 3921 sd)
677 3794 825 3849 Hanc
854 3792 1115 3864 optimam
1166 3792 1451 3848 lectionem
1499 3809 1644 3866 saepe
1690 3794 1921 3850 laudatis
1949 3811 2083 3852 mss.

559 3895 560 3907 ι
591 3866 641 3920 b.
674 3874 728 3921 et
754 3865 908 3919 Mart.
929 3863 1211 3919 debemus.
1244 3864 1501 3919 Eamdem
1530 3865 1797 3921 exoressit
1826 3867 2083 3921 Baronius

483 3863 641 3923 Colb.
674 3874 728 3921 et
754 3865 908 3919 Mart.
929 3863 1211 3919 debemus.
1244 3864 1501 3919 Eamdem
1530 3863 1797 3933 expressit
1826 3867 2089 3922 Baronius

479 3937 547 3991 ad
580 3952 668 3991 an.
700 3937 830 4008 559,
863 3951 918 4008 tt.
956 3935 1043 3990 67.
1076 3935 1134 3990 ln
1161 3935 1279 3990 aliis
1307 3946 1489 4008 autem
1521 3936 1694 4001 libris,
1724 3938 1861 4008 quod
1900 3939 2090 4008 prendi-

479 4017 650 4062 catum
680 4006 970 4061 Antiochia
1000 4015 1265 4076 exceptum
1296 4005 1644 4062 habebatur...
1678 4005 1745 4061 ab'
1771 4025 1829 4062 eo
1862 4005 2086 4063 comme-

483 4077 1003 4146 morantur:primo
1045 4077 1202 4132 deest
1228 4092 1463 4141 nomen,
1516 4077 1585 4131 ad
1631 4078 1773 4147 quod
1821 4080 2090 4134 referatur

480 4148 614 4204 illud
663 4149 725 4202 ab
770 4165 868 4213 eo;
897 4147 1095 4219 deinde
1124 4148 1256 4201 latet
1295 4149 1417 4218 quis
1464 4148 1556 4202 ille
1596 4149 1666 4203 sit
1695 4148 1888 4217 homo,
1933 4149 2088 4219 cujus

485 4218 873 4283 impudentiam
924 4217 1060 4272 infra
1108 4226 1291 4289 stupet
1338 4219 1608 4282 Hilarius;
1661 4234 1935 4289 poswemo
1978 4217 2086 4275 non

488 4289 720 4344 habetur
748 4290 800 4342 iu
831 4304 992 4362 quem
1013 4288 1217 4362 cadant
1247 4290 1411 4362 verba
1445 4290 1605 4359 paulo
1634 4288 1749 4359 post
1779 4293 2084 4362 sequentia,

484 4368 849 4430 comparasset,
879 4360 970 4412 ait.
1003 4358 1121 4412 Jam
1144 4374 1273 4430 vero
1298 4366 1353 4414 et
1379 4358 1584 4428 integra
1615 4358 1698 4415 est
1719 4358 1915 4427 oratio,
1948 4370 2006 4417 et
2033 4358 2084 4417 in

482 4428 790 4484 Eud'oxium
819 4428 1212 4499 Auommorum
1242 4429 1433 4484 ducem
1466 4430 1708 4499 apprime
1732 4434 2084 4489 conveniens.

478 4499 592 4556 Nec
619 4508 881 4569 repugnat
911 4500 1055 4569 quod
1076 4498 1485 4564 Theodoretus,
1510 4500 1602 4555 lib.
1645 4517 1696 4554 tv
1726 4503 1923 4559 llmret.
1952 4504 2082 4558 Fab.

479 4589 528 4645 ς.
585 4572 641 4637 9.,
689 4569 1096 4645 scribit._illum
1130 4569 1210 4645 ad
1254 4570 1657 4645 Seleuciensem
1700 4575 1966 4645 synodum
1996 4575 2077 4630 ire

478 4642 708 4713 iussum,
732 4641 1030 4713 accessisse
1053 4640 1293 4711 quidem,
1322 4640 1421 4713 sed
1453 4657 1558 4696 non
1583 4640 1771 4698 ausum
1799 4660 1920 4701 esse
1948 4660 2079 4701 cou-

480 4711 690 4769 sessum
727 4711 954 4783 ingredi.
987 4711 1103 4766 Non
1138 4714 1283 4767 enim
1318 4712 1551 4768 Hilarius
1586 4713 1737 4781 dicit,
1770 4715 2077 4771 Eudoxium

485 4785 589 4857 lt‘oe
613 4784 883 4857 Seleuciae
901 4783 1244 4853 prmdicasse,
1273 4784 1367 4838 scd
1394 4799 1515 4839 cum
1545 4786 1680 4840 alias
1735 4787 2082 4857 prtedicasset

488 4853 654 4919 (haud
681 4855 842 4910 dubie
872 4854 923 4908 in
949 4870 1015 4909 eo
1040 4865 1337 4923 conventu,
1362 4872 1522 4925 quem
1548 4853 1870 4923 Antiochiae,
1899 4859 2078 4914 statim

484 4939 648 4994 atque
679 4926 891 4999 invasit
918 4925 1056 4999 hanc
1085 4926 1291 4990 sedem,
1326 4928 1687 4999 convocavit),
1730 4930 1944 4998 publice
1978 4930 2082 4985 lec-

478 5004 590 5050 tum
636 5011 773 5068 esse
802 4995 1095 5068 Seleuciae;
1139 5006 1193 5052 et
1232 4996 1446 5066 quidem
1477 5008 1601 5053 ante
1626 4995 1783 5068 quain
1820 5000 2076 5056 Acaciaoi

477 5082 674 5121 novam
706 5065 832 5120 ﬁdei
860 5066 1146 5121 formulam
1189 5068 1447 5123 cudercnt
1471 5112 1486 5133 ,
1517 5080 1569 5124 et
1603 5065 1827 5137 proinde
1858 5072 1910 5126 in
1939 5087 2072 5127 con-

471 5152 627 5209 sessu
660 5137 852 5206 primo.
889 5137 983 5209 llis
1012 5138 1314 5209 favetquod
1343 5150 1525 5194 narrat
1549 5141 1944 5206 Tlteodoretus,
1978 5144 2070 5198 lib.

472 5222 512 5284 rt
542 5208 681 5284 ilist.
712 5209 845 5284 ccci.
875 5223 924 5261 e.
958 5208 1066 5284 27__,
1091 5209 1402 5284 Eudoxium
1436 5211 1504 5284 ab
1534 5211 1820 5268 Eustathio
1848 5215 2074 5284 aliisque

470 5278 833 5339 Seleuciensis
861 5280 1052 5350 synodi
1089 5280 1278 5350 legatis
1310 5281 1448 5341 apud
1491 5283 1870 5348 imperatorem
1915 5278 2071 5340 accu-

469 5358 678 5425 satum,
701 5350 844 5419 quod
878 5350 1189 5425 ltorrendas
1222 5352 1289 5425 _in
1333 5351 1430 5425 Dei
1471 5352 1668 5407 Filium
1706 5355 2069 5425 blaspltemias

465 5418 819 5494 evomuiSSet,
868 5418 1172 5494 Gottstantii
1220 5422 1386 5476 insui
1422 5423 1586 5492 ipsius
1632 5418 1857 5493 gratiam
1901 5443 2070 5494 quan-

467 5492 661 5546 tumvis
696 5492 945 5561 pmpensi
979 5492 1113 5547 iram
1148 5501 1454 5564 temperare
1486 5511 1591 5569 non
1618 5497 1773 5552 aliter
1804 5492 2067 5569 potuisse,

462 5577 632 5686 quan:l
649 5576 833 5618 carum
861 5573 1144 5621 auctorem
1167 5579 1275 5620 non
1302 5578 1381 5632 se,
1411 5566 1506 5622 sed
1538 5568 1750 5624 Aetium
1780 5566 1901 5626 esse
1922 5568 2070 5624 aflir-

473 5646 595 5686 tnan
638 5648 691 5686 ο.

473 5646 691 5686 mando.

532 5701 601 5776 (e)
631 5703 689 5759 lu
716 5703 963 5776 vulgatis,
995 5708 1307 5779 colloquium
1331 5711 1602 5783 sermonis,
1635 5720 1684 5767 ct
1710 5713 2055 5787 compnnctio.

2202 431 2505 495 audierunt,
2540 428 2657 483 haec
2687 427 2754 481 de
2780 427 2889 482 Deo
2917 425 2982 479 ab
3010 423 3230 480 homine
3260 421 3388 488 dici,
3414 432 3468 477 et
3491 421 3557 475 tle
3583 418 3802 475 Christo

2202 522 2252 577 in
2283 522 2512 578 ecclesia
2544 519 2826 592 prtedicari
2854 520 2866 572 !
2901 517 3027 572 Post
3059 515 3257 571 multas
3284 524 3463 569 autem
3495 512 3803 568 istiusmodi

2202 615 2527 685 impietates,
2554 628 2676 668 cum
2704 612 2921 668 Patrem
2960 620 3013 664 et
3040 608 3237 664 Filium
3265 624 3331 663 ex
3363 606 3670 663 nominibus
3700 621 3803 677 po-

2202 705 2307 761 tius
2350 719 2510 774 quam
2541 718 2606 760 ex
2652 713 2842 758 natura
2871 711 3272 772 comparasset,
3310 700 3427 755 ait:
3468 719 3487 752 ι
3523 698 3803 768 Quantum

2200 798 2343 854 enim
2373 796 2542 852 Filius
2570 809 2631 851 se
2682 793 2929 851 extendit
2956 808 3287 864 cognoscere
3319 792 3558 859 Patrem,
3593 801 3805 847 tantum

2200 891 2360 947 Pater
2405 887 2809 959 superextendit
2860 901 2919 943 se
2947 886 3020 959 (Ῑ)
3075 902 3144 943 ne
3194 884 3443 958 cognitus
3486 884 3625 940 Filio
3651 885 3743 940 sit.
3778 902 3801 939 s

2198 986 2403 1053 Quibus
2431 985 2692 1051 recitatis,
2723 984 2987 1038 tumultus
3017 992 3243 1039 exortus
3267 990 3371 1038 est.

2271 1077 2548 1151 57414.
2579 1076 3063 1131 Dissimilitudinetn
3105 1091 3206 1147 quo
3241 1090 3396 1130 sensu
3429 1074 3672 1130 damnent
3710 1090 3806 1130 ne-

2198 1182 2374 1242 gantes
2397 1169 2812 1225 similitudinem.
2844 1197 2913 1208 —
2953 1165 3089 1223 Cum
3119 1178 3297 1223 autem
3330 1166 3724 1223 intellexissent
3750 1174 3806 1222 et

2199 1265 2287 1330 bi,
2340 1262 2432 1335 qui
2482 1262 2797 1319 dissimilem
2849 1263 3020 1320 Deum
3071 1261 3292 1329 dicunt,
3340 1259 3606 1318 humanas
3643 1276 3804 1317 aures

2199 1363 2361 1410 tanta:
2395 1353 2687 1424 impietatis
2708 1353 2871 1410 verba
2897 1368 3004 1410 non
3032 1360 3378 1423 suscepturus
3400 1366 3555 1419 esse;
3586 1367 3802 1409 rursum

2200 1448 2252 1504 bi
2281 1449 2411 1520 ipsi,
2446 1445 2523 1522 (g)
2555 1446 2776 1504 fallaces
2808 1448 2987 1518 potius
3016 1462 3177 1518 quam
3221 1445 3482 1502 Ecclesia:
3518 1446 3760 1517 episcOpi
3786 1487 3803 1515 ,

2200 1542 2359 1597 fidem
2388 1541 2649 1608 scribunt,
2680 1540 2761 1613 (It)
2781 1540 3104 1598 homousion
3124 1549 3180 1597 et
3202 1541 3543 1597 hommusion
3567 1548 3622 1597 et
3642 1540 3804 1596 dissi-

2199 1634 2560 1691 militudinem
2583 1634 2863 1690 damnant.
2888 1632 3041 1701 Quod
3066 1648 3189 1689 cum
3217 1632 3549 1689 contrarium
3579 1631 3640 1703 (i)
3670 1631 3804 1702 ipsis

2120 1732 2169 1794 Β
2195 1743 2359 1785 sensu
2399 1726 2730 1783 audientium
2757 1734 2905 1783 esset
2938 1744 2952 1781 :
2982 1725 3098 1797 ipse
3124 1740 3224 1796 ego
3251 1724 3538 1796 quemdam
3566 1738 3758 1779 eorum
3777 1763 3793 1789 ,

2197 1822 2286 1894 qui
2318 1820 2458 1876 forte
2479 1819 2546 1874 ad
2571 1834 2657 1875 me
2682 1817 3094 1888 pertentandum
3113 1824 3441 1883 accesserat,
3464 1814 3615 1887 quasi
3643 1815 3803 1885 igno-

2196 1929 2322 1970 rans
2359 1927 2540 1968 rerum
2585 1921 2862 1982 gestarum
2920 1917 3270 1981 percontatus
3317 1924 3476 1976 sum,
3526 1907 3653 1976 quid
3693 1905 3800 1963 sibi

2198 2006 2361 2062 vellet
2387 2002 2526 2061 istud
2546 2046 2560 2069 ,
2593 2012 2651 2058 ttt
2675 2004 2762 2074 qui
2795 2018 2953 2059 unam
2982 2002 3340 2058 substantiam
3370 2000 3495 2057 Filii
3524 2015 3648 2057 esse
3672 2015 3799 2056 cum

2198 2100 2359 2155 Patre
2388 2098 2766 2163 damnassent,
2800 2096 2886 2151 vel
2915 2111 3038 2153 esse
3058 2096 3255 2151 similis
3281 2097 3601 2151 substantia:
3629 2094 3800 2151 dene-

2198 2201 2437 2265 gassent,
2461 2190 2962 2246 dissimilitudinem
2985 2189 3324 2244 damnarent.
3348 2187 3501 2243 Tunc
3527 2188 3653 2242 mihi
3680 2187 3759 2241 ait
3783 2204 3799 2241 :

2203 2304 2223 2339 ς
2260 2286 2530 2342 Christum
2561 2285 2673 2340 Deo
2693 2282 2924 2338 similem
2955 2298 3060 2338 non
3090 2297 3235 2345 esse,
3265 2280 3359 2336 sed
3389 2265 3623 2336 similem
3652 2279 3801 2335 Patri

2196 2395 2337 2436 esse.
2375 2398 2393 2431 ι
2432 2380 2637 2433 Rursus
2661 2378 2765 2433 hoc
2803 2377 3087 2433 obscurius
3115 2375 3248 2431 mihi
3275 2374 3452 2430 adhuc
3487 2372 3797 2429 videbatur.

2199 2473 2274 2529 De
2301 2488 2407 2543 quo
2433 2487 2557 2528 cum
2590 2472 2787 2527 iterum
2827 2469 3220 2541 interrogarem
3242 2510 3258 2535 ,
3290 2477 3418 2525 tunc
3455 2467 3572 2523 haec
3612 2465 3685 2522 ita
3716 2465 3804 2522 lo-

2196 2575 2353 2622 cutus
2381 2576 2502 2622 est:
2540 2584 2559 2619 ι
2596 2566 2726 2622 Dico
2750 2580 2873 2622 eum
2904 2563 3221 2620 dissimilem
3252 2563 3363 2619 Deo
3388 2575 3530 2628 esse,
3558 2560 3797 2617 similem

2197 2728 2532 2798 chonimus
2560 2725 2870 2798 colloquium
2897 2736 2943 2780 et
2973 2724 3432 2798 sermocinatiaAex
3475 2738 3607 2781 mss.
3636 2725 3795 2782 Colb.

2195 2810 2249 2855 et
2280 2795 2493 2864 Martio,
2525 2813 2589 2853 ac
2615 2795 2812 2852 deinde
2838 2807 2883 2851 et
2912 2799 3208 2870 conjungio
3230 2811 3298 2852 ex
3325 2795 3551 2870 Carnut.

2265 2871 2337 2943 (Ι)
2364 2871 2503 2943 Tres
2529 2883 2685 2943 mssi,
2714 2885 2778 2922 ne
2819 2866 3052 2943 cognitus
3098 2866 3271 2943 ilius
3299 2868 3366 2943 sit
3389 2884 3410 2922 :
3448 2883 3643 2943 prave._
3667 2870 3799 2943 Slu-

2194 2939 2367 3013 penda
2398 2941 2623 2995 Eudoxii
2655 2939 3012 3013 impudentia,
3042 2940 3280 3013 quicum
3311 2939 3428 3013 haec
3452 2939 3522 3013 de
3553 2939 3646 2994 Dei
3679 2941 3794 3013 ﬁlio

2193 3010 2612 3082 blastthemaret,
2662 3010 2803 3066 Aetii
2835 3011 3168 3082 e_tEunomii
3220 3011 3575 3079 patrocinium
3614 3012 3796 3082 susei-

2193 3080 2370 3150 piebat
2399 3102 2412 3138 :
2446 3098 2671 3151 quorum
2724 3082 2810 3136 hic
2839 3080 3181 3137 Theodoreto
3210 3089 3371 3147 teste,
3412 3082 3450 3136 l.
3484 3098 3536 3135 ιν
3586 3081 3789 3138 llzeret.

2192 3155 2322 3210 Fab.
2365 3171 2413 3211 c.
2439 3156 2495 3219 ’5,
2528 3153 2880 3219 gloriabatur,
2896 3170 2971 3225 _se
2999 3153 3130 3207 nihil
3158 3156 3222 3206 de
3248 3154 3398 3207 rebus
3427 3154 3615 3207 divinis
3644 3154 3798 3225 igno-

2189 3244 2328 3291 rare,
2376 3229 2464 3281 sed
2507 3226 2672 3293 ipsum
2700 3225 2857 3278 etiam
2885 3221 2983 3277 Dei
3009 3226 3279 3279 essentiam
3322 3235 3500 3279 exacte
3528 3240 3582 3278 se
3610 3221 3795 3289 nasse.

2191 3297 2519 3367 eamdemque
2561 3295 2624 3347 de
2655 3293 2781 3367 Deo
2800 3295 3036 3350 notitiam
3059 3294 3278 3360 habere,
3308 3312 3464 3367 quam
3502 3293 3790 3367 Deusipse

2193 3369 2342 3423 Itabct
2391 3366 2455 3422 de
2497 3383 2550 3421 se
2574 3367 2725 3433 ipso;
2772 3366 2862 3421 ille
2905 3381 3032 3422 vero
3061 3367 3200 3434 apud
3239 3366 3619 3436 Epipbattium,
3654 3366 3787 3422 batr.

2191 3456 2378 3503 uxvn,
2400 3456 2455 3494 n.
2485 3437 2540 3499 4,
2561 3452 2725 3491 ausus
2741 3436 3048 3493 estdicere:
3072 3436 3194 3492 Scio
3207 3436 3457 3500 Deum,et
3474 3438 3604 3491 adeo
3625 3439 3798 3506 ipsum

2191 3514 2326 3577 novi,
2364 3522 2415 3563 ut
2443 3526 2506 3564 ne
2527 3507 2731 3577 quidem
2762 3525 2838 3561 me
2865 3509 3029 3577 magis
3060 3524 3286 3575 noscant,
3317 3526 3471 3575 quant
3500 3507 3688 3562 Deum.
3725 3512 3791 3564 Al

2185 3582 2296 3651 jam
2344 3578 3023 3652 oltserv:tvit_Athanasms,
3076 3579 3170 3635 lib.
3216 3579 3285 3652 de
3316 3580 3523 3652 Synod.
3567 3596 3602 3651 p
3663 3579 3795 3652 877i,

2190 3649 2421 3707 Ariauos
2451 3649 2759 3706 hominibus
2788 3651 3024 3707 tribuere
3059 3666 3165 3707 non
3195 3649 3491 3719 dubitasse,
3527 3649 3650 3722 qua:
3679 3651 3795 3708 ﬁlio

2195 3724 2290 3779 Dei
2331 3732 2606 3787 negarent.

2263 3796 2339 3867 (g)
2387 3794 2530 3849 Editi
2560 3809 2682 3867 cum
2724 3807 2854 3867 mss.
2893 3791 3030 3867 Vat.
3066 3793 3208 3867 bas.,
3253 3793 3466 3867 palatio.
3513 3794 3792 3867 Sexgmss.

2191 3865 2376 3936 palatii
2400 3881 2418 3920 :
2442 3865 2582 3936 quod
2609 3865 2894 3934 legendum
2912 3865 3238 3934 conjectavit
3260 3865 3525 3933 Latinius,
3551 3875 3609 3921 et
3631 3865 3800 3921 Baro-

2192 3938 2315 3993 nius
2344 3938 2410 3992 ad
2441 3953 2531 3991 an.
2562 3936 2690 3999 559,
2725 3952 2779 3992 tt.
2810 3936 2900 4000 68,
2935 3937 3185 4005 prmtulit.
3229 3936 3423 3993 Verius
3455 3946 3634 3993 tamen
3672 3937 3798 3994 libri

2190 4008 2345 4064 Colb.
2375 4018 2429 4064 et
2459 4007 2671 4062 Martin.
2704 4007 2939 4076 fallaces,
2967 4022 3103 4077 quos
3127 4008 3378 4062 nimirum
3409 4008 3644 4064 Hilarius
3667 4022 3794 4077 per-

2191 4079 2462 4134 contando
2489 4086 2744 4148 expertus
2786 4088 2870 4133 est
2914 4077 3058 4132 aliud
3106 4079 3607 4149 prteferreverbis,
3647 4080 3795 4136 aliud

2192 4153 2370 4204 animo
2399 4152 2601 4205 sentire
2636 4167 2648 4202 :
2679 4149 2925 4217 adeoque
2974 4165 3079 4204 non
3110 4148 3251 4206 esse
3295 4148 3606 4220 episcopos,
3657 4165 3797 4220 quos

2194 4237 2342 4275 num.
2367 4221 2421 4287 6,
2448 4222 2712 4274 ministros
2736 4221 2985 4287 veritatis,
3009 4230 3063 4275 et
3085 4237 3233 4276 num.
3262 4221 3351 4286 12,
3382 4223 3607 4277 veritatis
3631 4221 3797 4278 disci-

2191 4292 2341 4363 pulos
2365 4306 2507 4363 esse.
2531 4305 2630 4363 suo
2662 4291 2883 4347 nomine
2912 4290 3229 4348 declaravit.

2265 4362 2342 4437 (lt)
2377 4363 2449 4417 Ita
2478 4361 2609 4416 Bad.
2637 4376 2760 4437 cum
2784 4377 2917 4437 mss.
2948 4362 3070 4417 Vat.
3096 4363 3241 4437 bas.,
3266 4362 3664 4437 Miclt.etSylv.
3689 4364 3794 4422 nisi

2192 4433 2334 4504 quad
2363 4440 2584 4488 careant
2618 4433 2876 4502 particula
2900 4443 2946 4487 et
2967 4444 3092 4488 ante
3117 4433 3609 4490 dissimilitudinem.
3647 4437 3796 4492 lianc

2195 4520 2509 4577 revocamus
2540 4520 2603 4577 es
2630 4519 2760 4559 mss.
2794 4504 2946 4560 Colb.
2968 4513 3027 4577 et
3047 4505 3263 4561 Martio.
3298 4507 3349 4561 in
3381 4506 3580 4577 quibus
3613 4516 3794 4564 tamen

2192 4584 2370 4647 exstat
2413 4575 2515 4630 hoc
2542 4575 2770 4629 alterum
2821 4576 3107 4643 mendum,
3150 4576 3292 4647 quod
3323 4575 3420 4647 pro
3451 4579 3792 4646 Itontmusion,

2188 4645 2423 4721 habeant
2458 4648 2825 4721 angnaeusion.
2877 4648 3118 4721 Pessime
3160 4645 3341 4705 autem
3383 4649 3527 4721 Min.
3562 4651 3708 4721 Lips.
3738 4645 3795 4706 et

2186 4716 2309 4794 Par.
2371 4729 2493 4794 post
2536 4717 2863 4794 Erusmum,
2908 4719 3065 4794 ﬁdem
3106 4721 3340 4794 scribunt
3377 4716 3793 4794 ὁμουσίουίεωοι

2188 4787 2484 4861 ὅμοιουσίον
2512 4787 2981 4845 dissimilitudinem
3020 4790 3285 4846 damnant.
3316 4787 3498 4861 Palam
3524 4802 3610 4848 est
3641 4792 3792 4849 "ila.

2189 4860 2327 4914 rium
2370 4860 2460 4915 hic
2502 4862 2774 4930 respicere
2821 4863 2874 4916 in
2902 4861 3189 4917 formulam
3237 4863 3312 4918 ab
3349 4860 3552 4919 Acacio
3592 4863 3793 4920 Leonas

2190 4942 2517 5000 porrectam,
2548 4942 2604 4985 et
2632 4934 2683 4986 in
2719 4931 2878 4988 tertio
2919 4931 3283 4989 Seleuciensis
3309 4934 3501 4999 synodi
3529 4950 3790 4992 consessu

2188 5004 2437 5070 ejusdem
2470 5003 2663 5057 Leana:
2690 5019 2852 5072 opera
2883 5004 3200 5074 perlectam,
3231 5007 3283 5060 in
3312 5021 3417 5072 qua
3454 5006 3597 5073 apud
3625 5005 3792 5063 Atha—

2181 5074 2413 5136 nasium,
2433 5074 2526 5127 lib.
2546 5074 2853 5145 deSyttod.,
2877 5093 2928 5144 ιι.
2951 5075 3077 5141 904,
3108 5086 3163 5131 et
3195 5075 3337 5147 apud
3356 5077 3663 5143 Soeratetn,
3694 5078 3786 5132 lib.

2180 5148 2437 5222 νηῦς-40,
2473 5148 2749 5222 occurrit,_
2771 5148 2829 5200 τὸ
2854 5150 2946 5220 μὲν
2966 5147 3239 5221 ὁμοούσιον
3268 5152 3353 5205 καὶ
3379 5150 3438 5205 τὸ
3464 5147 3791 5222 inponebat”

2175 5216 2476 5294 é‘zﬁgllo‘usu
2507 5219 2575 5277 ὡς
2628 5215 2891 5294 siuti-rete}
2923 5215 3033 5294 siin
3077 5228 3310 5294 Ppmpci’w'
3353 5223 3412 5276 τὸ
3559 5220 3791 5293 ἀνόμοιον

2177 5288 2627 5361 ἀναρεμάτίζομεν.
2657 5288 2812 5357 Apud
2840 5288 3418 5359 Epiphanium'autem,
3442 5293 3576 5346 liter.
3600 5288 3789 5357 Lixut,

2179 5373 2233 5435 η.
2269 5357 2372 5435 25,
2412 5357 2754 5415 desideratur
2783 5357 3239 5435 νοχίὸμοιοούσιον
3259 5379 3465 5435 ,quam
3493 5364 3791 5419 reatituett-

2182 5428 2303 5482 dam
2339 5430 2511 5501 liquet
2554 5440 2664 5485 tum
2713 5448 2780 5488 ex
2830 5428 3126 5488 Athanasio
3173 5443 3229 5490 et
3275 5428 3519 5499 Socrate,
3569 5443 3684 5488 tum
3721 5447 3788 5490 ex

2184 5509 2375 5554 nostro
2409 5501 2636 5556 llilario.

2236 5572 2308 5653 _(_i)
2335 5573 2487 5653 μεμε.
2516 5580 2574 5653 et
2597 5573 2725 5629 Par.
2753 5575 2855 5644 ipsi
2877 5577 3077 5653 sensui._
3093 5574 3315 5653 Rectius
3340 5576 3432 5632 alii
3465 5575 3612 5653 libri,
3639 5575 3786 5653 ipsis,

2173 5643 2292 5725 scil.
2323 5643 2632 5725 Anotnmis;
2666 5643 2818 5725 sensu
2848 5648 3190 5725 audientium,
3212 5650 3315 5705 hoc
3342 5659 3445 5715 est,
3477 5643 3789 5717 auriumju-

2172 5712 2315 5771 dicio
2345 5723 2399 5773 et
2426 5726 2684 5787 quantum
2714 5717 2781 5774 ad
2824 5712 3205 5777 vocabulorum
3231 5712 3447 5776 sonum.
