4106 6192
340 295 450 351 595

1192 297 1390 354 LIBER
1424 297 1699 356 CONTRA
1736 298 1928 357 CONS’

2032 300 2223 359 iTlUM
2262 303 2761 363 [MPERATOREM
2771 348 2784 363 .
3546 315 3651 372 ἔνθά

337 410 485 467 Patri
517 424 676 481 posse
708 411 965 483 intelligi;
1001 414 1124 481 quia
1155 413 1313 469 Pater
1342 414 1605 471 voluisset
1631 424 1936 472 creaturam
1964 415 2018 477 Α
2045 416 2097 473 in
2124 418 2339 474 caeteris
2368 427 2523 486 ante,
2555 421 2686 477 artis
2715 435 2828 478 sua:
2854 424 3275 491 consuetudine,
3308 434 3365 481 ιιι
3394 440 3490 497 per
3516 431 3652 486 recti

331 504 643 561 istiusmodi
672 519 884 573 creare,
916 523 1036 577 quae
1072 509 1267 563 similia
1298 510 1383 565 sui
1414 509 1576 567 vellet
1606 527 1621 566 :
1650 520 1704 565 ct
1735 510 1937 567 idcirco

330 605 568 662 similem
617 606 763 662 Patri
813 622 970 673 esse,
1030 611 1155 680 quia
1208 610 1500 668 voluntatis
1557 620 1704 668 esset
1758 611 1938 682 potius

331 699 499 765 ﬁlius,
530 714 691 771 quam
720 698 1048 769 divinitatis;
1081 701 1403 760 dissimilem
1434 714 1611 759 autem
1645 705 1754 761 Deo
1779 720 1935 773 esse,

328 791 455 862 quia
508 806 681 863 neque
723 792 868 849 Deus
914 804 1092 859 esset,
1128 810 1303 867 neque
1352 812 1418 851 ex
1466 797 1601 863 Deo,
1650 796 1702 852 id
1732 806 1837 864 est,
1869 798 1938 855 de

333 885 640 940 substantia
673 885 773 940 Dei
816 896 976 942 natus
1023 897 1189 944 esset.
1231 907 1251 941 ι
1309 889 1432 945 llaec
1473 890 1699 945 audiens
1741 889 1935 959 hehui,

328 991 509 1048 neque
538 975 781 1043 credidi,
811 977 985 1034 donec
1011 978 1090 1051 (α)
1121 993 1243 1035 cum
1294 980 1506 1046 publice
1552 997 1622 1036 ex
1669 997 1937 1038 consensu

327 1070 573 1125 omnium
593 1083 778 1125 eorum
805 1068 1205 1142 profanissimtc
1232 1072 1392 1143 hujus
1409 1072 1779 1129 similitudinis
1797 1074 1936 1129 ratio

333 1160 743 1233 prtedicaretur.

402 1256 495 1311 15.
531 1254 774 1310 Damnati
802 1272 983 1311 rursus
1004 1256 1375 1313 dominantur.
1397 1288 1468 1299 —
1500 1257 1562 1315 lli
1591 1270 1772 1314 autem
1794 1300 1809 1327 ,
1843 1259 1933 1329 qui

328 1349 671 1405 homtnusion
691 1349 1077 1420 praedicabant,
1102 1367 1289 1408 omnes
1314 1367 1430 1417 eos,
1455 1354 1544 1423 qui
1575 1353 1806 1408 maxime
1820 1353 1935 1409 sine

324 1443 512 1514 aliquo
538 1443 839 1514 impietatis
867 1444 1075 1516 pudore
1105 1446 1573 1516 impudentissime
1600 1448 1716 1503 haec
1748 1447 1935 1519 loque-

322 1537 552 1605 bantur,
565 1538 1065 1595 condemnaveruut
1087 1539 1181 1613 (b).
1207 1540 1565 1597 Condcmttali
1582 1543 1744 1617 575
1760 1541 1824 1598 ad
1841 1557 1932 1599 re-

327 1644 454 1701 gem
473 1646 628 1686 suum
643 1631 1062 1710 advolaverunt:
1082 1635 1406 1705 exceptique
1426 1634 1728 1692 honoriﬁce
1742 1636 1932 1707 impie-

330 1732 471 1778 tates
488 1737 613 1779 suas
624 1731 821 1794 quanta
837 1734 1124 1795 potuerunt
1138 1727 1433 1784 ambitione
1448 1731 1927 1795 confirmaverunt,

2042 510 2282 579 speciem
2318 525 2479 581 prava
2514 513 2832 582 confirmet,
2867 524 2920 571 et
2947 531 3048 587 per
3089 519 3315 575 rationis
3342 534 3539 577 nomen
3572 521 3654 576 in-

2039 615 2172 658 sana
2207 605 2522 660 constituat.
2562 625 2580 658 ι
2618 606 2776 673 Nolo,
2812 626 2831 660 ι
2892 609 3087 682 inquit,
3131 630 3153 665 ι
3191 612 3356 669 verba
3387 629 3507 685 quae
3537 630 3645 671 non

2039 694 2240 764 scripta
2269 704 2394 751 sunt
2441 696 2568 752 dici.
2606 718 2625 751 ι
2668 697 2780 754 Hoc
2811 700 3027 757 tandem
3067 716 3197 774 rogo
3231 704 3303 775 (γ’)
3357 706 3482 774 quis
3536 708 3653 777 epi-

2044 790 2225 859 scopis
2249 789 2480 859 jubeat?
2510 799 2564 845 et
2593 791 2712 862 quis
2740 795 3051 862 apostolicae
3079 796 3481 866 praedicationis
3502 809 3651 857 vetet

2039 879 2304 935 formam?
2336 881 2430 937 Dic
2458 881 2627 952 prius,
2661 882 2705 938 si
2737 892 2882 940 recte
2911 885 3016 940 dici
3049 894 3203 956 putas
3234 904 3246 940 :
3281 886 3415 943 Nolo
3441 888 3642 946 adver-

2039 988 2158 1030 Sum
2189 991 2328 1031 nova
2366 991 2572 1031 venena
2604 991 2769 1033 novas
2802 978 3317 1036 medicamentorum
3345 997 3635 1053 compara-

2042 1066 2217 1123 tiones
2239 1111 2253 1133 ,
2286 1068 2412 1124 nolo
2458 1068 2743 1125 adversum
2785 1085 2952 1127 novos
3000 1071 3183 1128 hostes
3209 1114 3224 1139 ,
3280 1088 3417 1130 nova
3451 1076 3598 1131 bella
3628 1119 3643 1143 ,

2040 1163 2167 1217 nolo
2223 1162 2508 1219 adversum
2567 1178 2736 1219 novas
2785 1164 3008 1221 insidias
3075 1167 3299 1223 consilia
3376 1171 3641 1229 recentia.

2039 1254 2095 1311 Si
2123 1254 2266 1311 cnim
2306 1254 2489 1310 Ariani
2538 1255 2774 1313 haeretici
2815 1256 3019 1314 idcirco
3047 1258 3128 1330 (g)
3158 1259 3497 1317 hommusion
3543 1263 3644 1317 ho-

2038 1346 2124 1402 die
2175 1346 2395 1413 evitant,
2425 1347 2552 1418 quia
2592 1348 2740 1417 prius
2786 1356 3147 1417 negaverunt;
3192 1366 3371 1409 nonne
3402 1361 3455 1409 tu
3473 1354 3637 1410 hodie

2037 1439 2240 1498 idcirco
2270 1442 2493 1515 refugis,
2535 1454 2592 1497 ut
2627 1443 2682 1498 hi
2717 1459 2861 1501 nunc
2893 1461 3107 1517 quoque
3136 1447 3449 1520 deuegent?
3479 1451 3642 1506 Novi-

2036 1543 2177 1592 tates
2202 1550 2416 1606 vocum,
2454 1536 2545 1593 sed
2576 1536 2656 1610 (Ιι)
2688 1538 2943 1608 profanas
2970 1540 3212 1596 devitarc
3235 1541 3392 1611 jubet
3412 1545 3646 1614 Aposto-

2036 1629 2120 1684 lus
2149 1629 2193 1701 (Ι
2216 1628 2352 1684 Tim.
2384 1646 2455 1696 v1,
2484 1629 2576 1703 20)
2611 1649 2625 1685 :
2664 1639 2718 1686 tu
2746 1647 2847 1687 cur
2873 1634 2989 1704 pias
3029 1635 3320 1690 excludis?
3348 1653 3469 1691 cum
3500 1654 3640 1707 prae-

2036 1722 2234 1778 sertim
2258 1721 2327 1776 ab
2357 1736 2421 1777 eo
2451 1721 2654 1777 dictum
2700 1723 2771 1777 sit
2803 1741 2815 1775 :
2848 1723 3035 1779 Omnis
3076 1725 3356 1796 Scriptura
3387 1728 3644 1785 divinitus

324 1814 561 1869 similem
590 1814 704 1870 Deo
729 1830 879 1883 esse,
915 1818 1001 1872 vel
1028 1833 1093 1873 ex
1119 1818 1228 1873 Deo
1254 1829 1469 1883 natum,
1503 1821 1587 1877 vel
1626 1820 1925 1876 naturalem
1961 1809 2004 1869 Β
2033 1812 2292 1881 inspirata
2338 1811 2484 1868 utilis
2531 1822 2616 1868 est
2658 1812 2725 1885 (ll
2772 1812 2904 1868 Tim.
2952 1830 3046 1881 ιιι,
3099 1815 3212 1884 16).
3260 1816 3638 1876 lnnascibilem

322 1922 451 1962 esse
482 1908 650 1963 lilium
680 1908 1032 1980 denegantes.
1068 1910 1227 1967 Pauci
1260 1912 1491 1980 plurium
1541 1910 1614 1985 (ε)
1662 1912 1923 1967 dominati

322 2010 476 2055 Sunt.
501 1997 848 2057 Constantius
873 2016 958 2057 res
982 1986 1333 2071 blasphemi-3
1356 2018 1486 2071 suae,
1522 2014 1668 2059 metu
1697 2005 1924 2060 extorsit

322 2094 527 2151 exsilii.
564 2093 773 2152 Vicisse
799 2111 859 2152 se
880 2095 993 2165 jam
1021 2096 1327 2153 Orientales
1355 2097 1617 2167 gloriatus
1637 2138 1653 2163 ,
1680 2098 1805 2168 quia
1831 2097 1926 2153 de-

319 2202 445 2242 cem
476 2186 682 2258 legatos
708 2187 787 2260 (d)
816 2187 1076 2243 voluntati
1104 2204 1216 2243 sua:
1240 2187 1600 2254 subdidisset,
1629 2190 1927 2246 commina-

320 2287 524 2348 tusque
547 2287 602 2333 et
628 2278 828 2348 populo
873 2294 968 2347 per
997 2278 1305 2350 [tm-fectum
1330 2324 1345 2345 ,
1377 2289 1433 2335 et
1470 2281 1740 2351 episcopis
1788 2283 1926 2337 intra

322 2372 619 2442 palatium,
652 2387 747 2441 per
775 2374 1035 2427 maximas
1080 2374 1153 2446 (e)
1196 2373 1435 2429 Orientis
1470 2372 1717 2429 civitates
1753 2373 1929 2430 haere-

322 2462 466 2519 ticos
518 2464 804 2535 episcopos
855 2465 1183 2535 subrogatos
1232 2465 1613 2520 communione
1672 2465 1926 2520 haeretica

318 2554 580 2610 munivit.
596 2554 736 2611 Nihil
754 2570 973 2627 prorsus
984 2556 1129 2612 aliud
1146 2559 1280 2627 egit,
1294 2573 1454 2629 quam
1478 2569 1533 2612 ιιι
1547 2558 1733 2614 orbem
1761 2569 1929 2613 terra-

321 2666 471 2716 rum,
493 2665 589 2718 pro
604 2664 711 2721 quo
735 2649 982 2706 Christus
1000 2666 1187 2722 passus
1200 2658 1302 2718 est,
1335 2651 1549 2707 diabolo
1574 2652 1924 2709 condonarct.

400 2742 697 2815 16.1Verba
734 2761 835 2799 non
869 2746 1062 2816 scripta
1092 2747 1225 2800 male
1252 2754 1384 2800 vetat
1420 2744 1771 2803 Constantius.
1807 2747 1930 2819 Ipse

320 2836 550 2892 admittit
578 2853 681 2893 non
709 2839 921 2911 scripta.
946 2870 1018 2881 —-
1047 2838 1224 2896 Utitur
1253 2850 1430 2896 autem
1460 2842 1625 2896 etiam
1666 2858 1838 2906 nunc.
1870 2851 1928 2898 ut

400 2979 480 3052 (α)
527 2978 853 3052 Particulam
907 2995 1025 3033 cum
1069 2977 1374 3052 adiecimus
1417 2979 1916 3052 auctoritatemss.

316 3048 551 3109 Publice
576 3060 756 3105 autem
782 3050 883 3104 hoc
913 3050 1256 3106 manifestum
1279 3048 1400 3109 fuit.
1432 3064 1552 3104 cum
1578 3050 1713 3104 lecta
1740 3049 1921 3104 Acacii

322 3124 557 3179 formula
588 3123 873 3192 quaesitum
904 3132 1019 3187 est,
1049 3138 1148 3191 qua
1181 3122 1236 3175 in
1266 3136 1322 3175 re
1362 3117 1534 3175 Filius
1568 3120 1755 3174 similis
1791 3131 1920 3175 esset

320 3195 502 3249 Patri.
538 3184 867 3248 Et'Acaciani
895 3184 1119 3264 quidem,
1164 3192 1342 3264 inquit
1368 3194 1619 3264 Socrates
1651 3192 1744 3246 lib.
1772 3207 1841 3259 ιι,
1870 3207 1921 3246 c.
1952 3184 1997 3246 C

317 3268 421 3326 40.
447 3266 558 3320 sola
597 3266 854 3320 voluntate
894 3262 1113 3320 similem
1157 3262 1265 3319 esse
1291 3262 1559 3327 dicebant,
1608 3279 1709 3318 non
1755 3274 1926 3319 autem

320 3338 634 3406 substantia.
667 3336 799 3405 Quae
832 3338 1113 3406 responsio
1142 3349 1310 3392 novos
1340 3335 1601 3391 tumultus
1626 3333 1883 3391 excitavit
1909 3375 1924 3401 ,

321 3421 383 3465 et
413 3410 575 3463 totius
601 3405 823 3464 Concilii
855 3405 1288 3464 dissolutionem.

403 3479 481 3566 (ὁ)
510 3480 621 3535 Hoc
650 3489 754 3544 est,
782 3480 1151 3566 deposuerunt
1179 3496 1192 3532 :
1235 3490 1461 3561 cancros
1499 3488 1678 3566 autem
1707 3490 1928 3566 a‘com-

321 3550 590 3607 munione
616 3559 987 3623 segregarunt.
1018 3550 1145 3623 Jatu‘
1181 3552 1489 3623 notavimus
1504 3565 1541 3623 7a
1583 3550 1809 3605 Socrate
1839 3563 1927 3603 re-

322 3623 542 3680 censeri
571 3620 1079 3692 novem—episc0pos
1115 3620 1413 3692 depositus,
1443 3621 1689 3692 aliosuue
1728 3634 1923 3673 novem

324 3712 357 3748 τι
382 3695 765 3750 communione
790 3691 1122 3764 segregatos.
1156 3692 1309 3761 Quod
1345 3691 1537 3746 factum
1576 3691 1706 3746 dicit
1734 3701 1926 3759 quarto

322 3766 550 3822 concilii
573 3765 680 3831 die,
705 3782 812 3837 quo
833 3764 1045 3820 Leonas
1071 3771 1127 3819 et
1154 3767 1415 3837 Acaciana
1439 3764 1600 3818 factio
1620 3764 1684 3816 ad
1699 3776 1924 3837 conses;

324 3853 449 3893 sum
492 3838 680 3893 venire
721 3831 1043 3892 renuerunt.
1073 3836 1225 3901 Quod
1257 3835 1516 3906 deinceps
1559 3835 1824 3905 sequitur,
1858 3831 1926 3887 ad

323 3910 619 3964 concilium
647 3906 1058 3979 ConstantinOp.
1100 3909 1352 3976 pertinet.

402 3999 479 4074 (e)
510 4001 565 4074 In
593 3999 828 4074 excusis,
851 3999 1109 4074 damnati.
1147 3998 1365 4053 Rectius
1393 3998 1444 4074 in
1473 3995 1690 4074 scriptis
1712 4037 1729 4061 ,
1752 3995 1927 4074 domi-

326 4068 468 4137 mrii,
516 4070 770 4127 Λεξιῡίεηί
817 4070 976 4125 videi.
1030 4086 1254 4125 numero
1293 4069 1442 4138 pauci
1491 4068 1921 4122 adversariorqu

326 4146 492 4215 longe
548 4144 837 4215 plurium:
887 4158 1114 4215 quorum
1166 4140 1451 4215 priuiarios
1512 4138 1764 4215 proxime
1806 4147 1925 4215 post

326 4208 801 4284 Constantinopoli
819 4208 1079 4271 esedibus
1101 4208 1212 4267 suis
1235 4211 1600 4267 detruserunt.
1625 4208 1730 4284 Ita,
1754 4210 1927 4279 inquit

323 4288 624 4359 Sulpicius,
650 4280 707 4356 pi
733 4284 873 4359 9.6!,
921 4284 1061 4338 hunc
1093 4285 1254 4338 veluti
1300 4289 1675 4359 commentans
1713 4280 1922 4359 locum,

326 4352 536 4432 optimis
566 4352 910 4432 sacerdotibus
936 4365 1026 4409 aut
1063 4363 1200 4409 metu
1228 4355 1450 4432 territis,
1491 4362 1581 4407 aut
1624 4352 1803 4432 exsilio
1827 4353 1928 4432 tle-

325 4422 519 4493 dnctis,
537 4429 758 4503 perﬁdia
786 4443 1068 4503 paucorum
1081 4428 1247 4480 cuncti
1274 4435 1653 4480 concesserunt.
1674 4422 1793 4479 Vid.
1825 4423 1923 4480 So-

324 4499 548 4558 zomeu.
578 4502 670 4556 lib.
701 4516 773 4565 tv,
806 4514 854 4555 c.
886 4499 976 4555 21.

400 4596 482 4668 (tl)
512 4593 858 4668 Celtici-tinus
898 4594 1070 4649 codex
1103 4609 1225 4668 cum
1252 4590 1921 4668 Martinianolﬁviolentiae,

324 4660 436 4722 non
465 4660 742 4721 voluntati.
777 4666 1011 4736 Utraque
1057 4680 1158 4736 vox
1208 4662 1370 4728 infra,
1397 4660 1675 4736 num._26,
1723 4662 1814 4736 ubi
1857 4661 1925 4717 de

322 4739 521 4795 eadem
574 4752 632 4793 re
678 4753 891 4793 rursum
927 4732 1124 4791 incidit
1166 4748 1367 4801 sermo,
1410 4732 1571 4788 simul
1616 4732 1920 4799 copulatur.

324 4810 480 4865 lianc
513 4810 621 4864 vim
663 4809 824 4880 legati
855 4807 1089 4876 perpessi
1130 4817 1257 4880 sunt
1299 4803 1766 4880 pridie_cal_endas
1804 4805 1917 4880 jan.

324 4882 396 4939 Ut
416 4883 566 4937 enim
592 4875 772 4935 narrat
799 4875 1155 4944 Sozomenus,
1180 4877 1271 4932 lib.
1304 4893 1375 4939 tv,
1396 4891 1447 4930 c.
1465 4875 1558 4941 25,
1577 4875 1921 4931 Constantius

322 4963 500 5008 totum
530 4951 683 5006 illum
708 4951 849 5006 diem
879 4965 1092 5005 necnon
1121 4950 1406 5004 maximam
1426 4946 1762 5015 insequentis
1791 4961 1922 5001 uoc-

320 5025 394 5079 tis
425 5031 638 5093 portent
668 5023 1013 5093 consumpsit
1031 5037 1154 5093 cum
1185 5019 1472 5093 episcopis,
1493 5018 1791 5093 disceptans
1818 5017 1917 5072 do-

320 5089 626 5166 uec'legati,
666 5093 765 5166 qui
791 5110 825 5166 a
851 5092 1069 5166 concilio
1095 5090 1411 5166 Seleuciensi
1435 5089 1774 5166 advenerant,
1808 5092 1921 5159 [or-

322 5167 486 5221 mulaa
498 5160 625 5233 'ﬁdei
648 5160 710 5219 ab
733 5164 1045 5218 Ariminensi
1073 5161 1268 5233 oppido
1291 5161 1465 5233 allata
1487 5160 1922 5233 subscripsissent.

323 5238 446 5293 Hoc
489 5229 666 5305 ipsum
692 5235 959 5305 Sulpicius
987 5236 1067 5289 sic
1089 5229 1346 5303 exponit:
1380 5231 1463 5287 Ibi
1492 5229 1717 5305 repertos
1746 5229 1927 5305 Seleu-

326 5303 523 5363 ciensis
568 5306 754 5378 synodi
791 5303 995 5377 legatos
1032 5306 1090 5378 vi
1122 5303 1613 5378 regiugcompellunt
1634 5343 1649 5365 ,
1694 5303 1928 5378 eccmplo

331 5371 753 5436 Occidentalium
782 5371 992 5448 pravam
1030 5371 1196 5431 illam'
1212 5376 1367 5448 [idem
1406 5371 1657 5448 accipere.
1687 5371 1930 5448 Plerique

327 5452 612 5506 abnuentes
658 5445 910 5520 injuriosa
953 5448 1189 5503 custodia
1213 5445 1285 5502 ac
1321 5447 1457 5518 {ante
1480 5446 1646 5501 vexati
1672 5445 1930 5514 captivam

324 5523 699 5578 conscientiam
723 5520 927 5576 dedere.

404 5617 481 5691 (e)
505 5614 696 5691 I_n‘ms.
731 5611 853 5691 Va_t.
888 5612 1003 5667 bas.
1032 5611 1515 5691 hicladjieiturse.
1549 5608 1811 5691 Quocirca
1841 5621 1934 5676 pa-

323 5678 474 5746 rum'
489 5686 692 5749 abfuit,
723 5684 853 5753 quin
885 5697 1008 5739 cum
1026 5683 1184 5738 Colb.
1209 5678 1260 5738 et
1284 5682 1497 5736 Martin.
1527 5678 1931 5749 praeferremus,

326 5776 427 5832 per
468 5758 719 5813 maximas
748 5772 801 5813 se
834 5754 1058 5832 Orientis
1103 5755 1328 5832 ciuitates
1356 5754 1625 5832 lucreticos
1670 5754 1935 5832 cpiscOpos

1945 5576 1973 5597 .
2033 5551 2072 5593 ιι
2093 5545 2241 5591 cont.
2275 5538 2368 5589 Ar.

2027 1905 2287 1977 scriptum
2316 1921 2577 1976 nusquam
2605 1906 2740 1976 legis
2775 1926 2789 1963 :
2819 1908 3080 1979 numquid
3116 1909 3176 1982 (ἱ)
3203 1925 3268 1965 ex
3300 1911 3402 1968 hoc
3429 1928 3631 1984 negau-

2028 1999 2154 2054 dum
2184 1999 2307 2065 erit,
2330 2000 2451 2070 quia
2477 2014 2672 2055 novum
2696 2011 2779 2056 est
2800 2000 2824 2053 ?
2849 2001 3105 2057 Decernis
3129 2004 3210 2076 (j)
3233 2004 3457 2060 similem
3479 2004 3635 2061 Patri

2030 2089 2252 2145 Filium.
2287 2091 2572 2162 Evangelia
2598 2106 2704 2147 non
2734 2092 3029 2161 prtedicant
3055 2113 3068 2148 :
3097 2096 3226 2166 quid
3248 2106 3331 2151 est
3362 2098 3505 2167 quod
3528 2113 3637 2155 non

2033 2184 2234 2254 refugis
2264 2181 2402 2238 hanc
2430 2197 2619 2238 vocem
2645 2184 2669 2237 ?
2699 2183 2757 2238 ln
2791 2199 2899 2239 uno
2930 2186 3142 2241 novitas
3166 2186 3410 2257 eligitur,
3444 2189 3498 2243 in
3536 2189 3644 2244 alio

2032 2281 2403 2334 submovetur.
2435 2277 2601 2350 576
2626 2277 2727 2333 Ubi
2760 2278 3054 2349 impietatis
3088 2280 3308 2337 occasio
3339 2290 3504 2352 patet,
3538 2298 3641 2336 no-

2032 2371 2170 2426 vitas
2193 2370 2495 2426 admittitur
2520 2388 2532 2423 :
2557 2370 2651 2425 ubi
2677 2380 2856 2427 autem
2883 2372 3166 2443 religionis
3191 2375 3427 2430 maxima
3448 2384 3504 2431 et
3525 2377 3637 2432 sola

2031 2462 2240 2516 cautela
2268 2471 2370 2528 est,
2404 2460 2729 2517 excluditur.

2105 2565 2190 2618 l7.
2244 2561 2531 2631 Scriptura:
2574 2562 2787 2615 tradunt
2828 2562 3075 2633 aequalem
3119 2561 3269 2617 Patri
3316 2563 3536 2620 Filium.
3566 2598 3635 2607 ~—

2031 2656 2138 2712 Sed
2186 2654 2436 2709 diabolici
2478 2653 2680 2724 ingenii
2722 2654 2797 2709 tui
2827 2652 3102 2711 fallentem
3129 2656 3482 2714 subtilitatem
3525 2676 3634 2716 non

2035 2750 2245 2806 tacebo.
2293 2748 2569 2815 Similem,
2614 2747 2760 2819 quod
2790 2750 3049 2820 scriptum
3080 2765 3189 2807 non
3220 2762 3335 2818 est,
3367 2752 3514 2808 Patri
3543 2754 3633 2809 Fi-

2033 2842 2163 2897 lium
2179 2840 2428 2896 decernis
2444 2839 2754 2911 prtedicari:
2778 2850 2833 2897 ut
2846 2841 3112 2912 aqualem
3134 2842 3408 2899 Christum
3434 2844 3627 2912 Deum,

2027 2984 2179 3032 certe
2226 2974 2373 3045 quod
2399 2972 2758 3045 comminatus
2812 2984 2952 3045 erat,
3003 2975 3156 3032 brevi
3208 2977 3451 3045 perfecit.
3509 2977 3627 3035 Mox

2028 3048 2171 3102 enim
2197 3044 2531 3120 macedonio,
2563 3044 2787 3120 Cyrillo,
2809 3044 3041 3116 Basilio,
3068 3044 3314 3115 Eleusio,
3341 3056 3476 3117 etc.,
3519 3051 3633 3120 epi-

2029 3122 2176 3189 scopi
2208 3118 2297 3173 alii
2325 3115 2798 3189 fuere‘subrogati:

2102 3185 2170 3261 (Ϊ)
2200 3190 2273 3261 In
2297 3201 2428 3243 mss.
2481 3185 2935 3261 MicbietColbq
2971 3188 3086 3257 quis
3113 3191 3382 3259 epist'Opns
3413 3190 3634 3255 iubeat?

2030 3257 2198 3331 Magis
2226 3260 2546 3331 placetcum
2590 3258 2712 3331 aliis
2743 3257 2915 3331 libris,
2954 3261 3066 3328 quis
3111 3257 3363 3330 episcopis
3394 3262 3574 3331 jubeat
3603 3264 3630 3316 ?

2028 3328 2152 3399 quia
2180 3328 2432 3387 nimirum
2464 3328 2764 3399 principum
2796 3328 3215 3386 christianorum
3253 3342 3333 3389 εει
3364 3328 3624 3388 credendi

2031 3402 2259 3458 formam
2287 3402 2355 3472 ab
2385 3399 2656 3472 episcopis
2678 3406 2950 3472 expetere,
2976 3418 3084 3456 non
3117 3402 3223 3457 illis
3246 3403 3620 3472 praescribere.

2029 3473 2187 3530 Unde
2215 3482 2269 3527 et
2296 3471 2557 3526 Athanas.
2594 3470 2660 3526 ad
2679 3470 2838 3543 Solit.
2862 3476 2989 3543 ‘pag.
3019 3473 3125 3527 845
3149 3492 3163 3525 :
3197 3470 3416 3543 Quando
3446 3492 3477 3529 a
3504 3491 3627 3529 con-

2029 3545 2137 3599 dito
2179 3543 2370 3598 strculo
2417 3543 2650 3616 auditum
2677 3542 2804 3616 est?
2844 3542 3052 3612 quando
3081 3545 3339 3616 judicium
3380 3542 3628 3616 Ecclesia:

2028 3616 2382 3670 auctoritatem
2408 3629 2553 3666 suam
2581 3612 2645 3666 ab
2672 3613 2979 3684 imperatore
2998 3612 3195 3684 accepit
3219 3615 3369 3669 ?etc.
3398 3615 3478 3670 ita
3500 3632 3622 3672 cum

2029 3686 2438 3743 Valentinianus
2487 3685 2951 3739 concertationum
3000 3684 3129 3741 ﬁdei
3178 3684 3382 3741 arbiter
3430 3688 3623 3743 sedere

2028 3758 2212 3825 vellet,
2245 3756 2312 3810 ad
2343 3770 2465 3811 eum
2498 3755 2775 3824 rescripsit
2801 3755 3141 3823 Ambrosius,
3175 3770 3263 3826 ep.
3313 3771 3454 3811 nunc
3489 3774 3615 3826 xxi,

2031 3845 2085 3883 η.
2104 3830 2137 3883 4
2162 3846 2175 3882 :
2195 3827 2439 3894 Quando,
2462 3826 2653 3879 audisti
2668 3826 3056 3880 clementissime
3071 3828 3373 3897 imperator,
3390 3828 3445 3881 in
3468 3844 3623 3883 causa

2028 3899 2151 3969 ﬁdei
2178 3900 2337 3953 laicos
2376 3899 2440 3952 de
2468 3898 2705 3969 episcopo
2724 3897 2988 3969 judicasse
3007 3898 3037 3969 ?ﬁ
3066 3896 3221 3969 Quod
3269 3897 3428 3969 igitur
3476 3897 3622 3954 Con-

2027 3967 2257 4025 Stantius
2284 3969 2386 4023 sibi
2415 3967 2721 4037 arrogabat,
2763 3967 2868 4022 hoc
2908 3968 3104 4022 merito
3128 3967 3359 4023 Hilarius
3389 3976 3620 4025 testatur

2030 4041 2144 4097 fieri
2175 4048 2361 4095 contra
2392 4038 2702 4109 apostolicae
2747 4037 3150 4108 prtedieationis
3178 4037 3408 4094 formam
3443 4058 3456 4093 :
3491 4042 3618 4107 quia

2027 4113 2096 4166 ab
2118 4112 2381 4178 apostolis
2403 4109 2665 4182 tradituri:
2691 4119 2805 4182 est,
2851 4124 2960 4182 non
2989 4110 3164 4164 solum
3204 4110 3357 4166 laicis
3400 4112 3454 4166 in
3489 4112 3625 4182 repi-

2028 4197 2225 4254 scopos
2254 4182 2308 4238 in
2336 4181 2499 4237 rebus
2527 4180 2650 4236 ﬁdei
2692 4180 2782 4250 jus
2810 4179 3018 4254 nullum
3048 4195 3170 4236 esse
3194 4223 3210 4247 ,
3242 4182 3338 4236 sed
3360 4192 3415 4238 et
3435 4179 3627 4238 advero

2026 4251 2145 4310 sum
2176 4269 2348 4309 novas
2378 4255 2617 4307 lucreses
2650 4266 2786 4306 nova
2817 4251 3053 4307 remedia
3094 4266 3214 4308 esse
3242 4254 3623 4322 excogitanda.

2100 4325 2177 4398 (g)
2206 4326 2262 4380 In
2303 4323 2576 4398 nonuullis
2597 4336 2763 4398 _mss_.‘
2787 4323 3105 4398 ΔΙιοηιοιηίριι
3134 4339 3154 4377 :
3184 4322 3326 4393 quod
3364 4333 3541 4398 potest
3570 4336 3626 4381 et

2027 4392 2177 4455 recte
2206 4397 2352 4468 poni.
2386 4395 2499 4450 Hoc
2525 4394 2667 4468 enim
2700 4392 2802 4448 sibi
2820 4397 2942 4468 vult
2973 4411 2985 4447 :
3017 4395 3061 4449 si
3086 4392 3349 4468 hactenus
3365 4392 3623 4468 haeretici

2025 4464 2342 4538 refugerunt
2360 4480 2547 4522 vocem
2568 4464 2905 4538 hou‘toausion
2929 4468 3157 4538 (quanto
3205 4466 3374 4536 magis
3395 4467 3621 4523 homon-

2031 4536 2183 4596 sion'!
2200 4539 2247 4613 ),
2270 4540 2395 4610 quia
2424 4552 2536 4613 rem
2569 4552 2630 4591 ea
2647 4550 2789 4613 voce
2805 4536 3199 4613 siguilicatam,_
3214 4552 3410 4606 nempe
3430 4538 3628 4613 Filium

2037 4607 2350 4667 Patri'esse
2401 4608 2698 4664 snbstantia
2747 4607 3013 4672 similem,
3048 4608 3350 4678 negabant;
3398 4617 3456 4661 tu
3493 4608 3623 4664 dum

2027 4684 2187 4751 jubes
2218 4694 2277 4736 ut
2303 4684 2416 4735 haec
2444 4694 2542 4733 vox
2568 4680 2817 4736 evitetur.
2843 4693 3021 4751 nonue
3041 4677 3400 4751 eis’concedis
3425 4689 3622 4751 utrem

2031 4748 2207 4808 eidem
2222 4753 2337 4806 voci
2364 4750 2662 4820 subiectam
2696 4755 2894 4820 negent
2911 4749 2943 4820 ?7
2962 4748 3168 4820 Eodem,
3194 4749 3496 4820 argumenti
3526 4765 3623 4820 ge-

2032 4840 2159 4879 nere
2188 4823 2281 4878 lib.
2306 4822 2372 4876 de
2403 4819 2615 4892 Synod.
2641 4836 2696 4873 ιι.
2730 4818 2830 4892 85,
2864 4818 3026 4874 habet
3059 4836 3072 4872 :
3102 4817 3351 4890 Displicet
3387 4817 3624 4892 cuiquam

2027 4896 2082 4949 in
2107 4894 2305 4966 synodo
2341 4889 2559 4966 Merena
2594 4889 2899 4943 Itomousiou
2930 4905 3040 4943 esse
3068 4889 3403 4966 susceptqu
3432 4889 3548 4966 I_I_oc
3581 4894 3626 4947 si

2027 4968 2112 5020 cui
2135 4959 2400 5031 displicet,
2453 4963 2654 5033 placeat
2703 4975 2908 5015 necesse
2954 4969 3028 5015 est
3064 4961 3204 5030 quod
3250 4959 3315 5014 ab
3367 4961 3507 5016 Ariis
3559 4966 3624 5018 sit

2024 5048 2282 5092 uenatum.

2088 5055 2639 5180 ἔξῗδυῃέῖινωιιιιῄοεὶε
2666 5117 2769 5158 ms.
2789 5143 2805 5168 ,
2834 5099 2940 5157 Sed
2974 5111 3021 5180 et
3048 5119 3207 5180 vanas
3238 5119 3257 5158 :
3285 5104 3461 5160 tribus
3499 5104 3624 5160 aliis

2032 5173 2365 5245 faventibus,
2400 5177 2454 5232 in
2484 5174 2681 5244 quibus
2701 5182 2878 5231 exstat
2904 5173 2993 5228 sed
3013 5176 3259 5231 advenas.

2101 5247 2163 5322 (ἱ)
2190 5249 2338 5319 Lips.
2384 5256 2440 5322 et
2481 5246 2707 5322 Par._,_e_t
2742 5246 2858 5301 hoc.
2889 5245 3225 5322 Concinnius
3259 5246 3530 5322 a_lii_libri.
3563 5263 3626 5303 ea:

2032 5318 2152 5376 Itocl
2192 5318 2362 5377 Porro
2405 5318 2725 5375 innascibilis
2768 5318 3105 5390 seuingeniti
3148 5318 3466 5390 vocabulum
3513 5334 3623 5390 non

2034 5392 2196 5449 modo
2237 5392 2533 5460 Scripturis
2577 5389 3072 5460 incognitum,'sed
3118 5398 3175 5460 et
3217 5389 3360 5460 apud
3399 5389 3630 5460 gentiles

2031 5463 2189 5519 valde
2216 5458 2522 5535 ambiguum
2537 5476 2658 5517 esse
2674 5458 2856 5516 multis
2883 5460 3115 5516 ostendit
3141 5458 3488 5527 Athanasius,
3517 5460 3617 5517 Or.

2033 5551 2072 5588 ιι
2093 5545 2241 5588 cont.
2275 5538 2368 5588 Ar.
2403 5549 2456 5588 ι).
2487 5533 2614 5588 557.

2106 5549 2241 5591 :ont.
2275 5549 2368 5589 ar.
2403 5549 2456 5603 p.
2488 5549 2614 5588 θοι.

2106 5606 2177 5681 (j)
2226 5606 2417 5681 Batam
2456 5605 2644 5681 volens
2674 5602 2751 5681 _ab
2795 5602 3046 5681 omnibus
3086 5599 3274 5657 haberi
3301 5601 3588 5681 formulam
3612 5644 3630 5669 ,

2038 5672 2169 5746 quae"
2189 5678 2418 5748 primum
2460 5675 2687 5730 Arimini
2721 5673 3044 5748 proposita,
3090 5687 3160 5748 ac
3172 5681 3304 5748 post
3340 5672 3537 5748 Νίσαια)
3575 5675 3633 5730 in

2040 5742 2286 5813 Thracia,
2320 5747 2605 5813 Seleucia),
2632 5753 2690 5803 et
2713 5742 3277 5816 Constantinopoli'ab
3301 5747 3518 5805 Arianis
3543 5762 3641 5819 ape

325 5816 752 5898 subrogaturnm.
793 5824 1200 5882 communionem
1246 5826 1541 5883 Ittcreticnm
1581 5816 1815 5877 munivit.
1842 5816 1937 5875 'At
2038 5820 2263 5891 probata
2290 5827 2391 5874 est.
